{"host":"c2zlmc1hlq0427cl","time":1610756920,"event":{"mods":["100% Spire Juice","BaseMod","Googly Eyes","Hermit","Minty Spire (QoL Compilation)","Replay The Spire","StSLib","The Bug Knight","The Hayseed","The Senshi"],"gold_per_floor":[361,373,140,140,162,162,208,241,241,241,271,271,271,346,346,366,366],"floor_reached":16,"language":"ENG","playtime":822,"items_purged":["Replay:Hysterical Blindness"],"score":100,"play_id":"e5245142-b9f2-49e4-bec5-b2eefaf07034","local_time":"20210115182840","is_ascension_mode":false,"campfire_choices":[{"data":"HollowMod:WraithStrike","floor":6,"key":"SMITH"},{"floor":10,"key":"REST"},{"data":"HollowMod:SharpenedNail","floor":12,"key":"SMITH"},{"floor":15,"key":"REST"}],"circlet_count":0,"master_deck":["HollowMod:NailStrikeStart","HollowMod:NailStrikeStart","HollowMod:NailStrikeStart","HollowMod:NailStrikeStart","HollowMod:QuickDashStart","HollowMod:QuickDashStart","HollowMod:QuickDashStart","HollowMod:FocusHealStart","HollowMod:PogoStrike","HollowMod:WraithStrike+1","HollowMod:FastStrike","HollowMod:PureNailStrike+1","HollowMod:VengefulSpirit","HollowMod:SharpenedNail+1","HollowMod:VengefulSpirit"],"relics":["HollowMod:VesselMask","ReplayTheSpireMod:CursedCoin","Tiny Chest","Replay:Bandana","Potion Belt","Regal Pillow"],"acts_visited":["Exordium"],"potions_floor_usage":[11,16],"damage_taken":[{"damage":1,"enemies":"Jaw Worm","floor":1,"turns":3},{"damage":0,"enemies":"2 Louse","floor":2,"turns":2},{"damage":0,"enemies":"Small Slimes","floor":5,"turns":2},{"damage":19,"enemies":"Gremlin Nob","floor":7,"turns":4},{"damage":12,"enemies":"Blue Slaver","floor":8,"turns":2},{"damage":0,"enemies":"Looter","floor":11,"turns":2},{"damage":79,"enemies":"The Guardian","floor":16,"turns":13}],"seed_played":"4390624152770240677","potions_obtained":[{"floor":5,"key":"Dexterity Potion"},{"floor":8,"key":"Swift Potion"},{"floor":11,"key":"Fire Potion"}],"is_trial":false,"path_per_floor":["M","M","$","?","M","R","E","M","T","R","M","R","?","?","R","B"],"character_chosen":"THE_BUGKNIGHT","items_purchased":["ReplayTheSpireMod:CursedCoin","Tiny Chest","Replay:Bandana"],"campfire_rested":2,"item_purchase_floors":[3,3,3],"current_hp_per_floor":[53,53,53,53,53,53,34,22,22,59,59,59,59,48,75,0,0],"gold":366,"neow_bonus":"TWO_FIFTY_GOLD","is_daily":false,"chose_seed":false,"campfire_upgraded":2,"win_rate":0.0,"timestamp":1610756920,"path_taken":["M","M","$","?","M","R","E","M","T","R","M","R","?","?","R","BOSS"],"items_purchased_type":["Relic","Relic","Relic"],"build_version":"2020-12-22","purchased_purges":1,"victory":false,"max_hp_per_floor":[75,75,75,75,75,75,75,75,75,75,75,75,75,75,75,75,75],"card_choices":[{"not_picked":["HollowMod:CornifersMapStart","HollowMod:HeavyBlow"],"picked":"HollowMod:WraithStrike","floor":1},{"not_picked":["HollowMod:CrystalDash","HollowMod:InfectedAttack"],"picked":"HollowMod:FastStrike","floor":2},{"not_picked":["HollowMod:InfectedAttack","HollowMod:BaldurShell"],"picked":"HollowMod:VengefulSpirit","floor":5},{"not_picked":["HollowMod:CycloneSlash","HollowMod:InfectedAttack"],"picked":"HollowMod:SharpenedNail","floor":7},{"not_picked":["HollowMod:WraithStrike","HollowMod:LifebloodCocoon"],"picked":"HollowMod:VengefulSpirit","floor":8},{"not_picked":["HollowMod:CoiledNail","HollowMod:VengefulVoid","HollowMod:SoulVessel"],"picked":"SKIP","floor":11}],"player_experience":61547,"relics_obtained":[{"floor":7,"key":"Potion Belt"},{"floor":9,"key":"Regal Pillow"}],"event_choices":[{"damage_healed":0,"gold_gain":75,"player_choice":"Gather Gold","damage_taken":11,"max_hp_gain":0,"max_hp_loss":0,"event_name":"World of Goop","floor":14,"gold_loss":0}],"is_beta":false,"boss_relics":[],"items_purged_floors":[3],"is_endless":false,"potions_floor_spawned":[5,8,11],"killed_by":"The Guardian","ascension_level":0}}