{"host":"kh6fvhxn285ncg0o","time":1610837299,"event":{"mods":["Act Like it!","BaseMod","Colored Map","Friendly Minions","Keyboard Shortcuts","Minty Spire (QoL Compilation)","Quick Restart","Relic Stats","StSLib","SuperFastMode"],"gold_per_floor":[112,262,276,276,276,276,305,305,305,339,356,374,403,421,421,421,421],"floor_reached":16,"language":"KOR","playtime":272,"items_purged":[],"score":290,"play_id":"da8670a2-9d97-4ae6-9d6d-a1d6630af5ea","local_time":"20210117074819","is_ascension_mode":true,"campfire_choices":[{"data":"Bash","floor":6.0,"key":"SMITH"},{"data":"Bludgeon","floor":8.0,"key":"SMITH"},{"data":"Flame Barrier","floor":15.0,"key":"SMITH"}],"circlet_count":0,"master_deck":["AscendersBane","Strike_R","Strike_R","Strike_R","Strike_R","Strike_R","Defend_R","Defend_R","Defend_R","Defend_R","Bash+1","Evolve+1","Bludgeon+1","Flame Barrier+1","Seeing Red"],"relics":["Burning Blood","NeowsBlessing","Centennial Puzzle","Blue Candle","Letter Opener","Ornamental Fan"],"acts_visited":["Exordium"],"potions_floor_usage":[16],"damage_taken":[{"damage":0.0,"enemies":"Jaw Worm","floor":1.0,"turns":1.0},{"damage":0.0,"enemies":"2 Louse","floor":3.0,"turns":1.0},{"damage":0.0,"enemies":"Gremlin Nob","floor":7.0,"turns":1.0},{"damage":26.0,"enemies":"Lagavulin","floor":10.0,"turns":6.0},{"damage":0.0,"enemies":"Cultist","floor":11.0,"turns":2.0},{"damage":9.0,"enemies":"2 Fungi Beasts","floor":12.0,"turns":5.0},{"damage":20.0,"enemies":"3 Sentries","floor":13.0,"turns":8.0},{"damage":13.0,"enemies":"3 Louse","floor":14.0,"turns":6.0},{"damage":51,"enemies":"The Guardian","floor":16,"turns":6}],"seed_played":"4020356900125329662","potions_obtained":[{"floor":1.0,"key":"BlessingOfTheForge"},{"floor":7.0,"key":"Regen Potion"},{"floor":10.0,"key":"Strength Potion"}],"is_trial":false,"path_per_floor":["M","?","M","?","?","R","E","R","T","E","M","M","E","M","R","B"],"character_chosen":"IRONCLAD","items_purchased":[],"campfire_rested":0,"item_purchase_floors":[],"current_hp_per_floor":[74,74,75,68,68,68,74,74,74,54,60,57,58,51,51,0,0],"gold":421,"neow_bonus":"THREE_ENEMY_KILL","is_daily":false,"chose_seed":false,"campfire_upgraded":3,"win_rate":0.0,"timestamp":1610837299,"path_taken":["M","?","M","?","?","R","E","R","T","E","?","M","E","M","R","BOSS"],"items_purchased_type":[],"build_version":"2020-12-22","purchased_purges":0,"victory":false,"max_hp_per_floor":[75,75,75,75,75,75,75,75,75,75,75,75,75,75,75,75,75],"relic_stats":{"Centennial Puzzle":[15],"counters":[9,36],"Ornamental Fan":[0],"Blue Candle":[2],"Letter Opener":[0],"obtain_stats":[{"Centennial Puzzle":7,"NeowsBlessing":0,"Ornamental Fan":13,"Blue Candle":9,"Letter Opener":10,"Burning Blood":0},{"Centennial Puzzle":3,"NeowsBlessing":0,"Ornamental Fan":7,"Blue Candle":3,"Letter Opener":4,"Burning Blood":0},{"Centennial Puzzle":3,"NeowsBlessing":0,"Ornamental Fan":24,"Blue Candle":3,"Letter Opener":9,"Burning Blood":0}],"Burning Blood":43},"card_choices":[{"not_picked":["Disarm","Twin Strike"],"picked":"Evolve","floor":3.0},{"not_picked":["Thunderclap","Flex"],"picked":"Bludgeon","floor":7.0},{"not_picked":["Headbutt","Havoc"],"picked":"Flame Barrier","floor":10.0},{"not_picked":["Clash","Sword Boomerang","Clothesline"],"picked":"SKIP","floor":11.0},{"not_picked":["Armaments","Cleave","Warcry"],"picked":"SKIP","floor":12.0},{"not_picked":["True Grit","Twin Strike","Limit Break"],"picked":"SKIP","floor":13.0},{"not_picked":["Havoc","True Grit"],"picked":"Seeing Red","floor":14.0}],"player_experience":3470221,"relics_obtained":[{"floor":7.0,"key":"Centennial Puzzle"},{"floor":9.0,"key":"Blue Candle"},{"floor":10.0,"key":"Letter Opener"},{"floor":13.0,"key":"Ornamental Fan"}],"event_choices":[{"damage_healed":0.0,"max_hp_gain":0.0,"max_hp_loss":0.0,"gold_gain":150.0,"event_name":"Liars Game","player_choice":"AGREE","floor":2.0,"gold_loss":0.0,"damage_taken":0.0,"cards_obtained":["Doubt"]},{"cards_removed":["Doubt"],"damage_healed":0.0,"max_hp_gain":0.0,"max_hp_loss":0.0,"gold_gain":0.0,"event_name":"Golden Wing","player_choice":"Card Removal","floor":4.0,"gold_loss":0.0,"damage_taken":7.0},{"damage_healed":0.0,"max_hp_gain":0.0,"max_hp_loss":0.0,"gold_gain":0.0,"event_name":"Upgrade Shrine","player_choice":"Upgraded","floor":5.0,"gold_loss":0.0,"damage_taken":0.0,"cards_upgraded":["Evolve"]}],"is_beta":false,"boss_relics":[],"items_purged_floors":[],"is_endless":false,"potions_floor_spawned":[1,7,10],"killed_by":"The Guardian","ascension_level":20}}