{"host":"2se5dq1do2gp0x9k","time":1610767672,"event":{"mods":["AchievementEnabler","BaseMod","Block Reminder","Colored Map","Colored Powertips","Minty Spire (QoL Compilation)","Relic Stats","StSLib","SuperFastMode"],"gold_per_floor":[118,118,118,61,71,71,100,100,123,152,152,165,165,494,494,566,566,579,597,522,534,71,71,106,106,133,153,183,183,21,52,52,127,127,146,51,68,118,20,20,33,33,33,51,63,63,98,98,98,98,98,98],"floor_reached":51,"language":"ENG","playtime":2135,"items_purged":["Defend_B"],"score":1498,"play_id":"3b7db69f-d54a-4628-95f6-bdb42371c68c","local_time":"20210115192752","is_ascension_mode":true,"campfire_choices":[{"data":"Sunder","floor":6.0,"key":"SMITH"},{"data":"Beam Cell","floor":8.0,"key":"SMITH"},{"floor":11.0,"key":"REST"},{"data":"Zap","floor":15.0,"key":"SMITH"},{"data":"Apotheosis","floor":23,"key":"SMITH"},{"floor":25,"key":"RECALL"},{"floor":32,"key":"REST"},{"data":"Defragment","floor":40,"key":"SMITH"},{"data":"Coolheaded","floor":42,"key":"SMITH"},{"floor":49,"key":"REST"}],"circlet_count":0,"master_deck":["AscendersBane","Defend_B","Defend_B","Zap+1","Dualcast","Sunder+1","Beam Cell+1","Cold Snap","Sweeping Beam","Undo","Genetic Algorithm","Cold Snap","Biased Cognition","Auto Shields+1","Beam Cell+1","Machine Learning+1","Leap","Turbo","Consume","Capacitor","Apotheosis+1","Multi-Cast","Coolheaded","Core Surge","Rainbow","Barrage","Defragment+1","Compile Driver","Coolheaded+1","Dark Shackles","Hologram"],"relics":["Cracked Core","NeowsBlessing","Strawberry","MealTicket","Boot","Eternal Feather","Old Coin","Astrolabe","Nunchaku","Vajra","Lee\u0027s Waffle","Mango","Nuclear Battery","Molten Egg 2","Pear","Anchor"],"acts_visited":["Exordium","TheCity","TheBeyond"],"potions_floor_usage":[27,31,33,50],"damage_taken":[{"damage":0.0,"enemies":"Jaw Worm","floor":1.0,"turns":1.0},{"damage":0.0,"enemies":"2 Louse","floor":5.0,"turns":1.0},{"damage":0.0,"enemies":"3 Sentries","floor":7.0,"turns":1.0},{"damage":40.0,"enemies":"Lagavulin","floor":10.0,"turns":6.0},{"damage":0.0,"enemies":"Cultist","floor":12.0,"turns":2.0},{"damage":11.0,"enemies":"3 Sentries","floor":14.0,"turns":6.0},{"damage":21.0,"enemies":"The Guardian","floor":16.0,"turns":11.0},{"damage":15,"enemies":"Shell Parasite","floor":18,"turns":4},{"damage":1,"enemies":"3 Byrds","floor":19,"turns":5},{"damage":14,"enemies":"Centurion and Healer","floor":21,"turns":6},{"damage":25,"enemies":"Book of Stabbing","floor":24,"turns":7},{"damage":2,"enemies":"Cultist and Chosen","floor":27,"turns":5},{"damage":29,"enemies":"Gremlin Leader","floor":28,"turns":9},{"damage":44,"enemies":"Slavers","floor":31,"turns":7},{"damage":53,"enemies":"Collector","floor":33,"turns":15},{"damage":9,"enemies":"3 Shapes","floor":35,"turns":5},{"damage":28,"enemies":"3 Darklings","floor":37,"turns":5},{"damage":7,"enemies":"Maw","floor":41,"turns":7},{"damage":29,"enemies":"Sphere and 2 Shapes","floor":44,"turns":6},{"damage":8,"enemies":"Transient","floor":45,"turns":6},{"damage":13,"enemies":"Giant Head","floor":47,"turns":8},{"damage":86,"enemies":"Awakened One","floor":50,"turns":12},{"damage":26,"enemies":"Donu and Deca","floor":51,"turns":2}],"seed_played":"-8519519837774150186","potions_obtained":[{"floor":1.0,"key":"Dexterity Potion"},{"floor":7.0,"key":"PowerPotion"},{"floor":14.0,"key":"Energy Potion"},{"floor":19,"key":"EssenceOfSteel"},{"floor":27,"key":"SpeedPotion"},{"floor":31,"key":"Strength Potion"},{"floor":41,"key":"BlessingOfTheForge"}],"is_trial":false,"path_per_floor":["M","?","?","$","M","R","E","R","T","E","R","M","?","E","R","B",null,"M","M","?","M","$","R","E","R","T","M","E","?","$","E","R","B",null,"M","$","M","?","$","R","M","R","T","M","M","T","E","?","R","B","B"],"character_chosen":"DEFECT","items_purchased":["Beam Cell","Consume","Capacitor","Apotheosis","Lee\u0027s Waffle","Defragment","Compile Driver","Dark Shackles"],"campfire_rested":3,"item_purchase_floors":[4,22,22,22,30,36,36,39],"current_hp_per_floor":[64,53,46,46,46,46,46,46,46,6,38,38,34,23,32,11,61,46,45,45,31,46,58,33,45,45,43,14,14,85,55,96,43,85,76,91,63,63,78,96,89,99,99,70,62,72,59,59,109,23,0,0],"gold":98,"neow_bonus":"THREE_ENEMY_KILL","is_daily":false,"chose_seed":false,"campfire_upgraded":6,"win_rate":0.0,"timestamp":1610767672,"path_taken":["M","?","?","?","M","R","E","R","T","E","R","?","?","E","R","BOSS","M","M","?","M","$","R","E","R","T","M","E","?","$","E","R","BOSS","M","$","M","?","?","R","M","R","T","M","M","?","E","?","R","BOSS","BOSS"],"items_purchased_type":["Card","Card","Card","Card","Relic","Card","Card","Card"],"build_version":"2020-12-22","purchased_purges":1,"victory":false,"max_hp_per_floor":[71,78,78,78,78,78,78,78,78,78,78,78,78,78,78,78,78,78,78,78,78,78,78,78,78,78,78,78,78,85,99,99,99,99,99,99,99,99,99,99,99,99,99,99,99,109,109,109,109,109,109,109],"relic_stats":{"Nunchaku":[14],"Lee\u0027s Waffle":56,"counters":[23,137],"Astrolabe":["Auto Shields","Beam Cell","Machine Learning"],"MealTicket":60,"Eternal Feather":100,"Boot":[37],"obtain_stats":[{"Lee\u0027s Waffle":30,"Pear":46,"NeowsBlessing":0,"Astrolabe":17,"Vajra":28,"Eternal Feather":10,"Mango":31,"Boot":9,"Old Coin":14,"Nuclear Battery":34,"Nunchaku":24,"Anchor":47,"Strawberry":2,"MealTicket":7,"Molten Egg 2":43,"Cracked Core":0},{"Lee\u0027s Waffle":13,"Pear":20,"NeowsBlessing":0,"Astrolabe":7,"Vajra":13,"Eternal Feather":4,"Mango":14,"Boot":3,"Old Coin":6,"Nuclear Battery":15,"Nunchaku":11,"Anchor":21,"Strawberry":1,"MealTicket":3,"Molten Egg 2":18,"Cracked Core":0},{"Lee\u0027s Waffle":64,"Pear":115,"NeowsBlessing":0,"Astrolabe":28,"Vajra":64,"Eternal Feather":9,"Mango":71,"Boot":3,"Old Coin":17,"Nuclear Battery":86,"Nunchaku":50,"Anchor":123,"Strawberry":1,"MealTicket":3,"Molten Egg 2":103,"Cracked Core":0}]},"card_choices":[{"not_picked":["Coolheaded","Double Energy"],"picked":"Sunder","floor":1.0},{"not_picked":["Compile Driver","Auto Shields"],"picked":"Cold Snap","floor":5.0},{"not_picked":["Stack","Thunder Strike"],"picked":"Sweeping Beam","floor":7.0},{"not_picked":["Steam","Blizzard"],"picked":"Undo","floor":10.0},{"not_picked":["Rebound","Doom and Gloom"],"picked":"Genetic Algorithm","floor":12.0},{"not_picked":["Blizzard","Darkness"],"picked":"Cold Snap","floor":14.0},{"not_picked":["Hyperbeam","Thunder Strike"],"picked":"Biased Cognition","floor":16.0},{"not_picked":["Static Discharge","Force Field"],"picked":"Leap","floor":18},{"not_picked":["Beam Cell","Ball Lightning"],"picked":"Turbo","floor":19},{"not_picked":["Reprogram","Sweeping Beam","Melter"],"picked":"SKIP","floor":21},{"not_picked":["Undo","Fusion"],"picked":"Multi-Cast","floor":24},{"not_picked":["Double Energy","Steam"],"picked":"Coolheaded","floor":27},{"not_picked":["Go for the Eyes","Compile Driver"],"picked":"Core Surge","floor":28},{"not_picked":["Genetic Algorithm","Steam","Rebound"],"picked":"SKIP","floor":31},{"not_picked":["Fission","Reboot"],"picked":"Rainbow","floor":33},{"not_picked":["Undo","Lockon+1"],"picked":"Barrage","floor":35},{"not_picked":["Sweeping Beam","Self Repair"],"picked":"Coolheaded","floor":37},{"not_picked":["Darkness","BootSequence","Cold Snap+1"],"picked":"SKIP","floor":41},{"not_picked":["Reinforced Body+1","Steam Power"],"picked":"Hologram","floor":44},{"not_picked":["Heatsinks","Redo+1"],"picked":"Loop","floor":45},{"not_picked":["White Noise","Scrape+1","Consume+1"],"picked":"SKIP","floor":47}],"player_experience":3869959,"relics_obtained":[{"floor":7.0,"key":"MealTicket"},{"floor":9.0,"key":"Boot"},{"floor":10.0,"key":"Eternal Feather"},{"floor":14.0,"key":"Old Coin"},{"floor":24,"key":"Nunchaku"},{"floor":28,"key":"Vajra"},{"floor":31,"key":"Mango"},{"floor":43,"key":"Molten Egg 2"},{"floor":46,"key":"Pear"},{"floor":47,"key":"Anchor"}],"event_choices":[{"damage_healed":0.0,"max_hp_gain":0.0,"max_hp_loss":0.0,"gold_gain":0.0,"event_name":"Scrap Ooze","player_choice":"Success","floor":2.0,"gold_loss":0.0,"damage_taken":18.0,"relics_obtained":["Strawberry"]},{"cards_removed":["Strike_B"],"damage_healed":0.0,"max_hp_gain":0.0,"max_hp_loss":0.0,"gold_gain":0.0,"event_name":"Golden Wing","player_choice":"Card Removal","floor":3.0,"gold_loss":0.0,"damage_taken":7.0},{"damage_healed":0.0,"max_hp_gain":0.0,"max_hp_loss":0.0,"gold_gain":0.0,"event_name":"The Woman in Blue","player_choice":"Bought 0 Potions","floor":13.0,"gold_loss":0.0,"damage_taken":0.0},{"cards_removed":["Defend_B"],"damage_healed":0,"gold_gain":0,"player_choice":"Gave Gold","damage_taken":0,"max_hp_gain":0,"max_hp_loss":0,"event_name":"Beggar","floor":20,"gold_loss":75},{"damage_healed":0,"gold_gain":0,"player_choice":"Ignored","damage_taken":0,"max_hp_gain":0,"max_hp_loss":0,"event_name":"The Mausoleum","floor":29,"gold_loss":0},{"damage_healed":0,"gold_gain":50,"player_choice":"Pray","damage_taken":0,"max_hp_gain":0,"max_hp_loss":0,"event_name":"Golden Shrine","floor":38,"gold_loss":0},{"cards_removed":["Loop"],"damage_healed":0,"gold_gain":0,"player_choice":"Removed Power","damage_taken":0,"max_hp_gain":0,"max_hp_loss":0,"event_name":"Falling","floor":48,"gold_loss":0}],"is_beta":false,"boss_relics":[{"not_picked":["Fusion Hammer","Runic Dome"],"picked":"Astrolabe"},{"not_picked":["Black Star","Busted Crown"],"picked":"Nuclear Battery"}],"items_purged_floors":[22],"is_endless":false,"potions_floor_spawned":[1,7,14,19,27,31,41,45,47],"killed_by":"Donu and Deca","ascension_level":20}}