{"host":"vm8b3ptwl81uq21f","time":1610833995,"event":{"mods":["Aspiration","BaseMod","BetterRewards","Colored Map","Colored Powertips","GifTheSpireLib","Googly Eyes","GungeonMod","Halation","Hubris","Infinite Spire","Minty Spire (QoL Compilation)","Quick Restart","Rare Cards Sparkle","Replay The Spire","Shop Mod","Spicy Shops","StSLib","Stuff the Spire","The IronCluck","[IsaacMod]????"],"gold_per_floor":[110,126,126,2,2,34,47,47,73,103,26,60,60,73,73,170,170,186,203,223,291,303,334,334,369,369,369,369,388,388,388,388,487,487,503,155,169,367,385,418,418,432,432,432,432,432,464,483,483,483],"floor_reached":51,"language":"ENG","playtime":1901,"items_purged":["DemoMod:Strike_Huntress","DemoMod:Defend_Huntress","DemoMod:RustySidearm","DemoMod:Strike_Huntress","DemoMod:Defend_Huntress"],"score":1631,"play_id":"b4dc0ab6-1110-4a99-8e68-6a399c942c76","local_time":"20210116165315","is_ascension_mode":true,"campfire_choices":[{"data":"Swift Strike","floor":8,"key":"SMITH"},{"data":"DemoMod:FastSwitch","floor":13,"key":"SMITH"},{"data":"DemoMod:ConditionalReflex","floor":15,"key":"SMITH"},{"data":"DemoMod:ConditionalReflex","floor":24,"key":"SMITH"},{"data":"Pot Of Greed","floor":27,"key":"SMITH"},{"data":"Pot Of Greed","floor":32,"key":"SMITH"},{"data":"DemoMod:Polaris","floor":41,"key":"SMITH"},{"data":"DemoMod:Unmoved","floor":44,"key":"SMITH"},{"data":"DemoMod:Slinger","floor":49,"key":"SMITH"}],"circlet_count":0,"master_deck":["AscendersBane","DemoMod:Defend_Huntress","DemoMod:Roll","DemoMod:ManualReload","DemoMod:CrossBow","DemoMod:HardPowerCard+1","Swift Strike+1","DemoMod:ProbeStrike","DemoMod:FastSwitch+1","DemoMod:Eureka","DemoMod:FastSwitch+1","DemoMod:ConditionalReflex+1","DemoMod:BlankBullets","DemoMod:ConditionalReflex+1","DemoMod:Replace","DemoMod:FinishedGun","Pot Of Greed+1","Pot Of Greed+1","DemoMod:FeignSurrender+1","DemoMod:Slinger+1","Pot Of Greed","DemoMod:Polaris+1","DemoMod:Unmoved+1","DemoMod:MachoBrace","DemoMod:ProbeStrike","DemoMod:ManualReload","Dramatic Entrance"],"relics":["Cracked Core","HushsDoor","Void","PreservedInsect","infinitespire:CheckeredPen","Busted Crown","Grinning Jar","hubris:Icosahedron","Blood Vial","aspiration:FetidBarrel","YumHeart"],"acts_visited":["Exordium","TheCity","TheBeyond"],"potions_floor_usage":[16,16,29,40,50,50],"damage_taken":[{"damage":0,"enemies":"Cultist","floor":1,"turns":1},{"damage":0,"enemies":"Jaw Worm","floor":2,"turns":1},{"damage":0,"enemies":"3 Sentries","floor":6,"turns":1},{"damage":0,"enemies":"2 Louse","floor":7,"turns":2},{"damage":31,"enemies":"Replay:BlueRogue","floor":10,"turns":5},{"damage":0,"enemies":"3 Sentries","floor":12,"turns":3},{"damage":0,"enemies":"Gremlin Gang","floor":14,"turns":3},{"damage":18,"enemies":"The Guardian","floor":16,"turns":6},{"damage":0,"enemies":"Shell Parasite","floor":18,"turns":3},{"damage":0,"enemies":"2 Thieves","floor":19,"turns":3},{"damage":0,"enemies":"3 Cultists","floor":20,"turns":4},{"damage":2,"enemies":"Snecko","floor":22,"turns":3},{"damage":0,"enemies":"Book of Stabbing","floor":23,"turns":3},{"damage":0,"enemies":"Slavers","floor":25,"turns":4},{"damage":12,"enemies":"Chosen and Byrds","floor":29,"turns":2},{"damage":0,"enemies":"Automaton","floor":33,"turns":6},{"damage":0,"enemies":"3 Darklings","floor":35,"turns":2},{"damage":0,"enemies":"Orb Walker","floor":37,"turns":2},{"damage":0,"enemies":"Jaw Worm Horde","floor":39,"turns":2},{"damage":0,"enemies":"Giant Head","floor":40,"turns":3},{"damage":0,"enemies":"Writhing Mass","floor":42,"turns":2},{"damage":0,"enemies":"Reptomancer","floor":47,"turns":1},{"damage":0,"enemies":"Spire Growth","floor":48,"turns":2},{"damage":0,"enemies":"Awakened One","floor":50,"turns":6}],"seed_played":"-4544565051458016189","potions_obtained":[{"floor":7,"key":"FearPotion"},{"floor":12,"key":"Swift Potion"},{"floor":19,"key":"AttackPotion"},{"floor":25,"key":"Reflective Coating"},{"floor":33,"key":"Weak Potion"},{"floor":35,"key":"Strength Potion"},{"floor":42,"key":"Weak Potion"},{"floor":48,"key":"FearPotion"}],"is_trial":false,"path_per_floor":["M","M","?","$","?","E","M","R","T","E","$","E","R","M","R","B",null,"M","M","M","?","M","E","R","E","T","R","?","M","AVR","?","R","B",null,"M","$","M","?","M","E","R","M","T","R","AVR","?","E","M","R","B",null],"character_chosen":"HUNTRESS","items_purchased":["Swift Strike","DemoMod:Eureka","DemoMod:Slinger","War Paint","DemoMod:Unmoved"],"campfire_rested":0,"item_purchase_floors":[4,11,34,36,36],"current_hp_per_floor":[63,63,63,63,63,63,63,63,63,32,32,32,32,32,32,14,56,56,56,56,56,54,54,54,54,54,54,54,58,58,58,58,70,61,61,61,61,37,37,37,37,39,39,39,61,61,61,61,61,61],"gold":483,"neow_bonus":"THREE_ENEMY_KILL","is_daily":false,"chose_seed":false,"campfire_upgraded":9,"win_rate":0.0,"timestamp":1610833995,"path_taken":["M","?","?","$","?","E","M","R","T","E","?","E","R","M","R","BOSS","M","M","M","?","M","E","R","E","T","R","?","M","AVR","?","R","BOSS","M","$","M","?","M","E","R","M","T","R","AVR","?","E","M","R","BOSS"],"items_purchased_type":["Card","Card","Card","Relic","Card"],"build_version":"2020-12-22","purchased_purges":5,"victory":true,"max_hp_per_floor":[70,70,70,70,70,70,70,70,70,70,70,70,70,70,70,70,70,70,70,70,70,70,70,70,70,70,70,70,70,70,70,70,70,61,61,61,61,61,61,61,61,61,61,61,61,61,61,61,61,61],"card_choices":[{"not_picked":["DemoMod:HungryBullets","DemoMod:JK47","DemoMod:HuntsMan"],"picked":"SKIP","floor":1},{"not_picked":["DemoMod:DoubleSwitch","DemoMod:ShadowBullets"],"picked":"DemoMod:HardPowerCard","floor":2},{"not_picked":["DemoMod:AC15","DemoMod:Eureka"],"picked":"DemoMod:Purify","floor":6},{"not_picked":["DemoMod:MegaHand","DemoMod:StickyCrossBow"],"picked":"DemoMod:ProbeStrike","floor":7},{"not_picked":["DemoMod:FightSabre","DemoMod:StrategicReserve"],"picked":"DemoMod:FastSwitch","floor":10},{"not_picked":["DemoMod:HighKaliber","DemoMod:StickyCrossBow"],"picked":"DemoMod:FastSwitch","floor":12},{"not_picked":["DemoMod:TableSutra","DemoMod:Unity"],"picked":"DemoMod:ConditionalReflex","floor":14},{"not_picked":["DemoMod:Desperate","DemoMod:BSG"],"picked":"DemoMod:BlankBullets","floor":16},{"not_picked":["DemoMod:LifeOrb"],"picked":"SKIP","floor":18},{"not_picked":[],"picked":"DemoMod:ConditionalReflex","floor":19},{"not_picked":["DemoMod:CombinedRifle+1"],"picked":"SKIP","floor":20},{"not_picked":["DemoMod:HungryBullets"],"picked":"SKIP","floor":22},{"not_picked":[],"picked":"DemoMod:Replace","floor":23},{"not_picked":[],"picked":"DemoMod:FinishedGun","floor":25},{"not_picked":[],"picked":"DemoMod:FeignSurrender+1","floor":29},{"not_picked":[],"picked":"DemoMod:Polaris","floor":35},{"not_picked":[],"picked":"DemoMod:MachoBrace","floor":37},{"not_picked":[],"picked":"DemoMod:ProbeStrike","floor":39},{"not_picked":[],"picked":"DemoMod:Purify","floor":40},{"not_picked":["DemoMod:RadGun"],"picked":"SKIP","floor":42},{"not_picked":["DemoMod:ChanceBullets"],"picked":"SKIP","floor":47},{"not_picked":["DemoMod:BattleInHaste"],"picked":"SKIP","floor":48}],"player_experience":352838,"relics_obtained":[{"floor":6,"key":"hubris:OldNail"},{"floor":9,"key":"PreservedInsect"},{"floor":10,"key":"BookOfRevelations"},{"floor":12,"key":"infinitespire:CheckeredPen"},{"floor":23,"key":"halation:SelfBoilingWater"},{"floor":25,"key":"hubris:TinFlute"},{"floor":26,"key":"Grinning Jar"},{"floor":40,"key":"Blood Vial"},{"floor":43,"key":"aspiration:FetidBarrel"},{"floor":47,"key":"StuffTheSpire:Experiment12"}],"event_choices":[{"damage_healed":0,"gold_gain":0,"player_choice":"2 cards matched","damage_taken":0,"max_hp_gain":0,"max_hp_loss":0,"event_name":"Match and Keep!","floor":46,"gold_loss":0,"cards_obtained":["DemoMod:ManualReload","Dramatic Entrance"]}],"is_beta":false,"boss_relics":[{"not_picked":["Runic Dome","Fusion Hammer"],"picked":"Busted Crown"},{"not_picked":[]},{"not_picked":["Replay:Ancient Bell","ChewingGum"],"picked":"halation:Yufonium"},{"not_picked":[]}],"items_purged_floors":[30,34,36,36,45],"is_endless":false,"potions_floor_spawned":[7,12,14,19,25,33,35,42,48],"ascension_level":12}}