{"host":"7w5rsz9p0drt1vco","time":1610839452,"event":{"mods":["Aspiration","BaseMod","Colored Powertips","Conspire","Hubris","Infinite Spire","Jedi Mod","Minty Spire (QoL Compilation)","Replay The Spire","StSLib","The Construct","The Cursed","The Jungle","The Mystic","The Runesmith","The Spell Scribe"],"gold_per_floor":[110,123,123,123,123,123,155,171,171,171,19,19,39,59,59,177,177,197,241,274,97,97,124,124,124,173,173,205,205,205,205,205,328,328,360,279,321,359,386,386,440,477,477,477,532,532,558,585,585,623,623],"floor_reached":50,"language":"ENG","playtime":3100,"items_purged":[],"score":555,"play_id":"fa9823f4-0481-4dc9-a285-96b2def08590","local_time":"20210116202412","is_ascension_mode":true,"campfire_choices":[{"data":"Rampage","floor":6,"key":"SMITH"},{"data":"Pommel Strike","floor":10,"key":"SMITH"},{"data":"Hemokinesis","floor":12,"key":"SMITH"},{"floor":15,"key":"DIG"},{"floor":24,"key":"REST"},{"data":"ReplayTheSpireMod:Muscle Training","floor":27,"key":"SMITH"},{"floor":30,"key":"REST"},{"data":"ReplayTheSpireMod:Corrosion Curse","floor":32,"key":"SMITH"},{"floor":40,"key":"REST"},{"floor":44,"key":"REST"},{"floor":46,"key":"REST"},{"data":"Pommel Strike","floor":49,"key":"SMITH"}],"circlet_count":0,"master_deck":["Strike_R+1","Strike_R+1","Strike_R+1","Strike_R+1","Strike_R+1","Defend_R","Defend_R","Defend_R","Bash","Rampage+1","Pommel Strike+1","Hemokinesis+1","ReplayTheSpireMod:Muscle Training+1","Double Tap+1","Pommel Strike+1","jedi:LeechingStrike","Shrug It Off","ReplayTheSpireMod:Corrosion Curse+1","Offering+1","Evolve+1","ReplayTheSpireMod:Uncanny Aura+1"],"relics":["Burning Blood","NeowsBlessing","aspiration:FetidBarrel","infinitespire:Midas Blood","Golden Egg","hubris:ChampionShield","jedi:kaleidoscope","Bag of Preparation","jedi:angrymask","Mango","infinitespire:Burning Sword","Replay:Bottled Eggs","King of Hearts","construct:RocketBooster"],"acts_visited":["Exordium","TheCity","TheBeyond"],"potions_floor_usage":[14,16,33,33,33,41,41,41,50],"damage_taken":[{"damage":0,"enemies":"Jaw Worm","floor":1,"turns":1},{"damage":0,"enemies":"2 Louse","floor":2,"turns":1},{"damage":0,"enemies":"3 Sentries","floor":7,"turns":1},{"damage":5,"enemies":"Small Slimes","floor":8,"turns":4},{"damage":11,"enemies":"2 Fungi Beasts","floor":13,"turns":3},{"damage":20,"enemies":"Lots of Slimes","floor":14,"turns":4},{"damage":22,"enemies":"Slime Boss","floor":16,"turns":8},{"damage":8,"enemies":"Chosen","floor":18,"turns":4},{"damage":21,"enemies":"3 Byrds","floor":19,"turns":5},{"damage":37,"enemies":"Centurion and Healer","floor":20,"turns":6},{"damage":18,"enemies":"Cultist and Chosen","floor":23,"turns":4},{"damage":37,"enemies":"Chosen and Byrds","floor":28,"turns":6},{"damage":70,"enemies":"conspire:MysteriousRune","floor":33,"turns":10},{"damage":34,"enemies":"3 Shapes","floor":35,"turns":3},{"damage":47,"enemies":"3 Darklings","floor":37,"turns":5},{"damage":46,"enemies":"Maw","floor":38,"turns":6},{"damage":27,"enemies":"4 Shapes","floor":39,"turns":4},{"damage":74,"enemies":"Reptomancer","floor":41,"turns":5},{"damage":24,"enemies":"Transient","floor":42,"turns":5},{"damage":73,"enemies":"Giant Head","floor":45,"turns":7},{"damage":26,"enemies":"Writhing Mass","floor":47,"turns":3},{"damage":20,"enemies":"4 Shapes","floor":48,"turns":4},{"damage":121,"enemies":"Time Eater","floor":50,"turns":10}],"seed_played":"-771799183213949354","potions_obtained":[{"floor":7,"key":"jedi:StrikingPotion"},{"floor":8,"key":"EssenceOfSteel"},{"floor":14,"key":"jedi:wingpotion"},{"floor":19,"key":"EntropicBrew"},{"floor":20,"key":"Explosive Potion"},{"floor":37,"key":"DuplicationPotion"},{"floor":39,"key":"Strength Potion"},{"floor":42,"key":"Dexterity Potion"}],"is_trial":false,"path_per_floor":["M","M","?","?","$","R","E","M","T","R","$","R","M","M","R","B",null,"M","M","M","$","?","M","R","?","T","R","M","T","R","AVR","R","B",null,"M","$","M","M","M","R","E","M","T","R","E","R","M","M","R","B"],"character_chosen":"IRONCLAD","items_purchased":["hubris:ChampionShield","jedi:LeechingStrike","ReplayTheSpireMod:Uncanny Aura"],"campfire_rested":5,"item_purchase_floors":[11,21,36],"current_hp_per_floor":[80,80,80,80,80,80,80,80,80,80,80,80,75,61,61,45,80,78,63,32,32,32,32,56,56,56,56,36,36,60,74,74,25,94,66,66,59,55,34,62,40,58,58,86,38,66,82,86,86,0,0],"gold":623,"neow_bonus":"THREE_ENEMY_KILL","is_daily":false,"chose_seed":false,"campfire_upgraded":6,"win_rate":0.0,"timestamp":1610839452,"path_taken":["M","M","?","?","?","R","E","M","T","R","$","R","?","M","R","BOSS","M","M","M","$","?","M","R","?","T","R","?","?","R","AVR","R","BOSS","M","$","M","M","M","R","E","M","T","R","E","R","M","M","R","BOSS"],"items_purchased_type":["Relic","Card","Card"],"build_version":"2020-12-22","purchased_purges":0,"victory":false,"max_hp_per_floor":[80,80,80,80,80,80,80,80,80,80,80,80,80,80,80,80,80,80,80,80,80,80,80,80,80,80,80,80,80,80,94,94,94,94,94,94,94,94,94,94,94,94,94,94,94,94,94,94,94,94,94],"card_choices":[{"not_picked":["Feel No Pain","Replay:Undeath\u0027s Touch","Infernal Blade"],"picked":"SKIP","floor":1},{"not_picked":["Body Slam","Flex"],"picked":"Rampage","floor":2},{"not_picked":["Iron Wave","Infernal Blade"],"picked":"Pommel Strike","floor":7},{"not_picked":["Shrug It Off","Shockwave"],"picked":"Hemokinesis","floor":8},{"not_picked":["Armaments","Run Through","Cleave"],"picked":"SKIP","floor":13},{"not_picked":["hubris:SharpeningStone","Clothesline"],"picked":"ReplayTheSpireMod:Muscle Training","floor":14},{"not_picked":["jedi:bloodyhammer","Immolate"],"picked":"Double Tap","floor":16},{"not_picked":["ReplayTheSpireMod:LeadingStrike","Shockwave+1"],"picked":"Pommel Strike","floor":18},{"not_picked":["Pommel Strike","Power Through+1","Replay:Undeath\u0027s Touch"],"picked":"SKIP","floor":19},{"not_picked":["Dual Wield","Sword Boomerang+1","Anger"],"picked":"SKIP","floor":20},{"not_picked":["Perfected Strike","hubris:ReadiedAction"],"picked":"Shrug It Off","floor":23},{"not_picked":["Armaments","Twin Strike","Juggernaut"],"picked":"SKIP","floor":28},{"not_picked":["jedi:harder","Brutality"],"picked":"Offering","floor":33},{"not_picked":["Carnage","Armaments"],"picked":"Evolve+1","floor":35},{"not_picked":["infinitespire:OneForAll","ReplayTheSpireMod:Stacked","Sword Boomerang"],"picked":"SKIP","floor":37},{"not_picked":["Twin Strike","Dark Embrace","Cleave"],"picked":"SKIP","floor":38},{"not_picked":["Pommel Strike","jedi:suffering+1","True Grit+1"],"picked":"SKIP","floor":39},{"not_picked":["Flex","Clash+1","Feed"],"picked":"SKIP","floor":41},{"not_picked":["ReplayTheSpireMod:LeadingStrike+1","Armaments+1","Perfected Strike+1"],"picked":"SKIP","floor":42},{"not_picked":["Infernal Blade","Run Through","Clash"],"picked":"SKIP","floor":45},{"not_picked":["Sword Boomerang+1","Flex","ReplayTheSpireMod:Strike From Hell+1"],"picked":"SKIP","floor":47},{"not_picked":["Evolve+1","Twin Strike","Clash+1"],"picked":"SKIP","floor":48}],"player_experience":142398,"relics_obtained":[{"floor":3,"key":"aspiration:FetidBarrel"},{"floor":7,"key":"infinitespire:Midas Blood"},{"floor":9,"key":"Golden Egg"},{"floor":15,"key":"jedi:kaleidoscope"},{"floor":26,"key":"Bag of Preparation"},{"floor":29,"key":"jedi:angrymask"},{"floor":41,"key":"Replay:Bottled Eggs"},{"floor":43,"key":"King of Hearts"},{"floor":45,"key":"construct:RocketBooster"}],"event_choices":[{"damage_healed":0,"gold_gain":0,"player_choice":"Leave","damage_taken":0,"max_hp_gain":0,"max_hp_loss":0,"event_name":"conspire:Investor","floor":4,"gold_loss":0},{"damage_healed":0,"gold_gain":0,"player_choice":"Ignored","damage_taken":0,"max_hp_gain":0,"max_hp_loss":0,"event_name":"Beggar","floor":22,"gold_loss":0},{"damage_healed":0,"gold_gain":0,"cards_transformed":["Defend_R"],"player_choice":"Transformed","damage_taken":0,"max_hp_gain":0,"max_hp_loss":0,"event_name":"Transmorgrifier","floor":25,"gold_loss":0,"cards_obtained":["ReplayTheSpireMod:Corrosion Curse"]}],"is_beta":false,"boss_relics":[{"not_picked":["Replay:Drink Me","conspire:SlowCooker","conspire:RoyalGoblet"]},{"not_picked":["Abe\u0027s Treasure","Runic Dome"],"picked":"infinitespire:Burning Sword"}],"items_purged_floors":[],"is_endless":false,"potions_floor_spawned":[7,8,14,19,20,23,37,39,42],"killed_by":"Time Eater","ascension_level":1}}