{"host":"u1dfzl6o6mfmauc3","time":1610762950,"event":{"mods":["100% Spire Juice","2.2 Compatiblity","AchievementEnabler","BaseMod","Block Reminder","Challenge The Spire","Dark Map","Hermit","Minty Spire (QoL Compilation)","Relic Stats","Robot Space Explorer","StSLib","The Disciple","The Marked"],"gold_per_floor":[115,190,208,20,36,62,62,91,114,143,143,161,161,177,177,272,272,292,303,228,246,266,266,296,321,359,470,27,43,71,88,88,190,190,200,200,5,25,38,66,86,106,106,106,117,117,133,145,145,145,145,145,34,66,66,66],"floor_reached":55,"language":"ENG","playtime":5897,"items_purged":["Strike_G","Strike_G"],"score":802,"play_id":"00deca16-5711-4dd4-a56e-491fb6a67355","local_time":"20210115210910","is_ascension_mode":true,"campfire_choices":[{"data":"Neutralize","floor":7,"key":"SMITH"},{"floor":15,"key":"REST"},{"data":"Glass Knife","floor":23,"key":"SMITH"},{"floor":32,"key":"REST"},{"floor":44,"key":"REST"},{"floor":46,"key":"REST"},{"floor":49,"key":"RECALL"},{"data":"Catalyst","floor":52,"key":"SMITH"}],"circlet_count":0,"master_deck":["Defend_G","Defend_G","Defend_G","Defend_G","Survivor","Neutralize+1","Dagger Throw","Backflip","Noxious Fumes","Leg Sweep+1","PiercingWail","Envenom","Dash","Riddle With Holes+1","Footwork","Glass Knife+1","Catalyst+1","Deadly Poison+1","Poisoned Stab","PiercingWail","Footwork","Predator","Die Die Die","Well Laid Plans","Blur+1","Wraith Form v2","Catalyst+1","Backflip+1","Calculated Gamble","Footwork"],"relics":["Velvet Choker","Juzu Bracelet","Oddly Smooth Stone","Omamori","Anchor","Calling Bell","Blood Vial","Ornamental Fan","Lizard Tail","MawBank","Smiling Mask","ClockworkSouvenir","Pear","Toy Ornithopter","Empty Cage","Membership Card","Tingsha","Lantern"],"acts_visited":["Exordium","TheCity","TheBeyond","TheEnding"],"potions_floor_usage":[24,24,30,38,39,40,50,55,55],"damage_taken":[{"damage":0,"enemies":"2 Louse","floor":1,"turns":3},{"damage":0,"enemies":"Jaw Worm","floor":3,"turns":4},{"damage":0,"enemies":"Small Slimes","floor":5,"turns":3},{"damage":37,"enemies":"Gremlin Nob","floor":6,"turns":6},{"damage":28,"enemies":"3 Sentries","floor":8,"turns":8},{"damage":10,"enemies":"Gremlin Nob","floor":10,"turns":5},{"damage":1,"enemies":"Looter","floor":12,"turns":3},{"damage":0,"enemies":"2 Fungi Beasts","floor":14,"turns":3},{"damage":11,"enemies":"Hexaghost","floor":16,"turns":10},{"damage":4,"enemies":"Shell Parasite","floor":18,"turns":5},{"damage":0,"enemies":"Chosen","floor":19,"turns":5},{"damage":11,"enemies":"Sentry and Sphere","floor":21,"turns":5},{"damage":9,"enemies":"Snake Plant","floor":22,"turns":3},{"damage":29,"enemies":"Slavers","floor":24,"turns":8},{"damage":8,"enemies":"3 Cultists","floor":25,"turns":6},{"damage":0,"enemies":"Cultist and Chosen","floor":29,"turns":6},{"damage":4,"enemies":"Book of Stabbing","floor":30,"turns":6},{"damage":0,"enemies":"Snake Plant","floor":31,"turns":4},{"damage":37,"enemies":"Collector","floor":33,"turns":9},{"damage":2,"enemies":"3 Darklings","floor":35,"turns":8},{"damage":3,"enemies":"3 Shapes","floor":38,"turns":4},{"damage":22,"enemies":"Transient","floor":39,"turns":5},{"damage":42,"enemies":"Giant Head","floor":40,"turns":12},{"damage":0,"enemies":"4 Shapes","floor":41,"turns":9},{"damage":5,"enemies":"Spire Growth","floor":42,"turns":5},{"damage":11,"enemies":"Maw","floor":45,"turns":7},{"damage":13,"enemies":"Writhing Mass","floor":47,"turns":6},{"damage":1,"enemies":"Spire Growth","floor":48,"turns":4},{"damage":53,"enemies":"Donu and Deca","floor":50,"turns":16},{"damage":67,"enemies":"Shield and Spear","floor":54,"turns":14},{"damage":79,"enemies":"The Heart","floor":55,"turns":12}],"seed_played":"-2849306699513902484","potions_obtained":[{"floor":5,"key":"FairyPotion"},{"floor":6,"key":"FairyPotion"},{"floor":10,"key":"Fire Potion"},{"floor":12,"key":"PowerPotion"},{"floor":16,"key":"SpeedPotion"},{"floor":22,"key":"EntropicBrew"},{"floor":29,"key":"LiquidMemories"},{"floor":31,"key":"GhostInAJar"},{"floor":39,"key":"DistilledChaos"},{"floor":40,"key":"Weak Potion"},{"floor":41,"key":"PowerPotion"},{"floor":45,"key":"Strength Potion"}],"is_trial":false,"path_per_floor":["M","?","M","$","M","E","R","E","T","E","?","M","?","M","R","B",null,"M","M","?","M","M","R","E","M","T","?","$","M","E","M","R","B",null,"M","?","$","M","M","E","M","M","T","R","M","R","M","M","R","B",null,"R","$","E","B"],"character_chosen":"THE_SILENT","items_purchased":["Noxious Fumes","Leg Sweep","ClockworkSouvenir","Pear","Membership Card","Well Laid Plans","Calculated Gamble","Lantern"],"campfire_rested":4,"item_purchase_floors":[4,4,28,28,37,37,53,53],"current_hp_per_floor":[70,59,59,59,59,22,22,15,15,5,21,20,20,20,41,30,70,66,68,68,59,52,52,25,19,19,19,29,31,29,31,55,20,80,78,78,78,77,58,23,25,22,22,46,37,61,50,51,51,5,80,80,80,13,0,0],"gold":66,"neow_bonus":"BOSS_RELIC","is_daily":false,"chose_seed":false,"campfire_upgraded":3,"win_rate":0.0,"timestamp":1610762950,"path_taken":["M","?","M","$","M","E","R","E","T","E","?","M","?","M","R","BOSS","M","M","?","M","M","R","E","M","T","?","$","M","E","M","R","BOSS","M","?","?","M","M","E","M","M","T","R","M","R","M","M","R","BOSS","R","$","E","BOSS"],"items_purchased_type":["Card","Card","Relic","Relic","Relic","Card","Card","Relic"],"build_version":"2020-12-22","purchased_purges":2,"victory":false,"max_hp_per_floor":[70,70,70,70,70,70,70,70,70,70,70,70,70,70,70,70,70,70,70,70,70,70,70,70,70,70,70,80,80,80,80,80,80,80,80,80,80,80,80,80,80,80,80,80,80,80,80,80,80,80,80,80,80,80,80,80],"relic_stats":{"Blood Vial":38,"Lizard Tail":40,"counters":[31,204],"Ornamental Fan":[64],"Tingsha":[48],"Juzu Bracelet":0,"MawBank":48,"Smiling Mask":50,"obtain_stats":[{"Lantern":53,"Pear":28,"Velvet Choker":0,"Oddly Smooth Stone":8,"Tingsha":40,"Juzu Bracelet":6,"Omamori":9,"MawBank":24,"Smiling Mask":26,"Empty Cage":34,"ClockworkSouvenir":28,"Calling Bell":17,"Blood Vial":17,"Anchor":10,"Lizard Tail":17,"Ornamental Fan":17,"Membership Card":37,"Toy Ornithopter":30,"Ring of the Snake":0},{"Lantern":29,"Pear":15,"Velvet Choker":0,"Oddly Smooth Stone":5,"Tingsha":23,"Juzu Bracelet":4,"Omamori":5,"MawBank":14,"Smiling Mask":15,"Empty Cage":19,"ClockworkSouvenir":15,"Calling Bell":9,"Blood Vial":9,"Anchor":6,"Lizard Tail":9,"Ornamental Fan":9,"Membership Card":20,"Toy Ornithopter":17,"Ring of the Snake":0},{"Lantern":178,"Pear":77,"Velvet Choker":0,"Oddly Smooth Stone":24,"Tingsha":131,"Juzu Bracelet":16,"Omamori":24,"MawBank":71,"Smiling Mask":77,"Empty Cage":102,"ClockworkSouvenir":77,"Calling Bell":45,"Blood Vial":45,"Anchor":29,"Lizard Tail":45,"Ornamental Fan":45,"Membership Card":110,"Toy Ornithopter":89,"Ring of the Snake":0}],"Toy Ornithopter":21},"card_choices":[{"not_picked":["Slice","Skewer"],"picked":"Dagger Throw","floor":1},{"not_picked":["Masterful Stab","Underhanded Strike"],"picked":"Backflip","floor":3},{"not_picked":["Bane","Flechettes"],"picked":"PiercingWail","floor":5},{"not_picked":["Dagger Throw","Eviscerate"],"picked":"Envenom","floor":6},{"not_picked":["Underhanded Strike","Terror"],"picked":"Dash","floor":8},{"not_picked":["Eviscerate","Tactician"],"picked":"Riddle With Holes","floor":10},{"not_picked":["Deflect","Outmaneuver"],"picked":"Footwork","floor":12},{"not_picked":["Flying Knee","Outmaneuver","Backflip"],"picked":"SKIP","floor":14},{"not_picked":["Venomology","Unload"],"picked":"Glass Knife","floor":16},{"not_picked":["Choke+1","Caltrops"],"picked":"Catalyst+1","floor":18},{"not_picked":["Finisher","Escape Plan"],"picked":"Deadly Poison+1","floor":19},{"not_picked":["Prepared","Underhanded Strike+1"],"picked":"Poisoned Stab","floor":21},{"not_picked":["Slice","Blade Dance","Outmaneuver+1"],"picked":"SKIP","floor":22},{"not_picked":["Finisher","Night Terror","Dagger Spray"],"picked":"SKIP","floor":24},{"not_picked":["Slice","Noxious Fumes"],"picked":"PiercingWail","floor":25},{"not_picked":["Acrobatics","Eviscerate","Sucker Punch"],"picked":"SKIP","floor":29},{"not_picked":["Heel Hook","Outmaneuver"],"picked":"Footwork","floor":30},{"not_picked":["Bane+1","Prepared"],"picked":"Predator","floor":31},{"not_picked":["Unload","Night Terror"],"picked":"Die Die Die","floor":33},{"not_picked":["Underhanded Strike+1","Deadly Poison","Acrobatics"],"picked":"SKIP","floor":35},{"not_picked":["Dodge and Roll","Flying Knee+1","Acrobatics+1"],"picked":"SKIP","floor":38},{"not_picked":["Masterful Stab","Prepared+1"],"picked":"Blur+1","floor":39},{"not_picked":["Riddle With Holes+1","Outmaneuver+1"],"picked":"Wraith Form v2","floor":40},{"not_picked":["Noxious Fumes","Outmaneuver+1","Quick Slash"],"picked":"SKIP","floor":41},{"not_picked":["Dagger Spray","Flying Knee+1"],"picked":"Catalyst","floor":42},{"not_picked":["Reflex+1","Outmaneuver","Deadly Poison"],"picked":"SKIP","floor":45},{"not_picked":["Expertise+1","Dagger Throw+1"],"picked":"Backflip+1","floor":47},{"not_picked":["Flying Knee","Deadly Poison+1","Dodge and Roll+1"],"picked":"SKIP","floor":48},{"not_picked":["Distraction","Backstab+1"],"picked":"Footwork","floor":54}],"player_experience":69369,"relics_obtained":[{"floor":6,"key":"Juzu Bracelet"},{"floor":8,"key":"Oddly Smooth Stone"},{"floor":9,"key":"Omamori"},{"floor":10,"key":"Anchor"},{"floor":17,"key":"Blood Vial"},{"floor":17,"key":"Ornamental Fan"},{"floor":17,"key":"Lizard Tail"},{"floor":24,"key":"MawBank"},{"floor":26,"key":"Smiling Mask"},{"floor":30,"key":"Toy Ornithopter"},{"floor":40,"key":"Tingsha"}],"event_choices":[{"damage_healed":0,"gold_gain":75,"player_choice":"Gather Gold","damage_taken":11,"max_hp_gain":0,"max_hp_loss":0,"event_name":"World of Goop","floor":2,"gold_loss":0},{"damage_healed":0,"gold_gain":0,"player_choice":"Entered Light","damage_taken":14,"max_hp_gain":0,"max_hp_loss":0,"event_name":"Shining Light","floor":11,"gold_loss":0,"cards_upgraded":["Riddle With Holes","Leg Sweep"]},{"damage_healed":0,"gold_gain":0,"player_choice":"Ignored","damage_taken":0,"max_hp_gain":0,"max_hp_loss":0,"event_name":"Liars Game","floor":13,"gold_loss":0},{"cards_removed":["Strike_G"],"damage_healed":0,"gold_gain":0,"player_choice":"Gave Gold","damage_taken":0,"max_hp_gain":0,"max_hp_loss":0,"event_name":"Beggar","floor":20,"gold_loss":75},{"damage_healed":0,"gold_gain":99,"player_choice":"Stole From Cult","damage_taken":0,"max_hp_gain":0,"max_hp_loss":0,"event_name":"Nest","floor":27,"gold_loss":0},{"cards_removed":["Defend_G"],"damage_healed":0,"gold_gain":0,"player_choice":"Card Removal","damage_taken":0,"max_hp_gain":0,"max_hp_loss":0,"event_name":"Wheel of Change","floor":36,"gold_loss":0}],"is_beta":false,"boss_relics":[{"not_picked":["Tiny House","Ectoplasm"],"picked":"Calling Bell"},{"not_picked":["Fusion Hammer","Coffee Dripper"],"picked":"Empty Cage"}],"items_purged_floors":[4,28],"is_endless":false,"potions_floor_spawned":[5,6,10,12,16,22,24,25,29,31,39,40,41,45],"killed_by":"The Heart","ascension_level":1}}