{"host":"ydg0vn0pu4pubmdt","time":1610829590,"event":{"mods":["AchievementEnabler","BaseMod","Colored Map","Gold Saver","Minty Spire (QoL Compilation)","Quick Restart","SuperFastMode"],"gold_per_floor":[777,794,244,194,42,42,42,42,42,68,121,133,185,242,254,369,381,407,464,40,51,0,55,55,155,155,180,180,190,90,106,106,228,228,270,270,287,52,0,0,33,45,45,89,89,123,123,123,123,123],"floor_reached":51,"language":"KOR","playtime":1568,"items_purged":["Strike_B","Strike_B","Defend_B"],"score":1044,"play_id":"97f15f76-f57b-4012-aac8-ce7e6da05ba0","local_time":"20210117053950","is_ascension_mode":true,"campfire_choices":[{"data":"Zap","floor":6.0,"key":"SMITH"},{"data":"HandOfGreed","floor":8.0,"key":"SMITH"},{"data":"Chaos","floor":12.0,"key":"SMITH"},{"data":"Darkness","floor":15.0,"key":"SMITH"},{"data":"Defragment","floor":24.0,"key":"SMITH"},{"data":"Capacitor","floor":28.0,"key":"SMITH"},{"floor":32.0,"key":"REST"},{"data":"Turbo","floor":40.0,"key":"SMITH"},{"data":"Fusion","floor":45.0,"key":"SMITH"},{"data":"Consume","floor":49,"key":"SMITH"}],"circlet_count":0,"master_deck":["Zap+1","Dualcast+1","Cold Snap","Conserve Battery","HandOfGreed+1","Hologram","Chaos+1","Darkness+1","Compile Driver+1","Multi-Cast+1","Glacier+1","Defragment+1","Barrage+1","Capacitor+1","Auto Shields","Turbo+1","Fusion+1","Seek","White Noise","Defragment+1","Consume+1","Self Repair+1","Defragment+1","White Noise+1","BootSequence+1","Conserve Battery+1"],"relics":["Cracked Core","MealTicket","ClockworkSouvenir","Runic Capacitor","Matryoshka","MawBank","Astrolabe","Letter Opener","OrangePellets","Ancient Tea Set","Blue Candle","Frozen Egg 2","Prayer Wheel","Inserter","Red Mask","Singing Bowl","Bottled Lightning","Toxic Egg 2","Ornamental Fan"],"acts_visited":["Exordium","TheCity","TheBeyond"],"potions_floor_usage":[50,50],"damage_taken":[{"damage":1.0,"enemies":"Cultist","floor":1.0,"turns":4.0},{"damage":0.0,"enemies":"Small Slimes","floor":2.0,"turns":3.0},{"damage":11.0,"enemies":"Lagavulin","floor":10.0,"turns":4.0},{"damage":0.0,"enemies":"2 Louse","floor":11.0,"turns":2.0},{"damage":0.0,"enemies":"Large Slime","floor":13.0,"turns":5.0},{"damage":10.0,"enemies":"Exordium Thugs","floor":14.0,"turns":4.0},{"damage":21.0,"enemies":"The Guardian","floor":16.0,"turns":6.0},{"damage":7.0,"enemies":"Spheric Guardian","floor":18.0,"turns":3.0},{"damage":11.0,"enemies":"2 Thieves","floor":19.0,"turns":3.0},{"damage":15.0,"enemies":"Shelled Parasite and Fungi","floor":21.0,"turns":4.0},{"damage":9.0,"enemies":"Book of Stabbing","floor":23.0,"turns":5.0},{"damage":19.0,"enemies":"Gremlin Leader","floor":27.0,"turns":4.0},{"damage":0.0,"enemies":"Snake Plant","floor":29.0,"turns":2.0},{"damage":16.0,"enemies":"Chosen and Byrds","floor":31.0,"turns":4.0},{"damage":28.0,"enemies":"Automaton","floor":33.0,"turns":5.0},{"damage":5.0,"enemies":"3 Shapes","floor":35.0,"turns":4.0},{"damage":7.0,"enemies":"Orb Walker","floor":37.0,"turns":3.0},{"damage":5.0,"enemies":"Giant Head","floor":41.0,"turns":7.0},{"damage":11.0,"enemies":"Maw","floor":42.0,"turns":7.0},{"damage":0.0,"enemies":"Jaw Worm Horde","floor":44.0,"turns":4.0},{"damage":0.0,"enemies":"Nemesis","floor":46.0,"turns":5.0},{"damage":10,"enemies":"Donu and Deca","floor":50,"turns":7}],"seed_played":"130800980313802490","potions_obtained":[{"floor":1.0,"key":"Weak Potion"},{"floor":11.0,"key":"AttackPotion"},{"floor":13.0,"key":"Strength Potion"},{"floor":14.0,"key":"SkillPotion"},{"floor":18.0,"key":"LiquidBronze"},{"floor":33.0,"key":"AttackPotion"},{"floor":41.0,"key":"Explosive Potion"},{"floor":42.0,"key":"EssenceOfSteel"},{"floor":46.0,"key":"DistilledChaos"}],"is_trial":false,"path_per_floor":["M","M","$","?","$","R","?","R","T","E","M","R","M","M","R","B",null,"M","M","$","M","?","E","R","?","T","E","R","M","$","M","R","B",null,"M","?","M","$","?","R","E","M","T","M","R","E","$","?","R","B",null],"character_chosen":"DEFECT","items_purchased":["HandOfGreed","MealTicket","ClockworkSouvenir","Runic Capacitor","Defragment","Letter Opener","OrangePellets","Consume","Self Repair+1"],"campfire_rested":1,"item_purchase_floors":[3,3,3,5,20,20,20,38,38],"current_hp_per_floor":[67,67,67,67,75,75,75,75,75,64,64,64,64,54,54,33,65,58,47,62,47,47,38,38,38,38,19,19,19,34,18,40,12,59,54,54,47,62,62,62,69,68,68,81,81,81,81,81,81,81],"gold":123,"neow_bonus":"UPGRADE_CARD","is_daily":false,"chose_seed":false,"campfire_upgraded":9,"win_rate":0.0,"timestamp":1610829590,"path_taken":["M","M","$","?","$","R","?","R","T","E","M","R","?","M","R","BOSS","M","M","$","M","?","E","R","?","T","E","R","?","$","M","R","BOSS","M","?","M","$","?","R","E","M","T","M","R","E","$","?","R","BOSS"],"items_purchased_type":["Card","Relic","Relic","Relic","Card","Relic","Relic","Card","Card"],"build_version":"2020-12-22","purchased_purges":3,"victory":true,"max_hp_per_floor":[75,75,75,75,75,75,75,75,75,75,75,75,75,75,75,75,75,75,75,75,75,75,75,75,75,75,75,75,75,75,75,75,75,75,75,75,75,75,75,75,77,77,77,81,81,81,81,81,81,81],"card_choices":[{"not_picked":["Skim","Barrage"],"picked":"Cold Snap","floor":1.0},{"not_picked":["Redo","Barrage"],"picked":"Conserve Battery","floor":2.0},{"not_picked":["Beam Cell","Multi-Cast"],"picked":"Hologram","floor":10.0},{"not_picked":["Redo","Beam Cell"],"picked":"Chaos","floor":11.0},{"not_picked":["Leap","Rip and Tear"],"picked":"Darkness","floor":13.0},{"not_picked":["Doom and Gloom","Rebound","Conserve Battery"],"picked":"SKIP","floor":14.0},{"not_picked":["Seek","Creative AI"],"picked":"Rainbow","floor":16.0},{"not_picked":["Sunder","Go for the Eyes","Ball Lightning"],"picked":"SKIP","floor":18.0},{"not_picked":["Rebound+1","Streamline"],"picked":"Glacier+1","floor":19.0},{"not_picked":["Cold Snap","Consume"],"picked":"Barrage+1","floor":21.0},{"not_picked":["Hyperbeam","Gash"],"picked":"Capacitor","floor":23.0},{"not_picked":["Rip and Tear","Chaos+1"],"picked":"Auto Shields","floor":27.0},{"not_picked":["Gash+1","Barrage"],"picked":"Turbo","floor":29.0},{"not_picked":["Ball Lightning+1","Sweeping Beam+1","Leap"],"picked":"SKIP","floor":29.0},{"not_picked":["Coolheaded","Skim"],"picked":"Fusion","floor":31.0},{"not_picked":["Melter","Compile Driver","Lockon"],"picked":"SKIP","floor":31.0},{"not_picked":["Creative AI+1","Core Surge"],"picked":"Seek","floor":33.0},{"not_picked":["Doom and Gloom","Hello World+1"],"picked":"White Noise","floor":35.0},{"not_picked":["Reinforced Body","Beam Cell","Redo+1"],"picked":"SKIP","floor":35.0},{"not_picked":["Lockon+1","Melter+1"],"picked":"Defragment+1","floor":37.0},{"not_picked":["Cold Snap+1","Capacitor+1","Beam Cell+1"],"picked":"SKIP","floor":37.0},{"not_picked":["Capacitor+1","Melter","Consume"],"picked":"Singing Bowl","floor":41.0},{"not_picked":["Auto Shields","Storm+1"],"picked":"Defragment+1","floor":42.0},{"not_picked":["Barrage+1","Streamline+1"],"picked":"White Noise+1","floor":42.0},{"not_picked":["Sweeping Beam","Steam+1","Loop+1"],"picked":"Singing Bowl","floor":44.0},{"not_picked":["Lockon+1","Beam Cell+1","Tempest+1"],"picked":"Singing Bowl","floor":44.0},{"not_picked":["Rebound","Capacitor+1"],"picked":"BootSequence+1","floor":46.0}],"player_experience":418981,"relics_obtained":[{"floor":9.0,"key":"Matryoshka"},{"floor":10.0,"key":"MawBank"},{"floor":23.0,"key":"Ancient Tea Set"},{"floor":26.0,"key":"Blue Candle"},{"floor":26.0,"key":"Frozen Egg 2"},{"floor":27.0,"key":"Prayer Wheel"},{"floor":41.0,"key":"Singing Bowl"},{"floor":43.0,"key":"Bottled Lightning"},{"floor":43.0,"key":"Toxic Egg 2"},{"floor":46.0,"key":"Ornamental Fan"}],"event_choices":[{"cards_removed":["Defend_B"],"damage_healed":0.0,"max_hp_gain":0.0,"max_hp_loss":0.0,"gold_gain":0.0,"event_name":"The Cleric","player_choice":"Card Removal","floor":4.0,"gold_loss":50.0,"damage_taken":0.0},{"cards_removed":["Defend_B"],"damage_healed":0.0,"max_hp_gain":0.0,"max_hp_loss":0.0,"gold_gain":0.0,"event_name":"Bonfire Elementals","player_choice":"Offered Basic","floor":7.0,"gold_loss":0.0,"damage_taken":0.0},{"damage_healed":0.0,"max_hp_gain":0.0,"max_hp_loss":0.0,"gold_gain":0.0,"event_name":"Masked Bandits","player_choice":"Paid Fearfully","floor":22.0,"gold_loss":51.0,"damage_taken":0.0},{"damage_healed":0.0,"max_hp_gain":0.0,"max_hp_loss":0.0,"gold_gain":100.0,"event_name":"Golden Shrine","player_choice":"Pray","floor":25.0,"gold_loss":0.0,"damage_taken":0.0},{"cards_removed":["Rainbow"],"damage_healed":0.0,"max_hp_gain":0.0,"max_hp_loss":0.0,"gold_gain":0.0,"event_name":"Falling","player_choice":"Removed Skill","floor":36.0,"gold_loss":0.0,"damage_taken":0.0},{"damage_healed":0.0,"max_hp_gain":0.0,"max_hp_loss":0.0,"gold_gain":0.0,"event_name":"Tomb of Lord Red Mask","player_choice":"Paid","floor":39.0,"gold_loss":52.0,"damage_taken":0.0,"relics_obtained":["Red Mask"]},{"damage_healed":0.0,"max_hp_gain":0.0,"max_hp_loss":0.0,"gold_gain":0.0,"cards_transformed":["Sunder"],"event_name":"Transmorgrifier","player_choice":"Transformed","floor":48.0,"gold_loss":0.0,"damage_taken":0.0,"cards_obtained":["Conserve Battery"]}],"is_beta":false,"boss_relics":[{"not_picked":["Cursed Key","SlaversCollar"],"picked":"Astrolabe"},{"not_picked":["Runic Dome","Calling Bell"],"picked":"Inserter"}],"items_purged_floors":[3,30,38],"is_endless":false,"potions_floor_spawned":[1,11,13,14,18,33,41,42,46],"ascension_level":7}}