{"host":"7zdktqb5xjtif29d","time":1610759250,"event":{"mods":["AchievementEnabler","BaseMod","Colored Map","Colored Powertips","Highlight Path","Minty Spire (QoL Compilation)","Rare Cards Sparkle","SuperFastMode","Waifu the Spire","everything is the same but u backflip on backflip"],"gold_per_floor":[114,128,78,78,78,105,29,55,82,82,99,126,153,164,164,164,164],"floor_reached":16,"language":"ENG","playtime":719,"items_purged":[],"score":130,"play_id":"94a5bc31-1d0c-407f-96bf-8212781453d4","local_time":"20210116010730","is_ascension_mode":true,"campfire_choices":[{"floor":10,"key":"REST"},{"floor":15,"key":"REST"}],"circlet_count":0,"master_deck":["Strike_G+1","Strike_G","Strike_G","Strike_G","Defend_G","Defend_G","Defend_G","Defend_G","Defend_G","Survivor","Neutralize","Backflip","Backstab+1","Cloak And Dagger","Accuracy","Slice","Cloak And Dagger","Blade Dance"],"relics":["Ring of the Snake","Toy Ornithopter","MealTicket","Bronze Scales","Potion Belt","Odd Mushroom"],"acts_visited":["Exordium"],"potions_floor_usage":[8,16],"damage_taken":[{"damage":0,"enemies":"Small Slimes","floor":1,"turns":3},{"damage":2,"enemies":"2 Louse","floor":2,"turns":4},{"damage":26,"enemies":"3 Sentries","floor":6,"turns":16},{"damage":21,"enemies":"Lagavulin","floor":8,"turns":9},{"damage":0,"enemies":"Jaw Worm","floor":11,"turns":2},{"damage":23,"enemies":"3 Sentries","floor":12,"turns":9},{"damage":16,"enemies":"The Mushroom Lair","floor":13,"turns":6},{"damage":0,"enemies":"Blue Slaver","floor":14,"turns":2},{"damage":40,"enemies":"Slime Boss","floor":16,"turns":7}],"seed_played":"-8948027250588166332","potions_obtained":[{"floor":2,"key":"EssenceOfSteel"},{"floor":6,"key":"AttackPotion"}],"is_trial":false,"path_per_floor":["M","M","?","?","T","E","$","E","T","R","M","E","?","M","R","B"],"character_chosen":"THE_SILENT","items_purchased":["Accuracy"],"campfire_rested":2,"item_purchase_floors":[7],"current_hp_per_floor":[77,75,75,60,60,34,34,18,18,41,41,18,2,2,25,0,0],"gold":164,"neow_bonus":"TEN_PERCENT_HP_BONUS","is_daily":false,"chose_seed":false,"campfire_upgraded":0,"win_rate":0.0,"timestamp":1610759250,"path_taken":["M","M","?","?","?","E","?","E","T","R","M","E","?","M","R","BOSS"],"items_purchased_type":["Card"],"build_version":"2020-12-22","purchased_purges":0,"victory":false,"max_hp_per_floor":[77,77,77,77,77,77,77,77,77,77,77,77,77,77,77,77,77],"card_choices":[{"not_picked":["Underhanded Strike","Dagger Spray"],"picked":"Backflip","floor":1},{"not_picked":["Poisoned Stab","All Out Attack"],"picked":"Backstab","floor":2},{"not_picked":["Terror","Catalyst"],"picked":"Cloak And Dagger","floor":6},{"not_picked":["Masterful Stab","Well Laid Plans","Footwork"],"picked":"SKIP","floor":8},{"not_picked":["Flying Knee","Sucker Punch"],"picked":"Slice","floor":11},{"not_picked":["Bane","Wraith Form v2"],"picked":"Cloak And Dagger","floor":12},{"not_picked":["All Out Attack","Bouncing Flask"],"picked":"Blade Dance","floor":14}],"player_experience":227305,"relics_obtained":[{"floor":6,"key":"Toy Ornithopter"},{"floor":8,"key":"MealTicket"},{"floor":9,"key":"Bronze Scales"},{"floor":12,"key":"Potion Belt"},{"floor":13,"key":"Odd Mushroom"}],"event_choices":[{"cards_removed":["Strike_G"],"damage_healed":0,"gold_gain":0,"player_choice":"Card Removal","damage_taken":0,"max_hp_gain":0,"max_hp_loss":0,"event_name":"The Cleric","floor":3,"gold_loss":50},{"damage_healed":0,"gold_gain":0,"player_choice":"Entered Light","damage_taken":15,"max_hp_gain":0,"max_hp_loss":0,"event_name":"Shining Light","floor":4,"gold_loss":0,"cards_upgraded":["Backstab","Strike_G"]},{"damage_healed":0,"gold_gain":0,"player_choice":"Fought Mushrooms","damage_taken":0,"max_hp_gain":0,"max_hp_loss":0,"event_name":"Mushrooms","floor":13,"gold_loss":0}],"is_beta":false,"boss_relics":[],"items_purged_floors":[],"is_endless":false,"potions_floor_spawned":[2,6],"killed_by":"Slime Boss","ascension_level":2}}