{"host":"qrec1pgksm53712r","time":1610768535,"event":{"mods":["Act Like it!","BaseMod","CapriCore","Energized Spire","Fireblade Mod","Hubris","Hyrulean Relics","Minty Spire (QoL Compilation)","StSLib"],"gold_per_floor":[113,113,37,55,65,65,98,98,98,98,113,39,68,68,68,170,170,154,170,182,182,281,306,306,331,331,62,80,80,80,80,80,176,176,191,191,191,191,15,15,15,15],"floor_reached":41,"language":"ENG","playtime":3503,"items_purged":["FireBladeMod:Flames"],"score":458,"play_id":"a30d21d4-c702-4e1f-8eb4-4d8f38857795","local_time":"20210115214215","is_ascension_mode":false,"campfire_choices":[{"data":"FireBladeMod:ThirstForBlood","floor":6,"key":"SMITH"},{"data":"FireBladeMod:FlamingSword","floor":10,"key":"SMITH"},{"floor":15,"key":"REST"},{"floor":24,"key":"REST"},{"floor":29,"key":"REST"},{"data":"FireBladeMod:GetPumped","floor":32,"key":"SMITH"},{"floor":40,"key":"RECALL"}],"circlet_count":0,"master_deck":["FireBladeMod:DefendFireBlade","FireBladeMod:DefendFireBlade","FireBladeMod:DefendFireBlade","FireBladeMod:DefendFireBlade","FireBladeMod:FlamingSword+1","FireBladeMod:FireBarrier+1","FireBladeMod:Feint","FireBladeMod:ThirstForBlood+1","FireBladeMod:SoulStrike","FireBladeMod:Shove","FireBladeMod:SmokeScreen","FireBladeMod:SmokeScreen","FireBladeMod:FlashBang","FireBladeMod:DeathBlade","FireBladeMod:IronEndurance+1","FireBladeMod:ComplexDefense+1","FireBladeMod:BasicSmash+1","FireBladeMod:GetPumped+1","FireBladeMod:SpinningSmash","FireBladeMod:AdrenalineBoost+1","FireBladeMod:Ignition","FireBladeMod:Ember","FireBladeMod:Ember","FireBladeMod:Ember","FireBladeMod:Ember","FireBladeMod:Ember","Apotheosis"],"relics":["FireBladeMod:DuelistLocket","MealTicket","FireBladeMod:Matches","Eternal Feather","Astrolabe","Bronze Scales","Boot","Pen Nib","Juzu Bracelet","Art of War","FireBladeMod:InnerFlame"],"acts_visited":["Exordium","TheCity","TheBeyond"],"potions_floor_usage":[13,13,23,23,23,41,41,41],"damage_taken":[{"damage":2,"enemies":"2 Louse","floor":1,"turns":3},{"damage":6,"enemies":"Cultist","floor":4,"turns":3},{"damage":0,"enemies":"Small Slimes","floor":5,"turns":3},{"damage":28,"enemies":"Gremlin Nob","floor":7,"turns":4},{"damage":1,"enemies":"Gremlin Gang","floor":11,"turns":4},{"damage":10,"enemies":"Lagavulin","floor":13,"turns":5},{"damage":14,"enemies":"Hexaghost","floor":16,"turns":9},{"damage":3,"enemies":"2 Thieves","floor":18,"turns":4},{"damage":5,"enemies":"Shell Parasite","floor":19,"turns":8},{"damage":16,"enemies":"Shelled Parasite and Fungi","floor":20,"turns":7},{"damage":35,"enemies":"Slavers","floor":23,"turns":7},{"damage":33,"enemies":"Gremlin Leader","floor":25,"turns":6},{"damage":7,"enemies":"Snecko","floor":28,"turns":4},{"damage":52,"enemies":"hubris:MusketHawk","floor":33,"turns":9},{"damage":0,"enemies":"3 Shapes","floor":35,"turns":5},{"damage":78,"enemies":"Reptomancer","floor":41,"turns":4}],"seed_played":"7869552209421229769","potions_obtained":[{"floor":1,"key":"PowerPotion"},{"floor":4,"key":"FearPotion"},{"floor":16,"key":"Explosive Potion"},{"floor":19,"key":"DistilledChaos"},{"floor":20,"key":"GamblersBrew"},{"floor":25,"key":"Swift Potion"},{"floor":28,"key":"Energy Potion"},{"floor":35,"key":"Fire Potion"}],"is_trial":false,"path_per_floor":["M","?","$","M","M","R","E","?","T","R","M","$","E","?","R","B",null,"M","M","M","?","?","E","R","E","T","$","M","R","T","?","R","B",null,"M","$","$","?","$","R","E"],"character_chosen":"THE_FIREBLADE","items_purchased":["FireBladeMod:ThirstForBlood","FireBladeMod:SmokeScreen","Juzu Bracelet","FireBladeMod:SpinningSmash","Apotheosis"],"campfire_rested":3,"item_purchase_floors":[3,12,27,27,39],"current_hp_per_floor":[75,75,75,69,69,69,41,41,41,41,40,55,45,38,70,56,77,74,69,53,53,53,18,50,17,17,32,25,60,60,60,72,20,77,77,77,77,77,77,77,0,0],"gold":15,"neow_bonus":"TEN_PERCENT_HP_BONUS","is_daily":false,"chose_seed":false,"campfire_upgraded":3,"win_rate":0.0,"timestamp":1610768535,"path_taken":["M","?","$","M","?","R","E","?","T","R","?","$","E","?","R","BOSS","M","M","?","?","?","E","R","E","T","$","M","R","?","?","R","BOSS","M","?","$","?","?","R","E"],"items_purchased_type":["Card","Card","Relic","Card","Card"],"build_version":"2020-12-22","purchased_purges":1,"victory":false,"max_hp_per_floor":[77,77,77,77,77,77,77,77,77,77,77,77,77,77,77,77,77,77,77,77,77,77,77,77,77,77,77,77,77,77,77,77,77,77,77,77,77,77,77,77,77,77],"card_choices":[{"not_picked":["FireBladeMod:SoulSword","FireBladeMod:Robust"],"picked":"FireBladeMod:Feint","floor":1},{"not_picked":["FireBladeMod:SmokeScreen","FireBladeMod:SmashingEndurance"],"picked":"FireBladeMod:Flames","floor":4},{"not_picked":["FireBladeMod:FerventSlash","FireBladeMod:ComboSlashes"],"picked":"FireBladeMod:SoulStrike","floor":5},{"not_picked":["FireBladeMod:Flames","FireBladeMod:WellPrepared"],"picked":"FireBladeMod:Shove","floor":7},{"not_picked":["FireBladeMod:RollWithTheBlow","FireBladeMod:BasicSmash"],"picked":"FireBladeMod:SmokeScreen","floor":11},{"not_picked":["FireBladeMod:ComplexAttack","FireBladeMod:Reposition"],"picked":"FireBladeMod:FlashBang","floor":13},{"not_picked":["FireBladeMod:LightningCombo","FireBladeMod:FinalSmash"],"picked":"FireBladeMod:DeathBlade","floor":16},{"not_picked":["FireBladeMod:StingingSlash","FireBladeMod:TorsoSmash+1","FireBladeMod:RapidDodges"],"picked":"SKIP","floor":18},{"not_picked":["FireBladeMod:Turtle","FireBladeMod:FlashBang","FireBladeMod:Wildfire"],"picked":"SKIP","floor":19},{"not_picked":["FireBladeMod:IronEndurance","FireBladeMod:ComboSlashes","FireBladeMod:BackhandSwing"],"picked":"SKIP","floor":20},{"not_picked":["FireBladeMod:DoubleDash","FireBladeMod:Robust","FireBladeMod:FerventSlash"],"picked":"SKIP","floor":23},{"not_picked":["FireBladeMod:SmashingEndurance","FireBladeMod:ComplexAttack","FireBladeMod:ArmSmash"],"picked":"SKIP","floor":25},{"not_picked":["FireBladeMod:Turtle","FireBladeMod:SteadyEndurance"],"picked":"FireBladeMod:AdrenalineBoost+1","floor":28},{"not_picked":["FireBladeMod:BattleMage","FireBladeMod:DebilitatingBlow"],"picked":"FireBladeMod:Ignition","floor":33},{"not_picked":["FireBladeMod:Reposition+1","FireBladeMod:Turtle+1","FireBladeMod:ComplexDefense"],"picked":"SKIP","floor":35}],"player_experience":180351,"relics_obtained":[{"floor":7,"key":"MealTicket"},{"floor":9,"key":"FireBladeMod:Matches"},{"floor":13,"key":"Eternal Feather"},{"floor":23,"key":"Bronze Scales"},{"floor":25,"key":"Boot"},{"floor":26,"key":"Pen Nib"},{"floor":30,"key":"Art of War"}],"event_choices":[{"cards_removed":["FireBladeMod:StrikeFireBlade"],"damage_healed":0,"gold_gain":0,"player_choice":"Offered Basic","damage_taken":0,"max_hp_gain":0,"max_hp_loss":0,"event_name":"Bonfire Elementals","floor":2,"gold_loss":0},{"damage_healed":0,"gold_gain":0,"player_choice":"Bought 0 Potions","damage_taken":0,"max_hp_gain":0,"max_hp_loss":0,"event_name":"The Woman in Blue","floor":8,"gold_loss":0},{"damage_healed":0,"gold_gain":0,"player_choice":"Damaged","damage_taken":7,"max_hp_gain":0,"max_hp_loss":0,"event_name":"Wheel of Change","floor":14,"gold_loss":0},{"damage_healed":0,"gold_gain":0,"player_choice":"Read","damage_taken":0,"max_hp_gain":0,"max_hp_loss":0,"event_name":"The Library","floor":21,"gold_loss":0,"cards_obtained":["FireBladeMod:GetPumped"]},{"damage_healed":0,"gold_gain":99,"player_choice":"Stole From Cult","damage_taken":0,"max_hp_gain":0,"max_hp_loss":0,"event_name":"Nest","floor":22,"gold_loss":0},{"damage_healed":0,"gold_gain":0,"player_choice":"Upgraded","damage_taken":0,"max_hp_gain":0,"max_hp_loss":0,"event_name":"Upgrade Shrine","floor":31,"gold_loss":0,"cards_upgraded":["FireBladeMod:FireBarrier"]},{"damage_healed":0,"gold_gain":0,"player_choice":"Ignored","damage_taken":0,"max_hp_gain":0,"max_hp_loss":0,"event_name":"Mysterious Sphere","floor":38,"gold_loss":0}],"is_beta":false,"boss_relics":[{"not_picked":["energizedSpire:RedRose","hubris:RunicObelisk"],"picked":"Astrolabe"},{"not_picked":["energizedSpire:NeverEndingSparkler","hubris:Stopwatch"],"picked":"FireBladeMod:InnerFlame"}],"items_purged_floors":[27],"is_endless":false,"potions_floor_spawned":[1,4,16,19,20,25,28,35],"killed_by":"Reptomancer","ascension_level":0}}