{"host":"vyjryxuuuxkt43k4","time":1610789645,"event":{"mods":["AchievementEnabler","BaseMod","Colored Map","DeckTracker","Minty Spire (QoL Compilation)","Permanent Neow","Quick Restart","StSLib","SuperFastMode","everything is the same but u backflip on backflip"],"gold_per_floor":[111,111,125,139,64,64,97,117,198,198,198,198,208,235,235,235,235],"floor_reached":16,"language":"KOR","playtime":645,"items_purged":["Strike_R"],"score":149,"play_id":"b4c43770-2b14-4e10-9834-dd68f04419c9","local_time":"20210116183405","is_ascension_mode":true,"campfire_choices":[{"data":"Seeing Red","floor":6.0,"key":"SMITH"},{"data":"Feel No Pain","floor":11.0,"key":"SMITH"},{"floor":15,"key":"REST"}],"circlet_count":0,"master_deck":["Strike_R","Strike_R","Defend_R","Defend_R+1","Defend_R","Defend_R+1","Bash","Impervious","Perfected Strike","Twin Strike","Seeing Red+1","Cleave","Feel No Pain+1","Dark Embrace","Feed","Headbutt"],"relics":["Burning Blood","FossilizedHelix","Bag of Marbles","Calipers"],"acts_visited":["Exordium"],"potions_floor_usage":[14,14],"damage_taken":[{"damage":1.0,"enemies":"2 Louse","floor":1.0,"turns":5.0},{"damage":1.0,"enemies":"Cultist","floor":3.0,"turns":3.0},{"damage":10.0,"enemies":"Small Slimes","floor":4.0,"turns":3.0},{"damage":35.0,"enemies":"3 Sentries","floor":7.0,"turns":9.0},{"damage":0.0,"enemies":"Red Slaver","floor":8.0,"turns":4.0},{"damage":13,"enemies":"Exordium Thugs","floor":13,"turns":3},{"damage":28,"enemies":"Lagavulin","floor":14,"turns":10},{"damage":95,"enemies":"The Guardian","floor":16,"turns":13}],"seed_played":"4975091559201062269","potions_obtained":[{"floor":4.0,"key":"SpeedPotion"},{"floor":8.0,"key":"Swift Potion"},{"floor":14,"key":"FairyPotion"}],"is_trial":false,"path_per_floor":["M","?","M","M","$","R","E","M","T","?","R","?","M","E","R","B"],"character_chosen":"IRONCLAD","items_purchased":[],"campfire_rested":1,"item_purchase_floors":[],"current_hp_per_floor":[77,77,80,76,76,76,47,53,53,37,37,37,30,11,35,0,0],"gold":235,"neow_bonus":"TRANSFORM_CARD","is_daily":false,"chose_seed":false,"campfire_upgraded":2,"win_rate":0.0,"timestamp":1610789645,"path_taken":["M","?","?","M","$","R","E","M","T","?","R","?","?","E","R","BOSS"],"items_purchased_type":[],"build_version":"2020-12-22","purchased_purges":1,"victory":false,"max_hp_per_floor":[80,80,80,80,80,80,80,80,80,80,80,80,80,83,83,83,83],"card_choices":[{"not_picked":["Iron Wave","Thunderclap"],"picked":"Perfected Strike","floor":1.0},{"not_picked":["Cleave","Heavy Blade"],"picked":"Seeing Red","floor":3.0},{"not_picked":["Body Slam","Havoc"],"picked":"Cleave","floor":4.0},{"not_picked":["Perfected Strike","Wild Strike"],"picked":"Feel No Pain","floor":7.0},{"not_picked":["Cleave","Flex"],"picked":"Dark Embrace","floor":8.0},{"not_picked":["Rupture","Flex"],"picked":"Feed","floor":13},{"not_picked":["Infernal Blade","Flame Barrier"],"picked":"Headbutt","floor":14}],"player_experience":368819,"relics_obtained":[{"floor":7.0,"key":"FossilizedHelix"},{"floor":12,"key":"Bag of Marbles"},{"floor":14,"key":"Calipers"}],"event_choices":[{"damage_healed":0.0,"max_hp_gain":0.0,"max_hp_loss":0.0,"gold_gain":0.0,"cards_transformed":["Strike_R"],"event_name":"Transmorgrifier","player_choice":"Transformed","floor":2.0,"gold_loss":0.0,"damage_taken":0.0,"cards_obtained":["Twin Strike"]},{"damage_healed":0.0,"max_hp_gain":0.0,"max_hp_loss":0.0,"gold_gain":0.0,"event_name":"Shining Light","player_choice":"Entered Light","floor":10.0,"gold_loss":0.0,"damage_taken":16.0,"cards_upgraded":["Defend_R","Defend_R"]},{"damage_healed":0,"gold_gain":0,"player_choice":"Relic","damage_taken":0,"max_hp_gain":0,"max_hp_loss":0,"event_name":"Wheel of Change","floor":12,"gold_loss":0}],"is_beta":false,"boss_relics":[],"items_purged_floors":[5],"is_endless":false,"potions_floor_spawned":[4,8,14],"killed_by":"The Guardian","ascension_level":7}}