{"host":"m6ptjq1h7q0nif66","time":1610808507,"event":{"mods":["2.2 Compatiblity","A Magickal Journey","Aspiration","Bard","BaseMod","Beaked The Cultist","Bestiary","Better Third Choice","BetterRewards","Colored Map","Colored Powertips","Googly Eyes","Halation","Hermit","Hubris","Infinite Spire","Jorbs\u0027s Wanderer Trilogy","Minty Spire (QoL Compilation)","Permanent Neow","Quick Restart","Relic Stats","Remove Card Discount Mod","Replay The Spire","Robot Space Explorer","Shop Mod","StSLib","SuperFastMode","The Blackbeard","The Bladedancer","The Construct","The Cursed","The Disciple","The Forsaken","The Hierophant","The IronCluck","The Necromancer","The Runesmith"],"gold_per_floor":[116,133,338,338,355,384,400,400,400,400,420,420,432,446,446,543,543,558,558,558,571,324,350,369,369,369,380,399,132,151,183,83,185,185,205,126,143,162,173,198,215,244,244,260,307,307,0,0,0,0],"floor_reached":51,"language":"ENG","playtime":3478,"items_purged":["Strike_R","Strike_R","Defend_R","Looming Evil","Strike_R","Strike_R","Strike_R","Defend_R"],"score":928,"play_id":"84d8483d-bb69-40c6-ad95-d19a89a94b56","local_time":"20210116144827","is_ascension_mode":false,"campfire_choices":[{"data":"Armaments","floor":8,"key":"SMITH"},{"data":"hubris:StunningStrike","floor":8,"key":"SMITH"},{"data":"Heavy Blade","floor":10,"key":"SMITH"},{"data":"Rupture","floor":10,"key":"SMITH"},{"data":"Pommel Strike","floor":12,"key":"SMITH"},{"data":"Master of Strategy","floor":12,"key":"SMITH"},{"data":"Spot Weakness","floor":15,"key":"SMITH"},{"data":"Pommel Strike","floor":15,"key":"SMITH"},{"data":"Brutality","floor":25,"key":"SMITH"},{"data":"Heavy Blade","floor":25,"key":"SMITH"},{"floor":49,"key":"DIG"}],"circlet_count":0,"master_deck":["Defend_R+1","Defend_R+1","Bash","Master of Strategy+1","Rupture+1","Flex+1","ReplayTheSpireMod:Stacked","Pommel Strike+1","Inflame+1","Armaments+1","Immolate","Heavy Blade+1","Ghostly Armor","ReplayTheSpireMod:Splinters","Pommel Strike+1","Hemokinesis","hubris:StunningStrike+1","Twin Strike","Cleave","Heavy Blade+1","Spot Weakness+1","Brutality+1","CurseOfTheBell","Battle Trance+1","infinitespire:Starlight","Metallicize","Ghostly Armor+1","ReplayTheSpireMod:Muscle Training","Battle Trance+1","Combust","blackbeard:VampiricScepter","Offering+1","Twin Strike+1","Massacre","Sword Boomerang+1","Combust+1","infinitespire:NeuralNetwork"],"relics":["Burning Blood","Membership Card","Du-Vu Doll","construct:RocketBooster","Replay:Arrowhead","Orichalcum","halation:AfternoonTea","Juzu Bracelet","ReplayTheSpireMod:Shallot","WingedGreaves","Ring of Peace","Ring of Searing","CaptainsWheel","hubris:MedicalManual","halation:BlackBeret","hubris:CrystalStatue","HandDrill","MerchantsRug","Eternal Feather","Sozu","Fusion Hammer","hubris:ScarierMask","Strange Spoon","Pear","infinitespire:WardingShard","Torii","Replay:Mystery Machine","Champion Belt","hubris:Icosahedron","Red Mask","construct:WeddingRing","Bottled Flame","Centennial Puzzle"],"acts_visited":["Exordium","TheCity","TheBeyond"],"potions_floor_usage":[21,23,23,23],"damage_taken":[{"damage":0,"enemies":"Cultist","floor":1,"turns":3},{"damage":1,"enemies":"Jaw Worm","floor":2,"turns":4},{"damage":1,"enemies":"2 Louse","floor":5,"turns":3},{"damage":12,"enemies":"Lagavulin","floor":6,"turns":6},{"damage":3,"enemies":"Blue Slaver","floor":7,"turns":2},{"damage":2,"enemies":"Exordium Wildlife","floor":11,"turns":2},{"damage":0,"enemies":"2 Fungi Beasts","floor":13,"turns":2},{"damage":5,"enemies":"Exordium Thugs","floor":14,"turns":4},{"damage":40,"enemies":"Hexaghost","floor":16,"turns":7},{"damage":3,"enemies":"Spheric Guardian","floor":18,"turns":3},{"damage":16,"enemies":"2 Thieves","floor":21,"turns":4},{"damage":58,"enemies":"Slavers","floor":23,"turns":7},{"damage":3,"enemies":"Snecko","floor":24,"turns":4},{"damage":5,"enemies":"Centurion and Healer","floor":27,"turns":5},{"damage":8,"enemies":"Cultist and Chosen","floor":28,"turns":4},{"damage":7,"enemies":"Snake Plant","floor":30,"turns":3},{"damage":12,"enemies":"Gremlin Leader","floor":31,"turns":4},{"damage":25,"enemies":"Collector","floor":33,"turns":5},{"damage":13,"enemies":"Orb Walker","floor":35,"turns":3},{"damage":3,"enemies":"3 Shapes","floor":37,"turns":1},{"damage":7,"enemies":"3 Darklings","floor":38,"turns":3},{"damage":10,"enemies":"Spire Growth","floor":39,"turns":3},{"damage":27,"enemies":"R_Hoarder","floor":40,"turns":4},{"damage":8,"enemies":"4 Shapes","floor":41,"turns":2},{"damage":15,"enemies":"Giant Head","floor":42,"turns":3},{"damage":9,"enemies":"Sphere and 2 Shapes","floor":44,"turns":1},{"damage":2,"enemies":"2 Orb Walkers","floor":45,"turns":2},{"damage":53,"enemies":"Time Eater","floor":50,"turns":5}],"seed_played":"6796398079095676853","potions_obtained":[{"floor":6,"key":"Swift Potion"},{"floor":13,"key":"PowerPotion"},{"floor":16,"key":"Dexterity Potion"},{"floor":23,"key":"EntropicBrew"}],"is_trial":false,"path_per_floor":["M","M","?","?","M","E","M","R","T","R","M","R","M","M","R","B",null,"M","?","AVR","M","$","E","M","R","T","M","M","$","M","E","R_BF","B",null,"M","$","M","M","M","E","M","E","T","M","?","?","?","AVR","R_BF","B",null],"character_chosen":"IRONCLAD","items_purchased":["Master of Strategy","Membership Card","Du-Vu Doll","Rupture","Flex","ReplayTheSpireMod:Stacked","construct:RocketBooster","Pommel Strike","Inflame","Armaments","Immolate","Replay:Arrowhead","Orichalcum","hubris:MedicalManual","Metallicize","Ghostly Armor","Combust","HandDrill","MerchantsRug","Eternal Feather","Strange Spoon","Pear"],"campfire_rested":0,"item_purchase_floors":[0,0,0,0,0,0,0,0,0,0,0,0,0,22,22,22,29,29,29,29,36,36],"current_hp_per_floor":[80,80,80,80,80,74,77,77,77,77,80,80,80,80,80,46,80,80,80,80,80,80,43,46,46,46,57,65,65,64,58,76,66,80,77,87,90,90,86,84,88,83,83,80,90,90,90,90,90,78],"gold":0,"neow_bonus":"","is_daily":false,"chose_seed":false,"campfire_upgraded":10,"win_rate":0.0,"timestamp":1610808507,"path_taken":["M","M","?","?","M","E","M","R","T","R","M","R","M","M","R","BOSS","M","?","AVR","M","$","E","M","R","T","M","M","$","M","E","R_BF","BOSS","M","$","M","M","M","E","M","E","T","M","?","?","?","AVR","R_BF","BOSS"],"items_purchased_type":["Card","Relic","Relic","Card","Card","Card","Relic","Card","Card","Card","Card","Relic","Relic","Relic","Card","Card","Card","Relic","Relic","Relic","Relic","Relic"],"build_version":"2020-12-22","purchased_purges":8,"victory":true,"max_hp_per_floor":[80,80,80,80,80,80,80,80,80,80,80,80,80,80,80,80,80,80,80,80,80,80,80,80,80,80,80,80,80,80,80,80,80,80,80,90,90,90,90,90,90,90,90,90,90,90,90,90,90,90],"relic_stats":{"Sozu":2,"Strange Spoon":[10],"Centennial Puzzle":[3],"Torii":0,"counters":[191,809],"Eternal Feather":18,"Juzu Bracelet":0,"HandDrill":[2],"Champion Belt":[0],"Orichalcum":[132],"obtain_stats":[{"Golden Egg":54,"Replay:Accelerometer":53,"infinitespire:BottledMercury":36,"Ginger":0,"Bottled Tornado":54,"hubris:MysteriousPyramids":53,"Sling":0,"halation:HeavySnake":17,"Old Coin":8,"Ring of Searing":19,"Blood Vial":20,"theForsaken:HumbleEgg":9,"MealTicket":36,"Fusion Hammer":34,"HandDrill":36,"halation:PromiseList":14,"aspiration:DSix":0,"hubris:TinFlute":42,"Replay:Bottled Steam":48,"Runic Cube":17,"MerchantsRug":20,"construct:RocketBooster":0,"Pear":36,"Blue Candle":7,"hubris:SphereOfDissonance":24,"Eternal Feather":29,"ReplayTheSpireMod:SealedPack":34,"Pen Nib":0,"aspiration:FrozenJewel":0,"Akabeko":0,"infinitespire:EvilPickle":33,"hermit:PetGhost":53,"MutagenicStrength":19,"halation:PenCase":0,"Pandora\u0027s Box":17,"infinitespire:PuzzleCube":0,"halation:BlackBeret":23,"Regal Pillow":36,"aspiration:Lifesprig":54,"Lantern":0,"Singing Bowl":24,"Torii":42,"Painkiller Herb":34,"StoneCalendar":38,"King of Hearts":0,"Bag of Preparation":0,"Smiling Mask":10,"Ancient Tea Set":23,"Burning Blood":20,"Replay:Rubber Ducky":0,"Matryoshka":26,"Shovel":0,"infinitespire:Bottled Soul":0,"Ring of Peace":20,"hubris:ScarierMask":34,"hubris:CuriousFeather":44,"Replay:Lucky Slots":0,"WingedGreaves":17,"hubris:ChampionShield":0,"InkBottle":43,"Paper Frog":0,"construct:ClawGrip":17,"Lee\u0027s Waffle":0,"Replay:M_StaffOfTheSnake":0,"construct:WeddingRing":17,"Golden Idol":12,"Self Forming Clay":0,"betterThird:NestCultRelic":31,"infinitespire:Joker Card":0,"PreservedInsect":43,"Omamori":0,"hubris:Towel":4,"Replay:Arrowhead":0,"hubris:Spice":0,"Ring of Misfortune":22,"Orrery":0,"Ectoplasm":21,"Art of War":0,"Bottled Lightning":11,"halation:AfternoonTea":41,"halation:TwoAmDonut":10,"Champion Belt":0,"halation:PinkSoulGem":37,"ReplayTheSpireMod:Lightbulb":0,"hubris:CrystalStatue":26,"Gremlin Horn":0,"Vajra":44,"halation:StarCompass":7,"hubris:TerracottaHorce":17,"Sozu":20,"Centennial Puzzle":47,"HornCleat":0,"DollysMirror":0,"Strawberry":0,"aspiration:ArtOfWarUpgrade":8,"Girya":0,"halation:OrihimeAndHikoboshiSamaAndTears":5,"Ring of Hypnosis":22,"Happy Flower":0,"hubris:DuctTape":6,"ReplayTheSpireMod:CursedCoin":26,"aspiration:Nostalgia":0,"Replay:Grab Bag":34,"Oddly Smooth Stone":26,"infinitespire:Beetle Shell":20,"aspiration:SeaSaltIceCream":26,"halation:Thesaurus":0,"War Paint":10,"Du-Vu Doll":0,"hubris:Zylophone":28,"Bottled Flame":48,"ReplayTheSpireMod:Shallot":17,"Shuriken":43,"Brimstone":0,"Bronze Scales":11,"Onion Ring":14,"hubris:PeanutButter":10,"ReplayTheSpireMod:TigerMarble":12,"Black Star":17,"infinitespire:EmpoweringShard":0,"Grinning Jar":43,"Mirror":0,"hermit:Momento":0,"construct:BoolHorns":0,"halation:PapillonHeart":37,"theForsaken:ScaryMask":0,"theForsaken:Lifeblossom":0,"Juzu Bracelet":30,"hubris:SlimyHat":23,"Replay:Mystery Machine":47,"theForsaken:Gavel":0,"ClockworkSouvenir":29,"aspiration:StickyExplosives_weak":20,"SsserpentHead":0,"Nunchaku":6,"hubris:Icosahedron":22,"TheAbacus":36,"Mummified Hand":0,"hubris:IronBody":0,"Red Mask":37,"halation:LettersToHer":0,"Gremlin Food":24,"BargainBundle":0,"aspiration:FetidBarrel":54,"hubris:MedicalManual":22,"aspiration:HummingbirdHeart":0,"Orichalcum":2,"Calling Bell":17,"Strange Spoon":0,"CaptainsWheel":24,"Anchor":42,"Pondfish Scales":0,"infinitespire:WardingShard":40,"infinitespire:Satchel":7,"ChewingGum":34,"Bag of Marbles":0,"Membership Card":0,"hubris:Potato":0,"TungstenRod":0},{"Golden Egg":26,"Replay:Accelerometer":55,"infinitespire:BottledMercury":77,"Ginger":111,"Bottled Tornado":26,"hubris:MysteriousPyramids":55,"Sling":111,"halation:HeavySnake":68,"Old Coin":102,"Ring of Searing":173,"Blood Vial":10,"theForsaken:HumbleEgg":63,"MealTicket":47,"Fusion Hammer":181,"HandDrill":47,"halation:PromiseList":106,"aspiration:DSix":111,"hubris:TinFlute":20,"Replay:Bottled Steam":54,"Runic Cube":139,"MerchantsRug":10,"construct:RocketBooster":163,"Pear":182,"Blue Candle":63,"hubris:SphereOfDissonance":130,"Eternal Feather":178,"ReplayTheSpireMod:SealedPack":76,"Pen Nib":111,"aspiration:FrozenJewel":84,"Akabeko":111,"infinitespire:EvilPickle":46,"hermit:PetGhost":55,"MutagenicStrength":93,"halation:PenCase":111,"Pandora\u0027s Box":107,"infinitespire:PuzzleCube":84,"halation:BlackBeret":175,"Regal Pillow":47,"aspiration:Lifesprig":83,"Lantern":111,"Singing Bowl":11,"Torii":188,"Painkiller Herb":16,"StoneCalendar":77,"King of Hearts":111,"Bag of Preparation":111,"Smiling Mask":103,"Ancient Tea Set":110,"Burning Blood":108,"Replay:Rubber Ducky":111,"Matryoshka":43,"Shovel":142,"infinitespire:Bottled Soul":111,"Ring of Peace":70,"hubris:ScarierMask":181,"hubris:CuriousFeather":21,"Replay:Lucky Slots":111,"WingedGreaves":172,"hubris:ChampionShield":111,"InkBottle":51,"Paper Frog":157,"construct:ClawGrip":39,"Lee\u0027s Waffle":111,"Replay:M_StaffOfTheSnake":111,"construct:WeddingRing":152,"Golden Idol":104,"Self Forming Clay":111,"betterThird:NestCultRelic":45,"infinitespire:Joker Card":57,"PreservedInsect":78,"Omamori":111,"hubris:Towel":117,"Replay:Arrowhead":163,"hubris:Spice":111,"Ring of Misfortune":42,"Orrery":111,"Ectoplasm":10,"Art of War":57,"Bottled Lightning":5,"halation:AfternoonTea":50,"halation:TwoAmDonut":64,"Champion Belt":111,"halation:PinkSoulGem":18,"ReplayTheSpireMod:Lightbulb":111,"hubris:CrystalStatue":176,"Gremlin Horn":114,"Vajra":21,"halation:StarCompass":88,"hubris:TerracottaHorce":125,"Sozu":128,"Centennial Puzzle":53,"HornCleat":157,"DollysMirror":27,"Strawberry":111,"aspiration:ArtOfWarUpgrade":63,"Girya":142,"halation:OrihimeAndHikoboshiSamaAndTears":3,"Ring of Hypnosis":42,"Happy Flower":111,"hubris:DuctTape":162,"ReplayTheSpireMod:CursedCoin":72,"aspiration:Nostalgia":111,"Replay:Grab Bag":181,"Oddly Smooth Stone":12,"infinitespire:Beetle Shell":10,"aspiration:SeaSaltIceCream":72,"halation:Thesaurus":111,"War Paint":88,"Du-Vu Doll":0,"hubris:Zylophone":44,"Bottled Flame":190,"ReplayTheSpireMod:Shallot":172,"Shuriken":51,"Brimstone":111,"Bronze Scales":36,"Onion Ring":38,"hubris:PeanutButter":134,"ReplayTheSpireMod:TigerMarble":6,"Black Star":8,"infinitespire:EmpoweringShard":111,"Grinning Jar":20,"Mirror":114,"hermit:Momento":0,"construct:BoolHorns":97,"halation:PapillonHeart":77,"theForsaken:ScaryMask":111,"theForsaken:Lifeblossom":114,"Juzu Bracelet":15,"hubris:SlimyHat":43,"Replay:Mystery Machine":53,"theForsaken:Gavel":57,"ClockworkSouvenir":44,"aspiration:StickyExplosives_weak":108,"SsserpentHead":97,"Nunchaku":32,"hubris:Icosahedron":10,"TheAbacus":77,"Mummified Hand":97,"hubris:IronBody":114,"Red Mask":47,"halation:LettersToHer":27,"Gremlin Food":72,"BargainBundle":84,"aspiration:FetidBarrel":56,"hubris:MedicalManual":174,"aspiration:HummingbirdHeart":57,"Orichalcum":28,"Calling Bell":172,"Strange Spoon":57,"CaptainsWheel":11,"Anchor":20,"Pondfish Scales":111,"infinitespire:WardingShard":186,"infinitespire:Satchel":4,"ChewingGum":46,"Bag of Marbles":111,"Membership Card":27,"hubris:Potato":111,"TungstenRod":157},{"Golden Egg":126,"Replay:Accelerometer":287,"infinitespire:BottledMercury":390,"Ginger":518,"Bottled Tornado":126,"hubris:MysteriousPyramids":287,"Sling":518,"halation:HeavySnake":347,"Old Coin":481,"Ring of Searing":746,"Blood Vial":44,"theForsaken:HumbleEgg":324,"MealTicket":238,"Fusion Hammer":782,"HandDrill":238,"halation:PromiseList":495,"aspiration:DSix":518,"hubris:TinFlute":89,"Replay:Bottled Steam":278,"Runic Cube":615,"MerchantsRug":44,"construct:RocketBooster":710,"Pear":785,"Blue Candle":324,"hubris:SphereOfDissonance":584,"Eternal Feather":770,"ReplayTheSpireMod:SealedPack":386,"Pen Nib":518,"aspiration:FrozenJewel":415,"Akabeko":518,"infinitespire:EvilPickle":233,"hermit:PetGhost":287,"MutagenicStrength":450,"halation:PenCase":518,"Pandora\u0027s Box":506,"infinitespire:PuzzleCube":415,"halation:BlackBeret":757,"Regal Pillow":238,"aspiration:Lifesprig":414,"Lantern":518,"Singing Bowl":48,"Torii":801,"Painkiller Herb":69,"StoneCalendar":390,"King of Hearts":518,"Bag of Preparation":518,"Smiling Mask":486,"Ancient Tea Set":516,"Burning Blood":510,"Replay:Rubber Ducky":518,"Matryoshka":214,"Shovel":626,"infinitespire:Bottled Soul":518,"Ring of Peace":355,"hubris:ScarierMask":782,"hubris:CuriousFeather":95,"Replay:Lucky Slots":518,"WingedGreaves":743,"hubris:ChampionShield":518,"InkBottle":261,"Paper Frog":693,"construct:ClawGrip":201,"Lee\u0027s Waffle":518,"Replay:M_StaffOfTheSnake":518,"construct:WeddingRing":671,"Golden Idol":489,"Self Forming Clay":518,"betterThird:NestCultRelic":223,"infinitespire:Joker Card":300,"PreservedInsect":394,"Omamori":518,"hubris:Towel":531,"Replay:Arrowhead":710,"hubris:Spice":518,"Ring of Misfortune":209,"Orrery":518,"Ectoplasm":44,"Art of War":300,"Bottled Lightning":22,"halation:AfternoonTea":255,"halation:TwoAmDonut":328,"Champion Belt":518,"halation:PinkSoulGem":76,"ReplayTheSpireMod:Lightbulb":518,"hubris:CrystalStatue":761,"Gremlin Horn":521,"Vajra":95,"halation:StarCompass":426,"hubris:TerracottaHorce":568,"Sozu":573,"Centennial Puzzle":270,"HornCleat":693,"DollysMirror":135,"Strawberry":518,"aspiration:ArtOfWarUpgrade":324,"Girya":626,"halation:OrihimeAndHikoboshiSamaAndTears":12,"Ring of Hypnosis":209,"Happy Flower":518,"hubris:DuctTape":708,"ReplayTheSpireMod:CursedCoin":363,"aspiration:Nostalgia":518,"Replay:Grab Bag":782,"Oddly Smooth Stone":53,"infinitespire:Beetle Shell":44,"aspiration:SeaSaltIceCream":363,"halation:Thesaurus":518,"War Paint":426,"Du-Vu Doll":0,"hubris:Zylophone":218,"Bottled Flame":804,"ReplayTheSpireMod:Shallot":743,"Shuriken":261,"Brimstone":518,"Bronze Scales":183,"Onion Ring":193,"hubris:PeanutButter":596,"ReplayTheSpireMod:TigerMarble":27,"Black Star":37,"infinitespire:EmpoweringShard":518,"Grinning Jar":89,"Mirror":521,"hermit:Momento":0,"construct:BoolHorns":469,"halation:PapillonHeart":390,"theForsaken:ScaryMask":518,"theForsaken:Lifeblossom":521,"Juzu Bracelet":63,"hubris:SlimyHat":214,"Replay:Mystery Machine":270,"theForsaken:Gavel":300,"ClockworkSouvenir":218,"aspiration:StickyExplosives_weak":510,"SsserpentHead":469,"Nunchaku":169,"hubris:Icosahedron":44,"TheAbacus":390,"Mummified Hand":469,"hubris:IronBody":521,"Red Mask":238,"halation:LettersToHer":135,"Gremlin Food":363,"BargainBundle":415,"aspiration:FetidBarrel":292,"hubris:MedicalManual":750,"aspiration:HummingbirdHeart":300,"Orichalcum":138,"Calling Bell":743,"Strange Spoon":300,"CaptainsWheel":48,"Anchor":89,"Pondfish Scales":518,"infinitespire:WardingShard":796,"infinitespire:Satchel":18,"ChewingGum":233,"Bag of Marbles":518,"Membership Card":135,"hubris:Potato":518,"TungstenRod":693}],"Burning Blood":408},"card_choices":[{"not_picked":["Second Wind","ReplayTheSpireMod:Stacked"],"picked":"Heavy Blade","floor":1},{"not_picked":["Armaments","Clash"],"picked":"Ghostly Armor","floor":2},{"not_picked":["Infernal Blade","Armaments"],"picked":"Pommel Strike","floor":3},{"not_picked":["ReplayTheSpireMod:LeadingStrike","Reckless Charge"],"picked":"Hemokinesis","floor":5},{"not_picked":["Thunderclap","Infernal Blade"],"picked":"hubris:StunningStrike","floor":6},{"not_picked":["Run Through","hubris:CleavingFinish"],"picked":"Twin Strike","floor":7},{"not_picked":["Clash","Clothesline"],"picked":"Cleave","floor":11},{"not_picked":["Perfected Strike","Headbutt"],"picked":"Heavy Blade","floor":13},{"not_picked":["Fire Breathing","Intimidate"],"picked":"Spot Weakness","floor":14},{"not_picked":["Demonic Infusion","Hemogenesis"],"picked":"Brutality","floor":16},{"not_picked":["Power Through","Sentinel+1"],"picked":"Battle Trance+1","floor":18},{"not_picked":["Clash","Flex","Iron Wave"],"picked":"SKIP","floor":21},{"not_picked":["Havoc+1","Anger+1"],"picked":"ReplayTheSpireMod:Muscle Training","floor":23},{"not_picked":["Rage","Spot Weakness+1","Sever Soul+1"],"picked":"SKIP","floor":24},{"not_picked":["Corruption","Body Slam+1"],"picked":"Battle Trance+1","floor":27},{"not_picked":["ReplayTheSpireMod:Strike From Hell+1","Clash","hubris:CleavingFinish"],"picked":"SKIP","floor":28},{"not_picked":["Reckless Charge","Life Link+1","Heavy Blade"],"picked":"SKIP","floor":30},{"not_picked":["Battle Trance","Rage+1","Armaments"],"picked":"SKIP","floor":31},{"not_picked":["Battle Trance","Rage+1","Armaments"],"picked":"SKIP","floor":31},{"not_picked":["Replay:Many Hands","Bludgeon"],"picked":"Offering","floor":33},{"not_picked":["Run Through+1","Perfected Strike","Dark Embrace+1"],"picked":"SKIP","floor":35},{"not_picked":["Thunderclap","Run Through+1"],"picked":"Twin Strike+1","floor":37},{"not_picked":["Eclipse","Havoc"],"picked":"Massacre","floor":38},{"not_picked":["Perfected Strike","Flex","Clothesline"],"picked":"SKIP","floor":39},{"not_picked":["Perfected Strike+1","Clash+1","Bludgeon"],"picked":"SKIP","floor":40},{"not_picked":["Abandon+1","Defy Death","Headbutt"],"picked":"SKIP","floor":41},{"not_picked":["ReplayTheSpireMod:Strike From Hell","Sever Soul","Heavy Blade"],"picked":"SKIP","floor":42},{"not_picked":["Headbutt","Blood for Blood+1"],"picked":"Sword Boomerang+1","floor":44},{"not_picked":["Reckless Charge+1","Warcry"],"picked":"Combust+1","floor":45}],"player_experience":261327,"relics_obtained":[{"floor":6,"key":"halation:AfternoonTea"},{"floor":17,"key":"Juzu Bracelet"},{"floor":17,"key":"ReplayTheSpireMod:Shallot"},{"floor":17,"key":"WingedGreaves"},{"floor":19,"key":"Ring of Peace"},{"floor":19,"key":"Ring of Searing"},{"floor":23,"key":"halation:BlackBeret"},{"floor":26,"key":"hubris:CrystalStatue"},{"floor":40,"key":"infinitespire:WardingShard"},{"floor":42,"key":"Torii"},{"floor":43,"key":"Replay:Mystery Machine"},{"floor":45,"key":"Champion Belt"},{"floor":49,"key":"Centennial Puzzle"}],"event_choices":[{"damage_healed":0,"gold_gain":0,"player_choice":"Bought Vampiric Scepter","damage_taken":0,"max_hp_gain":0,"max_hp_loss":0,"event_name":"blackbeard:Vampires","floor":32,"gold_loss":125,"cards_obtained":["blackbeard:VampiricScepter"]},{"damage_healed":0,"gold_gain":0,"player_choice":"Fight","damage_taken":0,"max_hp_gain":0,"max_hp_loss":0,"event_name":"Mysterious Sphere","floor":45,"gold_loss":0},{"damage_healed":0,"gold_gain":0,"player_choice":"Paid","damage_taken":0,"relics_obtained":["Red Mask"],"max_hp_gain":0,"max_hp_loss":0,"event_name":"Tomb of Lord Red Mask","floor":47,"gold_loss":307}],"is_beta":false,"boss_relics":[{"not_picked":["Snecko Eye","Empty Cage"],"picked":"Calling Bell"},{"not_picked":["aspiration:DefectSkillbook","hubris:HollowSoul"],"picked":"Replay:Grab Bag"},{"not_picked":["Philosopher\u0027s Stone","Mark of Pain"],"picked":"Sozu"},{"not_picked":["Abe\u0027s Treasure","hubris:TerracottaHorce"],"picked":"Fusion Hammer"},{"not_picked":["Black Blood","SacredBark"],"picked":"hubris:ScarierMask"}],"items_purged_floors":[0,0,0,22,22,22,22,22],"is_endless":false,"potions_floor_spawned":[6,11,13,16,23,24,27,33,38,39,40,45],"ascension_level":0}}