{"host":"uohgqexxxcaim5wq","time":1610758046,"event":{"mods":["AchievementEnabler","Act Like it!","Ascension Reborn","Aspiration","BaseMod","Bestiary","Better Match","Better Note","Better Third Choice","BetterRewards","Conspire","Curses Come First","Decade(???)","Downfall","Fox Events","GifTheSpireLib","Halation","Hallownest","Hubris","Infinite Spire","Minty Spire (QoL Compilation)","Pale of the Ancients","Permanent Neow","Quick Restart","Remove Card Discount Mod","Robot Space Explorer","Shedinja","Shop Mod","Spicy Shops","Spikes Relics","StSLib","Stuff the Spire","TestMod","The Bug Knight","The IronCluck","The Wild Card","Trackpad","Wandering Minibosses","vexMod"],"gold_per_floor":[214,224,274,199,280,280,205,231,256,335,352,372,389,489,489,489,489],"floor_reached":16,"language":"ENG","playtime":701,"items_purged":[],"score":260,"play_id":"288f6960-432c-4d0c-9e32-eeb17c191d80","local_time":"20210115194726","is_ascension_mode":true,"campfire_choices":[{"floor":6,"key":"REST"},{"floor":15,"key":"RECALL"}],"circlet_count":0,"master_deck":["RobotSpaceExplorer:Strike+1","RobotSpaceExplorer:Strike","RobotSpaceExplorer:Strike","RobotSpaceExplorer:Strike","RobotSpaceExplorer:Defend","RobotSpaceExplorer:Defend","RobotSpaceExplorer:Defend","RobotSpaceExplorer:Defend","RobotSpaceExplorer:Scan","RobotSpaceExplorer:MiniLasers","RobotSpaceExplorer:SurgingStrike","RobotSpaceExplorer:GlueShot","BlessedFruit+1","BlessedFruit","Hallownest:skillGreenpathMap","RobotSpaceExplorer:MetalStrike+1","RobotSpaceExplorer:ShockMissile","RobotSpaceExplorer:FrostMissile","RobotSpaceExplorer:SurgingShield","RobotSpaceExplorer:DualCore","RobotSpaceExplorer:SurgingStrike","hubris:Disease","CloudedMind","downfall:Aged","Doubt","StuffTheSpire:Harmony","StuffTheSpire:Innocence","StuffTheSpire:Ambrosia+1","StuffTheSpire:Perfection","StuffTheSpire:GnomedCurse","StuffTheSpire:Ambrosia","Parasite","Shame","RobotSpaceExplorer:ShockMissile","StuffTheSpire:Brawn","StuffTheSpire:CelestialWarden"],"relics":["RobotSpaceExplorer:RoboCore","testmod-TestBox","testmod-HeartOfStrike","infinitespire:Golems Mask","StuffTheSpire:Saxophone","hubris:MobiusCoin","HeavenlyBonsai","aspiration:HiddenCompartment","SpikesRelics:DaevaFist","infinitespire:ShieldingShard","Cursed Key"],"acts_visited":["Hallownest:Greenpath"],"potions_floor_usage":[16],"damage_taken":[{"damage":0,"enemies":"Hallownest:2_Tiktiks_and_1_Crawlid","floor":1,"turns":2},{"damage":1,"enemies":"Hallownest:monsterHuskWarrior","floor":2,"turns":2},{"damage":3,"enemies":"Hallownest:eliteMossKnight","floor":8,"turns":4},{"damage":6,"enemies":"Hallownest:eliteCrystalGuardian","floor":10,"turns":5},{"damage":1,"enemies":"Hallownest:monsterHuskGuard","floor":11,"turns":2},{"damage":1,"enemies":"Hallownest:monsterFoolEater","floor":12,"turns":3},{"damage":0,"enemies":"Hallownest:1_Ooma_and_2_Uuma","floor":13,"turns":5},{"damage":80,"enemies":"Hallownest:BossHornet","floor":16,"turns":8}],"seed_played":"-6128759794141644001","potions_obtained":[{"floor":1,"key":"testmod-EscapePotion"},{"floor":2,"key":"GamblersBrew"}],"is_trial":false,"path_per_floor":["M","M","$","?","T","R","?","E","T","E","M","M","M","?","R","B"],"character_chosen":"RobotSpaceExplorer","items_purchased":["infinitespire:Golems Mask","StuffTheSpire:Saxophone","hubris:MobiusCoin","HeavenlyBonsai"],"campfire_rested":1,"item_purchase_floors":[3,3,3,3],"current_hp_per_floor":[75,74,9,9,9,31,31,30,30,26,26,27,29,34,34,0,0],"gold":489,"neow_bonus":"HUNDRED_GOLD","is_daily":false,"chose_seed":false,"campfire_upgraded":0,"win_rate":0.0,"timestamp":1610758046,"path_taken":["M","M","?","?","?","R","?","E","T","E","M","?","M","?","R","BOSS"],"items_purchased_type":["Relic","Relic","Relic","Relic"],"build_version":"2020-12-22","purchased_purges":0,"victory":false,"max_hp_per_floor":[75,75,75,75,75,75,75,77,77,79,80,82,84,89,89,95,95],"card_choices":[{"not_picked":["RobotSpaceExplorer:Calculate","RobotSpaceExplorer:MiniDrones"],"picked":"RobotSpaceExplorer:SurgingStrike","floor":1},{"not_picked":["RobotSpaceExplorer:ShockKick","RobotSpaceExplorer:SlimeMissile"],"picked":"RobotSpaceExplorer:GlueShot","floor":2},{"not_picked":["RobotSpaceExplorer:FranticSearch+1","RobotSpaceExplorer:GlueShot+1"],"picked":"RobotSpaceExplorer:MetalStrike+1","floor":7},{"not_picked":["RobotSpaceExplorer:SwiftStep","RobotSpaceExplorer:MiniDrones"],"picked":"RobotSpaceExplorer:ShockMissile","floor":8},{"not_picked":["RobotSpaceExplorer:DoubleBlock","RobotSpaceExplorer:GlueShot"],"picked":"RobotSpaceExplorer:FrostMissile","floor":10},{"not_picked":["RobotSpaceExplorer:Counterblock","RobotSpaceExplorer:SwiftStep"],"picked":"RobotSpaceExplorer:SurgingShield","floor":11},{"not_picked":["RobotSpaceExplorer:ScrapShield","RobotSpaceExplorer:TurboDodge"],"picked":"RobotSpaceExplorer:DualCore","floor":12},{"not_picked":["RobotSpaceExplorer:FrostMissile","RobotSpaceExplorer:PlasmaMissile"],"picked":"RobotSpaceExplorer:SurgingStrike","floor":13}],"player_experience":169537,"relics_obtained":[{"floor":8,"key":"aspiration:HiddenCompartment"},{"floor":9,"key":"SpikesRelics:DaevaFist"},{"floor":10,"key":"infinitespire:ShieldingShard"}],"event_choices":[{"damage_healed":0,"gold_gain":0,"player_choice":"2","damage_taken":0,"max_hp_gain":0,"max_hp_loss":0,"event_name":"betterMatch:BetterMatch","floor":7,"gold_loss":0,"cards_obtained":["betterMatch:CommonCard"]}],"is_beta":false,"boss_relics":[],"items_purged_floors":[],"is_endless":false,"potions_floor_spawned":[1,2],"killed_by":"Hallownest:BossHornet","ascension_level":0}}