{"host":"03a85bwj0a5skoit","time":1610777666,"event":{"mods":["BaseMod","Block Reminder","Minty Spire (QoL Compilation)","Relic Stats","StSLib"],"gold_per_floor":[112,37,37,37,8,40,40,55,79,104,121,135,35,35,35],"floor_reached":14,"language":"ENG","playtime":266,"items_purged":["Strike_B","Strike_B"],"score":246,"play_id":"d752bbc8-a5ca-4c9b-958c-997b1fa4ab5b","local_time":"20210116164426","is_ascension_mode":true,"campfire_choices":[{"data":"Doom and Gloom","floor":7,"key":"SMITH"}],"circlet_count":0,"master_deck":["AscendersBane","Strike_B+1","Defend_B","Defend_B","Defend_B","Defend_B","Zap","Dualcast","Defragment+1","Leap","Doom and Gloom+1","Conserve Battery","Coolheaded","Self Repair","Conserve Battery"],"relics":["Cracked Core","NeowsBlessing","Pantograph","Juzu Bracelet","Bag of Preparation"],"acts_visited":["Exordium"],"potions_floor_usage":[10,12],"damage_taken":[{"damage":0,"enemies":"Small Slimes","floor":1,"turns":1},{"damage":0,"enemies":"Gremlin Nob","floor":6,"turns":1},{"damage":0,"enemies":"Jaw Worm","floor":8,"turns":1},{"damage":31,"enemies":"3 Sentries","floor":10,"turns":7},{"damage":0,"enemies":"2 Louse","floor":11,"turns":3},{"damage":0,"enemies":"Gremlin Gang","floor":12,"turns":2},{"damage":6,"enemies":"Gremlin Nob","floor":14,"turns":2}],"seed_played":"-1954428700712414643","potions_obtained":[{"floor":1,"key":"Energy Potion"},{"floor":8,"key":"PotionOfCapacity"},{"floor":10,"key":"SkillPotion"},{"floor":12,"key":"Fire Potion"}],"is_trial":false,"path_per_floor":["M","$","?","?","$","E","R","M","T","E","M","M","$","E"],"character_chosen":"DEFECT","items_purchased":["Leap"],"campfire_rested":0,"item_purchase_floors":[5],"current_hp_per_floor":[64,64,43,36,36,36,36,36,36,5,5,5,5,0,0],"gold":35,"neow_bonus":"THREE_ENEMY_KILL","is_daily":false,"chose_seed":false,"campfire_upgraded":1,"win_rate":0.0,"timestamp":1610777666,"path_taken":["M","$","?","?","$","E","R","M","T","E","M","M","$","E"],"items_purchased_type":["Card"],"build_version":"2020-12-22","purchased_purges":2,"victory":false,"max_hp_per_floor":[71,71,71,71,71,71,71,71,71,71,71,71,71,71,71],"relic_stats":{"counters":[7,17],"Pantograph":0,"Juzu Bracelet":0,"Bag of Preparation":[6],"obtain_stats":[{"NeowsBlessing":0,"Pantograph":6,"Juzu Bracelet":9,"Bag of Preparation":10,"Cracked Core":0},{"NeowsBlessing":0,"Pantograph":2,"Juzu Bracelet":3,"Bag of Preparation":4,"Cracked Core":0},{"NeowsBlessing":0,"Pantograph":2,"Juzu Bracelet":3,"Bag of Preparation":10,"Cracked Core":0}]},"card_choices":[{"not_picked":["Fusion","Loop"],"picked":"Defragment","floor":1},{"not_picked":["Tempest","Rip and Tear"],"picked":"Doom and Gloom","floor":6},{"not_picked":["Hologram","Turbo"],"picked":"Conserve Battery","floor":8},{"not_picked":["Sunder","Barrage"],"picked":"Coolheaded","floor":10},{"not_picked":["Steam Power","Tempest"],"picked":"Self Repair","floor":11},{"not_picked":["Ball Lightning","Lockon"],"picked":"Conserve Battery","floor":12}],"player_experience":2342359,"relics_obtained":[{"floor":6,"key":"Pantograph"},{"floor":9,"key":"Juzu Bracelet"},{"floor":10,"key":"Bag of Preparation"}],"event_choices":[{"damage_healed":0,"gold_gain":0,"player_choice":"Entered Light","damage_taken":21,"max_hp_gain":0,"max_hp_loss":0,"event_name":"Shining Light","floor":3,"gold_loss":0,"cards_upgraded":["Strike_B","Defragment"]},{"cards_removed":["Strike_B"],"damage_healed":0,"gold_gain":0,"player_choice":"Card Removal","damage_taken":7,"max_hp_gain":0,"max_hp_loss":0,"event_name":"Golden Wing","floor":4,"gold_loss":0}],"is_beta":false,"boss_relics":[],"items_purged_floors":[2,13],"is_endless":false,"potions_floor_spawned":[1,8,10,12],"killed_by":"Gremlin Nob","ascension_level":20}}