{"host":"vowwmltf0agfbljp","time":1610835625,"event":{"mods":["Bard","BaseMod","ChefMod","Downfall","Duelist Mod","Googly Eyes","Minty Spire (QoL Compilation)","Potionbrewer","StSLib","The Druid","The Elementalist","The Forsaken","The Necromancer","The Poker Player","TheFirefly","TheVacant"],"gold_per_floor":[118,138,154,168,188,188,238,238,289,289,305,72,89,99,99,195,195,212,230,240,257,257,285,285,301,301,301,18,28,53,65,65,165,165,185,185,81,100,26,52,52,62,113,113,144,155,155,155,155,155],"floor_reached":51,"language":"ENG","playtime":3770,"items_purged":["Necromantic_Selection"],"score":718,"play_id":"17ed1325-0a72-46e6-a096-1cd5b16a8e6d","local_time":"20210116162025","is_ascension_mode":false,"campfire_choices":[{"data":"Bone_Wall","floor":6,"key":"SMITH"},{"data":"Toxic_Smoke_Screen","floor":8,"key":"SMITH"},{"data":"Bone_Bullets","floor":10,"key":"SMITH"},{"data":"Siphon_Strength","floor":15,"key":"SMITH"},{"data":"Plague_Bolt","floor":24,"key":"SMITH"},{"data":"Life_Drain","floor":27,"key":"SMITH"},{"floor":32,"key":"REST"},{"floor":41,"key":"REST"},{"floor":47,"key":"REST"},{"data":"Summon_Undead","floor":49,"key":"SMITH"}],"circlet_count":0,"master_deck":["Strike_W","Strike_W","Strike_W","Strike_W","Defend_W","Defend_W","Defend_W+1","Defend_W","Negative_Energy_Arrows","Bone_Wall+1","Life_Drain+1","Toxic_Smoke_Screen+1","Acid_Javelin","Bone_Bullets+1","Siphon_Strength+1","Plague_Bolt+1","Negative_Energy_Shield","Death_Coil","Bone_Armor","Death_Knell","Reap_The_Weak","Negative_Energy_Sphere","Negative_Energy_Burst","Grasp_Heart","Negative_Energy_Shield+1","Toxic_Smoke_Screen+1","Bones_to_Steel","Necrotic_Claws","Epidemic","Negative_Energy_Shield+1","Negative_Energy_Mist","Siphon_Strength","Hellfire","Negative_Energy_Mist+1","Summon_Undead","Consume_Illness","Toxic_Smoke_Screen+1","Siphon_Strength","Summon_Undead+1"],"relics":["Vampire_Amulet","theForsaken:Gavel","potionbrewer:BoosterPack","potionbrewer:BhaskarasWheel","Meat on the Bone","Bird Faced Urn","Membership Card","theForsaken:Lifeblossom","Philosopher\u0027s Stone","War Paint","Bronze Scales","PreservedInsect","Regal Pillow","Prayer Wheel"],"acts_visited":["Exordium","TheCity","TheBeyond"],"potions_floor_usage":[4,25,29,29,30,33,50,50],"damage_taken":[{"damage":0,"enemies":"Jaw Worm","floor":1,"turns":5},{"damage":0,"enemies":"Small Slimes","floor":2,"turns":3},{"damage":0,"enemies":"Cultist","floor":3,"turns":4},{"damage":8,"enemies":"Lots of Slimes","floor":4,"turns":2},{"damage":1,"enemies":"Looter","floor":5,"turns":4},{"damage":4,"enemies":"Large Slime","floor":11,"turns":6},{"damage":4,"enemies":"Red Slaver","floor":13,"turns":4},{"damage":7,"enemies":"2 Fungi Beasts","floor":14,"turns":3},{"damage":39,"enemies":"Hexaghost","floor":16,"turns":12},{"damage":4,"enemies":"Spheric Guardian","floor":18,"turns":3},{"damage":14,"enemies":"Shell Parasite","floor":19,"turns":5},{"damage":4,"enemies":"Chosen and Byrds","floor":20,"turns":5},{"damage":14,"enemies":"Centurion and Healer","floor":21,"turns":5},{"damage":19,"enemies":"Gremlin Leader","floor":23,"turns":5},{"damage":0,"enemies":"Snecko","floor":25,"turns":6},{"damage":24,"enemies":"Cultist and Chosen","floor":29,"turns":5},{"damage":60,"enemies":"Slavers","floor":30,"turns":8},{"damage":16,"enemies":"Centurion and Healer","floor":31,"turns":8},{"damage":62,"enemies":"Collector","floor":33,"turns":9},{"damage":4,"enemies":"Orb Walker","floor":35,"turns":3},{"damage":4,"enemies":"3 Shapes","floor":38,"turns":7},{"damage":78,"enemies":"Giant Head","floor":40,"turns":10},{"damage":19,"enemies":"3 Darklings","floor":42,"turns":6},{"damage":55,"enemies":"Nemesis","floor":45,"turns":5},{"damage":11,"enemies":"Maw","floor":46,"turns":9},{"damage":97,"enemies":"Donu and Deca","floor":50,"turns":10}],"seed_played":"-493519343566778260","potions_obtained":[{"floor":0,"key":"Weak Potion"},{"floor":0,"key":"SkillPotion"},{"floor":0,"key":"potionbrewer:BarricadePotion"},{"floor":1,"key":"FearPotion"},{"floor":5,"key":"potionbrewer:AcidPotion"},{"floor":11,"key":"Strength Potion"},{"floor":20,"key":"Energy Potion"},{"floor":22,"key":"EntropicBrew"},{"floor":22,"key":"FairyPotion"},{"floor":29,"key":"potionbrewer:DiscountPotion"},{"floor":30,"key":"FearPotion"},{"floor":31,"key":"SmokeBomb"},{"floor":38,"key":"EssenceOfSteel"},{"floor":40,"key":"PowerPotion"}],"is_trial":false,"path_per_floor":["M","M","M","M","M","R","?","R","T","R","M","$","M","M","R","B",null,"M","M","M","M","?","E","R","M","T","R","$","M","E","M","R","B",null,"M","?","$","M","$","E","R","M","T","?","E","M","R","?","R","B",null],"character_chosen":"NECROMANCER","items_purchased":["Plague_Bolt","potionbrewer:BoosterPack","Negative_Energy_Sphere","Membership Card","Bones_to_Steel","Necrotic_Claws","Epidemic","War Paint","hexamod:SoulburnPotion","Bronze Scales"],"campfire_rested":3,"item_purchase_floors":[12,12,12,28,28,28,28,37,37,39],"current_hp_per_floor":[75,75,75,75,75,75,75,75,75,75,75,75,75,75,75,48,75,73,67,73,73,73,60,60,68,68,68,68,68,32,44,66,36,75,74,74,74,75,75,17,39,46,46,46,17,32,69,69,69,36],"gold":155,"neow_bonus":"THREE_SMALL_POTIONS","is_daily":false,"chose_seed":false,"campfire_upgraded":7,"win_rate":0.0,"timestamp":1610835625,"path_taken":["M","M","M","M","M","R","?","R","T","R","M","$","M","M","R","BOSS","M","M","M","M","?","E","R","M","T","R","?","?","E","M","R","BOSS","M","?","$","M","$","E","R","?","T","?","E","M","R","?","R","BOSS"],"items_purchased_type":["Card","Relic","Card","Relic","Card","Card","Card","Relic","Potion","Relic"],"build_version":"2020-12-22","purchased_purges":1,"victory":true,"max_hp_per_floor":[75,75,75,75,75,75,75,75,75,75,75,75,75,75,75,75,75,75,75,75,75,75,75,75,75,75,75,75,75,75,75,75,75,75,75,75,75,75,75,75,75,75,75,75,75,75,75,75,75,75],"card_choices":[{"not_picked":["Finger_Of_Death","Bones_to_Steel"],"picked":"Life_Drain","floor":1},{"not_picked":["Scare","Thousand_Bone_Knives","Blood_Curse"],"picked":"SKIP","floor":2},{"not_picked":["Negative_Energy_Bomb","Bones_to_Steel"],"picked":"Toxic_Smoke_Screen","floor":3},{"not_picked":["Exploit","Vampiric_Strike"],"picked":"Acid_Javelin","floor":4},{"not_picked":["Blood_Whip","Summon_Undead_Army"],"picked":"Bone_Bullets","floor":5},{"not_picked":["Summon_Undead_Army","Blood_Curse"],"picked":"Siphon_Strength","floor":11},{"not_picked":["Violent_Necrosis","Consume_Illness"],"picked":"Negative_Energy_Burst","floor":13},{"not_picked":["Negative_Energy_Sphere","Finger_Of_Death","Shackles_Of_Pain"],"picked":"SKIP","floor":14},{"not_picked":["Blood_Wake","Hellfire"],"picked":"Grasp_Heart","floor":16},{"not_picked":["Bone_Shift","Exploit+1","Blood_Whip"],"picked":"SKIP","floor":18},{"not_picked":["Blood_Is_Power","Death_Coil+1"],"picked":"Bone_Armor+1","floor":19},{"not_picked":["Bone_Armory","Blood_Whip","Blood_Curse"],"picked":"SKIP","floor":20},{"not_picked":["Consume_Illness","Death_March_Dance"],"picked":"Negative_Energy_Shield+1","floor":21},{"not_picked":["Blood_Magic","Blood_Whip","Death_March_Dance"],"picked":"SKIP","floor":23},{"not_picked":["Violent_Necrosis","Scare"],"picked":"Toxic_Smoke_Screen+1","floor":25},{"not_picked":["Finger_Of_Death","Bone_Prison"],"picked":"Negative_Energy_Shield","floor":29},{"not_picked":["Blood_Is_Power+1","Death_Knell"],"picked":"Negative_Energy_Mist","floor":30},{"not_picked":["Bone_Prison","Whirlwind_of_Bones"],"picked":"Siphon_Strength","floor":31},{"not_picked":["Detonate_Bones","Cloudkill"],"picked":"Hellfire","floor":33},{"not_picked":["Blood_Curse+1","Flesh_Made_Foul+1","Bones_to_Steel"],"picked":"SKIP","floor":35},{"not_picked":["Blood_Is_Power+1","Scare"],"picked":"Negative_Energy_Mist+1","floor":38},{"not_picked":["Death_Coil+1","Negative_Energy_Javelin+1"],"picked":"Summon_Undead","floor":40},{"not_picked":["Negative_Energy_Javelin+1","Bone_Armory+1"],"picked":"Consume_Illness","floor":42},{"not_picked":["Blood_Curse+1","Death_Coil+1","Cloudkill"],"picked":"SKIP","floor":45},{"not_picked":["Scare","Blood_Whip+1"],"picked":"Toxic_Smoke_Screen+1","floor":46},{"not_picked":["Stop_Heart","Negative_Energy_Javelin+1"],"picked":"Siphon_Strength","floor":46}],"player_experience":534997,"relics_obtained":[{"floor":9,"key":"theForsaken:Gavel"},{"floor":23,"key":"Meat on the Bone"},{"floor":26,"key":"Bird Faced Urn"},{"floor":30,"key":"theForsaken:Lifeblossom"},{"floor":40,"key":"PreservedInsect"},{"floor":43,"key":"Regal Pillow"},{"floor":45,"key":"Prayer Wheel"}],"event_choices":[{"damage_healed":0,"gold_gain":0,"player_choice":"Got Potions","damage_taken":0,"max_hp_gain":0,"max_hp_loss":0,"event_name":"Lab","floor":22,"gold_loss":0},{"damage_healed":0,"gold_gain":0,"player_choice":"Ignored","damage_taken":0,"max_hp_gain":0,"max_hp_loss":0,"event_name":"NoteForYourself","floor":36,"gold_loss":0},{"cards_removed":["Bone_Armor"],"damage_healed":0,"gold_gain":0,"player_choice":"Removed Skill","damage_taken":0,"max_hp_gain":0,"max_hp_loss":0,"event_name":"Falling","floor":44,"gold_loss":0},{"damage_healed":0,"gold_gain":0,"player_choice":"Copied","damage_taken":0,"max_hp_gain":0,"max_hp_loss":0,"event_name":"Duplicator","floor":48,"gold_loss":0,"cards_obtained":["Summon_Undead"]}],"is_beta":false,"boss_relics":[{"not_picked":["Sozu","Pandora\u0027s Box"],"picked":"potionbrewer:BhaskarasWheel"},{"not_picked":["Fusion Hammer","SacredBark"],"picked":"Philosopher\u0027s Stone"}],"items_purged_floors":[28],"is_endless":false,"potions_floor_spawned":[1,5,11,13,20,21,29,30,31,38,40,46],"ascension_level":0}}