{"host":"v16t4fbv9yk4gg06","time":1610817429,"event":{"mods":["BaseMod","Bestiary","Dark Map","Fox Events","Minty Spire (QoL Compilation)","Robot Space Explorer","StSLib","The Dragon Tamer"],"gold_per_floor":[117,117,130,143,64,99,121,121,167,167,178,196,196,264,264,367,367,379,379,397,415,428,428,428,428,428],"floor_reached":24,"language":"ENG","playtime":850,"items_purged":[],"score":223,"play_id":"355a6dec-14b5-4203-b1c9-0e9f3863f1c8","local_time":"20210116181709","is_ascension_mode":false,"metric_token":531,"campfire_choices":[{"floor":8,"key":"REST"},{"floor":13,"key":"REST"},{"data":"DTMod:DragonDance","floor":15,"key":"SMITH"},{"floor":23,"key":"REST"}],"dtmod_dragon_data":[0,50,1,-1,8,0],"circlet_count":0,"master_deck":["DTMod:Strike","DTMod:Strike","DTMod:Strike","DTMod:Strike","DTMod:DoubleHit","DTMod:TargetDefense","DTMod:TargetDefense","DTMod:TargetDefense","DTMod:SwitchingTactic","DTMod:HeatWave","DTMod:MaximumCharge","DTMod:DragonDance+1","DTMod:Inferno+1","DTMod:ShieldDrain","DTMod:HeadStart","DTMod:BurningEnergy+1"],"relics":["DTMod:PactStone","NeowsBlessing","Smiling Mask","Odd Mushroom","Bag of Marbles","DTMod:TheChair"],"acts_visited":["Exordium","TheCity"],"potions_floor_usage":[],"damage_taken":[{"damage":0,"enemies":"2 Louse","floor":1,"turns":1},{"damage":0,"enemies":"Cultist","floor":3,"turns":1},{"damage":0,"enemies":"Jaw Worm","floor":4,"turns":1},{"damage":0,"enemies":"3 Sentries","floor":6,"turns":7},{"damage":0,"enemies":"The Mushroom Lair","floor":7,"turns":1},{"damage":0,"enemies":"Large Slime","floor":11,"turns":3},{"damage":0,"enemies":"3 Louse","floor":12,"turns":3},{"damage":25,"enemies":"Hexaghost","floor":16,"turns":9},{"damage":0,"enemies":"Spheric Guardian","floor":18,"turns":2},{"damage":0,"enemies":"Shell Parasite","floor":20,"turns":3},{"damage":0,"enemies":"3 Cultists","floor":21,"turns":4},{"damage":0,"enemies":"Shelled Parasite and Fungi","floor":22,"turns":2},{"damage":46,"enemies":"Slavers","floor":24,"turns":6}],"seed_played":"7637270594443328188","potions_obtained":[{"floor":3,"key":"SpeedPotion"},{"floor":6,"key":"BlessingOfTheForge"},{"floor":16,"key":"Ancient Potion"},{"floor":18,"key":"Energy Potion"}],"is_trial":false,"path_per_floor":["M","?","M","M","$","E","?","R","T","?","M","M","R","?","R","B",null,"M","?","M","M","M","R","E"],"character_chosen":"THE_DT","items_purchased":["DTMod:DragonDance"],"campfire_rested":3,"item_purchase_floors":[5],"current_hp_per_floor":[45,45,45,45,45,45,45,45,45,45,45,45,45,45,45,20,45,45,45,45,45,45,45,0,0,0],"gold":428,"neow_bonus":"THREE_ENEMY_KILL","is_daily":false,"chose_seed":false,"campfire_upgraded":1,"win_rate":0.0,"timestamp":1610817429,"path_taken":["M","?","?","M","$","E","?","R","T","?","M","M","R","?","R","BOSS","M","?","M","?","M","R","E"],"items_purchased_type":["Card"],"build_version":"2020-12-22","purchased_purges":0,"victory":false,"max_hp_per_floor":[45,45,45,45,45,45,45,45,45,45,45,45,45,45,45,45,45,45,45,45,45,45,45,45,45,45],"card_choices":[{"not_picked":["DTMod:Feint","DTMod:MagicField"],"picked":"DTMod:HeatWave","floor":1},{"not_picked":["DTMod:TauntingStrike","DTMod:Astonish"],"picked":"DTMod:MaximumCharge","floor":3},{"not_picked":["DTMod:Threaten","DTMod:Shift","DTMod:BuildUp"],"picked":"SKIP","floor":4},{"not_picked":["DTMod:LowKick","DTMod:MasterPlan"],"picked":"DTMod:Inferno","floor":6},{"not_picked":["DTMod:BreakAttack","DTMod:InvisibleFlame"],"picked":"DTMod:ShieldDrain","floor":11},{"not_picked":["DTMod:Dissolve","DTMod:Cover","DTMod:Punisher"],"picked":"SKIP","floor":12},{"not_picked":["DTMod:ShadowImage","DTMod:Safeguard"],"picked":"DTMod:HeadStart","floor":16},{"not_picked":["DTMod:BizarreTactic","DTMod:HeatWave+1","DTMod:Cover"],"picked":"SKIP","floor":18},{"not_picked":["DTMod:Punisher","DTMod:Weaken"],"picked":"DTMod:BurningEnergy+1","floor":20},{"not_picked":["DTMod:Feint","DTMod:BreakAttack","DTMod:ShieldDrain"],"picked":"SKIP","floor":21},{"not_picked":["DTMod:HeatWave+1","DTMod:Feint+1","DTMod:BlazingStrike"],"picked":"SKIP","floor":22}],"player_experience":278374,"relics_obtained":[{"floor":6,"key":"Smiling Mask"},{"floor":7,"key":"Odd Mushroom"},{"floor":9,"key":"Bag of Marbles"}],"event_choices":[{"cards_removed":["DTMod:TargetDefense"],"damage_healed":0,"gold_gain":0,"player_choice":"Purged","damage_taken":0,"max_hp_gain":0,"max_hp_loss":0,"event_name":"Purifier","floor":2,"gold_loss":0},{"damage_healed":0,"gold_gain":0,"player_choice":"Fought Mushrooms","damage_taken":0,"max_hp_gain":0,"max_hp_loss":0,"event_name":"Mushrooms","floor":7,"gold_loss":0},{"damage_healed":0,"gold_gain":0,"player_choice":"Grow","damage_taken":0,"max_hp_gain":0,"max_hp_loss":0,"event_name":"Living Wall","floor":10,"gold_loss":0,"cards_upgraded":["DTMod:Inferno"]},{"damage_healed":0,"gold_gain":68,"player_choice":"Gained Gold","damage_taken":0,"max_hp_gain":0,"max_hp_loss":0,"event_name":"Golden Wing","floor":14,"gold_loss":0},{"damage_healed":0,"gold_gain":0,"player_choice":"Bought 0 Potions","damage_taken":0,"max_hp_gain":0,"max_hp_loss":0,"event_name":"The Woman in Blue","floor":19,"gold_loss":0}],"is_beta":false,"boss_relics":[{"not_picked":["Sozu","Velvet Choker"],"picked":"DTMod:TheChair"}],"items_purged_floors":[],"is_endless":false,"potions_floor_spawned":[3,6,16,18],"killed_by":"Slavers","ascension_level":0}}