{"host":"u3jctbsl7uavviuy","time":1610796716,"event":{"mods":["ATMod(阿瑾Mod)","Arknights The Spire","BaseMod","BetterRewards","GungeonMod","HololiveMod","Luminous","Marisa（F雨　魔理沙）","Minty Spire (QoL Compilation)","Relic Stats","Replay The Spire","Shop Mod","Spicy Shops","StSLib","TestMod","The Animator","The Cursed","The Gatherer","The Servant 0.9.4","WarShipGirlsR/战舰少女R mod","vexMod","篝火指南"],"gold_per_floor":[116,116,130,130,146,182,200,240,240,240,275,120,139,179,179,307,307,328,298,146,159,159,192,132,166,191,224,239,262,262,298,298,419,419,439,459,459,459,474,517,540,578,578,578,599,599,21,34,34,34],"floor_reached":51,"language":"ZHS","playtime":2186,"items_purged":["Strike_G","Strike_G","Defend_G"],"score":1431,"play_id":"11b8cab9-c59a-4894-9c92-12e66a129923","local_time":"20210116203156","is_ascension_mode":true,"campfire_choices":[{"data":"AT_MachinaRedman","floor":10,"key":"SMITH"},{"data":"AT_KneejerkReflex","floor":15,"key":"SMITH"},{"data":"AT_ArcaneSupremacy","floor":30,"key":"SMITH"},{"data":"Blade Dance","floor":32,"key":"SMITH"},{"data":"AT_EssenceShift","floor":44,"key":"SMITH"},{"data":"Blade Dance","floor":49,"key":"SMITH"}],"circlet_count":0,"master_deck":["Strike_G","Strike_G","Defend_G","Defend_G","Defend_G","Defend_G","Survivor","Neutralize","AT_MachinaRedman+1","Cloak And Dagger+1","Infinite Blades","Acrobatics","Blade Dance+1","Night Terror+1","Dagger Spray","Well Laid Plans","Replay:Bag of Tricks","After Image+1","AT_KneejerkReflex+1","After Image+1","Blade Dance+1","Prepared","Cloak And Dagger+1","AT_ArcaneSupremacy+1","Calculated Gamble","Blade Dance+1","AT_EssenceShift+1","CurseOfTheBell","Terror","Finisher+1","Panache"],"relics":["Ring of the Snake","testmod-TestBox","AT_ATBox","testmod-BouquetWithThorns","Lee\u0027s Waffle","Toy Ornithopter","AT_ChloranthyRing","Bronze Scales","Juzu Bracelet","Anchor","Golden Idol","DemoMod:WhiteGuonStone","Durian","Ornamental Fan","DemoMod:GlassGuonStoneRelic","Gremlin Horn","vexMod:PaidLearning","Nunchaku","testmod-TimeTraveler","AT_SeraphEmbrace","ReplayTheSpireMod:Ninjato","Pantograph","DemoMod:OrangeGuonStone","Question Card","Calling Bell","PreservedInsect","Darkstone Periapt","DemoMod:BigBoy","Replay:Wax Seal","AT_SilverBalance","testmod-AssaultLearning","Replay:Bottled Eggs"],"acts_visited":["Exordium","TheCity","TheBeyond"],"potions_floor_usage":[6,16,50,50],"damage_taken":[{"damage":0,"enemies":"Jaw Worm","floor":1,"turns":2},{"damage":0,"enemies":"Cultist","floor":3,"turns":2},{"damage":2,"enemies":"Small Slimes","floor":5,"turns":2},{"damage":17,"enemies":"Gremlin Nob","floor":6,"turns":3},{"damage":0,"enemies":"3 Louse","floor":7,"turns":1},{"damage":0,"enemies":"3 Sentries","floor":8,"turns":3},{"damage":3,"enemies":"Gremlin Nob","floor":11,"turns":3},{"damage":0,"enemies":"Exordium Thugs","floor":13,"turns":1},{"damage":8,"enemies":"Replay:BlueRogue","floor":14,"turns":4},{"damage":0,"enemies":"Slime Boss","floor":16,"turns":6},{"damage":0,"enemies":"Spheric Guardian","floor":18,"turns":3},{"damage":0,"enemies":"Shell Parasite","floor":21,"turns":2},{"damage":0,"enemies":"Slavers","floor":23,"turns":4},{"damage":0,"enemies":"Replay:Snechameleon","floor":25,"turns":3},{"damage":0,"enemies":"Slavers","floor":27,"turns":2},{"damage":0,"enemies":"Snake Plant","floor":28,"turns":2},{"damage":0,"enemies":"Sentry and Sphere","floor":29,"turns":3},{"damage":0,"enemies":"Gremlin Leader","floor":31,"turns":1},{"damage":0,"enemies":"Champ","floor":33,"turns":4},{"damage":0,"enemies":"3 Shapes","floor":35,"turns":4},{"damage":0,"enemies":"Orb Walker","floor":36,"turns":3},{"damage":0,"enemies":"Writhing Mass","floor":39,"turns":3},{"damage":0,"enemies":"Reptomancer","floor":40,"turns":1},{"damage":0,"enemies":"Spire Growth","floor":41,"turns":3},{"damage":0,"enemies":"R_Hoarder","floor":42,"turns":3},{"damage":0,"enemies":"4 Shapes","floor":45,"turns":2},{"damage":0,"enemies":"3 Darklings","floor":48,"turns":2},{"damage":0,"enemies":"Replay:Hell Engine","floor":50,"turns":2}],"seed_played":"-1765225876993718093","potions_obtained":[{"floor":3,"key":"Swift Potion"},{"floor":5,"key":"FearPotion"},{"floor":6,"key":"Fire Potion"},{"floor":16,"key":"PowerPotion"},{"floor":25,"key":"Adrenaline Potion"},{"floor":28,"key":"Swift Potion"}],"is_trial":false,"path_per_floor":["M","?","M","?","M","E","M","E","T","R","E","$","M","E","R","B",null,"M","?","$","M","$","E","?","E","T","E","M","M","R","E","R","B",null,"M","M","?","?","M","E","M","E","T","R","M","?","$","M","R","B",null],"character_chosen":"THE_SILENT","items_purchased":["Lee\u0027s Waffle","Toy Ornithopter","AT_ChloranthyRing","Bronze Scales","Cloak And Dagger","Infinite Blades","Acrobatics","Juzu Bracelet","Anchor","vexMod:PaidLearning","AT_ArchangelStaff","testmod-AssaultLearning","Panache","Replay:Bottled Eggs"],"campfire_rested":0,"item_purchase_floors":[0,0,0,0,0,0,0,0,0,12,20,47,47,47],"current_hp_per_floor":[77,77,77,71,69,54,54,59,59,59,56,56,56,48,48,53,70,70,70,70,70,70,70,70,70,70,70,70,70,70,70,70,76,76,76,76,76,76,76,76,76,76,76,76,38,38,38,38,38,73],"gold":34,"neow_bonus":"","is_daily":false,"chose_seed":false,"campfire_upgraded":6,"win_rate":0.0,"timestamp":1610796716,"path_taken":["M","?","M","?","M","E","M","E","T","R","E","$","M","E","R","BOSS","M","?","$","M","?","E","?","E","T","E","M","M","R","E","R","BOSS","M","M","?","?","M","E","M","E","T","R","M","?","$","M","R","BOSS"],"items_purchased_type":["Relic","Relic","Relic","Relic","Card","Card","Card","Relic","Relic","Relic","Relic","Relic","Card","Relic"],"build_version":"2020-12-22","purchased_purges":3,"victory":true,"max_hp_per_floor":[77,77,77,71,71,71,71,76,76,76,76,76,76,76,76,76,76,76,76,76,76,76,76,76,76,76,76,76,76,76,76,76,76,76,76,76,76,76,76,76,76,76,76,76,76,76,76,76,76,76],"relic_stats":{"Darkstone Periapt":0,"Lee\u0027s Waffle":49,"Gremlin Horn":[17,17],"counters":[130,466],"Golden Idol":200,"PreservedInsect":554,"Juzu Bracelet":2,"Question Card":47,"Nunchaku":[34],"Ornamental Fan":[412],"Bronze Scales":[261],"Pantograph":31,"obtain_stats":[{"TwistedFunnel":49,"vexMod:MemoryStick":12,"AT_ATBox":6,"Whetstone":49,"Ginger":45,"Boot":9,"vexMod:CardConverter":45,"vexMod:EndlessSickness":34,"Replay:Wax Seal":0,"testmod-IntensifyImprint":0,"testmod-TestBox":0,"Pear":45,"testmod-TimeTraveler":17,"DemoMod:OrangeGuonStone":27,"Pen Nib":25,"Paper Crane":31,"testmod-Fortitude":47,"DemoMod:MeatBun":53,"Unceasing Top":0,"Lantern":29,"DemoMod:BigBoy":34,"Blue Doll":31,"Bag of Preparation":10,"Ancient Tea Set":23,"Burning Blood":0,"testmod-CasingShield":32,"Replay:Rubber Ducky":19,"Matryoshka":0,"WristBlade":34,"WingedGreaves":13,"Chemical X":0,"Replay:Bottled Eggs":9,"Ring of the Snake":0,"AT_ChloranthyRing":0,"Lee\u0027s Waffle":0,"Golden Idol":4,"Thread and Needle":47,"PreservedInsect":6,"DemoMod:PinkGuonStone":36,"Frozen Egg 2":0,"testmod-ConstraintPeriapt":6,"MawBank":40,"Ornamental Fan":9,"testmod-Hope":43,"Orrery":20,"Garlic":30,"Durian":8,"Bottled Lightning":8,"Toy Ornithopter":27,"DemoMod:BlueGuonStone":43,"Tiny House":34,"Gremlin Horn":11,"Vajra":23,"testmod-IWantAll":0,"DemoMod:GlassGuonStoneRelic":8,"AT_ArchangelStaff":20,"Honey Jar":17,"Philosopher\u0027s Stone":34,"Toxic Egg 2":29,"Happy Flower":40,"Oddly Smooth Stone":53,"Charon\u0027s Ashes":26,"AT_SilverBalance":43,"vexMod:PaidLearning":12,"Question Card":31,"testmod-RealStoneCalender":47,"Replay:Baseball":32,"Shuriken":27,"testmod-Acrobat":8,"Bronze Scales":10,"Onion Ring":6,"Molten Egg 2":0,"Grinning Jar":40,"Meat on the Bone":24,"ReplayFunnel":8,"Darkstone Periapt":34,"AT_SeraphEmbrace":39,"Snake Skull":47,"Juzu Bracelet":0,"DemoMod:WhiteGuonStone":6,"Empty Cage":31,"testmod-BouquetWithThorns":6,"testmod-Charity":39,"ClockworkSouvenir":39,"Nunchaku":14,"Chameleon Ring":38,"Pantograph":25,"Tiny Chest":3,"Gremlin Food":43,"ReplayTheSpireMod:Ninjato":42,"vexMod:ConsolationPrize":26,"Replay:WaspNest":24,"vexMod:FocusSash":19,"testmod-IndustrialRevolution":6,"White Beast Statue":49,"Calling Bell":34,"Anchor":0,"Hololive_LightStick":0,"vexMod:BarristanHead":6,"testmod-AssaultLearning":47,"Another Sword":0,"Bag of Marbles":12,"Membership Card":32},{"TwistedFunnel":79,"vexMod:MemoryStick":6,"AT_ATBox":106,"Whetstone":23,"Ginger":100,"Boot":84,"vexMod:CardConverter":76,"vexMod:EndlessSickness":43,"Replay:Wax Seal":56,"testmod-IntensifyImprint":0,"testmod-TestBox":0,"Pear":50,"testmod-TimeTraveler":87,"DemoMod:OrangeGuonStone":117,"Pen Nib":13,"Paper Crane":69,"testmod-Fortitude":78,"DemoMod:MeatBun":54,"Unceasing Top":80,"Lantern":42,"DemoMod:BigBoy":121,"Blue Doll":16,"Bag of Preparation":84,"Ancient Tea Set":90,"Burning Blood":0,"testmod-CasingShield":16,"Replay:Rubber Ducky":10,"Matryoshka":80,"WristBlade":95,"WingedGreaves":86,"Chemical X":0,"Replay:Bottled Eggs":60,"Ring of the Snake":0,"AT_ChloranthyRing":102,"Lee\u0027s Waffle":102,"Golden Idol":104,"Thread and Needle":101,"PreservedInsect":59,"DemoMod:PinkGuonStone":71,"Frozen Egg 2":0,"testmod-ConstraintPeriapt":28,"MawBank":19,"Ornamental Fan":108,"testmod-Hope":20,"Orrery":35,"Garlic":42,"Durian":108,"Bottled Lightning":5,"Toy Ornithopter":40,"DemoMod:BlueGuonStone":98,"Tiny House":17,"Gremlin Horn":109,"Vajra":12,"testmod-IWantAll":0,"DemoMod:GlassGuonStoneRelic":5,"AT_ArchangelStaff":113,"Honey Jar":33,"Philosopher\u0027s Stone":70,"Toxic Egg 2":68,"Happy Flower":46,"Oddly Smooth Stone":54,"Charon\u0027s Ashes":13,"AT_SilverBalance":127,"vexMod:PaidLearning":109,"Question Card":120,"testmod-RealStoneCalender":22,"Replay:Baseball":16,"Shuriken":67,"testmod-Acrobat":29,"Bronze Scales":84,"Onion Ring":4,"Molten Egg 2":24,"Grinning Jar":74,"Meat on the Bone":90,"ReplayFunnel":60,"Darkstone Periapt":121,"AT_SeraphEmbrace":124,"Snake Skull":101,"Juzu Bracelet":102,"DemoMod:WhiteGuonStone":106,"Empty Cage":42,"testmod-BouquetWithThorns":106,"testmod-Charity":18,"ClockworkSouvenir":18,"Nunchaku":111,"Chameleon Ring":97,"Pantograph":116,"Tiny Chest":82,"Gremlin Food":75,"ReplayTheSpireMod:Ninjato":20,"vexMod:ConsolationPrize":67,"Replay:WaspNest":38,"vexMod:FocusSash":88,"testmod-IndustrialRevolution":84,"White Beast Statue":23,"Calling Bell":121,"Anchor":24,"Hololive_LightStick":80,"vexMod:BarristanHead":28,"testmod-AssaultLearning":52,"Another Sword":0,"Bag of Marbles":32,"Membership Card":16},{"TwistedFunnel":323,"vexMod:MemoryStick":25,"AT_ATBox":400,"Whetstone":96,"Ginger":386,"Boot":343,"vexMod:CardConverter":316,"vexMod:EndlessSickness":180,"Replay:Wax Seal":232,"testmod-IntensifyImprint":0,"testmod-TestBox":0,"Pear":207,"testmod-TimeTraveler":356,"DemoMod:OrangeGuonStone":433,"Pen Nib":56,"Paper Crane":290,"testmod-Fortitude":321,"DemoMod:MeatBun":222,"Unceasing Top":329,"Lantern":173,"DemoMod:BigBoy":443,"Blue Doll":65,"Bag of Preparation":343,"Ancient Tea Set":365,"Burning Blood":0,"testmod-CasingShield":65,"Replay:Rubber Ducky":40,"Matryoshka":329,"WristBlade":376,"WingedGreaves":349,"Chemical X":0,"Replay:Bottled Eggs":248,"Ring of the Snake":0,"AT_ChloranthyRing":392,"Lee\u0027s Waffle":392,"Golden Idol":396,"Thread and Needle":388,"PreservedInsect":244,"DemoMod:PinkGuonStone":300,"Frozen Egg 2":0,"testmod-ConstraintPeriapt":107,"MawBank":82,"Ornamental Fan":405,"testmod-Hope":86,"Orrery":139,"Garlic":173,"Durian":405,"Bottled Lightning":22,"Toy Ornithopter":164,"DemoMod:BlueGuonStone":382,"Tiny House":71,"Gremlin Horn":408,"Vajra":51,"testmod-IWantAll":0,"DemoMod:GlassGuonStoneRelic":22,"AT_ArchangelStaff":422,"Honey Jar":132,"Philosopher\u0027s Stone":297,"Toxic Egg 2":285,"Happy Flower":190,"Oddly Smooth Stone":222,"Charon\u0027s Ashes":56,"AT_SilverBalance":460,"vexMod:PaidLearning":408,"Question Card":439,"testmod-RealStoneCalender":91,"Replay:Baseball":65,"Shuriken":282,"testmod-Acrobat":113,"Bronze Scales":343,"Onion Ring":17,"Molten Egg 2":98,"Grinning Jar":308,"Meat on the Bone":365,"ReplayFunnel":248,"Darkstone Periapt":443,"AT_SeraphEmbrace":452,"Snake Skull":388,"Juzu Bracelet":392,"DemoMod:WhiteGuonStone":401,"Empty Cage":173,"testmod-BouquetWithThorns":400,"testmod-Charity":78,"ClockworkSouvenir":78,"Nunchaku":413,"Chameleon Ring":379,"Pantograph":431,"Tiny Chest":334,"Gremlin Food":313,"ReplayTheSpireMod:Ninjato":86,"vexMod:ConsolationPrize":282,"Replay:WaspNest":151,"vexMod:FocusSash":358,"testmod-IndustrialRevolution":341,"White Beast Statue":96,"Calling Bell":443,"Anchor":98,"Hololive_LightStick":329,"vexMod:BarristanHead":109,"testmod-AssaultLearning":214,"Another Sword":0,"Bag of Marbles":125,"Membership Card":65}],"Toy Ornithopter":17,"Ring of the Snake":[148]},"card_choices":[{"not_picked":["Deflect","Escape Plan"],"picked":"Blade Dance","floor":1},{"not_picked":["Deadly Poison","Flying Knee"],"picked":"Dagger Spray","floor":3},{"not_picked":["Predator","Sucker Punch","Flechettes"],"picked":"SKIP","floor":5},{"not_picked":["Slice","Acrobatics"],"picked":"Well Laid Plans","floor":6},{"not_picked":["Riddle With Holes","Catalyst","Dagger Spray"],"picked":"SKIP","floor":7},{"not_picked":["Deadly Poison","Dodge and Roll"],"picked":"Replay:Bag of Tricks","floor":8},{"not_picked":["Backflip","Slice"],"picked":"After Image","floor":11},{"not_picked":["Masterful Stab","ReplayTheSpireMod:Speed Training"],"picked":"AT_KneejerkReflex","floor":13},{"not_picked":["Dodge and Roll","Escape Plan","ReplayTheSpireMod:Exploit Weakness"],"picked":"SKIP","floor":14},{"not_picked":["AT_MyraUnstableElement","Atom Bomb"],"picked":"After Image","floor":16},{"not_picked":["Backstab","Cloak And Dagger"],"picked":"Blade Dance","floor":18},{"not_picked":[],"picked":"Prepared","floor":19},{"not_picked":["Tactician","Toxin Wave"],"picked":"Cloak And Dagger+1","floor":21},{"not_picked":["Distraction","Dodge and Roll","Heel Hook"],"picked":"SKIP","floor":23},{"not_picked":["ReplayTheSpireMod:Tripwire","Endless Agony","Cloak And Dagger"],"picked":"SKIP","floor":25},{"not_picked":["Quick Slash","Poisoned Stab+1"],"picked":"AT_ArcaneSupremacy","floor":27},{"not_picked":["Cloak And Dagger","Sneak Up","Dagger Spray"],"picked":"SKIP","floor":28},{"not_picked":["Underhanded Strike+1","Prepared"],"picked":"Calculated Gamble","floor":29},{"not_picked":["AT_Desolate+1","AT_WomanClash"],"picked":"Blade Dance+1","floor":31},{"not_picked":["Venomology","Replay:Bag of Tricks","Glass Knife"],"picked":"AT_EssenceShift","floor":33},{"not_picked":["Backstab+1","Prepared+1","Quick Slash+1"],"picked":"Terror","floor":35},{"not_picked":["ReplayTheSpireMod:Exploit Weakness","AT_ArcaneSupremacy+1","Cloak And Dagger+1","Dodge and Roll"],"picked":"SKIP","floor":36},{"not_picked":["Draining Mist+1","Quick Slash","Outmaneuver+1","Deflect"],"picked":"SKIP","floor":39},{"not_picked":["AT_MyraUnstableElement","Quick Slash+1","Draining Mist"],"picked":"Finisher+1","floor":40},{"not_picked":["Poisoned Stab+1","Sucker Punch+1","Blade Dance+1","Flying Knee+1"],"picked":"SKIP","floor":41},{"not_picked":["Deadly Poison","Infinite Blades","Slice+1","Dash"],"picked":"SKIP","floor":42},{"not_picked":["Sneak Up","AT_WindFlip","Deflect","Cloak And Dagger"],"picked":"SKIP","floor":45},{"not_picked":["Leg Sweep+1","Predator+1","Flying Knee+1","Finisher+1"],"picked":"SKIP","floor":48}],"player_experience":440120,"relics_obtained":[{"floor":6,"key":"DemoMod:WhiteGuonStone"},{"floor":8,"key":"Durian"},{"floor":9,"key":"Ornamental Fan"},{"floor":11,"key":"Gremlin Horn"},{"floor":14,"key":"Nunchaku"},{"floor":23,"key":"ReplayTheSpireMod:Ninjato"},{"floor":25,"key":"Pantograph"},{"floor":27,"key":"DemoMod:OrangeGuonStone"},{"floor":31,"key":"Question Card"},{"floor":34,"key":"PreservedInsect"},{"floor":34,"key":"Darkstone Periapt"},{"floor":34,"key":"DemoMod:BigBoy"},{"floor":40,"key":"Replay:Wax Seal"},{"floor":43,"key":"AT_SilverBalance"}],"event_choices":[{"damage_healed":0,"gold_gain":0,"player_choice":"1 cards matched","damage_taken":0,"max_hp_gain":0,"max_hp_loss":0,"event_name":"Match and Keep!","floor":2,"gold_loss":0,"cards_obtained":["Night Terror"]},{"damage_healed":0,"gold_gain":0,"player_choice":"Lose Max HP","damage_taken":0,"relics_obtained":["Golden Idol"],"max_hp_gain":0,"max_hp_loss":6,"event_name":"Golden Idol","floor":4,"gold_loss":0},{"cards_removed":["Strike_G"],"damage_healed":0,"gold_gain":0,"player_choice":"Removed Attack","damage_taken":0,"max_hp_gain":0,"max_hp_loss":0,"event_name":"Falling","floor":46,"gold_loss":0}],"is_beta":false,"boss_relics":[{"not_picked":["Snecko Eye","Replay:Drink Me"],"picked":"testmod-TimeTraveler"},{"not_picked":["vexMod:BigBerry","testmod-IncinerationGenerator"],"picked":"Calling Bell"}],"items_purged_floors":[0,0,0],"is_endless":false,"potions_floor_spawned":[3,5,6,16,18,21,25,28,36,39,41],"ascension_level":5}}