{"host":"2gke39v5r4v8gacc","time":1610814628,"event":{"mods":["BaseMod","KinomotoSakuraMod(ƒæ÷Æ±æ”£)","Koishi","Marisa£®ÏF”Í°°ƒß¿Ì…≥£©","Minty Spire (QoL Compilation)","Prisma Mod","StSLib","The Bug Knight","WarShipGirlsR/’ΩΩ¢…Ÿ≈ÆR mod","Youmu£®ªÍ∆«—˝√Œ£©","Yuri Mod"],"gold_per_floor":[141,174,219,279,333,411,504,564,564,98,176,24,199,238,238,538,538,583,634,634,688,70,175,220,220,220,220,220,319,424,523,523,811,811,844,113,149,200,269,362,473,4,4,106,193,0,0,48,48,48],"floor_reached":51,"language":"ZHS","playtime":2456,"items_purged":["HollowMod:GoodIntentions+1"],"score":1217,"play_id":"c326274d-48be-45d8-873a-6d97c424e75b","local_time":"20210117003028","daily_mods":["SealedDeck","Vintage","Colorless Cards","Heirloom","Time Dilation","Flight","Midas"],"is_ascension_mode":false,"campfire_choices":[{"floor":15,"key":"REST"},{"floor":28,"key":"REST"},{"floor":32,"key":"REST"},{"floor":47,"key":"REST"},{"floor":49,"key":"REST"}],"circlet_count":0,"master_deck":["Blind","Discovery","HollowMod:SharpenedNail","Flash of Steel","HollowMod:HowlingWraiths","HollowMod:ShapeofUnn","HollowMod:VengefulSpirit","Dramatic Entrance","Flash of Steel","HollowMod:InfectedAttack","Secret Technique+1","HollowMod:Grubsong","HollowMod:FallenFury","HollowMod:DashSlash","HollowMod:MantisMark","HollowMod:theNailsmith+1","HollowMod:SoulEater","Bandage Up","Flash of Steel+1","HollowMod:VengefulSpirit+1","HollowMod:HuntersJournal+1","HollowMod:DashSlash+1","HollowMod:SoulMaster","CurseOfTheBell","HollowMod:BaldurShell+1","HollowMod:DashSlash+1","HollowMod:CloakDash+1","HollowMod:AwokenDreamNail+1","HollowMod:CycloneSlash+1","Good Instincts+1","HollowMod:SoulStrike+1","HollowMod:MantisMark+1","HollowMod:HowlingWraiths+1"],"relics":["HollowMod:VesselMask","Lizard Tail","Singing Bowl","HollowMod:MantisClawRelic","Bottled Flame","Ancient Tea Set","Ginger","HollowMod:KingsBrand","InkBottle","Mummified Hand","Darkstone Periapt","Pen Nib","Sling","Bag of Marbles","Vajra","The Courier","Empty Cage","CaptainsWheel","Juzu Bracelet","HornCleat","Molten Egg 2","Strange Spoon","Boot","War Paint","StrikeDummy","Dream Catcher","Toxic Egg 2","Pantograph","Enchiridion","Gremlin Horn","Regal Pillow","Question Card","Calling Bell","Akabeko","Sundial","Du-Vu Doll","Kunai","HollowMod:LifeEnderRelic","Mercury Hourglass","Frozen Egg 2","White Beast Statue","MawBank","Strawberry","Eternal Feather","Nunchaku","Orichalcum","Art of War","HollowMod:LumaflyLanternRelic","yuri:PortableGlitches","Bottled Tornado","Red Mask","Lantern"],"acts_visited":["Exordium","TheCity","TheBeyond"],"potions_floor_usage":[6,6,16,23,33,33,38,38,41,41,44,44,50,50,50],"damage_taken":[{"damage":0,"enemies":"2 Louse","floor":1,"turns":2},{"damage":5,"enemies":"Small Slimes","floor":2,"turns":2},{"damage":8,"enemies":"Jaw Worm","floor":3,"turns":2},{"damage":0,"enemies":"2 Fungi Beasts","floor":4,"turns":1},{"damage":0,"enemies":"Large Slime","floor":5,"turns":2},{"damage":10,"enemies":"3 Sentries","floor":6,"turns":3},{"damage":1,"enemies":"Gremlin Nob","floor":7,"turns":2},{"damage":0,"enemies":"Looter","floor":8,"turns":1},{"damage":13,"enemies":"Lagavulin","floor":11,"turns":3},{"damage":0,"enemies":"3 Louse","floor":14,"turns":1},{"damage":24,"enemies":"Hexaghost","floor":16,"turns":4},{"damage":10,"enemies":"Shell Parasite","floor":18,"turns":2},{"damage":9,"enemies":"Spheric Guardian","floor":19,"turns":3},{"damage":0,"enemies":"Snake Plant","floor":21,"turns":1},{"damage":11,"enemies":"HollowMod:Nosk","floor":23,"turns":3},{"damage":0,"enemies":"Snecko","floor":24,"turns":2},{"damage":1,"enemies":"Gremlin Leader","floor":29,"turns":2},{"damage":0,"enemies":"Slavers","floor":30,"turns":1},{"damage":0,"enemies":"Gremlin Leader","floor":31,"turns":1},{"damage":0,"enemies":"Automaton","floor":33,"turns":6},{"damage":0,"enemies":"3 Darklings","floor":35,"turns":1},{"damage":3,"enemies":"3 Shapes","floor":37,"turns":1},{"damage":0,"enemies":"Writhing Mass","floor":38,"turns":1},{"damage":0,"enemies":"Maw","floor":39,"turns":1},{"damage":0,"enemies":"HollowMod:StalkingDevout","floor":40,"turns":1},{"damage":4,"enemies":"Giant Head","floor":41,"turns":4},{"damage":2,"enemies":"Nemesis","floor":44,"turns":3},{"damage":0,"enemies":"Reptomancer","floor":45,"turns":1},{"damage":0,"enemies":"Spire Growth","floor":48,"turns":2},{"damage":0,"enemies":"HollowMod:Radiance","floor":50,"turns":4}],"seed_played":"-6777851791738902631","potions_obtained":[{"floor":3,"key":"Fire Potion"},{"floor":5,"key":"Energy Potion"},{"floor":6,"key":"SpeedPotion"},{"floor":7,"key":"DuplicationPotion"},{"floor":21,"key":"LiquidBronze"},{"floor":29,"key":"Block Potion"},{"floor":31,"key":"Block Potion"},{"floor":33,"key":"LiquidMemories"},{"floor":37,"key":"Swift Potion"},{"floor":38,"key":"Weak Potion"},{"floor":39,"key":"LiquidBronze"},{"floor":40,"key":"PowerPotion"},{"floor":41,"key":"EssenceOfSteel"},{"floor":44,"key":"SpeedPotion"},{"floor":45,"key":"GamblersBrew"},{"floor":48,"key":"Weak Potion"}],"is_trial":true,"path_per_floor":["M","M","M","M","M","E","E","M","T","$","E","$","?","M","R","B",null,"M","M","?","M","$","E","M","?","T","?","R","E","E","E","R","B",null,"M","$","M","M","M","E","E","$","T","E","E","?","R","M","R","B",null],"character_chosen":"THE_BUGKNIGHT","items_purchased":["Pen Nib","Sling","HollowMod:Grubsong","HollowMod:FallenFury","HollowMod:DashSlash","Vajra","Molten Egg 2","Strange Spoon","Boot","HollowMod:SoulEater","War Paint","HollowMod:LifeEnderRelic","Mercury Hourglass","Frozen Egg 2","HollowMod:BaldurShell+1","HollowMod:AwokenDreamNail+1","HollowMod:CycloneSlash+1","Orichalcum","Art of War","Good Instincts+1"],"campfire_rested":5,"item_purchase_floors":[10,10,10,10,10,12,22,22,22,22,22,36,36,36,36,42,42,42,42,42],"current_hp_per_floor":[75,70,62,62,62,52,51,51,51,51,38,38,44,44,68,44,81,71,62,62,62,62,51,55,55,55,39,63,66,66,70,81,81,87,87,87,84,87,94,94,94,94,94,92,92,92,94,94,96,96],"gold":48,"neow_bonus":"","is_daily":false,"chose_seed":false,"campfire_upgraded":0,"win_rate":0.0,"timestamp":1610814628,"path_taken":["M","M","M","M","M","E","E","M","T","$","E","$","?","M","R","BOSS","M","M","?","M","$","E","M","?","T","?","R","E","E","E","R","BOSS","M","$","M","M","M","E","E","$","T","E","E","?","R","M","R","BOSS"],"items_purchased_type":["Relic","Relic","Card","Card","Card","Relic","Relic","Relic","Relic","Card","Relic","Relic","Relic","Relic","Card","Card","Card","Relic","Relic","Card"],"build_version":"2020-12-22","purchased_purges":1,"victory":true,"max_hp_per_floor":[75,75,75,75,75,75,75,75,75,75,75,75,81,81,81,81,81,81,81,81,81,81,81,81,81,81,81,81,81,81,81,81,81,87,87,87,87,87,94,94,94,94,94,94,94,94,94,94,96,96],"card_choices":[{"not_picked":["HollowMod:WraithStrike","Panache"],"picked":"HollowMod:InfectedAttack","floor":6},{"not_picked":["Mind Blast","HollowMod:ChannelNail"],"picked":"Secret Technique","floor":7},{"not_picked":["HollowMod:HeavyBlow","HollowMod:SoulSplash"],"picked":"HollowMod:MantisMark","floor":11},{"not_picked":["Secret Technique","HollowMod:MidwifesHunger"],"picked":"HollowMod:theNailsmith","floor":16},{"not_picked":["HollowMod:PerfectDash","HollowMod:VengefulVoid+1"],"picked":"Bandage Up","floor":23},{"not_picked":["HollowMod:WraithStrike+1","Dark Shackles+1"],"picked":"HollowMod:GoodIntentions+1","floor":28},{"not_picked":["HollowMod:SharpenedNail+1","HollowMod:NewLittleFool+1"],"picked":"Flash of Steel+1","floor":29},{"not_picked":["HollowMod:SoulVessel","HollowMod:CloakDash+1"],"picked":"HollowMod:VengefulSpirit+1","floor":30},{"not_picked":["HollowMod:PureNailStrike+1","HollowMod:QuirrelsAssistance+1"],"picked":"HollowMod:HuntersJournal+1","floor":31},{"not_picked":["HollowMod:SoulSplash+1","HollowMod:HeavyBlow+1","HollowMod:WraithStrike+1"],"picked":"HollowMod:DashSlash+1","floor":32},{"not_picked":["Sadistic Nature","HollowMod:LifebloodCore+1","Chrysalis+1"],"picked":"HollowMod:SoulMaster","floor":33},{"not_picked":["HollowMod:InfectedCysts+1","HollowMod:BrokenVessel+1","Flash of Steel+1"],"picked":"HollowMod:DashSlash+1","floor":40},{"not_picked":["Dark Shackles+1","Trip+1","HollowMod:HornetsHelp+1"],"picked":"HollowMod:CloakDash+1","floor":41},{"not_picked":["HollowMod:DashSlash+1","HollowMod:BrokenVessel+1","HollowMod:TaintedHusks+1"],"picked":"HollowMod:SoulStrike+1","floor":44},{"not_picked":["Blind+1","HollowMod:SoulSplash+1","Bandage Up+1"],"picked":"HollowMod:MantisMark+1","floor":45},{"not_picked":["HollowMod:ShapeofUnn+1","HollowMod:HeavyBlow+1","Bandage Up+1"],"picked":"HollowMod:HowlingWraiths+1","floor":47},{"not_picked":["HollowMod:CycloneSlash+1","HollowMod:DescendingDark+1","HollowMod:DoubleDash+1","HollowMod:CloakDash+1"],"picked":"Singing Bowl","floor":49}],"player_experience":541585,"relics_obtained":[{"floor":1,"key":"Singing Bowl"},{"floor":2,"key":"HollowMod:MantisClawRelic"},{"floor":3,"key":"Bottled Flame"},{"floor":4,"key":"Ancient Tea Set"},{"floor":5,"key":"Ginger"},{"floor":6,"key":"HollowMod:KingsBrand"},{"floor":7,"key":"InkBottle"},{"floor":8,"key":"Mummified Hand"},{"floor":9,"key":"Darkstone Periapt"},{"floor":11,"key":"Bag of Marbles"},{"floor":14,"key":"The Courier"},{"floor":18,"key":"CaptainsWheel"},{"floor":19,"key":"Juzu Bracelet"},{"floor":21,"key":"HornCleat"},{"floor":23,"key":"StrikeDummy"},{"floor":24,"key":"Dream Catcher"},{"floor":26,"key":"Pantograph"},{"floor":27,"key":"Enchiridion"},{"floor":29,"key":"Gremlin Horn"},{"floor":30,"key":"Regal Pillow"},{"floor":31,"key":"Question Card"},{"floor":34,"key":"Akabeko"},{"floor":34,"key":"Sundial"},{"floor":34,"key":"Du-Vu Doll"},{"floor":35,"key":"Kunai"},{"floor":37,"key":"White Beast Statue"},{"floor":38,"key":"MawBank"},{"floor":39,"key":"Strawberry"},{"floor":40,"key":"Eternal Feather"},{"floor":41,"key":"Nunchaku"},{"floor":43,"key":"HollowMod:LumaflyLanternRelic"},{"floor":44,"key":"yuri:PortableGlitches"},{"floor":45,"key":"Bottled Tornado"},{"floor":48,"key":"Lantern"}],"event_choices":[{"damage_healed":0,"gold_gain":175,"player_choice":"AGREE","damage_taken":0,"max_hp_gain":0,"max_hp_loss":0,"event_name":"Liars Game","floor":13,"gold_loss":0,"cards_obtained":["Doubt"]},{"damage_healed":0,"gold_gain":0,"player_choice":"Ignored","damage_taken":0,"max_hp_gain":0,"max_hp_loss":0,"event_name":"Ghosts","floor":20,"gold_loss":0},{"damage_healed":0,"gold_gain":0,"player_choice":"Opened","damage_taken":0,"relics_obtained":["Toxic Egg 2"],"max_hp_gain":0,"max_hp_loss":0,"event_name":"The Mausoleum","floor":25,"gold_loss":0},{"damage_healed":0,"gold_gain":0,"player_choice":"Obtained Book","damage_taken":16,"max_hp_gain":0,"max_hp_loss":0,"event_name":"Cursed Tome","floor":27,"gold_loss":0},{"damage_healed":0,"gold_gain":0,"player_choice":"Paid","damage_taken":0,"relics_obtained":["Red Mask"],"max_hp_gain":0,"max_hp_loss":0,"event_name":"Tomb of Lord Red Mask","floor":46,"gold_loss":193}],"is_beta":false,"boss_relics":[{"not_picked":["Sozu","Ectoplasm"],"picked":"Empty Cage"},{"not_picked":["Astrolabe","Black Star"],"picked":"Calling Bell"}],"items_purged_floors":[36],"is_endless":false,"potions_floor_spawned":[3,5,6,7,21,29,31,33,37,38,39,40,41,44,45,48],"ascension_level":0}}