{"host":"v9oq5ccz01n9mezq","time":1610766232,"event":{"mods":["BaseMod","Colored Map","Minty Spire (QoL Compilation)"],"gold_per_floor":[112,130,130,130,25,59,75,75,75,85,95,124,143,175,175,278,278,293,30,49,59,59,59,69,101,101,129,129,157,170,170,170,271,271,290,290,343,366,376,376,404,404,404,438,12,31,58,8,8,8],"floor_reached":51,"language":"ENG","playtime":3214,"items_purged":["Strike_B","Defend_B","Zap"],"score":947,"play_id":"7260be3d-8487-4ad5-8c0e-568331ea9dcd","local_time":"20210115220352","is_ascension_mode":true,"campfire_choices":[{"data":"Genetic Algorithm","floor":8,"key":"SMITH"},{"data":"Thunder Strike","floor":15,"key":"SMITH"},{"data":"Storm","floor":23,"key":"SMITH"},{"data":"Fusion","floor":32,"key":"SMITH"},{"data":"Reinforced Body","floor":40,"key":"SMITH"},{"data":"Self Repair","floor":42,"key":"SMITH"},{"data":"Electrodynamics","floor":49,"key":"SMITH"}],"circlet_count":0,"master_deck":["Strike_B+1","Defend_B","Defend_B","Dualcast+1","Chill+1","Cold Snap","Gash+1","FTL","Leap","Genetic Algorithm+1","Sweeping Beam","Ball Lightning","Fusion+1","Thunder Strike+1","Electrodynamics+1","Leap+1","Storm+1","Self Repair+1","Compile Driver+1","Go for the Eyes+1","Coolheaded+1","Loop+1","Biased Cognition+1","Darkness","Doom and Gloom+1","Leap","Reboot+1","Reinforced Body+1","Writhe","Streamline+1","Skim","Defragment+1","Meteor Strike","Storm+1"],"relics":["Cracked Core","NeowsBlessing","Gambling Chip","Mercury Hourglass","Matryoshka","Blood Vial","Coffee Dripper","PreservedInsect","Frozen Egg 2","Singing Bowl","Smiling Mask","Oddly Smooth Stone","Tiny Chest","Cursed Key","Lizard Tail","Whetstone","War Paint","Meat on the Bone","Bag of Preparation","ClockworkSouvenir","Unceasing Top"],"acts_visited":["Exordium","TheCity","TheBeyond"],"potions_floor_usage":[13,16,21,21,27,27,39,50],"damage_taken":[{"damage":0,"enemies":"Small Slimes","floor":1,"turns":1},{"damage":0,"enemies":"2 Louse","floor":2,"turns":1},{"damage":0,"enemies":"Gremlin Nob","floor":6,"turns":1},{"damage":0,"enemies":"Cultist","floor":7,"turns":3},{"damage":0,"enemies":"Lots of Slimes","floor":10,"turns":2},{"damage":1,"enemies":"3 Louse","floor":11,"turns":2},{"damage":12,"enemies":"3 Sentries","floor":12,"turns":4},{"damage":6,"enemies":"Large Slime","floor":13,"turns":3},{"damage":3,"enemies":"Lagavulin","floor":14,"turns":5},{"damage":11,"enemies":"Slime Boss","floor":16,"turns":6},{"damage":0,"enemies":"Spheric Guardian","floor":18,"turns":3},{"damage":0,"enemies":"Shell Parasite","floor":20,"turns":4},{"damage":0,"enemies":"Snake Plant","floor":21,"turns":3},{"damage":3,"enemies":"Cultist and Chosen","floor":24,"turns":4},{"damage":0,"enemies":"Gremlin Leader","floor":25,"turns":4},{"damage":10,"enemies":"Slavers","floor":27,"turns":4},{"damage":0,"enemies":"Gremlin Leader","floor":29,"turns":4},{"damage":5,"enemies":"Centurion and Healer","floor":30,"turns":3},{"damage":36,"enemies":"Collector","floor":33,"turns":10},{"damage":0,"enemies":"3 Shapes","floor":35,"turns":4},{"damage":32,"enemies":"2 Orb Walkers","floor":37,"turns":4},{"damage":21,"enemies":"3 Darklings","floor":39,"turns":3},{"damage":14,"enemies":"Giant Head","floor":41,"turns":8},{"damage":16,"enemies":"Nemesis","floor":44,"turns":5},{"damage":0,"enemies":"Transient","floor":46,"turns":5},{"damage":13,"enemies":"Reptomancer","floor":47,"turns":4},{"damage":14,"enemies":"Awakened One","floor":50,"turns":9}],"seed_played":"485991219621369477","potions_obtained":[{"floor":7,"key":"SteroidPotion"},{"floor":11,"key":"BlessingOfTheForge"},{"floor":12,"key":"Block Potion"},{"floor":13,"key":"LiquidBronze"},{"floor":14,"key":"ColorlessPotion"},{"floor":18,"key":"AttackPotion"},{"floor":25,"key":"ColorlessPotion"},{"floor":30,"key":"FearPotion"},{"floor":37,"key":"ColorlessPotion"},{"floor":41,"key":"SteroidPotion"},{"floor":47,"key":"Energy Potion"}],"is_trial":false,"path_per_floor":["M","M","?","?","$","E","M","R","T","M","M","E","M","E","R","B",null,"M","$","M","M","?","R","M","E","T","E","?","E","M","?","R","B",null,"M","?","?","T","M","R","E","R","T","E","$","M","E","$","R","B",null],"character_chosen":"DEFECT","items_purchased":["Gash","FTL","PreservedInsect","Storm","ClockworkSouvenir","Defragment+1","Meteor Strike"],"campfire_rested":0,"item_purchase_floors":[5,5,19,19,45,45,45],"current_hp_per_floor":[75,75,60,60,60,60,60,60,60,60,59,47,41,38,38,29,75,75,75,75,75,75,75,75,75,75,72,72,75,75,75,75,46,75,77,77,52,52,35,35,30,30,30,38,38,52,51,51,51,61],"gold":8,"neow_bonus":"THREE_ENEMY_KILL","is_daily":false,"chose_seed":false,"campfire_upgraded":7,"win_rate":0.0,"timestamp":1610766232,"path_taken":["M","M","?","?","$","E","M","R","T","M","?","E","M","E","R","BOSS","M","?","M","M","?","R","M","E","T","E","?","E","M","?","R","BOSS","M","?","?","?","?","R","E","R","T","E","$","M","E","?","R","BOSS"],"items_purchased_type":["Card","Card","Relic","Card","Relic","Card","Card"],"build_version":"2020-12-22","purchased_purges":3,"victory":true,"max_hp_per_floor":[75,75,75,75,75,75,75,75,75,75,75,75,75,75,75,75,75,75,75,75,75,75,75,75,75,75,75,75,75,75,75,75,75,75,77,77,77,77,79,79,79,79,79,79,79,81,81,81,81,81],"card_choices":[{"not_picked":["Beam Cell","Melter"],"picked":"Chill","floor":1},{"not_picked":["Coolheaded","Chill"],"picked":"Cold Snap","floor":2},{"not_picked":["Ball Lightning","Darkness"],"picked":"Leap","floor":6},{"not_picked":["Reinforced Body","Ball Lightning"],"picked":"Genetic Algorithm","floor":7},{"not_picked":["Capacitor","Turbo"],"picked":"Sweeping Beam","floor":10},{"not_picked":["Coolheaded","Consume"],"picked":"Ball Lightning","floor":11},{"not_picked":["White Noise","Static Discharge"],"picked":"Fusion","floor":12},{"not_picked":["Fusion","Force Field","Barrage"],"picked":"SKIP","floor":13},{"not_picked":["Ball Lightning","Rebound"],"picked":"Thunder Strike","floor":14},{"not_picked":["Seek","Rainbow"],"picked":"Electrodynamics","floor":16},{"not_picked":["Scrape","Lockon"],"picked":"Leap+1","floor":18},{"not_picked":["Turbo","Sweeping Beam"],"picked":"Self Repair","floor":20},{"not_picked":["Ball Lightning","Reprogram"],"picked":"Compile Driver+1","floor":21},{"not_picked":["Steam","Rebound","Rip and Tear"],"picked":"SKIP","floor":24},{"not_picked":["Turbo+1","Ball Lightning"],"picked":"Go for the Eyes+1","floor":25},{"not_picked":["Doom and Gloom","Ball Lightning"],"picked":"Coolheaded+1","floor":27},{"not_picked":["Doom and Gloom","Blizzard"],"picked":"Biased Cognition+1","floor":29},{"not_picked":["Streamline","Genetic Algorithm"],"picked":"Darkness","floor":30},{"not_picked":["Thunder Strike","Biased Cognition+1"],"picked":"Reboot","floor":33},{"not_picked":["Ball Lightning","Compile Driver","Turbo"],"picked":"Singing Bowl","floor":35},{"not_picked":["Darkness+1","Melter+1"],"picked":"Reinforced Body","floor":37},{"not_picked":["Leap","Conserve Battery","Barrage+1"],"picked":"Singing Bowl","floor":39},{"not_picked":["Sweeping Beam+1","BootSequence+1"],"picked":"Streamline+1","floor":41},{"not_picked":["Conserve Battery","Undo+1"],"picked":"Skim","floor":44},{"not_picked":["Beam Cell","Coolheaded+1","Go for the Eyes+1"],"picked":"Singing Bowl","floor":46},{"not_picked":["Leap","Stack+1"],"picked":"Storm+1","floor":47}],"player_experience":86447,"relics_obtained":[{"floor":6,"key":"Gambling Chip"},{"floor":9,"key":"Mercury Hourglass"},{"floor":12,"key":"Matryoshka"},{"floor":14,"key":"Blood Vial"},{"floor":25,"key":"Frozen Egg 2"},{"floor":26,"key":"Singing Bowl"},{"floor":26,"key":"Smiling Mask"},{"floor":27,"key":"Oddly Smooth Stone"},{"floor":29,"key":"Tiny Chest"},{"floor":37,"key":"Lizard Tail"},{"floor":38,"key":"Whetstone"},{"floor":38,"key":"War Paint"},{"floor":41,"key":"Meat on the Bone"},{"floor":44,"key":"Bag of Preparation"},{"floor":47,"key":"Unceasing Top"}],"event_choices":[{"damage_healed":0,"gold_gain":0,"player_choice":"Entered Light","damage_taken":15,"max_hp_gain":0,"max_hp_loss":0,"event_name":"Shining Light","floor":3,"gold_loss":0,"cards_upgraded":["Chill","Strike_B"]},{"cards_removed":["Strike_B"],"damage_healed":0,"gold_gain":0,"player_choice":"Purged","damage_taken":0,"max_hp_gain":0,"max_hp_loss":0,"event_name":"Purifier","floor":4,"gold_loss":0},{"damage_healed":0,"gold_gain":0,"player_choice":"Read","damage_taken":0,"max_hp_gain":0,"max_hp_loss":0,"event_name":"The Library","floor":28,"gold_loss":0,"cards_obtained":["Loop"]},{"damage_healed":0,"gold_gain":0,"cards_transformed":["Strike_B","Defend_B"],"player_choice":"Became Test Subject","damage_taken":0,"max_hp_gain":0,"max_hp_loss":0,"event_name":"Drug Dealer","floor":31,"gold_loss":0,"cards_obtained":["Doom and Gloom","Leap"]},{"damage_healed":0,"gold_gain":0,"player_choice":"Ignored","damage_taken":0,"max_hp_gain":0,"max_hp_loss":0,"event_name":"Tomb of Lord Red Mask","floor":36,"gold_loss":0},{"damage_healed":0,"gold_gain":0,"player_choice":"Fight","damage_taken":0,"max_hp_gain":0,"max_hp_loss":0,"event_name":"Mysterious Sphere","floor":37,"gold_loss":0}],"is_beta":false,"boss_relics":[{"not_picked":["Pandora\u0027s Box","Runic Pyramid"],"picked":"Coffee Dripper"},{"not_picked":["Busted Crown","Runic Dome"],"picked":"Cursed Key"}],"items_purged_floors":[19,45,48],"is_endless":false,"potions_floor_spawned":[7,11,12,13,14,18,25,30,37,41,47],"ascension_level":2}}