{"host":"obbn5gje3893ci3z","time":1610799713,"event":{"mods":["BaseMod","CapriCore","Colored Powertips","Minty Spire (QoL Compilation)","StSLib","The Immortal"],"gold_per_floor":[118,135,210,135,135,155,1,24,47,65,78,78,88,107,107,210,210,220,230,329,329,340,340,365,365,365,378,158,189,201,218,218,313,313,331,343,361,361,361,361],"floor_reached":38,"language":"ZHS","playtime":2808,"items_purged":["MokouMod:Strike","MokouMod:Strike","MokouMod:HeartofFire+1"],"score":474,"play_id":"242cd45e-9568-40e9-a362-cfd30b0c2261","local_time":"20210116202153","is_ascension_mode":true,"campfire_choices":[{"data":"MokouMod:InfernalWave","floor":15.0,"key":"SMITH"},{"data":"MokouMod:ResonanceReactor","floor":23.0,"key":"SMITH"},{"data":"MokouMod:FlareStarter","floor":25.0,"key":"SMITH"},{"floor":32.0,"key":"REST"}],"circlet_count":0,"master_deck":["MokouMod:Defend","MokouMod:Defend","MokouMod:HeatSpark+1","MokouMod:FusionFlare+1","MokouMod:Refresh","MokouMod:FlareStarter+1","Dramatic Entrance","MokouMod:InfernalWave+1","MokouMod:IgneousBlow+1","MokouMod:RadiantBlade+1","MokouMod:ResonanceReactor+1","MokouMod:ResonatingAura","MokouMod:Afterburner+1","MokouMod:Sear+1","MokouMod:Ventilation"],"relics":["MokouMod:PhoenixFeather","Centennial Puzzle","Whetstone","Astrolabe","Happy Flower","Bronze Scales","Membership Card","Omamori","Cursed Key"],"acts_visited":["Exordium","TheCity","TheBeyond"],"potions_floor_usage":[38],"damage_taken":[{"damage":3.0,"enemies":"2 Louse","floor":1.0,"turns":4.0},{"damage":10.0,"enemies":"Small Slimes","floor":2.0,"turns":5.0},{"damage":7.0,"enemies":"Jaw Worm","floor":6.0,"turns":3.0},{"damage":22.0,"enemies":"Lots of Slimes","floor":10.0,"turns":6.0},{"damage":3.0,"enemies":"Blue Slaver","floor":11.0,"turns":3.0},{"damage":0.0,"enemies":"3 Louse","floor":13.0,"turns":1.0},{"damage":3.0,"enemies":"Looter","floor":14.0,"turns":2.0},{"damage":27.0,"enemies":"The Guardian","floor":16.0,"turns":8.0},{"damage":17.0,"enemies":"2 Thieves","floor":18.0,"turns":2.0},{"damage":1.0,"enemies":"3 Byrds","floor":19.0,"turns":3.0},{"damage":0.0,"enemies":"3 Cultists","floor":22.0,"turns":3.0},{"damage":43.0,"enemies":"Slavers","floor":24.0,"turns":5.0},{"damage":12.0,"enemies":"Cultist and Chosen","floor":27.0,"turns":3.0},{"damage":13.0,"enemies":"Gremlin Leader","floor":29.0,"turns":3.0},{"damage":18.0,"enemies":"Snake Plant","floor":30.0,"turns":3.0},{"damage":3.0,"enemies":"Chosen and Byrds","floor":31.0,"turns":2.0},{"damage":36.0,"enemies":"Automaton","floor":33.0,"turns":6.0},{"damage":18.0,"enemies":"3 Darklings","floor":35.0,"turns":2.0},{"damage":0.0,"enemies":"3 Shapes","floor":36.0,"turns":4.0},{"damage":49,"enemies":"Transient","floor":37,"turns":5}],"seed_played":"3584053504063824399","potions_obtained":[{"floor":1.0,"key":"Strength Potion"},{"floor":2.0,"key":"FearPotion"},{"floor":13.0,"key":"DistilledChaos"},{"floor":18.0,"key":"Strength Potion"},{"floor":22.0,"key":"LiquidBronze"},{"floor":30.0,"key":"GamblersBrew"},{"floor":33.0,"key":"LiquidBronze"},{"floor":35.0,"key":"Ancient Potion"}],"is_trial":false,"path_per_floor":["M","M","?","$","?","M","$","T","T","M","M","?","M","M","R","B",null,"M","M","?","?","M","R","E","R","T","M","$","E","M","M","R","B",null,"M","M","M","M"],"character_chosen":"MKU","items_purchased":["MokouMod:FlareStarter","Membership Card"],"campfire_rested":1,"item_purchase_floors":[7,28],"current_hp_per_floor":[72,62,51,51,51,44,44,44,44,22,19,19,19,16,16,8,75,58,57,57,57,57,57,14,14,14,2,2,12,18,15,37,1,75,57,57,8,0,0,0],"gold":361,"neow_bonus":"REMOVE_CARD","is_daily":false,"chose_seed":false,"campfire_upgraded":3,"win_rate":0.0,"timestamp":1610799713,"path_taken":["M","M","?","$","?","M","$","?","T","M","?","?","M","M","R","BOSS","M","?","?","?","?","R","E","R","T","M","$","E","M","M","R","BOSS","M","M","M","M"],"items_purchased_type":["Card","Relic"],"build_version":"2020-12-22","purchased_purges":3,"victory":false,"max_hp_per_floor":[75,75,75,75,75,75,75,75,75,75,75,75,75,75,75,75,75,75,75,75,75,75,75,75,75,75,75,75,75,75,75,75,75,75,75,75,75,75,75,75],"card_choices":[{"not_picked":["MokouMod:HeatCyclone","MokouMod:BlazingComet","MokouMod:Meltdown"],"picked":"SKIP","floor":1.0},{"not_picked":["MokouMod:Trailblazer","MokouMod:FlickeringFlame"],"picked":"MokouMod:FusionFlare","floor":2.0},{"not_picked":["MokouMod:IcarusDive","MokouMod:UncontrollableSolarReaction"],"picked":"MokouMod:Refresh","floor":6.0},{"not_picked":["MokouMod:FlickeringFlame","MokouMod:ShiftIgnition","MokouMod:UncontrollableSolarReaction"],"picked":"SKIP","floor":10.0},{"not_picked":["MokouMod:FujiyamaVolcano","MokouMod:InfernalWave","MokouMod:BlazingComet"],"picked":"SKIP","floor":11.0},{"not_picked":["MokouMod:HeatCyclone","MokouMod:FusionFlare"],"picked":"MokouMod:InfernalWave","floor":13.0},{"not_picked":["MokouMod:ResoluteFlare","MokouMod:InfernalWave","MokouMod:ImperishableFlame"],"picked":"SKIP","floor":14.0},{"not_picked":["MokouMod:InfernalWave","MokouMod:Singe","MokouMod:ShiftIgnition"],"picked":"SKIP","floor":18.0},{"not_picked":["MokouMod:Overheat","MokouMod:IgnitionBlast"],"picked":"MokouMod:ResonanceReactor","floor":19.0},{"not_picked":["MokouMod:Stoke","MokouMod:EternalBurstReactor"],"picked":"MokouMod:ResonatingAura","floor":22.0},{"not_picked":["MokouMod:IgnitionBarrier+1","MokouMod:TemporalFireSeal+1","MokouMod:AdaptivePyromancy"],"picked":"SKIP","floor":24.0},{"not_picked":["MokouMod:FlareStarter+1","MokouMod:Overheat+1"],"picked":"MokouMod:Afterburner+1","floor":27.0},{"not_picked":["MokouMod:PhoenixFeathers","MokouMod:IcarusDive+1","MokouMod:RoaringFlare+1"],"picked":"SKIP","floor":29.0},{"not_picked":["MokouMod:IgneousBlow","MokouMod:Burn","MokouMod:FujiyamaVolcano"],"picked":"SKIP","floor":30.0},{"not_picked":["MokouMod:IgnitionBarrier","MokouMod:ImperishableFlame"],"picked":"MokouMod:Sear+1","floor":31.0},{"not_picked":["MokouMod:HouraiForge","MokouMod:Geothermal"],"picked":"MokouMod:Ventilation","floor":33.0},{"not_picked":["MokouMod:Sear","MokouMod:Stoke","MokouMod:Scorch"],"picked":"SKIP","floor":35.0},{"not_picked":["MokouMod:TemporalFireSeal+1","MokouMod:Burn+1","MokouMod:RisingSunBarrier"],"picked":"SKIP","floor":36.0},{"not_picked":["MokouMod:Sear","MokouMod:FujiyamaVolcano","MokouMod:UncontrollableSolarReaction+1"],"picked":"SKIP","floor":37}],"player_experience":51836,"relics_obtained":[{"floor":8.0,"key":"Centennial Puzzle"},{"floor":9.0,"key":"Whetstone"},{"floor":24.0,"key":"Happy Flower"},{"floor":26.0,"key":"Bronze Scales"},{"floor":29.0,"key":"Omamori"}],"event_choices":[{"damage_healed":0.0,"max_hp_gain":0.0,"max_hp_loss":0.0,"gold_gain":75.0,"event_name":"World of Goop","player_choice":"Gather Gold","floor":3.0,"gold_loss":0.0,"damage_taken":11.0},{"cards_removed":["MokouMod:Defend"],"damage_healed":0.0,"max_hp_gain":0.0,"max_hp_loss":0.0,"gold_gain":0.0,"event_name":"Living Wall","player_choice":"Forget","floor":5.0,"gold_loss":0.0,"damage_taken":0.0},{"damage_healed":0.0,"max_hp_gain":0.0,"max_hp_loss":0.0,"gold_gain":0.0,"event_name":"Match and Keep!","player_choice":"1 cards matched","floor":12.0,"gold_loss":0.0,"damage_taken":0.0,"cards_obtained":["Dramatic Entrance"]},{"damage_healed":0.0,"max_hp_gain":0.0,"max_hp_loss":0.0,"gold_gain":99.0,"event_name":"Nest","player_choice":"Stole From Cult","floor":20.0,"gold_loss":0.0,"damage_taken":0.0},{"damage_healed":0.0,"max_hp_gain":0.0,"max_hp_loss":0.0,"gold_gain":0.0,"event_name":"Match and Keep!","player_choice":"0 cards matched","floor":21.0,"gold_loss":0.0,"damage_taken":0.0,"cards_obtained":[]}],"is_beta":false,"boss_relics":[{"not_picked":["Runic Dome","Runic Pyramid"],"picked":"Astrolabe"},{"not_picked":["SlaversCollar","Tiny House"],"picked":"Cursed Key"}],"items_purged_floors":[4,7,28],"is_endless":false,"potions_floor_spawned":[1,2,13,18,22,30,33,35,37],"killed_by":"4 Shapes","ascension_level":3}}