{"host":"af1kf8gfe86ugcx8","time":1610824513,"event":{"mods":["2.2 Compatiblity","BaseMod","Better Altar","Better Match","Better Sensory Stone","Better Skull","Better Vampires","BetterRewards","Card Filter","Colored Map","Conspire","Defuse TimeMaze Blight","Downfall","Energized Spire","Friendly Minions","Glutton Mod","Infinite Spire","Mad Scientist","Minty Spire (QoL Compilation)","Permanent Neow","Quick Restart","Random Character Button","SOS???????","Shop Mod","Spikes Relics","StSLib","The Construct","The Death Knight","The Disciple","The Necromancer","Transform Curses","UnlockEverythingMod"],"gold_per_floor":[99,119,119,133,133,33,33,18,18,28,63,163,182,197,207,310,310,210,227,227,227,57,57,80,80,80,90,108,126,146,146,158,255,255,255,274,289,289,289,338,338,368,368,327,347,347,32,48,64,64,64,64],"floor_reached":50,"language":"ENG","playtime":3952,"items_purged":["Guardian:Strike_Guardian","Guardian:Strike_Guardian+1","Guardian:Strike_Guardian+1"],"score":574,"play_id":"5d53b015-8550-46d5-a345-20520af3829e","local_time":"20210116111513","is_ascension_mode":false,"campfire_choices":[{"floor":1.0,"key":"RECALL"},{"data":"Guardian:DecasProtection","floor":6.0,"key":"SMITH"},{"data":"Guardian:ChargeCore","floor":9.0,"key":"SMITH"},{"data":"Guardian:BodySlam","floor":18,"key":"SMITH"},{"data":"Guardian:Harden","floor":23,"key":"SMITH"},{"data":"Guardian:PiercingHide","floor":35,"key":"SMITH"},{"floor":43,"key":"REST"}],"circlet_count":0,"master_deck":["Guardian:Defend_Guardian+1","Guardian:Defend_Guardian+1","Guardian:Defend_Guardian+1","Guardian:Defend_Guardian+1","Guardian:CurlUp+1","Guardian:TwinSlam+1","Guardian:ChargeCore+1","Guardian:DecasProtection+1","Guardian:TemporalStrike+1","Guardian:TimeCapacitor","Guardian:BodySlam+1","Guardian:SentryBeam","Guardian:PiercingHide+1","Guardian:SphericShield+1","Guardian:Harden+1","infinitespire:NeuralNetwork","Guardian:BronzeArmor+1","Assess","Finesse","Guardian:PiercingHide+1","infinitespire:Fortify+1","Secret Weapon","Guardian:SpikerProtocol","Guardian:Gem_Cyan"],"relics":["Guardian:ModeShifter","downfall:HeartBlessingRed","Potion Belt","infinitespire:PuzzleCube","SlaversCollar","downfall:HeartBlessingGreen","Strange Spoon","Whetstone","construct:WeddingRing","ZombieTooth","Omamori","SpikesRelics:DaevaFist","TungstenRod","Du-Vu Doll"],"acts_visited":["Exordium","TheCity","TheBeyond"],"potions_floor_usage":[42,42,44,50,50,50],"damage_taken":[{"damage":7.0,"enemies":"2 Louse","floor":2.0,"turns":3.0},{"damage":1.0,"enemies":"Jaw Worm","floor":4.0,"turns":3.0},{"damage":10.0,"enemies":"downfall:FleeingMerchant","floor":8.0,"turns":4.0},{"damage":8.0,"enemies":"conspire:RoseBush","floor":10.0,"turns":2.0},{"damage":20.0,"enemies":"Gremlin Nob","floor":11.0,"turns":6.0},{"damage":6.0,"enemies":"Lots of Slimes","floor":13.0,"turns":5.0},{"damage":6.0,"enemies":"conspire:2 RoseBushes","floor":14.0,"turns":5.0},{"damage":6.0,"enemies":"3 Louse","floor":15.0,"turns":2.0},{"damage":12.0,"enemies":"WA_ARCHETYPE_RETAIN","floor":16.0,"turns":7.0},{"damage":4,"enemies":"3 Byrds","floor":19,"turns":7},{"damage":0,"enemies":"Chosen","floor":20,"turns":1},{"damage":0,"enemies":"downfall:FleeingMerchant","floor":22,"turns":4},{"damage":12,"enemies":"Snake Plant","floor":27,"turns":3},{"damage":0,"enemies":"conspire:HollyBat","floor":28,"turns":9},{"damage":10,"enemies":"Chosen and Byrds","floor":29,"turns":6},{"damage":5,"enemies":"Snake Plant","floor":30,"turns":3},{"damage":13,"enemies":"conspire:HollyBat","floor":32,"turns":4},{"damage":0,"enemies":"DF_ARCHETYPE_CLAW","floor":33,"turns":9},{"damage":0,"enemies":"3 Darklings","floor":36,"turns":8},{"damage":5,"enemies":"3 Shapes","floor":37,"turns":5},{"damage":9,"enemies":"2 Orb Walkers","floor":40,"turns":6},{"damage":40,"enemies":"Reptomancer","floor":42,"turns":5},{"damage":0,"enemies":"downfall:FleeingMerchant","floor":44,"turns":4},{"damage":0,"enemies":"Spire Growth","floor":45,"turns":3},{"damage":0,"enemies":"3 Darklings","floor":48,"turns":5},{"damage":0,"enemies":"Transient","floor":49,"turns":5},{"damage":35,"enemies":"SI_POISON_ARCHETYPE","floor":50,"turns":3}],"seed_played":"-5694914639128125221","potions_obtained":[{"floor":10.0,"key":"Guardian:BlockOnCardUsePotion"},{"floor":13.0,"key":"LiquidBronze"},{"floor":15.0,"key":"Ancient Potion"},{"floor":16.0,"key":"BlessingOfTheForge"},{"floor":27,"key":"Slimebound:ThreeZeroPotion"},{"floor":29,"key":"SteroidPotion"},{"floor":30,"key":"Weak Potion"},{"floor":32,"key":"DistilledChaos"},{"floor":42,"key":"Fire Potion"},{"floor":49,"key":"hexamod:SoulburnPotion"}],"is_trial":false,"path_per_floor":["R","M","?","M","?","R","T","$","R","M","E","?","M","M","M","B",null,"R","M","M","AVR","$","R","T","?","?","M","M","M","M","?","M","B",null,"R","M","M","AVR","?","?","T","E","R","$","M","?","$","M","M","B"],"character_chosen":"GUARDIAN","items_purchased":["Strange Spoon","TungstenRod","Secret Weapon","Guardian:SpikerProtocol"],"campfire_rested":1,"item_purchase_floors":[22,44,47,47],"current_hp_per_floor":[80,73,78,77,77,77,77,67,67,59,39,39,33,27,21,9,85,85,81,81,81,81,81,81,81,81,69,69,59,54,54,41,41,85,85,85,80,80,55,46,46,6,31,31,31,31,31,31,31,0,0,0],"gold":64,"neow_bonus":"UPGRADE_CARD","is_daily":false,"chose_seed":false,"campfire_upgraded":5,"win_rate":0.0,"timestamp":1610824513,"path_taken":["R","M","?","M","?","R","T","?","R","M","E","?","M","M","M","BOSS","R","M","M","AVR","?","R","T","?","?","M","M","M","M","?","M","BOSS","R","M","M","AVR","?","?","T","E","R","$","M","?","$","?","M","BOSS"],"items_purchased_type":["Relic","Relic","Card","Card"],"build_version":"2020-12-22","purchased_purges":3,"victory":false,"max_hp_per_floor":[80,80,85,85,85,85,85,85,85,85,85,85,85,85,85,85,85,85,85,85,85,85,85,85,85,85,85,85,85,85,85,85,85,85,85,85,85,85,85,85,85,85,85,85,85,85,85,85,85,85,85,85],"card_choices":[{"not_picked":["Guardian:Gem_Lightblue","Guardian:PolyBeam"],"picked":"Guardian:ChargeCore","floor":2.0},{"not_picked":["Guardian:Gem_Cyan","Guardian:ShieldCharger"],"picked":"Guardian:DecasProtection","floor":4.0},{"not_picked":["Guardian:RefractedBeam","Guardian:Harden","Guardian:Repulse"],"picked":"SKIP","floor":8.0},{"not_picked":["Guardian:Gem_Lightblue","Guardian:RevengeProtocol"],"picked":"Guardian:TemporalStrike","floor":10.0},{"not_picked":["Guardian:Gem_Green","Guardian:DecasProtection"],"picked":"Guardian:TimeCapacitor","floor":11.0},{"not_picked":["Guardian:WalkerClaw","Guardian:TemporalStrike","Guardian:BodySlam"],"picked":"SKIP","floor":13.0},{"not_picked":["Guardian:WalkerClaw","Guardian:TemporalStrike"],"picked":"Guardian:BodySlam","floor":13.0},{"not_picked":["Guardian:ArmoredProtocol","Guardian:TimeCapacitor"],"picked":"Guardian:SentryBeam","floor":14.0},{"not_picked":["Guardian:Gem_Lightblue","Guardian:MultiBeam"],"picked":"Guardian:PiercingHide","floor":15.0},{"not_picked":["Guardian:HyperBeam_Guardian","Guardian:AncientConstruct"],"picked":"Guardian:SphericShield","floor":16.0},{"not_picked":["Guardian:Gem_Red","Guardian:PiercingHide"],"picked":"Guardian:Harden","floor":19},{"not_picked":["Guardian:TemporalShield+1","Guardian:ChargeCore","Guardian:TimeCapacitor"],"picked":"SKIP","floor":20},{"not_picked":["Guardian:TemporalShield+1","Guardian:ChargeCore","Guardian:TimeCapacitor"],"picked":"SKIP","floor":20},{"not_picked":["Guardian:VentSteam","Guardian:ShieldCharger"],"picked":"Guardian:BronzeArmor+1","floor":22},{"not_picked":["HandOfGreed","The Bomb"],"picked":"Assess","floor":26},{"not_picked":["Magnetism","Flash of Steel"],"picked":"Finesse","floor":26},{"not_picked":["Guardian:TemporalStrike","Guardian:Suspension"],"picked":"Guardian:Gem_Cyan","floor":27},{"not_picked":["Guardian:WalkerClaw+1","Guardian:RollAttack+1","Guardian:CrystalBeam"],"picked":"SKIP","floor":28},{"not_picked":["Guardian:Incinerate","Guardian:WalkerClaw"],"picked":"Guardian:Gem_Crimson","floor":29},{"not_picked":["Guardian:Reroute+1","Guardian:BodySlam","Guardian:Incinerate"],"picked":"SKIP","floor":30},{"not_picked":["Guardian:PrimingBeam","Guardian:VentSteam+1"],"picked":"Guardian:PiercingHide","floor":32},{"not_picked":["Guardian:RollAttack","Guardian:Orbwalk","Guardian:CrystalBeam"],"picked":"SKIP","floor":36},{"not_picked":["Guardian:Planning","Guardian:RollAttack+1","Guardian:FloatingOrbs+1"],"picked":"SKIP","floor":37},{"not_picked":["Guardian:Gem_Lightblue","Guardian:CrystalBeam","Guardian:TemporalStrike+1"],"picked":"SKIP","floor":42},{"not_picked":["Guardian:Incinerate","Guardian:HyperBeam_Guardian","Guardian:Gem_Green"],"picked":"SKIP","floor":44},{"not_picked":["Guardian:Gem_Red","Guardian:TemporalStrike","Guardian:Reroute+1"],"picked":"SKIP","floor":45},{"not_picked":["Guardian:Reroute","Guardian:Gem_Green"],"picked":"Guardian:Gem_Cyan","floor":48},{"not_picked":["Guardian:VentSteam+1","Guardian:TemporalShield","Guardian:Repulse"],"picked":"SKIP","floor":49}],"player_experience":317603,"relics_obtained":[{"floor":7.0,"key":"Potion Belt"},{"floor":11.0,"key":"infinitespire:PuzzleCube"},{"floor":24,"key":"Whetstone"},{"floor":40,"key":"ZombieTooth"},{"floor":41,"key":"Omamori"},{"floor":42,"key":"SpikesRelics:DaevaFist"},{"floor":46,"key":"Du-Vu Doll"}],"event_choices":[{"damage_healed":0.0,"max_hp_gain":5.0,"max_hp_loss":0.0,"gold_gain":0.0,"event_name":"Big Fish","player_choice":"Donut","floor":3.0,"gold_loss":0.0,"damage_taken":0.0},{"damage_healed":0,"gold_gain":2,"player_choice":"1","damage_taken":0,"max_hp_gain":0,"max_hp_loss":0,"event_name":"betterStone:BetterStone","floor":26,"gold_loss":0},{"damage_healed":0,"gold_gain":0,"player_choice":"Fight","damage_taken":0,"max_hp_gain":0,"max_hp_loss":0,"event_name":"Mysterious Sphere","floor":40,"gold_loss":0}],"is_beta":false,"boss_relics":[{"not_picked":["Empty Cage","Tiny House"],"picked":"SlaversCollar"},{"not_picked":["Velvet Choker","SacredBark"],"picked":"construct:WeddingRing"}],"items_purged_floors":[21,44,47],"is_endless":false,"potions_floor_spawned":[10,13,15,16,27,29,30,32,36,42,48,49],"killed_by":"SI_POISON_ARCHETYPE","ascension_level":0}}