{"host":"kabf61oc9jgfwufg","time":1610821016,"event":{"mods":["AchievementEnabler","Aspiration","BaseMod","Conspire","Energized Spire","GifTheSpireLib","GungeonMod","Halation","HexUI Lib","Hubris","Infinite Spire","Minty Spire (QoL Compilation)","Quick Restart","Rare Cards Sparkle","Replay The Spire","Shop Mod","Small Relic Pack","StSLib"],"gold_per_floor":[118,118,135,154,79,107,124,157,182,215,231,231,244,95,95,95,95],"floor_reached":16,"language":"ENG","playtime":370,"items_purged":["Strike_P"],"score":207,"play_id":"b02aac3e-3708-46d6-bb60-26ec267a1daa","local_time":"20210116181656","is_ascension_mode":true,"campfire_choices":[{"floor":12.0,"key":"REST"},{"floor":15.0,"key":"REST"}],"circlet_count":0,"master_deck":["Strike_P+1","Strike_P","Defend_P","Defend_P","Defend_P","Defend_P","Eruption+1","Vigilance","Tantrum","FlurryOfBlows","WindmillStrike","FlurryOfBlows","FollowUp","Consecrate"],"relics":["PureWater","Whetstone","aspiration:HiddenCompartment","DemoMod:WhiteGuonStone","DemoMod:VorpalBullet","Bronze Scales"],"acts_visited":["Exordium"],"potions_floor_usage":[],"damage_taken":[{"damage":1.0,"enemies":"Jaw Worm","floor":1.0,"turns":2.0},{"damage":0.0,"enemies":"Cultist","floor":3.0,"turns":2.0},{"damage":10.0,"enemies":"conspire:RoseBush","floor":4.0,"turns":1.0},{"damage":24.0,"enemies":"Lagavulin","floor":6.0,"turns":3.0},{"damage":20.0,"enemies":"Lots of Slimes","floor":7.0,"turns":2.0},{"damage":0.0,"enemies":"Gremlin Nob","floor":8.0,"turns":2.0},{"damage":0.0,"enemies":"Lagavulin","floor":10.0,"turns":4.0},{"damage":0.0,"enemies":"Exordium Wildlife","floor":11.0,"turns":2.0},{"damage":33.0,"enemies":"Gremlin Gang","floor":13.0,"turns":3.0},{"damage":24,"enemies":"The Guardian","floor":16,"turns":6}],"seed_played":"-5096026191090355346","potions_obtained":[{"floor":3.0,"key":"Energy Potion"},{"floor":6.0,"key":"Toxic Potion"}],"is_trial":false,"path_per_floor":["M","?","M","M","$","E","M","E","T","E","M","R","M","$","R","B"],"character_chosen":"WATCHER","items_purchased":["Bronze Scales"],"campfire_rested":2,"item_purchase_floors":[14],"current_hp_per_floor":[71,71,71,61,61,37,17,17,17,17,17,38,5,5,26,2,2],"gold":95,"neow_bonus":"THREE_CARDS","is_daily":false,"chose_seed":false,"campfire_upgraded":0,"win_rate":0.0,"timestamp":1610821016,"path_taken":["M","?","M","M","?","E","?","E","T","E","M","R","M","$","R","BOSS"],"items_purchased_type":["Relic"],"build_version":"2020-12-22","purchased_purges":1,"victory":false,"max_hp_per_floor":[72,72,72,72,72,72,72,72,72,72,72,72,72,72,72,72,72],"card_choices":[{"not_picked":["Study","Replay:BluntJabs"],"picked":"Tantrum","floor":0.0},{"not_picked":["Halt","Consecrate"],"picked":"FlurryOfBlows","floor":1.0},{"not_picked":["Replay:AtTheReady","CarveReality","Replay:AllIn"],"picked":"SKIP","floor":3.0},{"not_picked":["Prostrate","Replay:Anticipation","FlyingSleeves"],"picked":"SKIP","floor":4.0},{"not_picked":["Conclude","SignatureMove"],"picked":"FlurryOfBlows","floor":6.0},{"not_picked":["Vengeance","ClearTheMind","ThirdEye"],"picked":"SKIP","floor":7.0},{"not_picked":["Replay:ManipulateFuture","ClearTheMind","Adaptation"],"picked":"SKIP","floor":8.0},{"not_picked":["Replay:Cycle","CrushJoints","Brilliance"],"picked":"SKIP","floor":10.0},{"not_picked":["Replay:AtTheReady","BowlingBash"],"picked":"FollowUp","floor":11.0},{"not_picked":["FearNoEvil","FollowUp"],"picked":"Consecrate","floor":13.0}],"player_experience":114054,"relics_obtained":[{"floor":6.0,"key":"Whetstone"},{"floor":8.0,"key":"aspiration:HiddenCompartment"},{"floor":9.0,"key":"DemoMod:WhiteGuonStone"},{"floor":10.0,"key":"DemoMod:VorpalBullet"}],"event_choices":[{"damage_healed":0.0,"max_hp_gain":0.0,"max_hp_loss":0.0,"gold_gain":0.0,"cards_transformed":["Strike_P"],"event_name":"Transmorgrifier","player_choice":"Transformed","floor":2.0,"gold_loss":0.0,"damage_taken":0.0,"cards_obtained":["WindmillStrike"]}],"is_beta":false,"boss_relics":[],"items_purged_floors":[5],"is_endless":false,"potions_floor_spawned":[3,6],"killed_by":"The Guardian","ascension_level":1}}