{"host":"az1ex86qolajid0q","time":1610757810,"event":{"mods":["2.2 Compatiblity","AchievementEnabler","Astrologer","BaseMod","Beaked The Cultist","Better Altar","Better Match","Better Note","Better Sensory Stone","Better Skull","Better Third Choice","Better Vampires","BetterRewards","Colored Map","Colored Powertips","Downfall","Energized Spire","Hermit","Jorbs\u0027s Wanderer Trilogy","Minty Spire (QoL Compilation)","Permanent Neow","Rare Cards Sparkle","Relic Sorter","Relic Stats","Shop Mod","Spicy Shops","StSLib","The Construct"],"gold_per_floor":[109,42,42,57,71,71,86,86,86],"floor_reached":8,"language":"ENG","playtime":190,"items_purged":[],"score":72,"play_id":"8f6a6b65-8761-4e3e-88f2-a5cff93bcc53","local_time":"20210115184330","is_ascension_mode":true,"campfire_choices":[],"circlet_count":0,"master_deck":["AscendersBane","Strike_P","Strike_P","Strike_P","Strike_P","Defend_P","Defend_P","Defend_P","Defend_P","Eruption","Vigilance","FlurryOfBlows","JustLucky+1","EmptyFist","Evaluate","Crescendo"],"relics":["SacredBark","Art of War"],"acts_visited":["Exordium"],"potions_floor_usage":[],"damage_taken":[{"damage":0,"enemies":"Small Slimes","floor":1,"turns":2},{"damage":2,"enemies":"2 Louse","floor":4,"turns":2},{"damage":2,"enemies":"Jaw Worm","floor":5,"turns":3},{"damage":13,"enemies":"Blue Slaver","floor":7,"turns":3},{"damage":46,"enemies":"Gremlin Nob","floor":8,"turns":4}],"seed_played":"-951979845335984026","potions_obtained":[],"is_trial":false,"path_per_floor":["M","$","?","M","M","?","M","E"],"character_chosen":"WATCHER","items_purchased":["JustLucky"],"campfire_rested":0,"item_purchase_floors":[2],"current_hp_per_floor":[65,65,65,63,61,58,45,0,0],"gold":86,"neow_bonus":"BOSS_RELIC","is_daily":false,"chose_seed":false,"campfire_upgraded":0,"win_rate":0.0,"timestamp":1610757810,"path_taken":["M","$","?","M","M","?","M","E"],"items_purchased_type":["Card"],"build_version":"2020-12-22","purchased_purges":0,"victory":false,"max_hp_per_floor":[72,72,72,72,72,72,72,72,72],"relic_stats":{"counters":[5,14],"Art of War":[0],"obtain_stats":[{"SacredBark":0,"Art of War":6,"PureWater":0},{"SacredBark":0,"Art of War":3,"PureWater":0},{"SacredBark":0,"Art of War":7,"PureWater":0}]},"card_choices":[{"not_picked":["Prostrate","Evaluate"],"picked":"FlurryOfBlows","floor":1},{"not_picked":["CrushJoints","Consecrate"],"picked":"EmptyFist","floor":4},{"not_picked":["Omniscience","Pray"],"picked":"Evaluate","floor":5},{"not_picked":["Evaluate","Conclude"],"picked":"Crescendo","floor":7}],"player_experience":678035,"relics_obtained":[],"event_choices":[{"damage_healed":0,"gold_gain":0,"player_choice":"Grow","damage_taken":0,"max_hp_gain":0,"max_hp_loss":0,"event_name":"Living Wall","floor":3,"gold_loss":0,"cards_upgraded":["JustLucky"]},{"damage_healed":0,"gold_gain":0,"player_choice":"Relic ","damage_taken":3,"max_hp_gain":0,"max_hp_loss":0,"event_name":"betterThird:BetterScrap","floor":6,"gold_loss":0,"cards_obtained":["Heel Hook"]}],"is_beta":false,"boss_relics":[],"items_purged_floors":[],"is_endless":false,"potions_floor_spawned":[],"killed_by":"Gremlin Nob","ascension_level":10}}