{"host":"dlqyscxstsnu98l1","time":1610762863,"event":{"mods":["AchievementEnabler","BaseMod","Bestiary","Colored Map","Colored Powertips","Conspire","GifTheSpireLib","Highlight Path","Minty Spire (QoL Compilation)","Random Character Button","Replay The Spire","SacredBarkPlus","StSLib"],"gold_per_floor":[113,124,49,69,86,86,120,120,120,120,180,194,204,231,231,333,333,346,346,346],"floor_reached":19,"language":"ENG","playtime":799,"items_purged":["Defend_P","Decay"],"score":186,"play_id":"c71dfec3-3ccb-4a6b-b346-4ef0d1f80a36","local_time":"20210115200743","is_ascension_mode":true,"campfire_choices":[{"data":"Brilliance","floor":6,"key":"SMITH"},{"data":"Eruption","floor":8,"key":"SMITH"},{"data":"FlyingSleeves","floor":10,"key":"SMITH"},{"data":"Worship","floor":15,"key":"SMITH"}],"circlet_count":0,"master_deck":["Strike_P","Strike_P","Strike_P","Strike_P","Defend_P","Defend_P","Defend_P","Eruption+1","Vigilance","Brilliance+1","FlyingSleeves+1","Worship+1","Consecrate","FearNoEvil","DevaForm"],"relics":["PureWater","Juzu Bracelet","Replay:Accelerometer","ReplayTheSpireMod:CursedCoin","conspire:DecoderRing","conspire:RoyalGoblet"],"acts_visited":["Exordium","TheCity"],"potions_floor_usage":[14,16,19],"damage_taken":[{"damage":0,"enemies":"conspire:RoseBush","floor":1,"turns":3},{"damage":4,"enemies":"Small Slimes","floor":2,"turns":4},{"damage":1,"enemies":"Jaw Worm","floor":4,"turns":3},{"damage":1,"enemies":"3 Louse","floor":5,"turns":2},{"damage":10,"enemies":"Replay:BlueRogue","floor":7,"turns":3},{"damage":1,"enemies":"2 Fungi Beasts","floor":12,"turns":2},{"damage":14,"enemies":"Gremlin Nob","floor":14,"turns":3},{"damage":2,"enemies":"Fading Forest","floor":16,"turns":11},{"damage":34,"enemies":"Spheric Guardian","floor":18,"turns":6},{"damage":38,"enemies":"conspire:MimicChest","floor":19,"turns":4}],"seed_played":"7835248507897183196","potions_obtained":[{"floor":7,"key":"PowerPotion"},{"floor":11,"key":"Swift Potion"},{"floor":14,"key":"DuplicationPotion"},{"floor":16,"key":"BlessingOfTheForge"}],"is_trial":false,"path_per_floor":["M","M","$","M","M","R","E","R","T","R","?","M","$","E","R","B",null,"M","?"],"character_chosen":"WATCHER","items_purchased":["ReplayTheSpireMod:CursedCoin","FearNoEvil"],"campfire_rested":0,"item_purchase_floors":[13,13],"current_hp_per_floor":[51,47,47,46,45,45,35,35,35,35,35,34,34,20,20,42,72,38,0,0],"gold":346,"neow_bonus":"THREE_RARE_CARDS","is_daily":false,"chose_seed":false,"campfire_upgraded":4,"win_rate":0.0,"timestamp":1610762863,"path_taken":["M","M","$","M","M","R","E","R","T","R","?","M","$","E","R","BOSS","M","?"],"items_purchased_type":["Relic","Card"],"build_version":"2020-12-22","purchased_purges":2,"victory":false,"max_hp_per_floor":[72,72,72,72,72,72,72,72,72,72,72,72,72,72,72,72,72,72,72,72],"card_choices":[{"not_picked":["Scrawl","Judgement"],"picked":"Brilliance","floor":0},{"not_picked":["PathToVictory","DeceiveReality"],"picked":"FlyingSleeves","floor":1},{"not_picked":["Crescendo","ClearTheMind","BattleHymn"],"picked":"SKIP","floor":2},{"not_picked":["EmptyBody","Protect","Meditate"],"picked":"SKIP","floor":4},{"not_picked":["EmptyBody","Crescendo","Weave"],"picked":"SKIP","floor":5},{"not_picked":["FollowUp","EmptyBody","Judgement"],"picked":"SKIP","floor":7},{"not_picked":["Evaluate","FlyingSleeves"],"picked":"Worship","floor":11},{"not_picked":["Collect","Replay:AtTheReady"],"picked":"Consecrate","floor":12},{"not_picked":["BattleHymn","EmptyMind","ClearTheMind"],"picked":"SKIP","floor":14},{"not_picked":["Ragnarok","Scrawl"],"picked":"DevaForm","floor":16},{"not_picked":["Replay:BluntJabs","Protect+1","Nirvana+1"],"picked":"SKIP","floor":18}],"player_experience":56245,"relics_obtained":[{"floor":7,"key":"Juzu Bracelet"},{"floor":11,"key":"Replay:Accelerometer"},{"floor":14,"key":"conspire:DecoderRing"}],"event_choices":[],"is_beta":false,"boss_relics":[{"not_picked":["Velvet Choker","Fusion Hammer"],"picked":"conspire:RoyalGoblet"}],"items_purged_floors":[3,13],"is_endless":false,"potions_floor_spawned":[7,14,16],"killed_by":"conspire:MimicChest","ascension_level":1}}