{"host":"tpbmol9dayg75a5s","time":1610814355,"event":{"mods":["BaseMod","Bestiary","Block Reminder","Colored Powertips","Dark Map","Downfall","Minty Spire (QoL Compilation)","Relic Stats","StSLib"],"gold_per_floor":[0,19,36,36,36,36,36,47,63,90,110,124,24,35,52,149,149,49,60,71,86,86,86,86,86,96,128,128,160,160,70,83,180,180,180,203,230,253,277,302,302,350,250,288,316,353,353,381,395,395,395,430,83,83,83,83],"floor_reached":57,"language":"ENG","playtime":7683,"items_purged":["Writhe","downfall:Icky"],"score":1746,"play_id":"37a16892-2958-4e7d-8057-db9f68844acd","local_time":"20210116132555","is_ascension_mode":true,"campfire_choices":[{"floor":1,"key":"RECALL"},{"data":"sneckomod:TailWhip","floor":6,"key":"SMITH"},{"floor":13,"key":"REST"},{"data":"sneckomod:MasterEye","floor":18,"key":"SMITH"},{"data":"1","floor":25,"key":"LIFT"},{"data":"2","floor":28,"key":"LIFT"},{"data":"3","floor":30,"key":"LIFT"},{"data":"sneckomod:MasterEye","floor":35,"key":"SMITH"},{"data":"Limit Break","floor":43,"key":"SMITH"},{"data":"sneckomod:UnknownRarePower","floor":47,"key":"SMITH"},{"data":"sneckomod:UnknownUncommonPower","floor":54,"key":"SMITH"}],"circlet_count":0,"master_deck":["sneckomod:Strike","sneckomod:Strike","sneckomod:Strike","sneckomod:Defend","sneckomod:Defend","sneckomod:Defend","sneckomod:TailWhip+1","sneckomod:SnekBite","sneckomod:Unknown","sneckomod:Unknown","sneckomod:UnknownRareAttack","sneckomod:UnknownBlock","sneckomod:ImprovisedGuard","sneckomod:Nope","sneckomod:UnknownDexterity","sneckomod:QuickBite","sneckomod:MasterEye+1","sneckomod:QuickMove","sneckomod:CheapStock","sneckomod:UnknownExhaust","sneckomod:UnlimitedRolls","sneckomod:UnknownVulnerable","sneckomod:IronFang","sneckomod:UnknownRarePower+1","Ghostly","Ghostly","Ghostly","Ghostly","Ghostly","sneckomod:MasterEye+1","sneckomod:ImprovisedAttack+1","sneckomod:UnknownUncommonPower+1","sneckomod:QuickBite+1","sneckomod:UnknownRareSkill","sneckomod:SnakeSap+1","sneckomod:Mudshield","Shame","sneckomod:QuickBite+1","Limit Break+1","sneckomod:SoulDraw","sneckomod:UnknownDexterity+1","sneckomod:SerpentIdol+1","sneckomod:RainOfDice+1","sneckomod:SoulDraw","sneckomod:UnknownDexterity+1","sneckomod:QuickBite+1"],"relics":["sneckomod:SneckoSoul","Mercury Hourglass","Eternal Feather","Anchor","downfall:HeartBlessingGreen","SlaversCollar","downfall:HeartBlessingRed","Girya","Tiny Chest","Molten Egg 2","Omamori","Calling Bell","CeramicFish","Question Card","Pocketwatch","Blue Candle","Boot","downfall:HeartBlessingBlue","Ancient Tea Set","The Courier","Bronze Scales","Shuriken"],"acts_visited":["Exordium","TheCity","TheBeyond","TheEnding"],"potions_floor_usage":[10,10,14,16,33,50,56],"damage_taken":[{"damage":10,"enemies":"Jaw Worm","floor":2,"turns":4},{"damage":1,"enemies":"2 Louse","floor":3,"turns":2},{"damage":0,"enemies":"Cultist","floor":8,"turns":3},{"damage":14,"enemies":"Large Slime","floor":9,"turns":6},{"damage":13,"enemies":"Gremlin Nob","floor":10,"turns":4},{"damage":1,"enemies":"Blue Slaver","floor":11,"turns":3},{"damage":7,"enemies":"Exordium Wildlife","floor":12,"turns":3},{"damage":0,"enemies":"Large Slime","floor":14,"turns":3},{"damage":3,"enemies":"Exordium Wildlife","floor":15,"turns":5},{"damage":33,"enemies":"WA_ARCHETYPE_RETAIN","floor":16,"turns":9},{"damage":18,"enemies":"Chosen","floor":19,"turns":5},{"damage":12,"enemies":"3 Byrds","floor":20,"turns":5},{"damage":25,"enemies":"Cultist and Chosen","floor":21,"turns":7},{"damage":8,"enemies":"3 Cultists","floor":26,"turns":5},{"damage":8,"enemies":"Slavers","floor":27,"turns":7},{"damage":0,"enemies":"Book of Stabbing","floor":29,"turns":6},{"damage":0,"enemies":"downfall:FleeingMerchant","floor":31,"turns":4},{"damage":0,"enemies":"Snake Plant","floor":32,"turns":6},{"damage":19,"enemies":"IC_MUSHROOM_ARCHETYPE","floor":33,"turns":7},{"damage":12,"enemies":"3 Darklings","floor":36,"turns":5},{"damage":10,"enemies":"Orb Walker","floor":38,"turns":3},{"damage":6,"enemies":"Spire Growth","floor":39,"turns":6},{"damage":3,"enemies":"Transient","floor":40,"turns":5},{"damage":18,"enemies":"Giant Head","floor":42,"turns":7},{"damage":26,"enemies":"Reptomancer","floor":44,"turns":8},{"damage":2,"enemies":"Sphere and 2 Shapes","floor":45,"turns":4},{"damage":2,"enemies":"Giant Head","floor":46,"turns":6},{"damage":34,"enemies":"3 Darklings","floor":48,"turns":5},{"damage":2,"enemies":"Maw","floor":49,"turns":9},{"damage":15,"enemies":"SI_POISON_ARCHETYPE","floor":50,"turns":6},{"damage":22,"enemies":"downfall:CharBossMerchant","floor":52,"turns":8},{"damage":6,"enemies":"downfall:NeowBoss","floor":55,"turns":8},{"damage":25,"enemies":"downfall:NeowBossFinal","floor":56,"turns":9}],"seed_played":"-4639595809139815216","potions_obtained":[{"floor":2,"key":"champ:CounterPotion"},{"floor":10,"key":"EntropicBrew"},{"floor":16,"key":"sneckomod:MuddlingPotion"},{"floor":27,"key":"Strength Potion"},{"floor":29,"key":"FairyPotion"},{"floor":33,"key":"sneckomod:DiceRollPotion"},{"floor":40,"key":"hexamod:SoulburnPotion"}],"is_trial":false,"path_per_floor":["R","M","M","?","?","R","T","M","M","E","M","M","R","M","M","B",null,"R","M","M","M","?","?","T","R","M","E","R","E","R","$","M","B",null,"R","M","?","M","M","M","T","E","R","E","M","E","R","M","M","B",null,"E","$","R","B","B",null],"character_chosen":"THE_SNECKO","items_purchased":["Shuriken","PowerPotion","sneckomod:QuickBite+1"],"campfire_rested":1,"item_purchase_floors":[53,53,53],"current_hp_per_floor":[81,71,70,52,52,52,52,52,38,25,24,17,53,53,50,17,72,84,66,54,29,29,29,29,45,37,29,45,45,45,45,45,26,40,45,33,38,28,22,19,19,12,46,20,18,29,53,19,29,14,49,27,27,54,48,23],"gold":83,"neow_bonus":"THREE_RARE_CARDS","is_daily":false,"chose_seed":false,"campfire_upgraded":6,"win_rate":0.0,"timestamp":1610814355,"path_taken":["R","M","M","?","?","R","T","M","M","E","M","M","R","?","M","BOSS","R","M","M","M","?","?","T","R","M","E","R","E","R","$","M","BOSS","R","M","?","M","M","M","T","E","R","E","M","E","R","M","M","BOSS","E","$","R","BOSS","BOSS"],"items_purchased_type":["Relic","Potion","Card"],"build_version":"2020-12-22","purchased_purges":2,"victory":true,"max_hp_per_floor":[90,90,90,90,90,90,90,90,90,90,90,90,90,90,90,90,90,90,90,90,90,45,45,45,45,45,45,45,45,45,45,45,45,45,45,45,50,50,50,50,50,50,60,60,60,60,60,60,60,60,60,60,60,60,60,60],"relic_stats":{"counters":[33,180],"Shuriken":[8],"CeramicFish":135,"Blue Candle":[21],"Bronze Scales":[48],"Eternal Feather":133,"Tiny Chest":0,"Question Card":11,"Boot":[5],"obtain_stats":[{"Girya":23,"downfall:HeartBlessingRed":18,"CeramicFish":34,"Blue Candle":37,"Eternal Feather":7,"downfall:HeartBlessingGreen":13,"The Courier":46,"Omamori":29,"sneckomod:SneckoSoul":0,"Question Card":34,"Boot":42,"Ancient Tea Set":44,"Mercury Hourglass":4,"Calling Bell":34,"SlaversCollar":17,"Anchor":10,"downfall:HeartBlessingBlue":43,"Shuriken":53,"Bronze Scales":52,"Tiny Chest":24,"Molten Egg 2":27,"Pocketwatch":34},{"Girya":13,"downfall:HeartBlessingRed":10,"CeramicFish":19,"Blue Candle":20,"Eternal Feather":2,"downfall:HeartBlessingGreen":7,"The Courier":27,"Omamori":16,"sneckomod:SneckoSoul":0,"Question Card":19,"Boot":24,"Ancient Tea Set":25,"Mercury Hourglass":2,"Calling Bell":19,"SlaversCollar":10,"Anchor":5,"downfall:HeartBlessingBlue":24,"Shuriken":31,"Bronze Scales":31,"Tiny Chest":13,"Molten Egg 2":15,"Pocketwatch":19},{"Girya":58,"downfall:HeartBlessingRed":42,"CeramicFish":92,"Blue Candle":97,"Eternal Feather":6,"downfall:HeartBlessingGreen":25,"The Courier":136,"Omamori":76,"sneckomod:SneckoSoul":0,"Question Card":92,"Boot":118,"Ancient Tea Set":126,"Mercury Hourglass":6,"Calling Bell":92,"SlaversCollar":42,"Anchor":19,"downfall:HeartBlessingBlue":118,"Shuriken":163,"Bronze Scales":163,"Tiny Chest":58,"Molten Egg 2":70,"Pocketwatch":92}],"Mercury Hourglass":[631],"Pocketwatch":[45]},"card_choices":[{"not_picked":["sneckomod:UnlimitedRolls","sneckomod:MorePower"],"picked":"sneckomod:UnknownRareAttack","floor":0},{"not_picked":["sneckomod:UnknownCommonSkill","sneckomod:RainOfDice"],"picked":"sneckomod:UnknownBlock","floor":2},{"not_picked":["sneckomod:Unknown1Cost","sneckomod:SnakeSap"],"picked":"sneckomod:ImprovisedGuard","floor":3},{"not_picked":["sneckomod:SoulRoll","sneckomod:QuickMove"],"picked":"sneckomod:Nope","floor":8},{"not_picked":["sneckomod:QuickBite","sneckomod:PureSnecko"],"picked":"sneckomod:UnknownDexterity","floor":9},{"not_picked":["sneckomod:Nope","sneckomod:Mudshield"],"picked":"sneckomod:QuickBite","floor":10},{"not_picked":["sneckomod:UnknownCommonAttack","sneckomod:UnknownBlock"],"picked":"sneckomod:MasterEye","floor":11},{"not_picked":["sneckomod:UnknownDraw","sneckomod:QuickBite"],"picked":"sneckomod:QuickMove","floor":12},{"not_picked":["sneckomod:MasterEye","sneckomod:RainOfDice"],"picked":"sneckomod:CheapStock","floor":14},{"not_picked":["sneckomod:UnknownUncommonSkill","sneckomod:QuickBite"],"picked":"sneckomod:UnknownExhaust","floor":15},{"not_picked":["sneckomod:UnknownRareAttack","sneckomod:Unknown3Cost"],"picked":"sneckomod:UnlimitedRolls","floor":16},{"not_picked":["sneckomod:DiceBoulder","sneckomod:UnknownCommonAttack"],"picked":"sneckomod:UnknownVulnerable","floor":19},{"not_picked":["sneckomod:UnknownCommonSkill","sneckomod:Nope"],"picked":"sneckomod:IronFang","floor":20},{"not_picked":["sneckomod:UnknownUncommonAttack+1","sneckomod:CheapStock"],"picked":"sneckomod:UnknownRarePower","floor":21},{"not_picked":["sneckomod:UnknownClassRED+1","sneckomod:IronFang+1"],"picked":"sneckomod:MasterEye","floor":26},{"not_picked":["sneckomod:SoulDraw","sneckomod:UnknownStrike+1"],"picked":"sneckomod:ImprovisedAttack+1","floor":27},{"not_picked":["sneckomod:SoulCleanse","sneckomod:UnknownClassRED"],"picked":"sneckomod:UnknownUncommonPower","floor":29},{"not_picked":["sneckomod:Unknown2Cost","sneckomod:PureSnecko","sneckomod:UnknownClassRED"],"picked":"SKIP","floor":31},{"not_picked":["sneckomod:SoulExchange","sneckomod:DiceBlock"],"picked":"sneckomod:QuickBite+1","floor":32},{"not_picked":["sneckomod:UnlimitedRolls","sneckomod:MorePower"],"picked":"sneckomod:UnknownRareSkill","floor":33},{"not_picked":["sneckomod:CheapStock+1","sneckomod:DiceCrush+1","sneckomod:UnknownExhaust"],"picked":"sneckomod:SnakeSap+1","floor":36},{"not_picked":["sneckomod:UnknownCommonSkill","sneckomod:DiceCrush+1","sneckomod:SoulRoll+1"],"picked":"sneckomod:QuickBite+1","floor":38},{"not_picked":["sneckomod:Cheat","sneckomod:UnknownExhaust","sneckomod:UnknownCommonAttack+1"],"picked":"sneckomod:UnknownStrength+1","floor":39},{"not_picked":["sneckomod:IronFang+1","sneckomod:UnknownClassGREEN","sneckomod:UnknownDraw"],"picked":"sneckomod:Memorize+1","floor":40},{"not_picked":["sneckomod:UnknownX","sneckomod:Unknown1Cost+1","sneckomod:ImprovisedAttack+1"],"picked":"sneckomod:SoulDraw","floor":42},{"not_picked":["sneckomod:GlitteringGambit","sneckomod:DefensiveFlair","sneckomod:IronFang+1"],"picked":"sneckomod:UnknownDexterity+1","floor":44},{"not_picked":["sneckomod:SoulDraw+1","sneckomod:UnknownDraw","sneckomod:TrashToTreasure+1"],"picked":"sneckomod:SerpentIdol+1","floor":45},{"not_picked":["sneckomod:UnlimitedRolls","sneckomod:QuickMove+1","sneckomod:DiceCrush+1"],"picked":"sneckomod:RainOfDice+1","floor":46},{"not_picked":["sneckomod:UnknownUncommonPower","sneckomod:IronFang+1","sneckomod:UnknownCommonSkill"],"picked":"sneckomod:SoulDraw","floor":48},{"not_picked":["sneckomod:UnknownUncommonAttack+1","sneckomod:UnknownBlock","sneckomod:UnknownClassGREEN","sneckomod:CheapStock"],"picked":"SKIP","floor":49},{"not_picked":["sneckomod:SerpentIdol+1","sneckomod:UnknownExhaust+1","sneckomod:DiceBlock+1"],"picked":"sneckomod:UnknownDexterity+1","floor":52}],"player_experience":1022541,"relics_obtained":[{"floor":7,"key":"Eternal Feather"},{"floor":10,"key":"Anchor"},{"floor":24,"key":"Tiny Chest"},{"floor":27,"key":"Molten Egg 2"},{"floor":29,"key":"Omamori"},{"floor":34,"key":"CeramicFish"},{"floor":34,"key":"Question Card"},{"floor":34,"key":"Pocketwatch"},{"floor":42,"key":"Boot"},{"floor":44,"key":"Ancient Tea Set"},{"floor":46,"key":"The Courier"},{"floor":52,"key":"Bronze Scales"}],"event_choices":[{"damage_healed":0,"gold_gain":0,"player_choice":"Success","damage_taken":18,"relics_obtained":["Mercury Hourglass"],"max_hp_gain":0,"max_hp_loss":0,"event_name":"Scrap Ooze","floor":4,"gold_loss":0},{"damage_healed":0,"gold_gain":0,"player_choice":"Became a Ghost","damage_taken":0,"max_hp_gain":0,"max_hp_loss":45,"event_name":"Ghosts","floor":22,"gold_loss":0,"cards_obtained":["Ghostly","Ghostly","Ghostly","Ghostly","Ghostly"]}],"is_beta":false,"boss_relics":[{"not_picked":["sneckomod:SuperSneckoSoul","Tiny House"],"picked":"SlaversCollar"},{"not_picked":["Black Star","Astrolabe"],"picked":"Calling Bell"}],"items_purged_floors":[31,53],"is_endless":false,"potions_floor_spawned":[2,10,11,16,27,29,32,33,38,39,40,44,48],"ascension_level":8}}