{"host":"cw25u8qal1h0d7ia","time":1610815409,"event":{"mods":["BaseMod","Downfall","Minty Spire (QoL Compilation)","StSLib"],"gold_per_floor":[399,414,429,441,454,454,454,483,494,394,458,152,152,185,200,300,300,300,314,314,329,345,345,345,359,28,61,61,94,94,94,107,202,202,202,218,218,235,235,247,247,259,259,259,291,305,305,148,160,160,160,160],"floor_reached":50,"language":"ENG","playtime":5860,"items_purged":["Regret","champ:Defend"],"score":774,"play_id":"509eb937-2033-4c23-91e7-d3e0a3ca97c2","local_time":"20210116174329","is_ascension_mode":false,"campfire_choices":[{"data":"champ:Taunt","floor":1,"key":"SMITH"},{"floor":10,"key":"REST"},{"data":"champ:CheapShot","floor":18,"key":"SMITH"},{"data":"champ:RapidStrikes","floor":35,"key":"SMITH"},{"data":"champ:Backstep","floor":44,"key":"SMITH"},{"data":"champ:Duel","floor":47,"key":"SMITH"}],"circlet_count":0,"master_deck":["champ:Strike","champ:Strike","champ:Strike","champ:Strike","champ:Defend","champ:Defend","champ:Defend","champ:Execute","champ:Taunt+1","champ:RapidStrikes+1","champ:Duel+1","champ:Endure","champ:CheapShot+1","champ:GutPunch","downfall:Malfunctioning","champ:Backstep+1","Pride","Writhe","champ:Improvising+1","Injury","CurseOfTheBell","champ:VampiricStrike+1","Parasite","champ:IronFortress+1","champ:GladiatorStyle+1","champ:TripleStrike+1","champ:RapidStrikes+1","champ:IronFortress+1","champ:GladiatorStyle+1","champ:StrikeOfGenius+1"],"relics":["champ:ChampionCrown","Old Coin","downfall:ShatteredFragment","champ:GladiatorsBookOfMartialProwess","Gremlin Horn","downfall:HeartBlessingGreen","Akabeko","Toolbox","Orichalcum","Darkstone Periapt","The Courier","Cursed Key","champ:DefensiveTrainingManual","Pear","Torii","MealTicket","Vajra","Du-Vu Doll","Frozen Egg 2","Runic Pyramid","Calling Bell","Regal Pillow","Molten Egg 2","TungstenRod","Kunai","Omamori","Happy Flower"],"acts_visited":["Exordium","TheCity","TheBeyond"],"potions_floor_usage":[8,11,16,33,40,50,50,50],"damage_taken":[{"damage":20,"enemies":"Small Slimes","floor":2,"turns":4},{"damage":2,"enemies":"2 Louse","floor":3,"turns":2},{"damage":23,"enemies":"Jaw Worm","floor":4,"turns":6},{"damage":31,"enemies":"Large Slime","floor":5,"turns":5},{"damage":54,"enemies":"Gremlin Nob","floor":8,"turns":5},{"damage":10,"enemies":"2 Fungi Beasts","floor":9,"turns":3},{"damage":14,"enemies":"Lagavulin Event","floor":11,"turns":6},{"damage":10,"enemies":"downfall:FleeingMerchant","floor":12,"turns":4},{"damage":21,"enemies":"3 Sentries","floor":14,"turns":6},{"damage":19,"enemies":"Blue Slaver","floor":15,"turns":3},{"damage":40,"enemies":"WA_ARCHETYPE_RETAIN","floor":16,"turns":7},{"damage":11,"enemies":"Shell Parasite","floor":19,"turns":4},{"damage":31,"enemies":"Chosen","floor":21,"turns":4},{"damage":33,"enemies":"3 Cultists","floor":22,"turns":6},{"damage":17,"enemies":"Snecko","floor":25,"turns":4},{"damage":37,"enemies":"downfall:FleeingMerchant","floor":26,"turns":5},{"damage":20,"enemies":"Book of Stabbing","floor":27,"turns":4},{"damage":31,"enemies":"Slavers","floor":29,"turns":6},{"damage":6,"enemies":"Centurion and Healer","floor":32,"turns":4},{"damage":64,"enemies":"IC_MUSHROOM_ARCHETYPE","floor":33,"turns":7},{"damage":17,"enemies":"3 Shapes","floor":36,"turns":4},{"damage":17,"enemies":"3 Darklings","floor":38,"turns":5},{"damage":21,"enemies":"Sphere and 2 Shapes","floor":40,"turns":3},{"damage":19,"enemies":"4 Shapes","floor":42,"turns":2},{"damage":36,"enemies":"Giant Head","floor":45,"turns":8},{"damage":4,"enemies":"Spire Growth","floor":46,"turns":4},{"damage":4,"enemies":"downfall:FleeingMerchant","floor":48,"turns":5},{"damage":12,"enemies":"Sphere and 2 Shapes","floor":49,"turns":3},{"damage":119,"enemies":"SI_POISON_ARCHETYPE","floor":50,"turns":5}],"seed_played":"4446973605899977266","potions_obtained":[{"floor":4,"key":"Dexterity Potion"},{"floor":5,"key":"DuplicationPotion"},{"floor":8,"key":"SneckoOil"},{"floor":14,"key":"SpeedPotion"},{"floor":15,"key":"Weak Potion"},{"floor":19,"key":"Strength Potion"},{"floor":21,"key":"ColorlessPotion"},{"floor":38,"key":"GamblersBrew"},{"floor":45,"key":"Fire Potion"},{"floor":46,"key":"Fire Potion"}],"is_trial":false,"path_per_floor":["R","M","M","M","M","?","T","E","M","R","?","$","?","E","M","B",null,"R","M","?","M","M","?","T","M","$","E","?","E","?","?","M","B",null,"R","M","?","M","?","M","T","M","?","R","E","M","R","?","M","B"],"character_chosen":"THE_CHAMP","items_purchased":["Toolbox","Orichalcum","Torii","champ:Backstep","Happy Flower","champ:TripleStrike+1","champ:RapidStrikes+1","champ:IronFortress+1","champ:GladiatorStyle+1"],"campfire_rested":1,"item_purchase_floors":[12,12,26,26,48,48,48,48,48],"current_hp_per_floor":[81,81,79,76,70,43,43,19,19,43,39,39,45,39,35,22,87,87,86,86,85,77,77,93,91,84,84,90,89,89,95,89,50,115,115,108,120,123,123,122,128,119,119,119,103,104,104,105,108,0,0,0],"gold":160,"neow_bonus":"ONE_RARE_RELIC","is_daily":false,"chose_seed":false,"campfire_upgraded":5,"win_rate":0.0,"timestamp":1610815409,"path_taken":["R","M","M","M","M","?","T","E","M","R","?","$","?","E","M","BOSS","R","M","?","M","M","?","T","M","$","E","?","E","?","?","M","BOSS","R","M","?","M","?","M","T","M","?","R","E","M","R","?","M","BOSS"],"items_purchased_type":["Relic","Relic","Relic","Card","Relic","Card","Card","Card","Card"],"build_version":"2020-12-22","purchased_purges":2,"victory":false,"max_hp_per_floor":[81,81,81,81,81,81,81,81,81,81,81,81,87,87,87,87,87,87,87,87,87,87,87,103,103,103,103,109,109,109,115,115,115,115,115,115,127,127,127,127,133,133,133,133,133,133,133,133,133,133,133,133],"card_choices":[{"not_picked":["champ:AdrenalArmor","champ:Circumvent"],"picked":"champ:RapidStrikes","floor":2},{"not_picked":["champ:PerfectedStrike","champ:GutPunch"],"picked":"champ:EnGarde","floor":3},{"not_picked":["champ:GutPunch","champ:CrownThrow","champ:FanOfKnives"],"picked":"SKIP","floor":4},{"not_picked":["champ:PerfectedStrike","champ:CalledShot"],"picked":"champ:Duel","floor":5},{"not_picked":["champ:DancingMaster","champ:Haymaker"],"picked":"champ:Endure","floor":8},{"not_picked":["champ:BerserkersShout","champ:CrookedStrike","champ:Circumvent"],"picked":"SKIP","floor":9},{"not_picked":["champ:CalledShot","champ:SkillfulDodge","champ:DefensiveShout"],"picked":"SKIP","floor":12},{"not_picked":["champ:ShieldWall","champ:RecklessLeap","champ:StanceDance"],"picked":"SKIP","floor":14},{"not_picked":["champ:StanceDance","champ:EnragedBash","champ:DefensiveShout"],"picked":"SKIP","floor":15},{"not_picked":["champ:Devastate","champ:DancingMaster"],"picked":"champ:CheapShot","floor":16},{"not_picked":["champ:Shatter","champ:Encircle","champ:FlashCut"],"picked":"SKIP","floor":19},{"not_picked":["champ:FanOfKnives","champ:FocusedBerserking","champ:TornadoPunch"],"picked":"SKIP","floor":21},{"not_picked":["champ:RapidStrikes","champ:CrownThrow"],"picked":"champ:GutPunch","floor":22},{"not_picked":["champ:Lariat","champ:FanOfKnives","champ:HoldFirm"],"picked":"SKIP","floor":25},{"not_picked":["champ:FanOfKnives+1","champ:EndlessRage","champ:PerfectedStrike+1"],"picked":"SKIP","floor":26},{"not_picked":["champ:FanOfKnives","champ:FlashCut","champ:Circumvent"],"picked":"SKIP","floor":27},{"not_picked":["champ:FanOfKnives","champ:SkillfulDodge","champ:FaceSlap"],"picked":"SKIP","floor":29},{"not_picked":["champ:BerserkersShout","champ:GutPunch","champ:DefensiveShout+1"],"picked":"SKIP","floor":32},{"not_picked":["champ:Devastate","champ:DancingMaster+1"],"picked":"champ:Improvising+1","floor":33},{"not_picked":["champ:BerserkersShout+1","champ:AdrenalArmor+1","champ:PerfectedStrike"],"picked":"SKIP","floor":36},{"not_picked":["champ:GutPunch+1","champ:Backstep+1","champ:CrownThrow+1"],"picked":"SKIP","floor":38},{"not_picked":["champ:EnragedBash+1","champ:Circumvent+1"],"picked":"champ:VampiricStrike+1","floor":40},{"not_picked":["champ:Parry","champ:Lariat"],"picked":"champ:IronFortress+1","floor":42},{"not_picked":["champ:EnGarde+1","champ:DeathBlow+1","champ:FanOfKnives+1"],"picked":"SKIP","floor":45},{"not_picked":["champ:CrookedStrike+1","champ:ArenaPreparation","champ:Parry+1"],"picked":"SKIP","floor":46},{"not_picked":["champ:FanOfKnives+1","champ:RapidStrikes+1"],"picked":"champ:GladiatorStyle+1","floor":48},{"not_picked":["champ:FancyFootwork","champ:BladeFlurry+1"],"picked":"champ:StrikeOfGenius+1","floor":49}],"player_experience":524341,"relics_obtained":[{"floor":7,"key":"champ:GladiatorsBookOfMartialProwess"},{"floor":8,"key":"Gremlin Horn"},{"floor":11,"key":"Akabeko"},{"floor":14,"key":"The Courier"},{"floor":24,"key":"Pear"},{"floor":27,"key":"MealTicket"},{"floor":29,"key":"Du-Vu Doll"},{"floor":37,"key":"Regal Pillow"},{"floor":37,"key":"Molten Egg 2"},{"floor":37,"key":"TungstenRod"},{"floor":41,"key":"Kunai"},{"floor":45,"key":"Omamori"}],"event_choices":[{"damage_healed":0,"gold_gain":0,"player_choice":"Box","damage_taken":0,"relics_obtained":["Darkstone Periapt"],"max_hp_gain":0,"max_hp_loss":0,"event_name":"Big Fish","floor":13,"gold_loss":0,"cards_obtained":["Regret"]},{"damage_healed":0,"gold_gain":0,"player_choice":"Ignored","damage_taken":0,"max_hp_gain":0,"max_hp_loss":0,"event_name":"Vampires","floor":23,"gold_loss":0},{"damage_healed":0,"gold_gain":0,"player_choice":"Stole Relic","damage_taken":0,"relics_obtained":["Vajra"],"max_hp_gain":0,"max_hp_loss":0,"event_name":"Addict","floor":28,"gold_loss":0,"cards_obtained":["Pride"]},{"damage_healed":0,"gold_gain":0,"player_choice":"Ignored","damage_taken":0,"max_hp_gain":0,"max_hp_loss":0,"event_name":"Ghosts","floor":30,"gold_loss":0},{"cards_removed":["champ:EnGarde"],"damage_healed":0,"gold_gain":0,"player_choice":"Removed Skill","damage_taken":0,"max_hp_gain":0,"max_hp_loss":0,"event_name":"Falling","floor":39,"gold_loss":0}],"is_beta":false,"boss_relics":[{"not_picked":["Calling Bell","Velvet Choker"],"picked":"Cursed Key"},{"not_picked":["Pandora\u0027s Box","Tiny House"],"picked":"Runic Pyramid"}],"items_purged_floors":[26,48],"is_endless":false,"potions_floor_spawned":[4,5,8,14,15,19,21,22,29,38,45,46],"killed_by":"SI_POISON_ARCHETYPE","ascension_level":0}}