{"host":"me7pax5d7uwssv6n","time":1610782017,"event":{"mods":["BaseMod","Hermit","Minty Spire (QoL Compilation)","Replay The Spire","StSLib"],"gold_per_floor":[113,129,148,165,184,184,36,36,36,36,51,91,114,127,127,252,252,236,83,97,277,298,333,333,346,346,366,366,404,428,206,206,325,325,339,353,372,397,63,96,109,109,109,130,146,186,186,210,210,210,210,210,59,99,99,99],"floor_reached":55,"language":"ENG","playtime":8860,"items_purged":["hermit:Strike_Hermit","Delirium"],"score":852,"play_id":"b7271cb9-152f-4dfd-adc9-add7a3abc651","local_time":"20210116152657","is_ascension_mode":false,"campfire_choices":[{"data":"hermit:FlashPowder","floor":6.0,"key":"SMITH"},{"data":"hermit:Vantage","floor":15,"key":"SMITH"},{"floor":24,"key":"REST"},{"data":"hermit:FromBeyond","floor":32,"key":"SMITH"},{"floor":42,"key":"RECALL"},{"data":"hermit:ShadowCloak","floor":47,"key":"SMITH"},{"data":"Pot Of Greed","floor":49,"key":"SMITH"},{"data":"hermit:FlashPowder","floor":52,"key":"SMITH"}],"circlet_count":0,"master_deck":["hermit:Strike_Hermit","hermit:Strike_Hermit","hermit:Strike_Hermit","hermit:Defend_Hermit","hermit:Defend_Hermit","hermit:Defend_Hermit","hermit:Defend_Hermit","hermit:Snapshot","hermit:Covet","Regret","hermit:Cheat","hermit:FlashPowder+1","hermit:ShadowCloak+1","hermit:BigShot","Injury","hermit:Quickdraw","hermit:Vantage+1","Pot Of Greed","Pot Of Greed","hermit:EyeOfTheStorm","hermit:Deadeye","hermit:FromBeyond+1","hermit:FlashPowder+1","hermit:DeadMansHand+1","hermit:Malice+1","Pot Of Greed+1","Writhe","hermit:HighNoon+1","hermit:BodyArmor","hermit:Adapt+1","hermit:Enervate+1","hermit:Manifest+1","hermit:FullyLoaded+1","hermit:Quickdraw+1","hermit:FlashPowder+1","hermit:Midnight+1"],"relics":["hermit:Momento","Mummified Hand","Strange Spoon","Golden Idol","Grinning Jar","Runic Pyramid","Bag of Marbles","Bottled Tornado","Divine Protection","Frozen Egg 2","Regal Pillow","Replay:Rubber Ducky","Lee\u0027s Waffle","Replay:Bronze Core","ReplayTheSpireMod:CursedCoin","Iron Hammer","Darkstone Periapt","Quantum Egg","Replay:Ringing Soul","Orrery","hermit:RyeStalk"],"acts_visited":["Exordium","TheCity","TheBeyond","TheEnding"],"potions_floor_usage":[23,23,29,38,41,55,55],"damage_taken":[{"damage":0.0,"enemies":"Cultist","floor":1.0,"turns":4.0},{"damage":1.0,"enemies":"Jaw Worm","floor":2.0,"turns":3.0},{"damage":9.0,"enemies":"2 Louse","floor":3.0,"turns":4.0},{"damage":11.0,"enemies":"Gremlin Gang","floor":4.0,"turns":8.0},{"damage":1.0,"enemies":"Blue Slaver","floor":5.0,"turns":5.0},{"damage":1.0,"enemies":"3 Louse","floor":11.0,"turns":6.0},{"damage":19.0,"enemies":"Gremlin Nob","floor":12.0,"turns":5.0},{"damage":0,"enemies":"Exordium Wildlife","floor":13,"turns":5},{"damage":3,"enemies":"Gremlin Gang","floor":14,"turns":6},{"damage":16,"enemies":"Hexaghost","floor":16,"turns":15},{"damage":3,"enemies":"2 Thieves","floor":18,"turns":4},{"damage":3,"enemies":"Shell Parasite","floor":20,"turns":5},{"damage":11,"enemies":"Snake Plant","floor":22,"turns":5},{"damage":27,"enemies":"Slavers","floor":23,"turns":8},{"damage":4,"enemies":"Shelled Parasite and Fungi","floor":25,"turns":7},{"damage":0,"enemies":"Centurion and Healer","floor":27,"turns":7},{"damage":13,"enemies":"Gremlin Leader","floor":29,"turns":7},{"damage":35,"enemies":"Automaton","floor":33,"turns":9},{"damage":0,"enemies":"3 Shapes","floor":35,"turns":3},{"damage":0,"enemies":"3 Darklings","floor":36,"turns":4},{"damage":5,"enemies":"4 Shapes","floor":37,"turns":11},{"damage":0,"enemies":"Maw","floor":38,"turns":11},{"damage":11,"enemies":"Nemesis","floor":40,"turns":9},{"damage":1,"enemies":"Transient","floor":41,"turns":5},{"damage":11,"enemies":"Jaw Worm Horde","floor":44,"turns":6},{"damage":0,"enemies":"4 Shapes","floor":45,"turns":5},{"damage":0,"enemies":"Reptomancer","floor":46,"turns":9},{"damage":0,"enemies":"Spire Growth","floor":48,"turns":5},{"damage":3,"enemies":"Time Eater","floor":50,"turns":11},{"damage":0,"enemies":"Shield and Spear","floor":54,"turns":12},{"damage":116,"enemies":"The Heart","floor":55,"turns":12}],"seed_played":"-689386896024956647","potions_obtained":[{"floor":1.0,"key":"hermit:Tonic"},{"floor":4.0,"key":"Toxic Potion"},{"floor":11.0,"key":"Fruit Juice"},{"floor":13,"key":"Weak Potion"},{"floor":14,"key":"DistilledChaos"},{"floor":18,"key":"Energy Potion"},{"floor":23,"key":"Explosive Potion"},{"floor":33,"key":"Regen Potion"},{"floor":35,"key":"Weak Potion"},{"floor":36,"key":"FearPotion"},{"floor":40,"key":"hermit:Tonic"},{"floor":44,"key":"DuplicationPotion"}],"is_trial":false,"path_per_floor":["M","M","M","M","M","R","$","?","T","$","M","E","M","M","R","B",null,"M","$","M","?","M","E","R","M","T","M","?","E","T","$","R","B",null,"M","M","M","M","$","E","M","R","T","M","M","E","R","M","R","B",null,"R","$","E","B"],"character_chosen":"HERMIT","items_purchased":["Strange Spoon","Bag of Marbles","Lee\u0027s Waffle","ReplayTheSpireMod:CursedCoin","hermit:Adapt+1","Iron Hammer","Orrery"],"campfire_rested":1,"item_purchase_floors":[7,19,31,39,39,39,53],"current_hp_per_floor":[75,74,65,54,53,53,53,53,53,53,52,38,38,35,35,19,80,77,77,74,55,44,17,41,37,37,37,37,24,24,87,87,52,87,87,87,82,82,82,71,70,70,70,59,59,62,62,65,65,62,93,93,96,99,0,0],"gold":99,"neow_bonus":"RANDOM_EVENT","is_daily":false,"chose_seed":false,"campfire_upgraded":6,"win_rate":0.0,"timestamp":1610782017,"path_taken":["M","M","M","M","?","R","$","?","T","?","M","E","M","?","R","BOSS","M","$","M","?","M","E","R","?","T","M","?","E","?","$","R","BOSS","M","M","?","M","$","E","M","R","T","M","M","E","R","M","R","BOSS","R","$","E","BOSS"],"items_purchased_type":["Relic","Relic","Relic","Relic","Card","Relic","Relic"],"build_version":"2020-12-22","purchased_purges":2,"victory":false,"max_hp_per_floor":[75,75,75,75,75,75,75,75,75,75,75,80,80,80,80,80,80,80,80,80,80,80,80,80,80,80,80,80,80,80,87,87,87,87,87,87,87,87,87,87,87,87,87,87,87,90,90,93,93,93,93,93,96,99,99,99],"card_choices":[{"not_picked":["hermit:PistolWhip","hermit:LowProfile"],"picked":"hermit:Cheat","floor":1.0},{"not_picked":["hermit:Manifest","hermit:LowProfile","hermit:Headshot"],"picked":"SKIP","floor":2.0},{"not_picked":["hermit:Enervate","hermit:LowProfile"],"picked":"hermit:FlashPowder","floor":3.0},{"not_picked":["hermit:Snipe","hermit:Coalescence"],"picked":"hermit:ShadowCloak","floor":4.0},{"not_picked":["hermit:Maintenance","hermit:Horror"],"picked":"hermit:BigShot","floor":5.0},{"not_picked":["hermit:Cheat","hermit:Grudge"],"picked":"hermit:Quickdraw","floor":11.0},{"not_picked":["hermit:HeroicBravado","hermit:Showdown"],"picked":"hermit:Vantage","floor":12.0},{"not_picked":["hermit:Headshot","hermit:Desperado"],"picked":"hermit:EyeOfTheStorm","floor":13},{"not_picked":["hermit:Snipe","hermit:Desperado"],"picked":"hermit:Deadeye","floor":14},{"not_picked":["hermit:Reprieve","hermit:Gambit"],"picked":"hermit:FromBeyond","floor":16},{"not_picked":["hermit:Headshot","hermit:WideOpen","hermit:TrackingShot"],"picked":"SKIP","floor":18},{"not_picked":["hermit:LuckOfTheDraw","hermit:HoleUp","hermit:PistolWhip"],"picked":"SKIP","floor":20},{"not_picked":["hermit:ItchyTrigger","hermit:HoleUp+1","hermit:Vantage"],"picked":"SKIP","floor":22},{"not_picked":["hermit:LuckOfTheDraw","hermit:Midnight+1"],"picked":"hermit:FlashPowder","floor":23},{"not_picked":["hermit:Determination","hermit:Desperado"],"picked":"hermit:DeadMansHand+1","floor":25},{"not_picked":["hermit:TrackingShot","hermit:WideOpen"],"picked":"hermit:Malice+1","floor":27},{"not_picked":["hermit:Grudge","hermit:EternalForm+1","hermit:Roulette+1"],"picked":"SKIP","floor":29},{"not_picked":["hermit:EternalForm+1","hermit:Magnum"],"picked":"hermit:HighNoon+1","floor":33},{"not_picked":["hermit:Desperado","hermit:TrackingShot"],"picked":"hermit:BodyArmor","floor":35},{"not_picked":["hermit:SprayPray+1","hermit:Maintenance","hermit:Glare+1"],"picked":"SKIP","floor":36},{"not_picked":["hermit:HighCaliber","hermit:TakeCover+1","hermit:Feint"],"picked":"SKIP","floor":37},{"not_picked":["hermit:Headshot","hermit:Quickdraw","hermit:LowProfile+1"],"picked":"SKIP","floor":38},{"not_picked":["hermit:Cheat","hermit:Combo+1","hermit:Malice"],"picked":"SKIP","floor":40},{"not_picked":["hermit:TrackingShot","hermit:HoleUp+1","hermit:Headshot+1"],"picked":"SKIP","floor":41},{"not_picked":["hermit:Quickdraw","hermit:HeroicBravado"],"picked":"hermit:Enervate+1","floor":44},{"not_picked":["hermit:Showdown","hermit:EyeOfTheStorm","hermit:Manifest+1"],"picked":"SKIP","floor":45},{"not_picked":["hermit:Showdown","hermit:EyeOfTheStorm"],"picked":"hermit:Manifest+1","floor":45},{"not_picked":["hermit:Glare","hermit:LowProfile"],"picked":"hermit:FullyLoaded+1","floor":46},{"not_picked":["hermit:PistolWhip","hermit:HoleUp+1"],"picked":"hermit:Quickdraw+1","floor":48},{"not_picked":["hermit:Brawl+1","hermit:Virtue+1"],"picked":"hermit:FlashPowder+1","floor":53},{"not_picked":["hermit:Roughhouse","hermit:Purgatory"],"picked":"hermit:Midnight+1","floor":54}],"player_experience":7899,"relics_obtained":[{"floor":12.0,"key":"Grinning Jar"},{"floor":23,"key":"Bottled Tornado"},{"floor":26,"key":"Divine Protection"},{"floor":29,"key":"Regal Pillow"},{"floor":30,"key":"Replay:Rubber Ducky"},{"floor":40,"key":"Darkstone Periapt"},{"floor":43,"key":"Quantum Egg"},{"floor":46,"key":"Replay:Ringing Soul"},{"floor":54,"key":"hermit:RyeStalk"}],"event_choices":[{"damage_healed":0.0,"max_hp_gain":0.0,"max_hp_loss":0.0,"gold_gain":0.0,"event_name":"Big Fish","player_choice":"Box","floor":0.0,"gold_loss":0.0,"damage_taken":0.0,"relics_obtained":["Mummified Hand"],"cards_obtained":["Regret"]},{"damage_healed":0.0,"max_hp_gain":0.0,"max_hp_loss":0.0,"gold_gain":0.0,"event_name":"Golden Idol","player_choice":"Take Wound","floor":8.0,"gold_loss":0.0,"damage_taken":0.0,"relics_obtained":["Golden Idol"],"cards_obtained":["Injury"]},{"damage_healed":0,"gold_gain":180,"player_choice":"GOLD GOLD ","damage_taken":19,"max_hp_gain":0,"max_hp_loss":0,"event_name":"Knowing Skull","floor":21,"potions_obtained":[],"gold_loss":0,"cards_obtained":[]},{"damage_healed":0,"gold_gain":0,"player_choice":"Opened","damage_taken":0,"relics_obtained":["Frozen Egg 2"],"max_hp_gain":0,"max_hp_loss":0,"event_name":"The Mausoleum","floor":28,"gold_loss":0,"cards_obtained":["Writhe"]}],"is_beta":false,"boss_relics":[{"not_picked":["Ectoplasm","Velvet Choker"],"picked":"Runic Pyramid"},{"not_picked":["Empty Cage","ReplayTheSpireMod:DimensionalGlitch"],"picked":"Replay:Bronze Core"}],"items_purged_floors":[31,39],"is_endless":false,"potions_floor_spawned":[1,4,11,13,14,18,22,23,33,35,36,40,44,46],"killed_by":"The Heart","ascension_level":0}}