{"host":"byo4257mpp7krjml","time":1610814666,"event":{"mods":["BaseMod","Beaked The Cultist","Colored Map","Dio Mod","Googly Eyes","Hermit","Infinite Spire","Mad Scientist","Minty Spire (QoL Compilation)","Replay The Spire","StSLib","The Hayseed","The IronCluck","The Mystic"],"gold_per_floor":[118,133,146,96,66,66,93,93,117,117,136,154,173,204,204,330,330,344,344,362,387,412,412,446,486,486,486,486,519,535,554,554,682,682,698,711,727,770,795,795,815,815,842,842,882,903,923,963,963,963],"floor_reached":51,"language":"ENG","playtime":7778,"items_purged":[],"score":713,"play_id":"b420eb6f-8113-43da-a60b-007de92d95d5","local_time":"20210116113106","is_ascension_mode":false,"campfire_choices":[{"data":"beaked:Hexing","floor":6,"key":"SMITH"},{"data":"beaked:Brace","floor":8,"key":"SMITH"},{"data":"beaked:Foresight","floor":15,"key":"SMITH"},{"data":"beaked:MaddeningMurmurs","floor":23,"key":"SMITH"},{"data":"beaked:Sacrifice","floor":28,"key":"SMITH"},{"data":"beaked:Evade","floor":32,"key":"SMITH"},{"data":"beaked:MachineEssence","floor":40,"key":"SMITH"},{"data":"beaked:Insight","floor":42,"key":"SMITH"},{"data":"beaked:AwakenedForm","floor":49,"key":"SMITH"}],"circlet_count":0,"master_deck":["beaked:Strike_Y","beaked:Strike_Y","beaked:Strike_Y","beaked:Strike_Y+1","beaked:Strike_Y+1","beaked:Defend_Y","beaked:Defend_Y","beaked:Defend_Y","beaked:Defend_Y","beaked:Ceremony","beaked:Ceremony","beaked:Ceremony","beaked:Brace+1","beaked:BraceForImpact","beaked:BraceForImpact","beaked:Hexing+1","Pot Of Greed","Pot Of Greed","beaked:Negation","beaked:WindBringer","beaked:Foresight+1","beaked:Brace","beaked:Overpower","beaked:Sacrifice+1","beaked:MaddeningMurmurs+1","J.A.X.","Pot Of Greed","beaked:Flinch+1","beaked:MimicWarrior+1","beaked:MaddeningMurmurs","beaked:Evade+1","beaked:Windmill+1","Decay","beaked:Insight+1","beaked:CrazyRituals+1","beaked:Windmill+1","beaked:MachineEssence+1","beaked:WarriorEssence+1","beaked:Foresight+1","Pot Of Greed","beaked:HuntressSpirit+1","beaked:RitualOfBody","beaked:AwakenedForm+1","beaked:KnowThyFoe"],"relics":["beaked:BlessedCoat","Grinning Jar","Orichalcum","Golden Idol","infinitespire:Lucky Rock","beaked:MawFillet","Question Card","Nunchaku","Bottled Tornado","infinitespire:WardingShard","infinitespire:FocusingShard","Whetstone","Pear","infinitespire:PuzzleCube","Replay:Baseball"],"acts_visited":["Exordium","TheCity","TheBeyond"],"potions_floor_usage":[11,14,24,25,31],"damage_taken":[{"damage":10,"enemies":"Cultist","floor":1,"turns":5},{"damage":8,"enemies":"Small Slimes","floor":2,"turns":5},{"damage":1,"enemies":"2 Louse","floor":3,"turns":4},{"damage":10,"enemies":"Looter","floor":5,"turns":4},{"damage":29,"enemies":"Replay:BlueRogue","floor":7,"turns":7},{"damage":12,"enemies":"3 Louse","floor":11,"turns":8},{"damage":8,"enemies":"Red Slaver","floor":12,"turns":6},{"damage":39,"enemies":"Exordium Thugs","floor":13,"turns":8},{"damage":21,"enemies":"Gremlin Nob","floor":14,"turns":6},{"damage":28,"enemies":"Slime Boss","floor":16,"turns":9},{"damage":16,"enemies":"Shell Parasite","floor":18,"turns":6},{"damage":24,"enemies":"Chosen","floor":20,"turns":6},{"damage":29,"enemies":"Centurion and Healer","floor":21,"turns":8},{"damage":12,"enemies":"Snecko","floor":22,"turns":6},{"damage":36,"enemies":"Replay:Snechameleon","floor":24,"turns":7},{"damage":26,"enemies":"Gremlin Leader","floor":25,"turns":6},{"damage":77,"enemies":"Book of Stabbing","floor":29,"turns":9},{"damage":34,"enemies":"Snake Plant","floor":30,"turns":8},{"damage":30,"enemies":"Cultist and Chosen","floor":31,"turns":8},{"damage":11,"enemies":"Automaton","floor":33,"turns":9},{"damage":47,"enemies":"3 Shapes","floor":35,"turns":4},{"damage":37,"enemies":"3 Darklings","floor":36,"turns":9},{"damage":87,"enemies":"Spire Growth","floor":37,"turns":7},{"damage":114,"enemies":"Nemesis","floor":38,"turns":11},{"damage":25,"enemies":"4 Shapes","floor":39,"turns":9},{"damage":38,"enemies":"Jaw Worm Horde","floor":41,"turns":7},{"damage":42,"enemies":"Giant Head","floor":45,"turns":9},{"damage":27,"enemies":"Maw","floor":46,"turns":8},{"damage":44,"enemies":"3 Darklings","floor":47,"turns":6},{"damage":90,"enemies":"beaked:SuperParasite","floor":48,"turns":9},{"damage":19,"enemies":"Replay:Hell Engine","floor":50,"turns":8}],"seed_played":"-1275181555419200408","potions_obtained":[{"floor":3,"key":"DuplicationPotion"},{"floor":7,"key":"DistilledChaos"},{"floor":11,"key":"Fruit Juice"},{"floor":13,"key":"Doom Potion"},{"floor":14,"key":"AttackPotion"},{"floor":30,"key":"LiquidBronze"},{"floor":33,"key":"DuplicationPotion"},{"floor":36,"key":"LifebloodPotion"},{"floor":39,"key":"Weak Potion"},{"floor":46,"key":"SneckoOil"},{"floor":47,"key":"FearPotion"},{"floor":48,"key":"BlessingOfTheForge"}],"is_trial":false,"path_per_floor":["M","M","M","?","M","R","E","R","T","?","M","M","M","E","R","B",null,"M","?","M","M","M","R","E","E","T","?","R","E","M","M","R","B",null,"M","M","M","E","M","R","M","R","T","?","E","M","M","E","R","B",null],"character_chosen":"BEAKED_THE_CULTIST","items_purchased":[],"campfire_rested":0,"item_purchase_floors":[],"current_hp_per_floor":[52,55,55,55,55,55,45,45,45,32,58,60,44,43,43,53,60,60,60,47,49,63,63,64,67,67,67,67,31,42,47,47,78,78,76,78,69,78,81,81,84,84,84,94,94,97,100,104,104,104],"gold":963,"neow_bonus":"TEN_PERCENT_HP_BONUS","is_daily":false,"chose_seed":false,"campfire_upgraded":9,"win_rate":0.0,"timestamp":1610814666,"path_taken":["M","?","M","?","M","R","E","R","T","?","M","M","M","E","R","BOSS","M","?","M","M","M","R","E","E","T","?","R","E","M","M","R","BOSS","M","M","M","E","M","R","M","R","T","?","E","M","M","E","R","BOSS"],"items_purchased_type":[],"build_version":"2020-12-22","purchased_purges":0,"victory":true,"max_hp_per_floor":[55,55,55,55,55,55,55,55,55,55,60,60,60,60,60,60,60,60,60,63,66,66,66,69,69,69,69,69,72,75,75,75,78,78,78,78,78,78,81,81,84,84,84,94,94,97,100,104,104,104],"card_choices":[{"not_picked":["beaked:TuckingFeathers","beaked:Redirect"],"picked":"beaked:Brace","floor":1},{"not_picked":["beaked:DigDeep","beaked:Cower"],"picked":"beaked:BraceForImpact","floor":2},{"not_picked":["beaked:WindBringer","beaked:Caw"],"picked":"beaked:BraceForImpact","floor":3},{"not_picked":["beaked:Poke","beaked:Tradeoff"],"picked":"beaked:Hexing","floor":5},{"not_picked":["beaked:DigDeep","beaked:Overexert"],"picked":"beaked:Negation","floor":7},{"not_picked":["beaked:DigDeep","beaked:MachineSpirit"],"picked":"beaked:WindBringer","floor":11},{"not_picked":["beaked:Daydream","beaked:Roost"],"picked":"beaked:Foresight","floor":12},{"not_picked":["beaked:Redirect","beaked:BloodRitual"],"picked":"beaked:Brace","floor":13},{"not_picked":["beaked:Tweet","beaked:MimicWarrior"],"picked":"beaked:Overpower","floor":14},{"not_picked":["beaked:Brainwash","beaked:FullHouse"],"picked":"beaked:Sacrifice","floor":16},{"not_picked":["beaked:DigDeep","beaked:FeelMyPain"],"picked":"beaked:MaddeningMurmurs","floor":18},{"not_picked":["beaked:FeelMyPain","beaked:WindBringer"],"picked":"beaked:Flinch+1","floor":20},{"not_picked":["beaked:Brace","beaked:Daydream+1"],"picked":"beaked:MimicWarrior+1","floor":21},{"not_picked":["beaked:RuinSticks+1","beaked:Molting"],"picked":"beaked:MaddeningMurmurs","floor":22},{"not_picked":["beaked:Negation","beaked:DigDeeper+1"],"picked":"beaked:Evade","floor":24},{"not_picked":["beaked:Poke","beaked:Cower","beaked:Struggle+1"],"picked":"beaked:Windmill+1","floor":25},{"not_picked":["beaked:Cower","beaked:MachineEssence","beaked:BraceForImpact"],"picked":"beaked:Insight","floor":29},{"not_picked":["beaked:RitualOfBody","beaked:DigDeep+1","beaked:SacrificialDive"],"picked":"beaked:CrazyRituals+1","floor":30},{"not_picked":["beaked:BloodRitual","beaked:Poke+1","beaked:Redirect"],"picked":"beaked:Windmill+1","floor":31},{"not_picked":["beaked:WildInstinct","beaked:SacrificialScars","beaked:Sacrifice"],"picked":"beaked:MachineEssence","floor":33},{"not_picked":["beaked:DigDeep+1","ReplayTheSpireMod:Prepare the Ceremony+1","beaked:VigorBurst","beaked:Struggle"],"picked":"SKIP","floor":35},{"not_picked":["beaked:Overexert+1","beaked:Replenish+1","beaked:CursingBlood+1"],"picked":"beaked:WarriorEssence+1","floor":36},{"not_picked":["beaked:Daydream+1","beaked:BounceBack+1","beaked:WarriorEssence"],"picked":"beaked:Foresight+1","floor":37},{"not_picked":["beaked:BounceBack","beaked:StunningBlow+1","beaked:BloodRitual+1"],"picked":"beaked:HuntressSpirit+1","floor":38},{"not_picked":["ReplayTheSpireMod:RavenHex","beaked:Tradeoff+1","beaked:SacrificialAttack+1","beaked:CrazyRituals+1"],"picked":"SKIP","floor":39},{"not_picked":["beaked:Pecker+1","beaked:TuckingFeathers+1","beaked:Tradeoff+1"],"picked":"beaked:RitualOfBody","floor":41},{"not_picked":["beaked:Evade+1","beaked:Pecker+1","beaked:WarriorEssence+1"],"picked":"beaked:AwakenedForm","floor":45},{"not_picked":["beaked:VigorBurst","beaked:CursingBlood","beaked:TuckingFeathers"],"picked":"beaked:KnowThyFoe","floor":46},{"not_picked":["beaked:FeelMyPain+1","beaked:BarbedWire+1","beaked:Molting+1","beaked:Replenish"],"picked":"SKIP","floor":47},{"not_picked":["beaked:Evade","beaked:Brace","beaked:BraceForImpact","beaked:FeelMyPain"],"picked":"SKIP","floor":48}],"player_experience":98432,"relics_obtained":[{"floor":7,"key":"Grinning Jar"},{"floor":9,"key":"Orichalcum"},{"floor":14,"key":"infinitespire:Lucky Rock"},{"floor":24,"key":"Question Card"},{"floor":25,"key":"Nunchaku"},{"floor":26,"key":"Bottled Tornado"},{"floor":29,"key":"infinitespire:WardingShard"},{"floor":38,"key":"infinitespire:FocusingShard"},{"floor":43,"key":"Whetstone"},{"floor":45,"key":"infinitespire:PuzzleCube"},{"floor":48,"key":"Replay:Baseball"}],"event_choices":[{"cards_removed":["beaked:Strike_Y"],"damage_healed":0,"gold_gain":0,"player_choice":"Card Removal","damage_taken":0,"max_hp_gain":0,"max_hp_loss":0,"event_name":"The Cleric","floor":4,"gold_loss":50},{"damage_healed":0,"gold_gain":0,"player_choice":"Take Damage","damage_taken":13,"relics_obtained":["Golden Idol"],"max_hp_gain":0,"max_hp_loss":0,"event_name":"Golden Idol","floor":10,"gold_loss":0},{"damage_healed":0,"gold_gain":0,"player_choice":"Obtain J.A.X.","damage_taken":0,"max_hp_gain":0,"max_hp_loss":0,"event_name":"Drug Dealer","floor":19,"gold_loss":0,"cards_obtained":["J.A.X."]},{"damage_healed":0,"gold_gain":0,"player_choice":"Cursed","damage_taken":0,"max_hp_gain":0,"max_hp_loss":0,"event_name":"Wheel of Change","floor":27,"gold_loss":0,"cards_obtained":["Decay"]},{"damage_healed":0,"gold_gain":0,"player_choice":"Gave Potion","damage_taken":0,"relics_obtained":["Pear"],"max_hp_gain":0,"max_hp_loss":0,"event_name":"WeMeetAgain","floor":44,"gold_loss":0}],"is_beta":false,"boss_relics":[{"not_picked":["beaked:FlawlessSticks","Ectoplasm"],"picked":"beaked:MawFillet"},{"not_picked":["Black Star","Snecko Eye"],"picked":"beaked:BlessedCoat"}],"items_purged_floors":[],"is_endless":false,"potions_floor_spawned":[3,7,11,13,14,18,30,33,36,39,46,47,48],"ascension_level":0}}