{"host":"anox4050deqdcqoh","time":1610760027,"event":{"mods":["BaseMod","Colored Map","Highlight Path","Minty Spire (QoL Compilation)","Quick Restart","Rare Cards Sparkle","everything is the same but u backflip on backflip"],"gold_per_floor":[112,132,132,148,166,166,166,183,183,183,199,199,226,261,261,261,261],"floor_reached":16,"language":"ENG","playtime":494,"items_purged":[],"score":162,"play_id":"2a877e8e-e47c-48ef-ab05-d2f632193fc3","local_time":"20210115202027","daily_mods":["Vintage","Heirloom","Time Dilation","Flight"],"is_ascension_mode":false,"campfire_choices":[{"data":"Bash","floor":6,"key":"SMITH"},{"data":"Defend_R","floor":7,"key":"SMITH"},{"floor":15,"key":"REST"}],"circlet_count":0,"master_deck":["Strike_R","Strike_R","Strike_R","Strike_R","Strike_R","Defend_R","Defend_R","Defend_R+1","Defend_R+1","Bash+1","Cleave","Entrench"],"relics":["Burning Blood","Incense Burner","Juzu Bracelet","Pear","Calipers","The Courier","Vajra","Centennial Puzzle","Matryoshka","Bag of Preparation","Mummified Hand"],"acts_visited":["Exordium"],"potions_floor_usage":[5,14,16],"damage_taken":[{"damage":10,"enemies":"Small Slimes","floor":1,"turns":4},{"damage":12,"enemies":"Jaw Worm","floor":2,"turns":3},{"damage":6,"enemies":"Cultist","floor":4,"turns":3},{"damage":4,"enemies":"Exordium Wildlife","floor":5,"turns":3},{"damage":19,"enemies":"Lots of Slimes","floor":8,"turns":6},{"damage":17,"enemies":"Exordium Thugs","floor":11,"turns":6},{"damage":21,"enemies":"Lagavulin","floor":13,"turns":6},{"damage":14,"enemies":"Gremlin Nob","floor":14,"turns":3},{"damage":62,"enemies":"Hexaghost","floor":16,"turns":9}],"seed_played":"-2128964931388636220","potions_obtained":[{"floor":2,"key":"BlessingOfTheForge"},{"floor":11,"key":"Fire Potion"},{"floor":14,"key":"FearPotion"}],"is_trial":true,"path_per_floor":["M","M","$","M","M","R","R","M","T","?","M","?","E","E","R","B"],"character_chosen":"IRONCLAD","items_purchased":[],"campfire_rested":1,"item_purchase_floors":[],"current_hp_per_floor":[76,80,80,80,82,82,82,69,69,69,58,58,43,35,62,0,0],"gold":261,"neow_bonus":"","is_daily":false,"chose_seed":false,"campfire_upgraded":2,"win_rate":0.0,"timestamp":1610760027,"path_taken":["M","M","$","M","M","R","R","M","T","?","M","?","E","E","R","BOSS"],"items_purchased_type":[],"build_version":"2020-12-22","purchased_purges":0,"victory":false,"max_hp_per_floor":[80,90,90,90,90,90,90,90,90,90,90,90,90,90,90,90,90],"card_choices":[{"not_picked":["Warcry","Armaments"],"picked":"Cleave","floor":13},{"not_picked":["Burning Pact","Uppercut"],"picked":"Entrench","floor":14}],"player_experience":350901,"relics_obtained":[{"floor":1,"key":"Juzu Bracelet"},{"floor":2,"key":"Pear"},{"floor":4,"key":"Calipers"},{"floor":5,"key":"The Courier"},{"floor":8,"key":"Vajra"},{"floor":9,"key":"Centennial Puzzle"},{"floor":11,"key":"Matryoshka"},{"floor":13,"key":"Bag of Preparation"},{"floor":14,"key":"Mummified Hand"}],"event_choices":[{"damage_healed":0,"gold_gain":0,"player_choice":"Ignored","damage_taken":0,"max_hp_gain":0,"max_hp_loss":0,"event_name":"Liars Game","floor":10,"gold_loss":0},{"damage_healed":0,"gold_gain":0,"player_choice":"Upgraded","damage_taken":0,"max_hp_gain":0,"max_hp_loss":0,"event_name":"Upgrade Shrine","floor":12,"gold_loss":0,"cards_upgraded":["Defend_R"]}],"is_beta":false,"boss_relics":[],"items_purged_floors":[],"is_endless":true,"potions_floor_spawned":[2,11,14],"killed_by":"Hexaghost","ascension_level":0}}