{"host":"t6r1isv2bex5ovch","time":1610795872,"event":{"mods":["AchievementEnabler","Act Like it!","Aspiration","BaseMod","Better Altar","Better Match","Better Note","Better Sensory Stone","Better Skull","Better Third Choice","Better Vampires","Colored Powertips","Displayed Cursed Tome","Downfall","Energized Spire","Evolution","Fox Events","Hubris","Minty Spire (QoL Compilation)","StSLib","The Bug Knight","The Disciple","The Factory","The Jungle","The Runesmith"],"gold_per_floor":[119,119,132,19,19,54,66,66,113,147,10,10,10,10],"floor_reached":13,"language":"ENG","playtime":972,"items_purged":["HollowMod:NailStrikeStart","HollowMod:NailStrikeStart"],"score":100,"play_id":"36e15277-a89f-4273-a2a2-dcce3cebaf97","local_time":"20210116211752","is_ascension_mode":true,"campfire_choices":[{"floor":8,"key":"RECALL"}],"circlet_count":0,"master_deck":["HollowMod:NailStrikeStart","HollowMod:QuickDashStart","HollowMod:QuickDashStart","HollowMod:QuickDashStart","HollowMod:FocusHealStart","HollowMod:PogoStrike","HollowMod:NewJinnsSoul","HollowMod:InfectionAssault","HollowMod:InfectionAssault"],"relics":["HollowMod:VesselMask","EVO:Axolotl","aspiration:DSix","hubris:64BitClover","Pen Nib"],"acts_visited":["Exordium"],"potions_floor_usage":[6,10],"damage_taken":[{"damage":3,"enemies":"2 Louse","floor":1,"turns":3},{"damage":4,"enemies":"Jaw Worm","floor":3,"turns":6},{"damage":56,"enemies":"Lagavulin","floor":6,"turns":8},{"damage":0,"enemies":"Cultist","floor":7,"turns":4},{"damage":12,"enemies":"3 Sentries","floor":10,"turns":11},{"damage":45,"enemies":"Lagavulin","floor":13,"turns":5}],"seed_played":"8908519783975749822","potions_obtained":[{"floor":3,"key":"Weak Potion"},{"floor":7,"key":"Guardian:BlockOnCardUsePotion"}],"is_trial":false,"path_per_floor":["M","?","M","$","?","E","M","R","T","E","$","$","E"],"character_chosen":"THE_BUGKNIGHT","items_purchased":["HollowMod:InfectionAssault","HollowMod:InfectionAssault"],"campfire_rested":0,"item_purchase_floors":[4,11],"current_hp_per_floor":[75,75,75,75,68,24,24,24,24,24,24,24,0,0],"gold":10,"neow_bonus":"REMOVE_CARD","is_daily":false,"chose_seed":false,"campfire_upgraded":0,"win_rate":0.0,"timestamp":1610795872,"path_taken":["M","?","M","$","?","E","M","R","T","E","?","$","E"],"items_purchased_type":["Card","Card"],"build_version":"2020-12-22","purchased_purges":2,"victory":false,"max_hp_per_floor":[75,75,75,75,75,75,75,75,75,75,75,75,75,75],"card_choices":[{"not_picked":["HollowMod:VengefulVoid","HollowMod:SoulSplash","HollowMod:HeavyBlow"],"picked":"SKIP","floor":1},{"not_picked":["HollowMod:NewLittleFool","HollowMod:HeavyBlow"],"picked":"HollowMod:NewJinnsSoul","floor":3},{"not_picked":["HollowMod:CornifersMapStart","HollowMod:CloakDash","HollowMod:GoodIntentions"],"picked":"SKIP","floor":6},{"not_picked":["HollowMod:VengefulSpirit","HollowMod:SoulStrike","HollowMod:NewJinnsSoul"],"picked":"SKIP","floor":7},{"not_picked":["HollowMod:SoulVessel","HollowMod:LifebloodCocoon","HollowMod:AwokenDreamNail"],"picked":"SKIP","floor":10}],"player_experience":470411,"relics_obtained":[{"floor":6,"key":"hubris:64BitClover"},{"floor":10,"key":"Pen Nib"}],"event_choices":[{"damage_healed":0,"gold_gain":0,"player_choice":"Relic ","damage_taken":7,"max_hp_gain":0,"max_hp_loss":0,"event_name":"betterThird:BetterScrap","floor":5,"gold_loss":0,"cards_obtained":["Footwork"]}],"is_beta":false,"boss_relics":[],"items_purged_floors":[4,11],"is_endless":false,"potions_floor_spawned":[3,7],"killed_by":"Lagavulin","ascension_level":2}}