{"host":"qqgw5gp46oujbhdl","time":1610779287,"event":{"mods":["Aspiration","BaseMod","BetterRewards","Downfall","Hermit","Infinite Spire","Minty Spire (QoL Compilation)","StSLib","The Death Knight","The Disciple","The Forsaken","The Hierophant","The Servant 0.9.4","The Spell Scribe","The Valiant","TheBandit","TheFirefly","Wandering Minibosses"],"gold_per_floor":[99,116,129,129,54,54,77,77,89,39,69,80,30,48,62,157,157,107,125,136,136,136,46,346,155,168,182,132,148,98,118,137,233,233,183,197,211,311,255,255,255,205,216,233,259,209,229,245,195,293,293,243,255,285,285,298,298,298],"floor_reached":56,"language":"POL","playtime":5304,"items_purged":["Injury","Slimebound:Strike_Slimebound","Slimebound:Strike_Slimebound","Slimebound:Defend_Slimebound"],"score":732,"play_id":"157de9fb-897e-462c-96e7-9385b76f82a7","local_time":"20210116074127","is_ascension_mode":false,"campfire_choices":[{"data":"Slimebound:RejuvenatingLick","floor":1,"key":"SMITH"},{"floor":10,"key":"RECALL"},{"floor":13,"key":"REST"},{"data":"Slimebound:DouseInSlime","floor":18,"key":"SMITH"},{"data":"Slimebound:GoopSpray","floor":28,"key":"SMITH"},{"data":"Slimebound:AcidTongue","floor":30,"key":"SMITH"},{"data":"Slimebound:WasteNot","floor":35,"key":"SMITH"},{"data":"Slimebound:Nibble","floor":42,"key":"SMITH"},{"data":"Slimebound:CorrosiveSpit","floor":46,"key":"SMITH"},{"data":"Slimebound:Schlurp","floor":49,"key":"SMITH"},{"data":"Slimebound:Split","floor":52,"key":"SMITH"}],"circlet_count":0,"master_deck":["Slimebound:Strike_Slimebound","Slimebound:Tackle","Slimebound:Defend_Slimebound","Slimebound:Defend_Slimebound","Slimebound:Defend_Slimebound","Slimebound:Split+1","Slimebound:CorrosiveSpit+1","Slimebound:RejuvenatingLick+1","Slimebound:LivingWall+1","Slimebound:Nibble+1","Slimebound:LeechingTouch+1","Slimebound:LeechLife+1","Slimebound:Schlurp+1","Slimebound:ItLooksTasty+1","Slimebound:GoopSpray+1","Slimebound:DouseInSlime+1","Slimebound:Equalize+1","Slimebound:DisruptingSlam+1","Slimebound:AcidTongue+1","Slimebound:GoopSpray+1","Slimebound:WasteNot+1","Slimebound:RainOfGoop+1","infinitespire:Starlight","Slimebound:SpikyOuterGoop"],"relics":["Slimebound:AbsorbEndCombat","Molten Egg 2","Slimebound:GreedOozeRelic","Nunchaku","FossilizedHelix","aspiration:SilentSkillbook","Bag of Preparation","Enchiridion","Old Coin","Slimebound:TarBlob","wanderingMiniBosses:AbyssPearl","infinitespire:Lychee Nut","Matryoshka","Lantern","Anchor","Omamori","aspiration:SecretTechniqueScroll","Odd Mushroom"],"acts_visited":["Exordium","TheCity","TheBeyond","Exordium"],"potions_floor_usage":[15,16,20,32,33,36,38,44,50,50,55],"damage_taken":[{"damage":6,"enemies":"Jaw Worm","floor":2,"turns":3},{"damage":2,"enemies":"2 Louse","floor":3,"turns":2},{"damage":3,"enemies":"Small Slimes","floor":9,"turns":2},{"damage":22,"enemies":"Gremlin Nob","floor":11,"turns":4},{"damage":13,"enemies":"Gremlin Gang","floor":12,"turns":6},{"damage":6,"enemies":"3 Louse","floor":14,"turns":3},{"damage":10,"enemies":"Exordium Thugs","floor":15,"turns":3},{"damage":13,"enemies":"DF_ARCHETYPE_STREAMLINE","floor":16,"turns":12},{"damage":0,"enemies":"Chosen","floor":19,"turns":3},{"damage":14,"enemies":"Snake Plant","floor":20,"turns":4},{"damage":0,"enemies":"downfall:FleeingMerchant","floor":23,"turns":6},{"damage":4,"enemies":"downfall:FleeingMerchant","floor":25,"turns":4},{"damage":1,"enemies":"Shelled Parasite and Fungi","floor":26,"turns":3},{"damage":16,"enemies":"3 Cultists","floor":27,"turns":5},{"damage":5,"enemies":"Chosen and Byrds","floor":29,"turns":5},{"damage":0,"enemies":"Cultist and Chosen","floor":31,"turns":5},{"damage":0,"enemies":"Snake Plant","floor":32,"turns":3},{"damage":23,"enemies":"WA_ARCHETYPE_CALM","floor":33,"turns":9},{"damage":0,"enemies":"Orb Walker","floor":36,"turns":5},{"damage":0,"enemies":"3 Shapes","floor":37,"turns":3},{"damage":21,"enemies":"infinitespire:Three Voidlings","floor":38,"turns":4},{"damage":15,"enemies":"Nightmare_Alpha","floor":38,"turns":6},{"damage":0,"enemies":"downfall:FleeingMerchant","floor":39,"turns":3},{"damage":0,"enemies":"Sphere and 2 Shapes","floor":43,"turns":4},{"damage":10,"enemies":"Writhing Mass","floor":44,"turns":3},{"damage":12,"enemies":"4 Shapes","floor":47,"turns":3},{"damage":0,"enemies":"3 Darklings","floor":48,"turns":3},{"damage":0,"enemies":"IC_BLOCK_ARCHETYPE","floor":50,"turns":8},{"damage":0,"enemies":"2 Louse","floor":53,"turns":2},{"damage":0,"enemies":"The Mushroom Lair","floor":54,"turns":4},{"damage":0,"enemies":"Cultist","floor":56,"turns":1}],"seed_played":"6118361157304457954","potions_obtained":[{"floor":9,"key":"Dexterity Potion"},{"floor":14,"key":"Swift Potion"},{"floor":15,"key":"Fruit Juice"},{"floor":26,"key":"champ:CounterPotion"},{"floor":27,"key":"SkillPotion"},{"floor":31,"key":"AttackPotion"},{"floor":33,"key":"bronze:BurnAndBuffPotion"},{"floor":37,"key":"Slimebound:SlimyTonguePotion"},{"floor":43,"key":"SteroidPotion"},{"floor":47,"key":"PowerPotion"},{"floor":53,"key":"Fire Potion"},{"floor":55,"key":"SpeedPotion"},{"floor":55,"key":"champ:CounterPotion"},{"floor":55,"key":"Fruit Juice"}],"is_trial":false,"path_per_floor":["R","M","M","?","?","?","T","?","M","R","E","M","R","M","M","B",null,"R","M","M","AVR","?","$","T","$","M","M","R","M","R","M","M","B",null,"R","M","M","?","$","?","T","R","M","M","T","R","M","M","R","B",null,"R","M","?","?","M"],"character_chosen":"SLIMEBOUND","items_purchased":["Slimebound:AcidTongue","Matryoshka"],"campfire_rested":1,"item_purchase_floors":[25,39],"current_hp_per_floor":[65,60,60,60,60,60,60,60,58,58,39,37,56,65,60,62,70,70,70,57,57,41,61,61,69,69,59,59,66,66,70,70,57,70,70,70,70,52,52,52,52,52,52,43,43,43,52,52,52,52,52,52,52,52,57,57,57,57],"gold":298,"neow_bonus":"THREE_CARDS","is_daily":false,"chose_seed":false,"campfire_upgraded":9,"win_rate":0.0,"timestamp":1610779287,"path_taken":["R","M","M","?","?","?","T","?","?","R","E","M","R","M","M","BOSS","R","M","M","AVR","?","?","T","$","?","M","R","M","R","?","M","BOSS","R","M","M","?","$","?","T","R","M","M","?","R","M","M","R","BOSS","R","M","?","?","M"],"items_purchased_type":["Card","Relic"],"build_version":"2020-12-22","purchased_purges":4,"victory":false,"max_hp_per_floor":[65,65,65,65,65,65,65,65,65,65,65,65,65,65,70,70,70,70,70,70,70,70,70,70,70,70,70,70,70,70,70,70,70,70,70,70,70,52,52,52,52,52,52,52,52,52,52,52,52,52,52,52,52,52,57,57,57,57],"card_choices":[{"not_picked":["Slimebound:LeechingTouch","Slimebound:ItLooksTasty"],"picked":"Slimebound:RejuvenatingLick","floor":0},{"not_picked":["Slimebound:LeechingTouch","Slimebound:Schlurp"],"picked":"Slimebound:LivingWall","floor":2},{"not_picked":["Slimebound:ItLooksTasty","Slimebound:BestDefense"],"picked":"Slimebound:Nibble","floor":3},{"not_picked":["Slimebound:SamplingLick","Slimebound:LeadByExample"],"picked":"Slimebound:LeechingTouch+1","floor":9},{"not_picked":["Slimebound:Replication","Slimebound:Teamwork"],"picked":"Slimebound:LeechLife+1","floor":11},{"not_picked":["Slimebound:GrowthPunch+1","Slimebound:SplitBruiser"],"picked":"Slimebound:Schlurp","floor":12},{"not_picked":["Slimebound:ProtectTheBoss","Slimebound:PressTheAttack+1"],"picked":"Slimebound:ItLooksTasty+1","floor":14},{"not_picked":["Slimebound:ItLooksTasty+1","Slimebound:RejuvenatingLick"],"picked":"Slimebound:GoopSpray","floor":15},{"not_picked":["Slimebound:LeechLife+1","Slimebound:CheckThePlaybook"],"picked":"Slimebound:DouseInSlime","floor":16},{"not_picked":["Slimebound:LeadByExample","PiercingWail","Slimebound:ViciousTackle+1","Slimebound:RejuvenatingLick"],"picked":"SKIP","floor":19},{"not_picked":["Infinite Blades","Acrobatics","Terror","Riddle With Holes+1"],"picked":"SKIP","floor":20},{"not_picked":["Leg Sweep+1","Blade Dance","Distraction"],"picked":"Slimebound:Equalize+1","floor":23},{"not_picked":["Escape Plan+1","Corpse Explosion","Deadly Poison+1"],"picked":"Slimebound:DisruptingSlam+1","floor":25},{"not_picked":["Deadly Poison+1","All Out Attack+1","Concentrate"],"picked":"Slimebound:GoopSpray+1","floor":26},{"not_picked":["Slimebound:Prepare","Slimebound:GoopTackle+1","Corpse Explosion","Tactician"],"picked":"SKIP","floor":27},{"not_picked":["Accuracy+1","Slimebound:GoopTackle+1","Dagger Throw+1","Slimebound:SplitBruiser"],"picked":"SKIP","floor":29},{"not_picked":["PiercingWail+1","Slimebound:LivingWall+1","Slimebound:Equalize+1","Slimebound:SplitLeeching"],"picked":"SKIP","floor":31},{"not_picked":["Riddle With Holes+1","Slimebound:Replication","Tactician+1","Slimebound:RollThrough+1"],"picked":"SKIP","floor":32},{"not_picked":["Slimebound:MinionMaster","Tools of the Trade","Slimebound:CheckThePlaybook"],"picked":"Slimebound:WasteNot","floor":33},{"not_picked":["Outmaneuver","Slimebound:PressTheAttack+1","Slimebound:LivingWall"],"picked":"Slimebound:RainOfGoop+1","floor":36},{"not_picked":["Slimebound:SplitBruiser+1","PiercingWail","Footwork","Slimebound:Chomp+1"],"picked":"SKIP","floor":37},{"not_picked":["infinitespire:DeathsTouch","infinitespire:Fortify"],"picked":"infinitespire:Starlight","floor":38},{"not_picked":["Deadly Poison+1","Backflip+1","Slimebound:GrowthPunch+1","Slimebound:SlimeSpikes"],"picked":"SKIP","floor":39},{"not_picked":["Sucker Punch+1","Slimebound:GoopSpray","Dagger Throw+1","Concentrate+1"],"picked":"SKIP","floor":43},{"not_picked":["Sucker Punch+1","Slimebound:GoopSpray","Dagger Throw+1","Concentrate+1"],"picked":"SKIP","floor":43},{"not_picked":["Slimebound:MinionMaster","Reflex","Slice+1","Well Laid Plans+1"],"picked":"SKIP","floor":44},{"not_picked":["Slimebound:Grow","Slimebound:MegaLick+1","Slimebound:DisruptingSlam+1","PiercingWail+1"],"picked":"SKIP","floor":47},{"not_picked":["Slimebound:GoopTackle+1","PiercingWail+1","Poisoned Stab+1","Escape Plan"],"picked":"SKIP","floor":48},{"not_picked":["Bane+1","Backflip","Dodge and Roll"],"picked":"Slimebound:SpikyOuterGoop","floor":53},{"not_picked":["Slimebound:FlameTackle+1","Slimebound:Prepare","Bouncing Flask","Dodge and Roll"],"picked":"SKIP","floor":56}],"player_experience":360767,"relics_obtained":[{"floor":7,"key":"Nunchaku"},{"floor":11,"key":"FossilizedHelix"},{"floor":22,"key":"Enchiridion"},{"floor":24,"key":"Old Coin"},{"floor":36,"key":"wanderingMiniBosses:AbyssPearl"},{"floor":38,"key":"infinitespire:Lychee Nut"},{"floor":41,"key":"Lantern"},{"floor":45,"key":"Anchor"},{"floor":45,"key":"Omamori"},{"floor":54,"key":"Odd Mushroom"}],"event_choices":[{"damage_healed":0,"gold_gain":0,"player_choice":"Fought Mushrooms","damage_taken":0,"max_hp_gain":0,"max_hp_loss":0,"event_name":"Mushrooms","floor":54,"gold_loss":0},{"damage_healed":0,"gold_gain":0,"player_choice":"Got Potions","damage_taken":0,"max_hp_gain":0,"max_hp_loss":0,"event_name":"Lab","floor":55,"gold_loss":0}],"is_beta":false,"boss_relics":[{"not_picked":["Runic Pyramid","Philosopher\u0027s Stone"],"picked":"aspiration:SilentSkillbook"},{"not_picked":["SlaversCollar","infinitespire:Cupcake"],"picked":"Slimebound:TarBlob"},{"not_picked":["aspiration:PoetsPen_weak","Astrolabe"],"picked":"aspiration:SecretTechniqueScroll"}],"items_purged_floors":[21,23,25,39],"is_endless":true,"potions_floor_spawned":[9,14,15,26,27,31,33,37,43,47,53],"killed_by":"Cultist","ascension_level":0}}