{"host":"b3acx0fd85ri4t7i","time":1610799309,"event":{"mods":["BaseMod","Colored Powertips","Minty Spire (QoL Compilation)","Quick Restart","Relic Stats","StSLib","[功能]功能增强和修复MOD"],"gold_per_floor":[112,112,112,126,150,184,114,143,169,196,271,299,315,345,345,422,422,434,434,484,339,357,391,391,426,426,426,451,451,451],"floor_reached":29,"language":"ZHS","playtime":1019,"items_purged":["Regret","Pain","Strike_B","Strike_B","Defend_B","Defend_B","Defend_B","Defend_B","Strike_B","Strike_B","Fission","Core Surge","Fission"],"score":780,"play_id":"b42d3d90-058a-43ad-9538-8679b7dbd894","local_time":"20210116201509","is_ascension_mode":true,"campfire_choices":[{"data":"Storm","floor":15,"key":"SMITH"},{"data":"Thunder Strike","floor":27,"key":"SMITH"}],"circlet_count":0,"master_deck":["AscendersBane","Dualcast","Reinforced Body","Capacitor","Self Repair","Storm+1","Ball Lightning","Thunder Strike+1","Loop"],"relics":["Cracked Core","PreservedInsect","Du-Vu Doll","WarpedTongs","Blood Vial","Strawberry","Toy Ornithopter","Letter Opener","Lantern","Oddly Smooth Stone","Cursed Key","Shuriken","StoneCalendar","Omamori"],"acts_visited":["Exordium","TheCity"],"potions_floor_usage":[6,6,8,10,12,14,16,29],"damage_taken":[{"damage":1,"enemies":"2 Louse","floor":1,"turns":3},{"damage":3,"enemies":"Jaw Worm","floor":4,"turns":3},{"damage":13,"enemies":"3 Sentries","floor":6,"turns":8},{"damage":7,"enemies":"Gremlin Nob","floor":8,"turns":4},{"damage":2,"enemies":"Lagavulin","floor":10,"turns":4},{"damage":31,"enemies":"3 Sentries","floor":12,"turns":7},{"damage":0,"enemies":"Cultist","floor":13,"turns":2},{"damage":0,"enemies":"Gremlin Nob","floor":14,"turns":2},{"damage":0,"enemies":"Slime Boss","floor":16,"turns":6},{"damage":21,"enemies":"Shell Parasite","floor":18,"turns":3},{"damage":1,"enemies":"Spheric Guardian","floor":22,"turns":4},{"damage":25,"enemies":"Book of Stabbing","floor":23,"turns":4},{"damage":25,"enemies":"Gremlin Leader","floor":25,"turns":5},{"damage":29,"enemies":"Slavers","floor":28,"turns":4},{"damage":32,"enemies":"Snake Plant","floor":29,"turns":2}],"seed_played":"-7494622361991328254","potions_obtained":[{"floor":1,"key":"SkillPotion"},{"floor":4,"key":"Fire Potion"},{"floor":6,"key":"Regen Potion"},{"floor":8,"key":"EssenceOfDarkness"},{"floor":10,"key":"SkillPotion"},{"floor":12,"key":"Swift Potion"},{"floor":14,"key":"Weak Potion"},{"floor":23,"key":"FocusPotion"},{"floor":23,"key":"SmokeBomb"},{"floor":25,"key":"Ancient Potion"},{"floor":28,"key":"DuplicationPotion"}],"is_trial":false,"path_per_floor":["M","?","?","M","T","E","$","E","T","E","?","E","M","E","R","B",null,"M","?","?","$","M","E","?","E","T","R","E","M"],"character_chosen":"DEFECT","items_purchased":["Self Repair","Thunder Strike","Loop"],"campfire_rested":0,"item_purchase_floors":[7,21,21],"current_hp_per_floor":[63,63,63,60,60,56,56,70,70,78,67,50,59,73,73,78,78,64,64,64,64,72,59,59,43,43,43,23,0,0],"gold":451,"neow_bonus":"RANDOM_COMMON_RELIC","is_daily":false,"chose_seed":false,"campfire_upgraded":2,"win_rate":0.0,"timestamp":1610799309,"path_taken":["M","?","?","?","?","E","?","E","T","E","?","E","M","E","R","BOSS","M","?","?","$","M","E","?","E","T","R","E","M"],"items_purchased_type":["Card","Card","Card"],"build_version":"2020-12-22","purchased_purges":13,"victory":false,"max_hp_per_floor":[71,71,71,71,71,78,78,78,78,78,78,78,78,78,78,78,78,78,78,78,78,78,78,78,78,78,78,78,78,78],"relic_stats":{"Blood Vial":24,"counters":[15,61],"Shuriken":[0],"StoneCalendar":[0],"PreservedInsect":277,"Letter Opener":[35],"Cursed Key":0,"obtain_stats":[{"Lantern":12,"Oddly Smooth Stone":14,"StoneCalendar":25,"PreservedInsect":0,"Omamori":28,"Letter Opener":10,"Cursed Key":17,"WarpedTongs":3,"Du-Vu Doll":2,"Blood Vial":5,"Shuriken":23,"Strawberry":6,"Cracked Core":0,"Toy Ornithopter":8},{"Lantern":6,"Oddly Smooth Stone":8,"StoneCalendar":13,"PreservedInsect":0,"Omamori":14,"Letter Opener":5,"Cursed Key":9,"WarpedTongs":1,"Du-Vu Doll":1,"Blood Vial":2,"Shuriken":12,"Strawberry":3,"Cracked Core":0,"Toy Ornithopter":4},{"Lantern":29,"Oddly Smooth Stone":33,"StoneCalendar":55,"PreservedInsect":0,"Omamori":59,"Letter Opener":22,"Cursed Key":39,"WarpedTongs":3,"Du-Vu Doll":3,"Blood Vial":6,"Shuriken":50,"Strawberry":14,"Cracked Core":0,"Toy Ornithopter":18}],"Toy Ornithopter":23,"WarpedTongs":[53]},"card_choices":[{"not_picked":["Blizzard","Leap"],"picked":"Reinforced Body","floor":1},{"not_picked":["Steam","Streamline"],"picked":"Capacitor","floor":4},{"not_picked":["Rip and Tear","Compile Driver"],"picked":"Core Surge","floor":6},{"not_picked":["Steam","Self Repair","Go for the Eyes"],"picked":"SKIP","floor":8},{"not_picked":["Tempest","Steam"],"picked":"Storm","floor":10},{"not_picked":["Hologram","Leap"],"picked":"Ball Lightning","floor":12},{"not_picked":["Aggregate","Compile Driver","Turbo"],"picked":"SKIP","floor":13},{"not_picked":["Reprogram","Cold Snap"],"picked":"Fission","floor":14},{"not_picked":["All For One","Creative AI"],"picked":"Fission","floor":16},{"not_picked":["Stack","Lockon","Barrage"],"picked":"SKIP","floor":18},{"not_picked":["Rebound+1","Hello World","Recycle"],"picked":"SKIP","floor":22},{"not_picked":["FTL","Compile Driver","Sunder"],"picked":"SKIP","floor":23},{"not_picked":["Rebound","Blizzard","Go for the Eyes"],"picked":"SKIP","floor":25},{"not_picked":["Barrage","Coolheaded","Sunder"],"picked":"SKIP","floor":28}],"player_experience":306098,"relics_obtained":[{"floor":5,"key":"Blood Vial"},{"floor":6,"key":"Strawberry"},{"floor":8,"key":"Toy Ornithopter"},{"floor":10,"key":"Letter Opener"},{"floor":12,"key":"Lantern"},{"floor":14,"key":"Oddly Smooth Stone"},{"floor":23,"key":"Shuriken"},{"floor":25,"key":"StoneCalendar"},{"floor":28,"key":"Omamori"}],"event_choices":[{"damage_healed":0,"gold_gain":0,"player_choice":"Box","damage_taken":0,"relics_obtained":["Du-Vu Doll"],"max_hp_gain":0,"max_hp_loss":0,"event_name":"Big Fish","floor":2,"gold_loss":0,"cards_obtained":["Regret"]},{"damage_healed":0,"gold_gain":0,"player_choice":"Rummage","damage_taken":0,"relics_obtained":["WarpedTongs"],"max_hp_gain":0,"max_hp_loss":0,"event_name":"Accursed Blacksmith","floor":3,"gold_loss":0,"cards_obtained":["Pain"]},{"damage_healed":0,"gold_gain":75,"player_choice":"Gather Gold","damage_taken":11,"max_hp_gain":0,"max_hp_loss":0,"event_name":"World of Goop","floor":11,"gold_loss":0},{"cards_removed":["Zap"],"damage_healed":0,"gold_gain":0,"player_choice":"Elegance","damage_taken":0,"max_hp_gain":0,"max_hp_loss":0,"event_name":"Back to Basics","floor":19,"gold_loss":0},{"damage_healed":0,"gold_gain":50,"player_choice":"Stole From Cult","damage_taken":0,"max_hp_gain":0,"max_hp_loss":0,"event_name":"Nest","floor":20,"gold_loss":0},{"damage_healed":0,"gold_gain":0,"player_choice":"Ignored","damage_taken":0,"max_hp_gain":0,"max_hp_loss":0,"event_name":"Ghosts","floor":24,"gold_loss":0}],"is_beta":false,"boss_relics":[{"not_picked":["Calling Bell","Fusion Hammer"],"picked":"Cursed Key"}],"items_purged_floors":[7,7,7,7,7,7,7,7,7,7,21,21,21],"is_endless":false,"potions_floor_spawned":[1,4,6,8,10,12,14,23,23,23,25,28],"killed_by":"Snake Plant","ascension_level":20}}