{"host":"tnsigirk6wurdark","time":1610761825,"event":{"mods":["BaseMod","Bestiary","Colored Map","Colored Powertips","Curses Come First","Filter the Spire","Highlight Path","Minty Spire (QoL Compilation)","Quick Restart","Relic Sorter","StSLib","Synergy Search"],"gold_per_floor":[117,117,132,57,72,72,97,9,9,9,39,39,74,49,49,126,126,137,167,217,482,86,136,200,229,253,253,287,287,320,295,295,371,371,390,440,453,249,264,292,292,322,347,397,408,408,428,290,290,290],"floor_reached":51,"language":"ENG","playtime":3396,"items_purged":["Strike_G","Strike_G","Strike_G"],"score":1592,"play_id":"b9c5a75b-45c7-4dd7-a737-07c79194161c","local_time":"20210116015025","is_ascension_mode":true,"campfire_choices":[{"data":"Bouncing Flask","floor":6.0,"key":"SMITH"},{"data":"Catalyst","floor":12.0,"key":"SMITH"},{"data":"Wraith Form v2","floor":15.0,"key":"SMITH"},{"floor":27.0,"key":"REST"},{"data":"Caltrops","floor":29.0,"key":"SMITH"},{"floor":32.0,"key":"REST"},{"floor":41.0,"key":"REST"},{"data":"Bouncing Flask","floor":46,"key":"SMITH"},{"data":"Acrobatics","floor":49,"key":"SMITH"}],"circlet_count":0,"master_deck":["AscendersBane","Defend_G","Defend_G","Defend_G","Defend_G","Defend_G","Survivor","Neutralize","CurseOfTheBell","Dodge and Roll","Deflect","Bouncing Flask+1","Deflect","Caltrops+1","Catalyst+1","Wraith Form v2+1","Blade Dance","Footwork+1","Die Die Die","Dagger Spray","Acrobatics+1","Venomology","Venomology","PiercingWail","Bouncing Flask+1","Footwork","Blade Dance+1","Adrenaline+1","Outmaneuver+1"],"relics":["Calling Bell","Strawberry","Omamori","SlaversCollar","Molten Egg 2","Anchor","Bag of Marbles","Bag of Preparation","Old Coin","Regal Pillow","Bottled Lightning","Black Star","Ice Cream","SsserpentHead","Oddly Smooth Stone","Thread and Needle","Kunai","Mercury Hourglass","Tiny Chest","Sundial","Ornamental Fan","TungstenRod","Du-Vu Doll","Pantograph","Centennial Puzzle","Juzu Bracelet","Toxic Egg 2"],"acts_visited":["Exordium","TheCity","TheBeyond"],"potions_floor_usage":[42,42,45,45,45,47,47,50,50,50],"damage_taken":[{"damage":0.0,"enemies":"Small Slimes","floor":1.0,"turns":5.0},{"damage":0.0,"enemies":"Cultist","floor":3.0,"turns":5.0},{"damage":0.0,"enemies":"2 Louse","floor":5.0,"turns":6.0},{"damage":0.0,"enemies":"Lagavulin","floor":7.0,"turns":7.0},{"damage":17.0,"enemies":"Gremlin Nob","floor":11.0,"turns":5.0},{"damage":0.0,"enemies":"3 Sentries","floor":13.0,"turns":8.0},{"damage":0.0,"enemies":"Exordium Thugs","floor":14.0,"turns":5.0},{"damage":9.0,"enemies":"The Guardian","floor":16.0,"turns":10.0},{"damage":0.0,"enemies":"Chosen","floor":18.0,"turns":3.0},{"damage":5.0,"enemies":"2 Thieves","floor":19.0,"turns":4.0},{"damage":0.0,"enemies":"Snake Plant","floor":24.0,"turns":3.0},{"damage":34.0,"enemies":"Slavers","floor":25.0,"turns":8.0},{"damage":0.0,"enemies":"Gremlin Leader","floor":28.0,"turns":7.0},{"damage":6.0,"enemies":"Book of Stabbing","floor":30.0,"turns":7.0},{"damage":34.0,"enemies":"Automaton","floor":33.0,"turns":9.0},{"damage":0.0,"enemies":"Orb Walker","floor":35.0,"turns":4.0},{"damage":0.0,"enemies":"3 Shapes","floor":37.0,"turns":6.0},{"damage":0.0,"enemies":"Maw","floor":39.0,"turns":10.0},{"damage":11.0,"enemies":"Nemesis","floor":40.0,"turns":7.0},{"damage":0,"enemies":"Reptomancer","floor":42,"turns":5},{"damage":0,"enemies":"3 Darklings","floor":45,"turns":5},{"damage":0,"enemies":"Writhing Mass","floor":47,"turns":5},{"damage":29,"enemies":"Awakened One","floor":50,"turns":12}],"seed_played":"1579153101390813991","potions_obtained":[{"floor":13.0,"key":"Block Potion"},{"floor":18.0,"key":"ColorlessPotion"},{"floor":25.0,"key":"LiquidBronze"},{"floor":28.0,"key":"Poison Potion"},{"floor":42,"key":"DistilledChaos"},{"floor":45,"key":"Explosive Potion"},{"floor":47,"key":"Weak Potion"}],"is_trial":false,"path_per_floor":["M","?","M","$","M","R","E","$","T","?","E","R","E","M","R","B",null,"M","M","T","?","$","?","M","E","T","R","E","R","E","?","R","B",null,"M","T","M","$","M","E","R","E","T","?","M","R","M","$","R","B",null],"character_chosen":"THE_SILENT","items_purchased":["Caltrops","Tiny Chest","Die Die Die","ColorlessPotion","Footwork","Strength Potion","Regen Potion"],"campfire_rested":3,"item_purchase_floors":[8,22,22,22,38,48,48],"current_hp_per_floor":[59,59,59,59,59,59,59,59,59,59,42,42,42,42,42,33,58,58,53,53,53,53,53,53,19,19,53,53,53,47,47,66,32,58,58,58,58,58,58,54,73,73,73,73,73,73,73,73,73,58],"gold":290,"neow_bonus":"BOSS_RELIC","is_daily":false,"chose_seed":false,"campfire_upgraded":6,"win_rate":0.0,"timestamp":1610761825,"path_taken":["M","?","M","$","?","R","E","?","T","?","E","R","E","M","R","BOSS","M","?","?","?","$","?","?","E","T","R","E","R","E","?","R","BOSS","M","?","M","$","M","E","R","E","T","?","M","R","M","$","R","BOSS"],"items_purchased_type":["Card","Relic","Card","Potion","Card","Potion","Potion"],"build_version":"2020-12-22","purchased_purges":3,"victory":true,"max_hp_per_floor":[66,66,66,66,66,66,66,66,66,66,66,66,66,66,66,66,66,66,66,66,66,66,66,66,66,66,66,66,66,66,66,66,66,66,66,66,66,66,66,73,73,73,73,73,73,73,73,73,73,73],"card_choices":[{"not_picked":["Deadly Poison","Deflect"],"picked":"Dodge and Roll","floor":1.0},{"not_picked":["Dagger Throw","Underhanded Strike"],"picked":"Deflect","floor":3.0},{"not_picked":["Escape Plan","Crippling Poison"],"picked":"Bouncing Flask","floor":5.0},{"not_picked":["Sucker Punch","Underhanded Strike"],"picked":"Deflect","floor":7.0},{"not_picked":["Eviscerate","Dagger Throw"],"picked":"Catalyst","floor":11.0},{"not_picked":["Dodge and Roll","Eviscerate"],"picked":"Wraith Form v2","floor":13.0},{"not_picked":["Setup","Prepared"],"picked":"Blade Dance","floor":14.0},{"not_picked":["Prepared","Flying Knee+1","Outmaneuver"],"picked":"SKIP","floor":18.0},{"not_picked":["Tactician","Backflip"],"picked":"Footwork","floor":19.0},{"not_picked":["Flechettes","Masterful Stab","Bane"],"picked":"SKIP","floor":24.0},{"not_picked":["Terror","Sucker Punch"],"picked":"Dagger Spray","floor":25.0},{"not_picked":["Dodge and Roll","Riddle With Holes"],"picked":"Acrobatics","floor":28.0},{"not_picked":["Bane+1","Acrobatics"],"picked":"Venomology","floor":30.0},{"not_picked":["Unload+1","Malaise"],"picked":"Venomology","floor":33.0},{"not_picked":["Bane+1","Finisher+1"],"picked":"PiercingWail","floor":35.0},{"not_picked":["Backflip","Setup"],"picked":"Bouncing Flask","floor":37.0},{"not_picked":["Dagger Spray+1","Bane+1","Sucker Punch+1"],"picked":"SKIP","floor":39.0},{"not_picked":["Acrobatics","Flying Knee+1"],"picked":"Blade Dance+1","floor":40.0},{"not_picked":["Dagger Throw+1","Footwork","Caltrops"],"picked":"SKIP","floor":42},{"not_picked":["Acrobatics+1","PiercingWail+1"],"picked":"Adrenaline+1","floor":45},{"not_picked":["Cloak And Dagger+1","Poisoned Stab+1"],"picked":"Outmaneuver+1","floor":47}],"player_experience":806135,"relics_obtained":[{"floor":0.0,"key":"Oddly Smooth Stone"},{"floor":0.0,"key":"Kunai"},{"floor":0.0,"key":"Thread and Needle"},{"floor":7.0,"key":"Regal Pillow"},{"floor":9.0,"key":"Mercury Hourglass"},{"floor":11.0,"key":"Bag of Preparation"},{"floor":13.0,"key":"Bottled Lightning"},{"floor":20.0,"key":"Ice Cream"},{"floor":25.0,"key":"Sundial"},{"floor":25.0,"key":"Bag of Marbles"},{"floor":26.0,"key":"Anchor"},{"floor":28.0,"key":"Ornamental Fan"},{"floor":28.0,"key":"TungstenRod"},{"floor":30.0,"key":"Molten Egg 2"},{"floor":30.0,"key":"Du-Vu Doll"},{"floor":36.0,"key":"Pantograph"},{"floor":40.0,"key":"Centennial Puzzle"},{"floor":40.0,"key":"Strawberry"},{"floor":42,"key":"Juzu Bracelet"},{"floor":42,"key":"Toxic Egg 2"},{"floor":43,"key":"Omamori"}],"event_choices":[{"cards_removed":["Strike_G"],"damage_healed":0.0,"max_hp_gain":0.0,"max_hp_loss":0.0,"gold_gain":0.0,"event_name":"Purifier","player_choice":"Purged","floor":2.0,"gold_loss":0.0,"damage_taken":0.0},{"damage_healed":0.0,"max_hp_gain":0.0,"max_hp_loss":0.0,"gold_gain":0.0,"event_name":"FaceTrader","player_choice":"Trade","floor":10.0,"gold_loss":0.0,"damage_taken":0.0,"relics_obtained":["SsserpentHead"]},{"damage_healed":0.0,"max_hp_gain":0.0,"max_hp_loss":0.0,"gold_gain":0.0,"event_name":"Addict","player_choice":"Obtained Relic","floor":21.0,"gold_loss":85.0,"damage_taken":0.0,"relics_obtained":["Old Coin"]},{"damage_healed":0.0,"max_hp_gain":0.0,"max_hp_loss":0.0,"gold_gain":0.0,"event_name":"Accursed Blacksmith","player_choice":"Forge","floor":23.0,"gold_loss":0.0,"damage_taken":0.0,"cards_upgraded":["Footwork"]},{"cards_removed":["Strike_G"],"damage_healed":0.0,"max_hp_gain":0.0,"max_hp_loss":0.0,"gold_gain":0.0,"event_name":"Beggar","player_choice":"Gave Gold","floor":31.0,"gold_loss":75.0,"damage_taken":0.0},{"damage_healed":0,"gold_gain":0,"player_choice":"Ignored","damage_taken":0,"max_hp_gain":0,"max_hp_loss":0,"event_name":"Tomb of Lord Red Mask","floor":44,"gold_loss":0}],"is_beta":false,"boss_relics":[{"not_picked":["Fusion Hammer","Empty Cage"],"picked":"Black Star"},{"not_picked":["Coffee Dripper","Pandora\u0027s Box"],"picked":"SlaversCollar"}],"items_purged_floors":[4,22,38],"is_endless":false,"potions_floor_spawned":[13,18,25,28,40,42,45,47],"ascension_level":16}}