{"host":"msa0wxqjs3jv1k3j","time":1610808643,"event":{"mods":["AchievementEnabler","BaseMod","BetterRewards","Colored Map","Highlight Path","KOR Keyword Fix","Keyboard Shortcuts","Minty Spire (QoL Compilation)","Quick Restart","SuperFastMode","everything is the same but u backflip on backflip"],"gold_per_floor":[119,135,135,135,155,185,185,110,110,123,100,100,100,118,118,223,223,243,261,261,273,273,273,97,109,109,19,46,46,46],"floor_reached":29,"language":"KOR","playtime":876,"items_purged":["Strike_G","Defend_G"],"score":243,"play_id":"a1558def-f8b5-4d35-8193-50530a37e78f","local_time":"20210116235043","is_ascension_mode":false,"campfire_choices":[{"data":"Bouncing Flask","floor":7,"key":"SMITH"},{"floor":13,"key":"REST"},{"floor":15,"key":"REST"},{"data":"Envenom","floor":23,"key":"SMITH"}],"circlet_count":0,"master_deck":["Strike_G","Strike_G","Strike_G","Defend_G+1","Defend_G+1","Survivor","Neutralize","Slice","Dagger Spray","Bouncing Flask+1","Deadly Poison","Deadly Poison","Grand Finale","Poisoned Stab","Envenom+1","Noxious Fumes+1","PiercingWail+1","Leg Sweep","Defend_G+1","Crippling Poison","Finesse","Outmaneuver"],"relics":["Ring of the Serpent","NeowsBlessing","InkBottle","White Beast Statue","Du-Vu Doll","Bottled Lightning"],"acts_visited":["Exordium","TheCity"],"potions_floor_usage":[16,28,29],"damage_taken":[{"damage":0,"enemies":"Small Slimes","floor":1,"turns":1},{"damage":0,"enemies":"Jaw Worm","floor":2,"turns":1},{"damage":0,"enemies":"Cultist","floor":5,"turns":1},{"damage":39,"enemies":"Gremlin Nob","floor":6,"turns":5},{"damage":3,"enemies":"Blue Slaver","floor":10,"turns":3},{"damage":8,"enemies":"Gremlin Gang","floor":14,"turns":4},{"damage":32,"enemies":"Hexaghost","floor":16,"turns":7},{"damage":14,"enemies":"Shell Parasite","floor":18,"turns":4},{"damage":2,"enemies":"Chosen","floor":19,"turns":4},{"damage":0,"enemies":"Snecko","floor":21,"turns":4},{"damage":21,"enemies":"Centurion and Healer","floor":25,"turns":6},{"damage":31,"enemies":"Slavers","floor":28,"turns":7},{"damage":7,"enemies":"Sentry and Sphere","floor":29,"turns":3}],"seed_played":"-8378834122944472925","potions_obtained":[{"floor":1,"key":"SteroidPotion"},{"floor":10,"key":"SteroidPotion"},{"floor":14,"key":"Poison Potion"},{"floor":16,"key":"Ancient Potion"},{"floor":18,"key":"DuplicationPotion"},{"floor":28,"key":"Poison Potion"}],"is_trial":false,"path_per_floor":["M","M","?","?","M","E","R","$","T","M","$","?","R","M","R","B",null,"M","M","?","M","?","R","$","M","T","$","E","M"],"character_chosen":"THE_SILENT","items_purchased":["Deadly Poison","Crippling Poison","Finesse"],"campfire_rested":2,"item_purchase_floors":[11,24,27],"current_hp_per_floor":[70,70,75,60,60,21,21,21,21,18,18,18,40,32,54,22,75,61,59,59,59,59,59,59,38,38,38,7,0,0],"gold":46,"neow_bonus":"THREE_ENEMY_KILL","is_daily":false,"chose_seed":false,"campfire_upgraded":2,"win_rate":0.0,"timestamp":1610808643,"path_taken":["M","M","?","?","M","E","R","?","T","M","$","?","R","M","R","BOSS","M","M","?","M","?","R","$","M","T","$","E","M"],"items_purchased_type":["Card","Card","Card"],"build_version":"2020-12-22","purchased_purges":2,"victory":false,"max_hp_per_floor":[70,70,75,75,75,75,75,75,75,75,75,75,75,75,75,75,75,75,75,75,75,75,75,75,75,75,75,75,75,75],"card_choices":[{"not_picked":["Heel Hook","Backflip"],"picked":"Slice","floor":1},{"not_picked":["Acrobatics","Backflip"],"picked":"Dagger Spray","floor":2},{"not_picked":["Bane","Poisoned Stab"],"picked":"Bouncing Flask","floor":5},{"not_picked":["Die Die Die","Sucker Punch"],"picked":"Deadly Poison","floor":6},{"not_picked":["Expertise","Acrobatics","Terror"],"picked":"SKIP","floor":10},{"not_picked":["Flying Knee","Dodge and Roll"],"picked":"Poisoned Stab","floor":14},{"not_picked":["Tools of the Trade","Adrenaline"],"picked":"Envenom","floor":16},{"not_picked":["Cloak And Dagger+1","Expertise+1"],"picked":"Noxious Fumes+1","floor":18},{"not_picked":["Dagger Spray+1","Blade Dance"],"picked":"PiercingWail+1","floor":19},{"not_picked":["Tactician","Sucker Punch","Flechettes"],"picked":"SKIP","floor":21},{"not_picked":["Dagger Throw","Expertise","Cloak And Dagger+1"],"picked":"SKIP","floor":25},{"not_picked":["Slice","Terror"],"picked":"Outmaneuver","floor":28}],"player_experience":120109,"relics_obtained":[{"floor":6,"key":"InkBottle"},{"floor":9,"key":"White Beast Statue"},{"floor":26,"key":"Du-Vu Doll"},{"floor":28,"key":"Bottled Lightning"}],"event_choices":[{"damage_healed":0,"gold_gain":0,"player_choice":"Donut","damage_taken":0,"max_hp_gain":5,"max_hp_loss":0,"event_name":"Big Fish","floor":3,"gold_loss":0},{"damage_healed":0,"gold_gain":0,"player_choice":"Entered Light","damage_taken":15,"max_hp_gain":0,"max_hp_loss":0,"event_name":"Shining Light","floor":4,"gold_loss":0,"cards_upgraded":["Defend_G","Defend_G"]},{"damage_healed":0,"gold_gain":0,"cards_transformed":["Defend_G"],"player_choice":"Transformed","damage_taken":0,"max_hp_gain":0,"max_hp_loss":0,"event_name":"Transmorgrifier","floor":12,"gold_loss":0,"cards_obtained":["Grand Finale"]},{"damage_healed":0,"gold_gain":0,"cards_transformed":["Strike_G","Defend_G"],"player_choice":"Became Test Subject","damage_taken":0,"max_hp_gain":0,"max_hp_loss":0,"event_name":"Drug Dealer","floor":20,"gold_loss":0,"cards_obtained":["Infinite Blades","Leg Sweep"]},{"cards_removed":["Infinite Blades"],"damage_healed":0,"gold_gain":0,"player_choice":"Took Card","damage_taken":0,"max_hp_gain":0,"max_hp_loss":0,"event_name":"NoteForYourself","floor":22,"gold_loss":0,"cards_obtained":["Defend_G"]}],"is_beta":false,"boss_relics":[{"not_picked":["Runic Dome","Ectoplasm"],"picked":"Ring of the Serpent"}],"items_purged_floors":[8,24],"is_endless":false,"potions_floor_spawned":[1,10,14,16,18,19,21,25,28],"killed_by":"Sentry and Sphere","ascension_level":0}}