{"host":"jfbo3eu2ui08ej1u","time":1610815410,"event":{"mods":["2.2 Compatiblity","AchievementEnabler","Act Like it!","Aspiration","BaseMod","Better Altar","Better Match","Better Note","Better Sensory Stone","Better Skull","Better Third Choice","Block Reminder","Colored Map","Colored Powertips","Conspire","DeckTracker","Displayed Cursed Tome","Energized Spire","Fox Events","GifTheSpireLib","Hubris","Infinite Spire","Marked Mod","Minty Spire (QoL Compilation)","Pale of the Ancients","Quick Restart","Relic Filter","Reorder Act Four","Replay The Spire","Shop Mod","Spicy Shops","StSLib","Stuff the Spire","The Blue Laboratory","The Disciple","The Forsaken","The Hierophant","The Marked","Uncapped","Unceasing Turn Reminder","Wandering Minibosses"],"gold_per_floor":[119,137,157,169,182,182,182,182,212,212,265,265,281,312,312,328,328,401,401,417,432,432,432,447,447,447,31,108,120,120,138,138,38,38,115,115,128,148,23,23,42,42,42,42],"floor_reached":43,"language":"ENG","playtime":1842,"items_purged":["Strike_G","Strike_G","Writhe","Voices"],"score":830,"play_id":"7d37091f-fdf3-430f-b91a-49a65258509f","local_time":"20210116114330","is_ascension_mode":true,"campfire_choices":[{"data":"conspire:PoisonWeapons","floor":6.0,"key":"SMITH"},{"floor":10.0,"key":"REST"},{"data":"Cloak And Dagger","floor":12.0,"key":"SMITH"},{"floor":15.0,"key":"REST"},{"data":"Blade Dance","floor":17.0,"key":"SMITH"},{"floor":25,"key":"REST"},{"floor":30,"key":"REST"},{"floor":32,"key":"REST"},{"floor":34,"key":"DIG"},{"floor":42,"key":"REST"}],"circlet_count":0,"master_deck":["AscendersBane","Defend_G","Defend_G","Defend_G","Survivor","Neutralize+1","StuffTheSpire:BrimstoneBlast","Cloak And Dagger+1","conspire:PoisonWeapons+1","All Out Attack","Blade Dance+1","Unload","Hidden Blade","StuffTheSpire:Shiver","Tools of the Trade","hubris:Sniper","infinitespire:Execution","StuffTheSpire:DoubleShiv","Prepared","Glass Knife","StuffTheSpire:DoubleShiv+1","Blade Dance","Fluid Movement","Choke+1","After Image","Doubt","wanderingMiniBosses:FinaleOfPromise","PiercingWail","Well Laid Plans+1","Adrenaline","Tactician"],"relics":["Ring of the Snake","Kunai","StuffTheSpire:OldFever","Replay:Rubber Ducky","Black Star","Question Card","hubris:VirtuousBlindfold","infinitespire:Bottled Soul","Prayer Wheel","aspiration:StickyExplosives_weak","Onion Ring","Kintsugi","wanderingMiniBosses:Blackblade"],"acts_visited":["Exordium","TheCity","TheBeyond"],"potions_floor_usage":[24,35,41],"damage_taken":[{"damage":17.0,"enemies":"infinitespire:Voidling","floor":1.0,"turns":7.0},{"damage":2.0,"enemies":"2 Louse","floor":2.0,"turns":2.0},{"damage":4.0,"enemies":"conspire:RoseBush","floor":3.0,"turns":3.0},{"damage":0.0,"enemies":"Red Slaver","floor":4.0,"turns":5.0},{"damage":20.0,"enemies":"Large Slime","floor":5.0,"turns":5.0},{"damage":1.0,"enemies":"Lagavulin","floor":9.0,"turns":4.0},{"damage":3.0,"enemies":"Exordium Wildlife","floor":13.0,"turns":3.0},{"damage":15.0,"enemies":"3 Sentries","floor":14.0,"turns":7.0},{"damage":18.0,"enemies":"conspire:2 RoseBushes","floor":16.0,"turns":7.0},{"damage":14.0,"enemies":"Hexaghost","floor":18.0,"turns":6.0},{"damage":21.0,"enemies":"conspire:FuzzyDice","floor":20.0,"turns":7.0},{"damage":23.0,"enemies":"Shell Parasite","floor":21.0,"turns":6.0},{"damage":1,"enemies":"Cultist and Chosen","floor":24,"turns":5},{"damage":12,"enemies":"Shelled Parasite and Fungi","floor":29,"turns":5},{"damage":0,"enemies":"Centurion and Healer","floor":31,"turns":4},{"damage":39,"enemies":"Automaton","floor":35,"turns":7},{"damage":34,"enemies":"Orb Walker","floor":37,"turns":7},{"damage":8,"enemies":"3 Shapes","floor":38,"turns":3},{"damage":10,"enemies":"Writhing Mass","floor":41,"turns":4},{"damage":25,"enemies":"4 Shapes","floor":43,"turns":4}],"seed_played":"-3656256711705474516","potions_obtained":[{"floor":5.0,"key":"blueLaboratory:BottleOfRum"},{"floor":13.0,"key":"blueLaboratory:HorrorPotion"},{"floor":14.0,"key":"blueLaboratory:HorrorPotion"},{"floor":21.0,"key":"Languid Potion"},{"floor":24,"key":"blueLaboratory:ArtistsPotion"},{"floor":35,"key":"blueLaboratory:Moonshine"},{"floor":41,"key":"DistilledChaos"}],"is_trial":false,"path_per_floor":["M","M","M","M","M","R","PTL","PTL","E","R","T","R","M","E","R","M","R","B",null,"M","M","AVR","?","M","R","?","$","T","M","R","M","R","$","R_BF","B",null,"M","M","$","$","M","R","M"],"character_chosen":"THE_SILENT","items_purchased":["Prayer Wheel","Glass Knife"],"campfire_rested":6,"item_purchase_floors":[27,27],"current_hp_per_floor":[51,49,45,45,25,25,25,25,24,43,43,43,40,25,44,26,26,12,53,32,9,9,9,8,27,27,27,27,15,34,34,53,53,53,14,53,19,11,11,11,1,20,0,0],"gold":42,"neow_bonus":"UPGRADE_CARD","is_daily":false,"chose_seed":false,"campfire_upgraded":3,"win_rate":0.0,"timestamp":1610815410,"path_taken":["M","M","M","M","M","R","PTL","PTL","E","R","T","R","M","E","R","M","R","BOSS","M","?","AVR","?","?","R","?","?","T","M","R","M","R","$","R_BF","BOSS","M","M","?","$","M","R","M"],"items_purchased_type":["Relic","Card"],"build_version":"2020-12-22","purchased_purges":4,"victory":false,"max_hp_per_floor":[66,66,66,66,66,66,66,66,66,66,66,66,66,66,66,66,66,66,66,66,66,66,66,66,66,66,66,66,66,66,66,66,66,66,66,66,66,66,66,66,66,66,66,66],"card_choices":[{"not_picked":["PiercingWail","StuffTheSpire:BumpUp"],"picked":"StuffTheSpire:BrimstoneBlast","floor":1.0},{"not_picked":["StuffTheSpire:Injection","Hidden Blade"],"picked":"Cloak And Dagger","floor":2.0},{"not_picked":["Quick Slash","Underhanded Strike"],"picked":"conspire:PoisonWeapons","floor":3.0},{"not_picked":["StuffTheSpire:ClusterCrunch","Calculated Gamble"],"picked":"All Out Attack","floor":4.0},{"not_picked":["Slice","StuffTheSpire:ReptileScales"],"picked":"Blade Dance","floor":5.0},{"not_picked":["Bouncing Flask","hubris:TrickCloak"],"picked":"Unload","floor":9.0},{"not_picked":["Sneak Up","StuffTheSpire:Python"],"picked":"Hidden Blade","floor":13.0},{"not_picked":["Underhanded Strike","Dash"],"picked":"StuffTheSpire:Shiver","floor":14.0},{"not_picked":["Hidden Blade","Underhanded Strike","Bane"],"picked":"SKIP","floor":16.0},{"not_picked":["Wraith Form v2","Venomology"],"picked":"Tools of the Trade","floor":18.0},{"not_picked":["Flying Knee","Acrobatics","Heel Hook+1"],"picked":"SKIP","floor":20.0},{"not_picked":["Outmaneuver","StuffTheSpire:ReptileScales"],"picked":"hubris:Sniper","floor":21.0},{"not_picked":["Flying Knee","StuffTheSpire:ClusterCrunch+1","Sucker Punch"],"picked":"StuffTheSpire:DoubleShiv","floor":24},{"not_picked":["Quick Slash","Riddle With Holes+1","Sucker Punch"],"picked":"StuffTheSpire:DoubleShiv+1","floor":29},{"not_picked":["conspire:PoisonWeapons","Unload","Distraction"],"picked":"Blade Dance","floor":29},{"not_picked":["Bane","Quick Slash","Deadly Poison"],"picked":"Fluid Movement","floor":31},{"not_picked":["StuffTheSpire:Incursion","ReplayTheSpireMod:Speed Training","StuffTheSpire:Fury"],"picked":"Choke+1","floor":31},{"not_picked":["Unload","Glass Knife","StuffTheSpire:FinalStruggle"],"picked":"After Image","floor":35},{"not_picked":[],"picked":"wanderingMiniBosses:FinaleOfPromise","floor":37},{"not_picked":["Sucker Punch","StuffTheSpire:BumpUp","Flying Knee"],"picked":"PiercingWail","floor":37},{"not_picked":["Deadly Poison","Predator","StuffTheSpire:BumpUp"],"picked":"Well Laid Plans+1","floor":37},{"not_picked":["StuffTheSpire:Python","Expertise","Toxin Wave"],"picked":"Adrenaline","floor":38},{"not_picked":["Crippling Poison+1","Blade Dance+1","Slice","hubris:SlightOfHand"],"picked":"SKIP","floor":38},{"not_picked":["Catalyst","Deadly Poison","Dodge and Roll"],"picked":"Tactician","floor":41},{"not_picked":["Underhanded Strike","StuffTheSpire:Injection","Dagger Spray","Bouncing Flask"],"picked":"SKIP","floor":41}],"player_experience":1195430,"relics_obtained":[{"floor":9.0,"key":"Kunai"},{"floor":11.0,"key":"StuffTheSpire:OldFever"},{"floor":14.0,"key":"Replay:Rubber Ducky"},{"floor":28,"key":"aspiration:StickyExplosives_weak"},{"floor":34,"key":"Onion Ring"},{"floor":37,"key":"wanderingMiniBosses:Blackblade"}],"event_choices":[{"damage_healed":0.0,"max_hp_gain":0.0,"max_hp_loss":0.0,"gold_gain":0.0,"event_name":"The Mausoleum","player_choice":"Opened","floor":23.0,"gold_loss":0.0,"damage_taken":0.0,"relics_obtained":["infinitespire:Bottled Soul"],"cards_obtained":["Writhe"]}],"is_beta":false,"boss_relics":[{"not_picked":["hubris:ScarierMask","ReplayTheSpireMod:DimensionalGlitch"],"picked":"Black Star"},{"not_picked":["theForsaken:PaleLantern","hubris:RunicObelisk"],"picked":"Kintsugi"}],"items_purged_floors":[22,27,33,39],"is_endless":false,"potions_floor_spawned":[5,13,14,21,24,35,41],"killed_by":"4 Shapes","ascension_level":20}}