{"host":"byo4257mpp7krjml","time":1610827344,"event":{"mods":["BaseMod","Beaked The Cultist","Colored Map","Dio Mod","Googly Eyes","Hermit","Infinite Spire","Mad Scientist","Minty Spire (QoL Compilation)","Replay The Spire","StSLib","The Hayseed","The IronCluck","The Mystic"],"gold_per_floor":[115,115,128,128,147,147,158,63,63,63,63,63,73,104,104,201,201,218,236,54,54,68,68,99,99,99,115,148,148,165,182,182,182,182],"floor_reached":33,"language":"ENG","playtime":2278,"items_purged":["beaked:Strike_Y"],"score":337,"play_id":"8aa420fa-72f1-4bc1-b913-63bcde97137e","local_time":"20210116150224","is_ascension_mode":false,"campfire_choices":[{"data":"beaked:Evade","floor":6,"key":"SMITH"},{"data":"beaked:Windmill","floor":10,"key":"SMITH"},{"data":"beaked:Windmill","floor":12,"key":"SMITH"},{"data":"beaked:Evade","floor":15,"key":"SMITH"},{"data":"beaked:WarriorEssence","floor":23,"key":"SMITH"},{"data":"beaked:Windmill","floor":25,"key":"SMITH"}],"circlet_count":0,"master_deck":["beaked:Defend_Y","beaked:Defend_Y+1","beaked:Defend_Y","beaked:Defend_Y","beaked:Ceremony","beaked:Ceremony","beaked:Ceremony","beaked:Hexing+1","beaked:Evade+1","beaked:Windmill+1","beaked:Evade+1","beaked:Windmill+1","beaked:Insight","beaked:WarriorEssence+1","beaked:Flinch+1","beaked:Tweet","beaked:Insight","beaked:Windmill+1","Bite","Bite","Bite","Bite","Bite","beaked:Negation","beaked:BraceForImpact","beaked:CrazyRituals","beaked:Windmill+1"],"relics":["beaked:MendingPlumage","Replay:WaspNest","Bottled Flame","PreservedInsect","Painkiller Herb","Lantern","Tiny Chest","Centennial Puzzle"],"acts_visited":["Exordium","TheCity"],"potions_floor_usage":[24,24,33,33],"damage_taken":[{"damage":8,"enemies":"Jaw Worm","floor":1,"turns":6},{"damage":9,"enemies":"2 Louse","floor":3,"turns":2},{"damage":10,"enemies":"Small Slimes","floor":5,"turns":5},{"damage":10,"enemies":"3 Louse","floor":7,"turns":6},{"damage":23,"enemies":"Lots of Slimes","floor":13,"turns":3},{"damage":23,"enemies":"Lagavulin","floor":14,"turns":7},{"damage":24,"enemies":"Hexaghost","floor":16,"turns":7},{"damage":26,"enemies":"Shell Parasite","floor":18,"turns":4},{"damage":30,"enemies":"Chosen","floor":19,"turns":5},{"damage":42,"enemies":"Shelled Parasite and Fungi","floor":22,"turns":5},{"damage":28,"enemies":"Book of Stabbing","floor":24,"turns":4},{"damage":21,"enemies":"Sentry and Sphere","floor":27,"turns":5},{"damage":29,"enemies":"Gremlin Leader","floor":28,"turns":5},{"damage":23,"enemies":"Snake Plant","floor":30,"turns":4},{"damage":37,"enemies":"Centurion and Healer","floor":31,"turns":6},{"damage":57,"enemies":"StardustCrusaders","floor":33,"turns":4}],"seed_played":"-1921408919467616589","potions_obtained":[{"floor":1,"key":"AttackPotion"},{"floor":3,"key":"DistilledChaos"},{"floor":19,"key":"Doom Potion"},{"floor":24,"key":"SpeedPotion"},{"floor":28,"key":"Elixir"},{"floor":31,"key":"Toxic Potion"}],"is_trial":false,"path_per_floor":["M","?","M","?","M","R","M","$","T","R","?","R","M","E","R","B",null,"?","?","T","?","?","T","E","T","T","?","E","?","?","?","T","B"],"character_chosen":"BEAKED_THE_CULTIST","items_purchased":["beaked:Windmill","beaked:Insight","beaked:Insight","beaked:Windmill"],"campfire_rested":0,"item_purchase_floors":[8,8,20,20],"current_hp_per_floor":[49,49,44,34,36,36,42,42,42,42,42,42,31,30,30,34,50,35,25,25,25,14,14,15,15,15,30,28,24,30,33,33,0,0],"gold":182,"neow_bonus":"THREE_CARDS","is_daily":false,"chose_seed":false,"campfire_upgraded":6,"win_rate":0.0,"timestamp":1610827344,"path_taken":["M","?","M","?","M","R","M","$","T","R","?","R","M","E","R","BOSS","?","?","T","?","?","T","E","T","T","?","E","?","?","?","T","BOSS"],"items_purchased_type":["Card","Card","Card","Card"],"build_version":"2020-12-22","purchased_purges":1,"victory":false,"max_hp_per_floor":[50,50,50,50,50,50,50,50,50,50,50,50,50,50,50,50,50,50,50,50,34,34,34,34,34,34,34,34,39,39,39,39,39,39],"card_choices":[{"not_picked":["beaked:SurvivalInstinct","beaked:DesperateSwing"],"picked":"beaked:Hexing","floor":1},{"not_picked":["beaked:Tweet","beaked:Overexert"],"picked":"beaked:Evade","floor":3},{"not_picked":["beaked:Pecker","beaked:Brace"],"picked":"beaked:Windmill","floor":5},{"not_picked":["beaked:Resilience","beaked:FakeOut"],"picked":"beaked:Evade","floor":7},{"not_picked":["beaked:BloodForTheGods","beaked:TuckingFeathers"],"picked":"beaked:WarriorEssence","floor":13},{"not_picked":["beaked:Poke","beaked:Pecker","beaked:CursingBlood"],"picked":"SKIP","floor":14},{"not_picked":["beaked:Tradeoff","beaked:Insight"],"picked":"beaked:Flinch+1","floor":18},{"not_picked":["beaked:TuckingFeathers","ReplayTheSpireMod:Wings of Steel"],"picked":"beaked:Tweet","floor":19},{"not_picked":["beaked:Poke","beaked:SacrificialDive+1","beaked:SurvivalInstinct"],"picked":"SKIP","floor":22},{"not_picked":["beaked:CursingBlood","beaked:Poke","beaked:SacrificialAttack"],"picked":"SKIP","floor":24},{"not_picked":["beaked:Redirect","beaked:Mantra"],"picked":"beaked:Negation","floor":27},{"not_picked":["beaked:Recite","beaked:Evade"],"picked":"beaked:BraceForImpact","floor":28},{"not_picked":["beaked:FeelMyPain","beaked:Resilience+1"],"picked":"beaked:CrazyRituals","floor":30},{"not_picked":["beaked:WindBringer+1","beaked:Evade"],"picked":"beaked:Windmill+1","floor":31}],"player_experience":113114,"relics_obtained":[{"floor":2,"key":"Replay:WaspNest"},{"floor":9,"key":"Bottled Flame"},{"floor":14,"key":"PreservedInsect"},{"floor":24,"key":"Lantern"},{"floor":26,"key":"Tiny Chest"},{"floor":28,"key":"Centennial Puzzle"}],"event_choices":[{"damage_healed":0,"gold_gain":0,"player_choice":"Entered Light","damage_taken":10,"max_hp_gain":0,"max_hp_loss":0,"event_name":"Shining Light","floor":4,"gold_loss":0,"cards_upgraded":["beaked:Strike_Y","beaked:Defend_Y"]},{"damage_healed":0,"gold_gain":0,"player_choice":"Grow","damage_taken":0,"max_hp_gain":0,"max_hp_loss":0,"event_name":"Living Wall","floor":11,"gold_loss":0,"cards_upgraded":["beaked:Hexing"]},{"damage_healed":0,"gold_gain":0,"player_choice":"Became a vampire","damage_taken":0,"max_hp_gain":0,"max_hp_loss":16,"event_name":"Vampires","floor":21,"gold_loss":0,"cards_obtained":["Bite","Bite","Bite","Bite","Bite"]},{"damage_healed":0,"gold_gain":0,"player_choice":"Shed Blood","damage_taken":9,"max_hp_gain":5,"max_hp_loss":0,"event_name":"Forgotten Altar","floor":29,"gold_loss":0},{"damage_healed":0,"gold_gain":0,"player_choice":"Ignored","damage_taken":0,"max_hp_gain":0,"max_hp_loss":0,"event_name":"Ghosts","floor":32,"gold_loss":0}],"is_beta":false,"boss_relics":[{"not_picked":["Kintsugi","Tiny House"],"picked":"Painkiller Herb"}],"items_purged_floors":[20],"is_endless":false,"potions_floor_spawned":[1,3,19,22,24,28,31],"killed_by":"StardustCrusaders","ascension_level":0}}