{"host":"bxdue9bkfm2khp2x","time":1610785915,"event":{"mods":["ATMod(阿瑾Mod)","Arknights The Spire","Aspiration","BaseMod","Better Vampires","Challenge The Spire","Colored Map","Colored Powertips","Conspire","Decade(王小明)","Dota2Spire","Highlight Path","Minty Spire (QoL Compilation)","MostiFishMod","Remilia（蕾米莉亚）","Replay The Spire","RumiaBox-露米娅的神秘盒子","Ryuuou龙王","Spicy Shops","StSLib","Td1madao Mod","The Alterego","The Bug Knight","The Cursed","The Servant 0.9.4","WarShipGirlsR/战舰少女R mod","noobMod","vexMod","【功能Mod】混沌之环修复补丁","【遗物卡牌】REMEMod","篝火指南"],"gold_per_floor":[116,131,56,73,86,86,161,161,208,208,238,238,248,278,278,376,376,396,396,306,317,317,344,119,154,154,4,4,20,20,37,37,132,132,148,148,148,148,148,148,165,165,237,237,263,276,276,287,287,287],"floor_reached":51,"language":"ZHS","playtime":3932,"items_purged":["TheCursedMod:Defend_TheCursed","TheCursedMod:Strike_TheCursed","TheCursedMod:Defend_TheCursed","TheCursedMod:Strike_TheCursed"],"score":928,"play_id":"d0a45bb4-4536-4cd9-9960-ded2f7da0882","local_time":"20210116163155","is_ascension_mode":true,"campfire_choices":[{"data":"AT_ShrugMaster","floor":6,"key":"SMITH"},{"data":"TheCursedMod:CleanUpWorkshop","floor":8,"key":"SMITH"},{"data":"TheCursedMod:LuckyCharm","floor":12,"key":"SMITH"},{"data":"TheCursedMod:Obscuration","floor":15,"key":"SMITH"},{"data":"TheCursedMod:FleshFromBone","floor":28,"key":"SMITH"},{"data":"TheCursedMod:HellfireBreathing","floor":32,"key":"SMITH"},{"data":"TheCursedMod:OutForBlood","floor":40,"key":"SMITH"},{"data":"Pot Of Greed","floor":42,"key":"SMITH"},{"data":"Madness","floor":47,"key":"SMITH"},{"data":"TheCursedMod:CircleOfBlood","floor":49,"key":"SMITH"}],"circlet_count":0,"master_deck":["TheCursedMod:Strike_TheCursed","TheCursedMod:Defend_TheCursed+1","TheCursedMod:Defend_TheCursed","TheCursedMod:CursedWand+1","TheCursedMod:CleanUpWorkshop+1","TheCursedMod:Dregs","MostiFishMod:WinterMarkForm+1","AT_ShrugMaster+1","TheCursedMod:HellfireBreathing+1","TheCursedMod:RapidMovement","TheCursedMod:Obscuration+1","TheCursedMod:SurpriseAttack","TheCursedMod:LuckyCharm+1","TheCursedMod:CursedBlade","Pot Of Greed+1","Pot Of Greed+1","TheCursedMod:VoidForm+1","TheCursedMod:FleshFromBone+1","TheCursedMod:RapidMovement","TheCursedMod:CircleOfBlood+1","TheCursedMod:OutForBlood+1","Madness+1","Pot Of Greed+1"],"relics":["TheCursedMod:BlackMagic101","DaveBox","REME_ComplimentaryCards","ice","AT_ATBox","ThornShield","SynthV:TestCard","Bag of Preparation","Orichalcum","Grinning Jar","vexMod:ImprovementManual","GodSword3","Sundial","Gremlin Horn","GodSword7","JellyFishMachine","AT_GuinsooRageblade","Dota2Spire:LinkenSphere"],"acts_visited":["Exordium","TheCity","TheBeyond"],"potions_floor_usage":[13,33,33,50],"damage_taken":[{"damage":0,"enemies":"Cultist","floor":1,"turns":3},{"damage":0,"enemies":"2 Louse","floor":2,"turns":4},{"damage":0,"enemies":"Small Slimes","floor":4,"turns":3},{"damage":14,"enemies":"Exordium Thugs","floor":5,"turns":5},{"damage":0,"enemies":"Lagavulin","floor":11,"turns":6},{"damage":1,"enemies":"2 Fungi Beasts","floor":13,"turns":4},{"damage":8,"enemies":"Gremlin Nob","floor":14,"turns":4},{"damage":0,"enemies":"Hexaghost","floor":16,"turns":7},{"damage":12,"enemies":"Spheric Guardian","floor":18,"turns":5},{"damage":0,"enemies":"Chosen","floor":21,"turns":4},{"damage":0,"enemies":"conspire:SneckoGhost","floor":23,"turns":7},{"damage":27,"enemies":"REME_1_Revenger","floor":25,"turns":4},{"damage":2,"enemies":"Snecko","floor":29,"turns":4},{"damage":0,"enemies":"Centurion and Healer","floor":31,"turns":7},{"damage":0,"enemies":"Collector","floor":33,"turns":5},{"damage":23,"enemies":"3 Darklings","floor":35,"turns":4},{"damage":3,"enemies":"3 Shapes","floor":41,"turns":4},{"damage":15,"enemies":"R_Hoarder","floor":45,"turns":6},{"damage":14,"enemies":"Maw","floor":46,"turns":6},{"damage":0,"enemies":"4 Shapes","floor":48,"turns":4},{"damage":18,"enemies":"Donu and Deca","floor":50,"turns":6}],"seed_played":"4429479662616530041","potions_obtained":[{"floor":11,"key":"Regen Potion"},{"floor":14,"key":"SpeedPotion"},{"floor":25,"key":"Energy Potion"},{"floor":29,"key":"ColorlessPotion"},{"floor":33,"key":"Doom Potion"},{"floor":48,"key":"SteroidPotion"}],"is_trial":false,"path_per_floor":["M","M","$","M","M","R","?","R","T","?","E","R","M","E","R","B",null,"M","?","?","M","T","E","$","E","T","$","R","M","$","M","R","B",null,"M","?","?","?","?","R","M","R","T","?","E","M","R","M","R","B",null],"character_chosen":"THE_CURSED","items_purchased":[],"campfire_rested":0,"item_purchase_floors":[],"current_hp_per_floor":[75,75,75,75,61,61,50,50,50,58,58,58,69,61,61,61,75,63,49,49,49,49,49,49,22,22,22,22,20,20,22,22,26,80,57,57,57,57,57,57,58,58,58,58,45,35,35,41,41,43],"gold":287,"neow_bonus":"THREE_CARDS","is_daily":false,"chose_seed":false,"campfire_upgraded":10,"win_rate":0.0,"timestamp":1610785915,"path_taken":["M","M","$","M","?","R","?","R","T","?","E","R","M","E","R","BOSS","M","?","?","?","?","E","$","E","T","$","R","M","?","M","R","BOSS","M","?","?","?","?","R","?","R","T","?","E","M","R","?","R","BOSS"],"items_purchased_type":[],"build_version":"2020-12-22","purchased_purges":4,"victory":true,"max_hp_per_floor":[75,75,75,75,75,75,75,75,75,75,75,75,75,75,75,75,75,75,80,80,80,80,80,80,80,80,80,80,80,80,80,80,80,80,80,76,76,76,76,76,76,76,76,76,76,76,76,76,76,76],"card_choices":[{"not_picked":["TheCursedMod:Evocation","TheCursedMod:SpitefulStrike"],"picked":"TheCursedMod:HellfireBreathing","floor":0},{"not_picked":["TheCursedMod:SpitefulStrike","TheCursedMod:CircleOfCorruption"],"picked":"TheCursedMod:RapidMovement","floor":1},{"not_picked":["TheCursedMod:SoulCrush","TheCursedMod:Stretching","TheCursedMod:AshesToAshes","TheCursedMod:CursedMace","TheCursedMod:RapidMovement"],"picked":"SKIP","floor":2},{"not_picked":["TheCursedMod:CircleOfWindfury","TheCursedMod:WearCloak","TheCursedMod:EmpowerCircles","TheCursedMod:Mangle"],"picked":"TheCursedMod:Obscuration","floor":4},{"not_picked":["TheCursedMod:Torture","TheCursedMod:RapidMovement","TheCursedMod:ReleasedKnowledge","TheCursedMod:HellfireBreathing"],"picked":"TheCursedMod:SurpriseAttack","floor":5},{"not_picked":["TheCursedMod:HellsGateOpen","TheCursedMod:HellfireBreathing","TheCursedMod:AbyssShockwave","TheCursedMod:Stretching"],"picked":"TheCursedMod:LuckyCharm","floor":11},{"not_picked":["TheCursedMod:Mangle","TheCursedMod:RapidMovement","TheCursedMod:DoubleShield","TheCursedMod:Stigma"],"picked":"TheCursedMod:CursedBlade","floor":13},{"not_picked":["TheCursedMod:SoulCrush","TheCursedMod:AntiAging","TheCursedMod:PrepareRite","TheCursedMod:EmpowerCircles","TheCursedMod:AbyssShockwave"],"picked":"SKIP","floor":14},{"not_picked":["TheCursedMod:UltimatePain","TheCursedMod:OutForBlood","TheCursedMod:Neurasthenia","TheCursedMod:ShockAndAwe"],"picked":"TheCursedMod:VoidForm","floor":16},{"not_picked":["TheCursedMod:CircleOfFlame","TheCursedMod:CursedBlade","TheCursedMod:CursedAmulet","TheCursedMod:Stretching","TheCursedMod:CursedStaff+1"],"picked":"SKIP","floor":18},{"not_picked":["TheCursedMod:Stretching","TheCursedMod:SurpriseAttack+1","TheCursedMod:SoulCrush+1","TheCursedMod:ReleasedStrength"],"picked":"TheCursedMod:FleshFromBone","floor":21},{"not_picked":["TheCursedMod:CircleOfFocus","TheCursedMod:BlessingInDisguise","TheCursedMod:ForbiddenAlchemy","TheCursedMod:CircleOfAmplification+1"],"picked":"TheCursedMod:RapidMovement","floor":23},{"not_picked":["TheCursedMod:UltimatePain","TheCursedMod:Torture","TheCursedMod:ReleasedKnowledge","TheCursedMod:SaltUponWound","TheCursedMod:WearCloak"],"picked":"SKIP","floor":25},{"not_picked":["TheCursedMod:StingEye","TheCursedMod:SpitefulStrike","TheCursedMod:Torture","TheCursedMod:CircleOfAmplification"],"picked":"TheCursedMod:CircleOfBlood","floor":29},{"not_picked":["TheCursedMod:AbyssShockwave","TheCursedMod:Obscuration","TheCursedMod:TacticalStrike","TheCursedMod:Stigma","TheCursedMod:CursedMace"],"picked":"SKIP","floor":31},{"not_picked":["TheCursedMod:NeowsMight","TheCursedMod:DarkBarrier","TheCursedMod:DemonicPact","TheCursedMod:ForbiddenAlchemy"],"picked":"TheCursedMod:OutForBlood","floor":33},{"not_picked":["TheCursedMod:ManaBullet+1","TheCursedMod:PrepareRite","TheCursedMod:Stretching+1","TheCursedMod:HellsGateOpen+1","TheCursedMod:Grudge"],"picked":"SKIP","floor":35},{"not_picked":["Dark Shackles","Flash of Steel","REME_FirmDetermination","AT_PowerWithin"],"picked":"Madness","floor":38},{"not_picked":["TheCursedMod:Obscuration+1","TheCursedMod:Stretching","TheCursedMod:CursedBlade","TheCursedMod:SpitefulStrike","TheCursedMod:SpreadPlague"],"picked":"SKIP","floor":41},{"not_picked":["TheCursedMod:CursedBlade","TheCursedMod:SpitefulPray+1","TheCursedMod:SaltUponWound","TheCursedMod:SoulCrush+1","TheCursedMod:RavingStaff+1"],"picked":"SKIP","floor":45},{"not_picked":["TheCursedMod:TacticalStrike","TheCursedMod:CursedBoomerang","TheCursedMod:SpitefulStrike+1","TheCursedMod:SpitefulPray","TheCursedMod:RavingStaff+1"],"picked":"SKIP","floor":46},{"not_picked":["TheCursedMod:CircleOfBlood","TheCursedMod:PrepareRite+1","TheCursedMod:Obscuration","TheCursedMod:Grudge+1","TheCursedMod:Evocation+1"],"picked":"SKIP","floor":48}],"player_experience":1255179,"relics_obtained":[{"floor":1,"key":"SynthV:TestCard"},{"floor":9,"key":"Bag of Preparation"},{"floor":11,"key":"Orichalcum"},{"floor":14,"key":"Grinning Jar"},{"floor":22,"key":"GodSword3"},{"floor":23,"key":"Sundial"},{"floor":25,"key":"Gremlin Horn"},{"floor":26,"key":"GodSword7"},{"floor":43,"key":"AT_GuinsooRageblade"},{"floor":45,"key":"Dota2Spire:LinkenSphere"}],"event_choices":[{"damage_healed":0,"gold_gain":75,"player_choice":"Gather Gold","damage_taken":11,"max_hp_gain":0,"max_hp_loss":0,"event_name":"World of Goop","floor":7,"gold_loss":0},{"damage_healed":0,"gold_gain":0,"player_choice":"Shed Blood","damage_taken":19,"max_hp_gain":5,"max_hp_loss":0,"event_name":"Forgotten Altar","floor":19,"gold_loss":0},{"cards_removed":["TheCursedMod:Strike_TheCursed"],"damage_healed":0,"gold_gain":0,"player_choice":"Upgrade and Remove","damage_taken":0,"max_hp_gain":0,"max_hp_loss":0,"event_name":"Designer","floor":20,"gold_loss":90,"cards_upgraded":["TheCursedMod:Defend_TheCursed"]},{"damage_healed":0,"gold_gain":0,"player_choice":"Max HP","damage_taken":0,"max_hp_gain":0,"max_hp_loss":4,"event_name":"Winding Halls","floor":36,"gold_loss":0},{"damage_healed":0,"gold_gain":0,"player_choice":"Ignored","damage_taken":0,"max_hp_gain":0,"max_hp_loss":0,"event_name":"Tomb of Lord Red Mask","floor":37,"gold_loss":0},{"damage_healed":0,"gold_gain":0,"player_choice":"Memory 1","damage_taken":0,"max_hp_gain":0,"max_hp_loss":0,"event_name":"SensoryStone","floor":38,"gold_loss":0},{"damage_healed":0,"gold_gain":0,"player_choice":"Ignored","damage_taken":0,"max_hp_gain":0,"max_hp_loss":0,"event_name":"Duplicator","floor":44,"gold_loss":0}],"is_beta":false,"boss_relics":[{"not_picked":["EasyGame_NEW","Runic Pyramid"],"picked":"vexMod:ImprovementManual"},{"not_picked":["MostiFishMod:Hod","REME_DuelDisc"],"picked":"JellyFishMachine"}],"items_purged_floors":[3,24,24,27],"is_endless":false,"potions_floor_spawned":[11,14,25,29,31,33,48],"ascension_level":2}}