{"host":"3xls0xm49ftugio7","time":1610833252,"event":{"mods":["2.2 Compatiblity","AchievementEnabler","Act Like it!","BaseMod","Colored Powertips","GifTheSpireLib","Minty Spire (QoL Compilation)","Quick Restart","Relic Stats","StSLib"],"gold_per_floor":[109,127,127,75,75,100,100,100,400,400,425,459,472,472,472,566,566,587,212,212,230,251,251,251,251],"floor_reached":24,"language":"ENG","playtime":928,"items_purged":["Strike_P"],"score":558,"play_id":"c76ff720-bb2e-40d2-9830-c90ab7717191","local_time":"20210116234052","is_ascension_mode":true,"campfire_choices":[{"data":"Eruption","floor":8,"key":"SMITH"},{"data":"BattleHymn","floor":10,"key":"SMITH"},{"data":"JustLucky","floor":15,"key":"SMITH"},{"floor":23,"key":"REST"}],"circlet_count":0,"master_deck":["AscendersBane","Strike_P","Defend_P","Defend_P","Defend_P","Defend_P","Eruption+1","Vigilance","JustLucky+1","BattleHymn+1","WheelKick","EmptyFist","Weave","MentalFortress","Wallop","EmptyBody","Omniscience","JustLucky","FearNoEvil","FollowUp","ClearTheMind"],"relics":["PureWater","NeowsBlessing","Centennial Puzzle","Golden Idol","Old Coin","Vajra","Singing Bowl","VioletLotus","Sling"],"acts_visited":["Exordium","TheCity"],"potions_floor_usage":[24,24],"damage_taken":[{"damage":0,"enemies":"Jaw Worm","floor":1,"turns":1},{"damage":0,"enemies":"Cultist","floor":2,"turns":1},{"damage":0,"enemies":"Lagavulin","floor":6,"turns":1},{"damage":0,"enemies":"Small Slimes","floor":11,"turns":2},{"damage":8,"enemies":"Gremlin Nob","floor":12,"turns":3},{"damage":0,"enemies":"Looter","floor":13,"turns":1},{"damage":0,"enemies":"The Guardian","floor":16,"turns":8},{"damage":41,"enemies":"3 Byrds","floor":18,"turns":6},{"damage":0,"enemies":"Chosen","floor":21,"turns":3},{"damage":17,"enemies":"Snake Plant","floor":22,"turns":3},{"damage":29,"enemies":"Book of Stabbing","floor":24,"turns":4}],"seed_played":"7554609399707573429","potions_obtained":[{"floor":2,"key":"PowerPotion"},{"floor":11,"key":"Strength Potion"},{"floor":16,"key":"DuplicationPotion"}],"is_trial":false,"path_per_floor":["M","M","?","$","$","E","?","R","T","R","M","E","M","T","R","B",null,"M","$","?","M","M","R","E"],"character_chosen":"WATCHER","items_purchased":["EmptyFist","JustLucky","Sling","FearNoEvil"],"campfire_rested":1,"item_purchase_floors":[4,19,19,19],"current_hp_per_floor":[61,61,61,61,61,61,61,61,61,61,61,53,53,53,53,53,60,21,21,21,21,4,23,0,0],"gold":251,"neow_bonus":"THREE_ENEMY_KILL","is_daily":false,"chose_seed":false,"campfire_upgraded":3,"win_rate":0.0,"timestamp":1610833252,"path_taken":["M","M","?","?","$","E","?","R","T","R","M","E","M","?","R","BOSS","M","$","?","?","M","R","E"],"items_purchased_type":["Card","Card","Relic","Card"],"build_version":"2020-12-22","purchased_purges":1,"victory":false,"max_hp_per_floor":[68,68,68,68,68,68,62,62,62,62,62,62,62,62,62,62,62,64,64,64,64,64,64,64,64],"relic_stats":{"Centennial Puzzle":[12],"Singing Bowl":2,"counters":[11,33],"Golden Idol":46,"VioletLotus":[6],"obtain_stats":[{"Centennial Puzzle":6,"NeowsBlessing":0,"Singing Bowl":14,"Golden Idol":7,"Vajra":12,"VioletLotus":17,"PureWater":0,"Sling":19,"Old Coin":9},{"Centennial Puzzle":3,"NeowsBlessing":0,"Singing Bowl":6,"Golden Idol":3,"Vajra":5,"VioletLotus":7,"PureWater":0,"Sling":8,"Old Coin":3},{"Centennial Puzzle":3,"NeowsBlessing":0,"Singing Bowl":9,"Golden Idol":3,"Vajra":8,"VioletLotus":17,"PureWater":0,"Sling":23,"Old Coin":3}]},"card_choices":[{"not_picked":["Crescendo","CrushJoints"],"picked":"JustLucky","floor":1},{"not_picked":["EmptyFist","Adaptation"],"picked":"BattleHymn","floor":2},{"not_picked":["Fasting2","ThirdEye"],"picked":"Weave","floor":6},{"not_picked":["SignatureMove","Protect"],"picked":"MentalFortress","floor":11},{"not_picked":["CrushJoints","SandsOfTime"],"picked":"Wallop","floor":12},{"not_picked":["Halt","Collect"],"picked":"EmptyBody","floor":13},{"not_picked":["DeusExMachina","ConjureBlade"],"picked":"Omniscience","floor":16},{"not_picked":["SandsOfTime+1","Indignation","WreathOfFlame"],"picked":"Singing Bowl","floor":18},{"not_picked":["WheelKick","Perseverance"],"picked":"FollowUp","floor":21},{"not_picked":["CrushJoints","Brilliance"],"picked":"ClearTheMind","floor":22}],"player_experience":698195,"relics_obtained":[{"floor":6,"key":"Centennial Puzzle"},{"floor":9,"key":"Old Coin"},{"floor":12,"key":"Vajra"},{"floor":14,"key":"Singing Bowl"}],"event_choices":[{"damage_healed":0,"gold_gain":0,"cards_transformed":["Strike_P"],"player_choice":"Transformed","damage_taken":0,"max_hp_gain":0,"max_hp_loss":0,"event_name":"Transmorgrifier","floor":3,"gold_loss":0,"cards_obtained":["WheelKick"]},{"damage_healed":0,"gold_gain":0,"player_choice":"Lose Max HP","damage_taken":0,"relics_obtained":["Golden Idol"],"max_hp_gain":0,"max_hp_loss":6,"event_name":"Golden Idol","floor":7,"gold_loss":0},{"cards_removed":["Strike_P"],"damage_healed":0,"gold_gain":0,"player_choice":"Purged","damage_taken":0,"max_hp_gain":0,"max_hp_loss":0,"event_name":"Purifier","floor":20,"gold_loss":0}],"is_beta":false,"boss_relics":[{"not_picked":["Runic Pyramid","Sozu"],"picked":"VioletLotus"}],"items_purged_floors":[19],"is_endless":false,"potions_floor_spawned":[2,11,16,18,21],"killed_by":"Book of Stabbing","ascension_level":20}}