{"host":"tkinv8gv6hgcc58b","time":1610821770,"event":{"mods":["BaseMod","Colored Map","Downfall","Googly Eyes","Hermit","Minty Spire (QoL Compilation)","READ ME - Guardian Mod","StSLib","The Cursed","The Disciple"],"gold_per_floor":[149,162,174,349,365,391,416,68,82,82,99,99,130,64,81,186,186,86,105,115,33,43,43,68,168,168,195,205,233,233,265,281,281,281,281],"floor_reached":33,"language":"ENG","playtime":3003,"items_purged":[],"score":359,"play_id":"24c4c0fc-7a22-4621-8bae-5270eda6fc39","local_time":"20210116132930","is_ascension_mode":true,"campfire_choices":[{"data":"champ:RecklessLeap","floor":1,"key":"SMITH"},{"data":"champ:TripleStrike","floor":10,"key":"SMITH"},{"floor":12,"key":"REST"},{"data":"expansioncontent:DashGenerateEvil","floor":18,"key":"SMITH"},{"data":"champ:EnchantShield","floor":23,"key":"SMITH"},{"floor":26,"key":"REST"},{"floor":30,"key":"REST"}],"circlet_count":0,"master_deck":["champ:Strike","champ:Strike","champ:Strike","champ:Defend","champ:Defend","champ:Defend+1","champ:Execute","champ:Taunt","champ:RecklessLeap+1","champ:AdrenalArmor","champ:SwordThrow","Doubt","champ:GutPunch","champ:PerfectedStrike","champ:DancingMaster","expansioncontent:DashGenerateEvil+1","champ:TripleStrike+1","champ:CalledShot","champ:ShieldWall","champ:SteelEdge","champ:StanceDance","champ:MurderStrike","champ:Backstep","champ:FanOfKnives+1","champ:BerserkersShout+1","champ:FocusedDefense","champ:EnchantShield+1","champ:FanOfKnives","champ:EnchantSword","J.A.X.","champ:HeartStrike","champ:CheapShot","champ:StanceDance","champ:GladiatorForm"],"relics":["Tiny House","Centennial Puzzle","Oddly Smooth Stone","Singing Bowl","Velvet Choker","downfall:HeartBlessingGreen","Regal Pillow","MutagenicStrength","Unceasing Top","StrikeDummy","Shovel"],"acts_visited":["Exordium","TheCity"],"potions_floor_usage":[14,16,16,25,32],"damage_taken":[{"damage":20,"enemies":"2 Louse","floor":2,"turns":3},{"damage":11,"enemies":"Jaw Worm","floor":3,"turns":6},{"damage":21,"enemies":"Cultist","floor":5,"turns":6},{"damage":61,"enemies":"Gremlin Nob","floor":6,"turns":5},{"damage":24,"enemies":"downfall:FleeingMerchant","floor":8,"turns":4},{"damage":6,"enemies":"Blue Slaver","floor":9,"turns":3},{"damage":9,"enemies":"Exordium Thugs","floor":11,"turns":4},{"damage":24,"enemies":"3 Sentries","floor":13,"turns":7},{"damage":37,"enemies":"downfall:FleeingMerchant","floor":14,"turns":4},{"damage":25,"enemies":"Large Slime","floor":15,"turns":5},{"damage":73,"enemies":"SI_SHIV_ARCHETYPE","floor":16,"turns":8},{"damage":46,"enemies":"Shell Parasite","floor":19,"turns":5},{"damage":0,"enemies":"Chosen","floor":20,"turns":3},{"damage":37,"enemies":"downfall:FleeingMerchant","floor":21,"turns":4},{"damage":36,"enemies":"Snecko","floor":22,"turns":3},{"damage":33,"enemies":"downfall:Augmenter","floor":25,"turns":7},{"damage":49,"enemies":"Slavers","floor":27,"turns":5},{"damage":5,"enemies":"Centurion and Healer","floor":28,"turns":4},{"damage":70,"enemies":"Gremlin Leader","floor":29,"turns":7},{"damage":25,"enemies":"Book of Stabbing","floor":31,"turns":5},{"damage":17,"enemies":"Snake Plant","floor":32,"turns":4},{"damage":61,"enemies":"DF_ARCHETYPE_CLAW","floor":33,"turns":3}],"seed_played":"1028887593046564182","potions_obtained":[{"floor":0,"key":"GamblersBrew"},{"floor":2,"key":"GamblersBrew"},{"floor":5,"key":"SpeedPotion"},{"floor":15,"key":"Weak Potion"},{"floor":16,"key":"sneckomod:MuddlingPotion"},{"floor":19,"key":"SkillPotion"},{"floor":22,"key":"BlessingOfTheForge"},{"floor":25,"key":"bronze:BurnAndBuffPotion"}],"is_trial":false,"path_per_floor":["R","M","M","?","M","E","T","$","M","R","M","R","E","$","M","B",null,"R","M","M","$","M","R","T","?","R","E","M","E","R","E","M","B"],"character_chosen":"THE_CHAMP","items_purchased":["expansioncontent:DashGenerateEvil","champ:TripleStrike","champ:StanceDance","champ:FocusedDefense"],"campfire_rested":3,"item_purchase_floors":[8,8,14,21],"current_hp_per_floor":[95,95,94,94,83,47,47,43,37,37,33,61,52,45,47,16,97,97,86,86,84,83,83,83,55,97,63,63,18,62,64,59,0,0,0],"gold":281,"neow_bonus":"BOSS_RELIC","is_daily":false,"chose_seed":false,"campfire_upgraded":4,"win_rate":0.0,"timestamp":1610821770,"path_taken":["R","M","M","?","M","E","T","$","M","R","M","R","E","$","M","BOSS","R","M","M","$","M","R","T","?","R","E","M","E","R","E","M","BOSS"],"items_purchased_type":["Card","Card","Card","Card"],"build_version":"2020-12-22","purchased_purges":0,"victory":false,"max_hp_per_floor":[95,95,95,95,95,95,95,95,95,95,95,95,95,95,97,97,97,97,97,97,97,97,97,97,97,97,97,97,97,97,99,101,101,101,101],"card_choices":[{"not_picked":["champ:FancyFootwork","champ:DefensiveShout"],"picked":"champ:RecklessLeap","floor":0},{"not_picked":["champ:BladeFlurry","champ:Backstep"],"picked":"champ:AdrenalArmor","floor":2},{"not_picked":["champ:ViciousMockery","champ:StanceDance"],"picked":"champ:SwordThrow","floor":3},{"not_picked":["champ:SetATrap","champ:Backstep"],"picked":"champ:GutPunch","floor":5},{"not_picked":["champ:BladeFlurry","champ:TornadoPunch"],"picked":"champ:PerfectedStrike","floor":6},{"not_picked":["champ:BerserkersShout","champ:ArenaPreparation"],"picked":"champ:DancingMaster","floor":8},{"not_picked":["champ:CrownThrow","champ:AdrenalArmor"],"picked":"champ:CalledShot","floor":9},{"not_picked":["champ:TornadoPunch","champ:DeathBlow","champ:Parry"],"picked":"SKIP","floor":11},{"not_picked":["champ:Shatter","champ:RecklessLeap"],"picked":"champ:ShieldWall","floor":13},{"not_picked":["champ:Shatter","champ:Duel"],"picked":"champ:SteelEdge","floor":14},{"not_picked":["champ:SetATrap","champ:PreemptiveStrike","champ:GutPunch"],"picked":"Singing Bowl","floor":15},{"not_picked":["champ:VampiricStrike","champ:UltimateStance"],"picked":"champ:MurderStrike","floor":16},{"not_picked":["champ:PreciseThrust","champ:EndlessRage"],"picked":"champ:Backstep","floor":19},{"not_picked":["champ:AdrenalArmor","champ:IronFortress"],"picked":"champ:FanOfKnives+1","floor":20},{"not_picked":["champ:Circumvent","champ:CrownThrow"],"picked":"champ:BerserkersShout+1","floor":21},{"not_picked":["champ:PerfectedStrike","champ:SwordSigil"],"picked":"champ:EnchantShield","floor":22},{"not_picked":[],"picked":"J.A.X.","floor":25},{"not_picked":["champ:Circumvent","champ:BerserkersShout+1"],"picked":"champ:HeartStrike","floor":25},{"not_picked":["champ:Lariat","champ:Shatter"],"picked":"champ:CheapShot","floor":27},{"not_picked":["champ:BladeFlurry+1","champ:CrownThrow"],"picked":"champ:StanceDance","floor":28},{"not_picked":["champ:FanOfKnives","champ:PerfectedStrike"],"picked":"champ:GladiatorForm","floor":29},{"not_picked":["champ:BerserkersShout","champ:Backstep","champ:FocusedBerserking"],"picked":"Singing Bowl","floor":31},{"not_picked":["champ:PerfectedStrike","champ:Circumvent","champ:EnGarde"],"picked":"Singing Bowl","floor":32}],"player_experience":1012225,"relics_obtained":[{"floor":6,"key":"Centennial Puzzle"},{"floor":7,"key":"Oddly Smooth Stone"},{"floor":13,"key":"Singing Bowl"},{"floor":24,"key":"Regal Pillow"},{"floor":25,"key":"MutagenicStrength"},{"floor":27,"key":"Unceasing Top"},{"floor":29,"key":"StrikeDummy"},{"floor":31,"key":"Shovel"}],"event_choices":[],"is_beta":false,"boss_relics":[{"not_picked":["SacredBark","Empty Cage"],"picked":"Velvet Choker"}],"items_purged_floors":[],"is_endless":false,"potions_floor_spawned":[2,5,15,16,19,22,25,27],"killed_by":"DF_ARCHETYPE_CLAW","ascension_level":1}}