{"host":"7gewg82ormp6yt4e","time":1610791788,"event":{"mods":["BaseMod","Block Reminder","Colored Map","Colored Powertips","DeckTracker","Highlight Path","Minty Spire (QoL Compilation)","Relic Stats","StSLib","ojb\u0027s Info Mod"],"gold_per_floor":[118,15,25,35,48,78,78,105,129,129,161,181,181,191,191,268,268,282,207,217,217,237,237,270,289,289,289,289,324,324,336,336,408,408,423,423,99,321,335,335,350,383,383,400,418,435,435,447,447,447,447],"floor_reached":50,"language":"JPN","playtime":4433,"items_purged":[],"score":1107,"play_id":"5c4e3da6-9d05-4fab-b54f-940bc751f299","local_time":"20210116190948","is_ascension_mode":true,"campfire_choices":[{"data":"Electrodynamics","floor":7,"key":"SMITH"},{"data":"Loop","floor":10,"key":"SMITH"},{"data":"Zap","floor":13,"key":"SMITH"},{"data":"Dualcast","floor":15,"key":"SMITH"},{"data":"Biased Cognition","floor":23,"key":"SMITH"},{"floor":28,"key":"REST"},{"data":"Steam Power","floor":32,"key":"SMITH"},{"data":"Forethought","floor":40,"key":"SMITH"},{"floor":49,"key":"RECALL"}],"circlet_count":0,"master_deck":["AscendersBane","Defend_B","Defend_B","Defend_B","Zap+1","Dualcast+1","Violence","Steam","Glacier","Leap","Coolheaded","Ball Lightning","Electrodynamics+1","Conserve Battery","Loop+1","All For One","Doom and Gloom","Biased Cognition+1","CurseOfTheBell","FTL","Thunder Strike","All For One","Steam Power+1","Hologram","Beam Cell+1","Hologram","All For One","Reinforced Body+1","Auto Shields+1","Steam","Forethought+1","Self Repair+1","Compile Driver+1","Hologram+1","Steam+1","Reinforced Body+1","Stack","Turbo"],"relics":["Cracked Core","Eternal Feather","Boot","Strawberry","Vajra","Calling Bell","Oddly Smooth Stone","Kunai","Emotion Chip","Bag of Marbles","Bird Faced Urn","Red Mask","Astrolabe","Bronze Scales","Pocketwatch","Regal Pillow"],"acts_visited":["Exordium","TheCity","TheBeyond"],"potions_floor_usage":[11,16,16,24,29,39,42,44,50,50,50,50],"damage_taken":[{"damage":0,"enemies":"Cultist","floor":1,"turns":3},{"damage":0,"enemies":"2 Louse","floor":3,"turns":2},{"damage":7,"enemies":"Jaw Worm","floor":4,"turns":4},{"damage":13,"enemies":"Exordium Wildlife","floor":5,"turns":5},{"damage":22,"enemies":"Lagavulin","floor":6,"turns":8},{"damage":10,"enemies":"3 Sentries","floor":8,"turns":4},{"damage":0,"enemies":"Lagavulin","floor":11,"turns":6},{"damage":21,"enemies":"3 Louse","floor":12,"turns":3},{"damage":2,"enemies":"Blue Slaver","floor":14,"turns":2},{"damage":22,"enemies":"The Guardian","floor":16,"turns":7},{"damage":17,"enemies":"2 Thieves","floor":18,"turns":3},{"damage":0,"enemies":"Spheric Guardian","floor":20,"turns":4},{"damage":19,"enemies":"Snecko","floor":22,"turns":4},{"damage":15,"enemies":"Book of Stabbing","floor":24,"turns":4},{"damage":19,"enemies":"Snake Plant","floor":25,"turns":3},{"damage":0,"enemies":"Masked Bandits","floor":29,"turns":3},{"damage":7,"enemies":"3 Cultists","floor":31,"turns":3},{"damage":24,"enemies":"Champ","floor":33,"turns":20},{"damage":5,"enemies":"Orb Walker","floor":35,"turns":3},{"damage":0,"enemies":"3 Darklings","floor":39,"turns":3},{"damage":27,"enemies":"Jaw Worm Horde","floor":41,"turns":4},{"damage":25,"enemies":"Reptomancer","floor":42,"turns":5},{"damage":20,"enemies":"Transient","floor":44,"turns":6},{"damage":26,"enemies":"Spire Growth","floor":45,"turns":6},{"damage":12,"enemies":"Writhing Mass","floor":46,"turns":8},{"damage":5,"enemies":"4 Shapes","floor":48,"turns":5},{"damage":65,"enemies":"Awakened One","floor":50,"turns":12}],"seed_played":"-4333346406623090067","potions_obtained":[{"floor":1,"key":"FearPotion"},{"floor":11,"key":"DuplicationPotion"},{"floor":12,"key":"FocusPotion"},{"floor":16,"key":"Dexterity Potion"},{"floor":20,"key":"Explosive Potion"},{"floor":22,"key":"Energy Potion"},{"floor":33,"key":"DistilledChaos"},{"floor":39,"key":"Strength Potion"},{"floor":41,"key":"Swift Potion"},{"floor":42,"key":"Block Potion"},{"floor":47,"key":"EntropicBrew"},{"floor":48,"key":"Block Potion"}],"is_trial":false,"path_per_floor":["M","$","M","M","M","E","R","E","T","R","E","M","R","M","R","B",null,"M","?","M","?","M","R","E","M","T","T","R","?","?","M","R","B",null,"M","?","$","?","M","R","M","E","T","M","M","M","?","M","R","B"],"character_chosen":"DEFECT","items_purchased":["Glacier","Leap","Bronze Scales","Steam","Forethought"],"campfire_rested":1,"item_purchase_floors":[2,2,37,37,37],"current_hp_per_floor":[64,64,64,57,44,22,34,24,31,43,43,22,34,32,44,22,64,47,47,47,47,28,43,28,9,9,9,47,49,49,46,61,43,69,66,66,66,66,70,78,51,32,32,30,18,24,24,21,42,0,0],"gold":447,"neow_bonus":"RANDOM_COLORLESS_2","is_daily":false,"chose_seed":false,"campfire_upgraded":7,"win_rate":0.0,"timestamp":1610791788,"path_taken":["M","$","M","M","M","E","R","E","T","R","E","M","R","M","R","BOSS","M","?","M","?","M","R","E","?","T","?","R","?","?","M","R","BOSS","M","?","$","?","M","R","M","E","T","?","?","M","?","M","R","BOSS"],"items_purchased_type":["Card","Card","Relic","Card","Card"],"build_version":"2020-12-22","purchased_purges":0,"victory":false,"max_hp_per_floor":[71,71,71,71,71,71,71,71,78,78,78,78,78,78,78,78,78,78,78,78,78,78,78,78,78,78,78,78,78,78,78,78,78,78,78,78,78,78,78,78,78,78,78,78,78,78,78,78,78,78,78],"relic_stats":{"Emotion Chip":[65,45,14,6,0],"Regal Pillow":0,"counters":[27,139],"Bird Faced Urn":[52],"Astrolabe":["Chaos","Reinforced Body","Auto Shields"],"Bronze Scales":[171],"Eternal Feather":122,"Kunai":[29],"Boot":[17],"obtain_stats":[{"Regal Pillow":43,"Astrolabe":34,"Vajra":11,"Oddly Smooth Stone":17,"Eternal Feather":6,"Boot":8,"Calling Bell":17,"Emotion Chip":17,"Strawberry":9,"Bird Faced Urn":27,"Bronze Scales":37,"Bag of Marbles":24,"Red Mask":29,"Kunai":17,"Cracked Core":0,"Pocketwatch":42},{"Regal Pillow":22,"Astrolabe":18,"Vajra":7,"Oddly Smooth Stone":10,"Eternal Feather":5,"Boot":6,"Calling Bell":10,"Emotion Chip":10,"Strawberry":6,"Bird Faced Urn":15,"Bronze Scales":19,"Bag of Marbles":14,"Red Mask":16,"Kunai":10,"Cracked Core":0,"Pocketwatch":22},{"Regal Pillow":102,"Astrolabe":87,"Vajra":32,"Oddly Smooth Stone":43,"Eternal Feather":22,"Boot":26,"Calling Bell":43,"Emotion Chip":43,"Strawberry":26,"Bird Faced Urn":61,"Bronze Scales":90,"Bag of Marbles":58,"Red Mask":64,"Kunai":43,"Cracked Core":0,"Pocketwatch":102}],"Pocketwatch":[48]},"card_choices":[{"not_picked":["Transmutation","Chrysalis"],"picked":"Violence","floor":0},{"not_picked":["Force Field","Barrage"],"picked":"Steam","floor":1},{"not_picked":["Conserve Battery","Hologram"],"picked":"Coolheaded","floor":3},{"not_picked":["Steam","Conserve Battery"],"picked":"Ball Lightning","floor":4},{"not_picked":["Conserve Battery","Compile Driver"],"picked":"Electrodynamics","floor":5},{"not_picked":["Compile Driver","Leap"],"picked":"Conserve Battery","floor":6},{"not_picked":["Doom and Gloom","Heatsinks"],"picked":"Loop","floor":8},{"not_picked":["Consume","Machine Learning"],"picked":"All For One","floor":11},{"not_picked":["Conserve Battery","Beam Cell","Sweeping Beam"],"picked":"SKIP","floor":12},{"not_picked":["Leap","Compile Driver"],"picked":"Doom and Gloom","floor":14},{"not_picked":["Reboot","Multi-Cast"],"picked":"Biased Cognition","floor":16},{"not_picked":["Conserve Battery","Beam Cell","Streamline"],"picked":"SKIP","floor":18},{"not_picked":["Fusion","Hologram"],"picked":"FTL","floor":20},{"not_picked":["Hologram","Sweeping Beam"],"picked":"Steam Power","floor":22},{"not_picked":["White Noise","Multi-Cast"],"picked":"Hologram","floor":24},{"not_picked":["Conserve Battery","Darkness","Beam Cell"],"picked":"SKIP","floor":25},{"not_picked":["Go for the Eyes","Redo"],"picked":"Beam Cell+1","floor":29},{"not_picked":["Beam Cell","Steam Power"],"picked":"Hologram","floor":31},{"not_picked":["Electrodynamics","Rainbow"],"picked":"All For One","floor":33},{"not_picked":["Leap+1","Sunder","Compile Driver"],"picked":"SKIP","floor":35},{"not_picked":["FTL+1","Conserve Battery+1"],"picked":"Self Repair+1","floor":39},{"not_picked":["Gash","Coolheaded"],"picked":"Compile Driver+1","floor":41},{"not_picked":["Tempest+1","Ball Lightning"],"picked":"Hologram+1","floor":42},{"not_picked":["Buffer","Static Discharge"],"picked":"Steam+1","floor":44},{"not_picked":["Steam+1","Reprogram"],"picked":"Reinforced Body+1","floor":45},{"not_picked":["Hello World","Recycle"],"picked":"Stack","floor":46},{"not_picked":["Aggregate","Rebound+1"],"picked":"Turbo","floor":48}],"player_experience":2589741,"relics_obtained":[{"floor":6,"key":"Eternal Feather"},{"floor":8,"key":"Boot"},{"floor":9,"key":"Strawberry"},{"floor":11,"key":"Vajra"},{"floor":17,"key":"Oddly Smooth Stone"},{"floor":17,"key":"Kunai"},{"floor":17,"key":"Emotion Chip"},{"floor":24,"key":"Bag of Marbles"},{"floor":27,"key":"Bird Faced Urn"},{"floor":29,"key":"Red Mask"},{"floor":42,"key":"Pocketwatch"},{"floor":43,"key":"Regal Pillow"}],"event_choices":[{"cards_removed":["Decay"],"damage_healed":0,"gold_gain":0,"player_choice":"Gave Gold","damage_taken":0,"max_hp_gain":0,"max_hp_loss":0,"event_name":"Beggar","floor":19,"gold_loss":75},{"damage_healed":0,"gold_gain":0,"cards_transformed":["Strike_B","Strike_B"],"player_choice":"Became Test Subject","damage_taken":0,"max_hp_gain":0,"max_hp_loss":0,"event_name":"Drug Dealer","floor":21,"gold_loss":0,"cards_obtained":["Thunder Strike","All For One"]},{"damage_healed":0,"gold_gain":0,"player_choice":"Fought Bandits","damage_taken":0,"max_hp_gain":0,"max_hp_loss":0,"event_name":"Masked Bandits","floor":29,"gold_loss":0},{"damage_healed":0,"gold_gain":0,"player_choice":"Ignored","damage_taken":0,"max_hp_gain":0,"max_hp_loss":0,"event_name":"The Mausoleum","floor":30,"gold_loss":0},{"cards_removed":["Chaos"],"damage_healed":0,"gold_gain":0,"player_choice":"Removed Skill","damage_taken":0,"max_hp_gain":0,"max_hp_loss":0,"event_name":"Falling","floor":36,"gold_loss":0},{"damage_healed":0,"gold_gain":222,"player_choice":"Wore Mask","damage_taken":0,"max_hp_gain":0,"max_hp_loss":0,"event_name":"Tomb of Lord Red Mask","floor":38,"gold_loss":0},{"damage_healed":0,"gold_gain":0,"player_choice":"Got Potions","damage_taken":0,"max_hp_gain":0,"max_hp_loss":0,"event_name":"Lab","floor":47,"gold_loss":0}],"is_beta":false,"boss_relics":[{"not_picked":["Ectoplasm","Philosopher\u0027s Stone"],"picked":"Calling Bell"},{"not_picked":["Tiny House","Velvet Choker"],"picked":"Astrolabe"}],"items_purged_floors":[],"is_endless":false,"potions_floor_spawned":[1,11,12,16,20,22,33,39,41,42,48],"killed_by":"Awakened One","ascension_level":20}}