{"host":"pf47v7h0307523iy","time":1610803181,"event":{"mods":["BaseMod","Minty Spire (QoL Compilation)"],"gold_per_floor":[116,41,41,191,62,93,107,107,107,142,167,179,201,229,241,330,342,369,94,94,9,19,19,46,46,120,137,151,151,167,167,167,238,238,251,251,251,26,39,39,67,67,94,115,115,134,164,186,186,186,186,186,186,78,114,114,114],"floor_reached":56,"language":"ENG","playtime":5797,"items_purged":["Doubt","Strike_B","Pain"],"score":2095,"play_id":"189b12e3-819e-4e0b-8655-350df093644f","local_time":"20210116151941","is_ascension_mode":true,"campfire_choices":[{"data":"Zap","floor":8,"key":"SMITH"},{"data":"Coolheaded","floor":12,"key":"SMITH"},{"data":"Lockon","floor":15,"key":"SMITH"},{"floor":23,"key":"REST"},{"data":"Coolheaded","floor":25,"key":"SMITH"},{"floor":29,"key":"REST"},{"data":"Ghostly","floor":32,"key":"SMITH"},{"data":"Ghostly","floor":40,"key":"SMITH"},{"data":"Echo Form","floor":42,"key":"SMITH"},{"data":"Dualcast","floor":45,"key":"SMITH"},{"floor":49,"key":"RECALL"},{"data":"Biased Cognition","floor":53,"key":"SMITH"}],"circlet_count":0,"master_deck":["AscendersBane","Strike_B","Strike_B","Defend_B","Defend_B","Defend_B","Defend_B","Zap+1","Dualcast+1","Sweeping Beam","Lockon+1","Go for the Eyes","Hologram","Coolheaded+1","Ball Lightning","Hologram","Biased Cognition+1","Melter","Echo Form+1","Conserve Battery","Recycle+1","Coolheaded+1","Loop+1","Ghostly","Ghostly+1","Ghostly+1","Buffer+1","Steam+1","Discovery","PanicButton","Loop+1","Conserve Battery","Genetic Algorithm","Coolheaded+1","Hologram","Go for the Eyes+1","Aggregate+1"],"relics":["Cracked Core","NeowsBlessing","Happy Flower","Dead Branch","MawBank","Runic Dome","TungstenRod","Frozen Egg 2","Symbiotic Virus","SlaversCollar","WarpedTongs","CeramicFish","Emotion Chip","Thread and Needle"],"acts_visited":["Exordium","TheCity","TheBeyond","TheEnding"],"potions_floor_usage":[10,10,16,16,22,24,28,51,51,55,56],"damage_taken":[{"damage":0,"enemies":"Jaw Worm","floor":1,"turns":1},{"damage":0,"enemies":"Gremlin Nob","floor":6,"turns":1},{"damage":0,"enemies":"Cultist","floor":7,"turns":1},{"damage":9,"enemies":"3 Sentries","floor":10,"turns":5},{"damage":0,"enemies":"Small Slimes","floor":11,"turns":2},{"damage":0,"enemies":"Blue Slaver","floor":13,"turns":2},{"damage":9,"enemies":"3 Louse","floor":14,"turns":3},{"damage":18,"enemies":"Hexaghost","floor":16,"turns":9},{"damage":0,"enemies":"Spheric Guardian","floor":18,"turns":2},{"damage":13,"enemies":"2 Thieves","floor":22,"turns":3},{"damage":9,"enemies":"Book of Stabbing","floor":24,"turns":3},{"damage":18,"enemies":"Centurion and Healer","floor":27,"turns":6},{"damage":8,"enemies":"Shelled Parasite and Fungi","floor":28,"turns":2},{"damage":2,"enemies":"Cultist and Chosen","floor":30,"turns":5},{"damage":20,"enemies":"Champ","floor":33,"turns":11},{"damage":1,"enemies":"3 Shapes","floor":35,"turns":6},{"damage":0,"enemies":"Orb Walker","floor":39,"turns":4},{"damage":0,"enemies":"Giant Head","floor":41,"turns":6},{"damage":0,"enemies":"Writhing Mass","floor":44,"turns":5},{"damage":0,"enemies":"Transient","floor":46,"turns":6},{"damage":0,"enemies":"Nemesis","floor":47,"turns":5},{"damage":0,"enemies":"Sphere and 2 Shapes","floor":48,"turns":3},{"damage":10,"enemies":"Awakened One","floor":50,"turns":17},{"damage":6,"enemies":"Donu and Deca","floor":51,"turns":11},{"damage":4,"enemies":"Shield and Spear","floor":55,"turns":9},{"damage":31,"enemies":"The Heart","floor":56,"turns":8}],"seed_played":"7257436997149088292","potions_obtained":[{"floor":7,"key":"AttackPotion"},{"floor":11,"key":"Block Potion"},{"floor":13,"key":"Fire Potion"},{"floor":22,"key":"DistilledChaos"},{"floor":27,"key":"AttackPotion"},{"floor":30,"key":"LiquidBronze"},{"floor":35,"key":"Weak Potion"}],"is_trial":false,"path_per_floor":["M","?","$","?","$","E","M","R","T","E","M","R","M","M","R","B",null,"M","$","?","?","M","R","E","R","T","M","M","R","M","?","R","B",null,"M","?","?","$","M","R","E","R","T","M","R","M","E","M","R","B","B",null,"R","$","E","B"],"character_chosen":"DEFECT","items_purchased":["Block Potion","Echo Form","Conserve Battery","SkillPotion","Loop+1","Conserve Battery","FocusPotion","ColorlessPotion"],"campfire_rested":2,"item_purchase_floors":[5,19,19,19,38,38,54,54],"current_hp_per_floor":[64,64,64,64,64,64,64,64,64,55,55,55,55,46,46,28,60,60,60,40,40,27,49,40,40,40,22,14,36,34,34,34,14,32,31,27,27,27,27,27,27,27,27,27,27,27,27,27,27,17,11,31,31,31,27,0,0],"gold":114,"neow_bonus":"THREE_ENEMY_KILL","is_daily":false,"chose_seed":false,"campfire_upgraded":9,"win_rate":0.0,"timestamp":1610803181,"path_taken":["M","?","$","?","$","E","M","R","T","E","M","R","?","M","R","BOSS","M","?","?","?","M","R","E","R","T","M","?","R","M","?","R","BOSS","M","?","?","$","M","R","E","R","T","M","R","M","E","M","R","BOSS","BOSS","R","$","E","BOSS"],"items_purchased_type":["Potion","Card","Card","Potion","Card","Card","Potion","Potion"],"build_version":"2020-12-22","purchased_purges":3,"victory":false,"max_hp_per_floor":[71,71,71,71,71,71,71,71,71,71,71,71,71,71,71,71,71,71,71,76,76,76,76,76,76,76,76,76,76,76,38,38,38,38,38,38,38,38,38,38,38,38,38,38,38,38,38,38,38,38,38,38,38,38,38,38,38],"card_choices":[{"not_picked":["Conserve Battery","Double Energy"],"picked":"Sweeping Beam","floor":1},{"not_picked":["Hologram","Tempest"],"picked":"Lockon","floor":6},{"not_picked":["Cold Snap","Fusion"],"picked":"Go for the Eyes","floor":7},{"not_picked":["Machine Learning","Sweeping Beam"],"picked":"Hologram","floor":10},{"not_picked":["Beam Cell","Darkness"],"picked":"Coolheaded","floor":11},{"not_picked":["Steam","Skim"],"picked":"Ball Lightning","floor":13},{"not_picked":["Sunder","Loop"],"picked":"Hologram","floor":14},{"not_picked":["Amplify","Multi-Cast"],"picked":"Biased Cognition","floor":16},{"not_picked":["Redo","Ball Lightning"],"picked":"Melter","floor":18},{"not_picked":["Beam Cell","Barrage"],"picked":"Recycle+1","floor":22},{"not_picked":["Tempest","Cold Snap"],"picked":"Coolheaded","floor":24},{"not_picked":["Beam Cell","Static Discharge+1"],"picked":"Loop+1","floor":27},{"not_picked":["Coolheaded","Go for the Eyes","Barrage+1"],"picked":"SKIP","floor":28},{"not_picked":["Sweeping Beam","Beam Cell","Barrage"],"picked":"SKIP","floor":30},{"not_picked":["Core Surge","Biased Cognition+1"],"picked":"Buffer+1","floor":33},{"not_picked":["Cold Snap","Coolheaded"],"picked":"Steam+1","floor":35},{"not_picked":["Sadistic Nature+1","Panache+1"],"picked":"Discovery","floor":36},{"not_picked":["Good Instincts","The Bomb"],"picked":"PanicButton","floor":36},{"not_picked":["Leap","Rebound"],"picked":"Genetic Algorithm","floor":39},{"not_picked":["Compile Driver","Glacier","Coolheaded"],"picked":"SKIP","floor":41},{"not_picked":["Go for the Eyes+1","Steam+1"],"picked":"Coolheaded+1","floor":44},{"not_picked":["Stack+1","Reinforced Body"],"picked":"Hologram","floor":46},{"not_picked":["Auto Shields","Tempest+1","Ball Lightning"],"picked":"SKIP","floor":47},{"not_picked":["Sweeping Beam+1","Loop+1"],"picked":"Go for the Eyes+1","floor":48},{"not_picked":["Sweeping Beam+1","Steam"],"picked":"Aggregate+1","floor":55}],"player_experience":1663403,"relics_obtained":[{"floor":6,"key":"Happy Flower"},{"floor":9,"key":"Dead Branch"},{"floor":10,"key":"MawBank"},{"floor":24,"key":"Frozen Egg 2"},{"floor":26,"key":"Symbiotic Virus"},{"floor":41,"key":"CeramicFish"},{"floor":47,"key":"Emotion Chip"},{"floor":55,"key":"Thread and Needle"}],"event_choices":[{"cards_removed":["Strike_B"],"damage_healed":0,"gold_gain":0,"player_choice":"Card Removal","damage_taken":0,"max_hp_gain":0,"max_hp_loss":0,"event_name":"The Cleric","floor":2,"gold_loss":75},{"damage_healed":0,"gold_gain":150,"player_choice":"AGREE","damage_taken":0,"max_hp_gain":0,"max_hp_loss":0,"event_name":"Liars Game","floor":4,"gold_loss":0,"cards_obtained":["Doubt"]},{"damage_healed":0,"gold_gain":0,"player_choice":"Shed Blood","damage_taken":25,"max_hp_gain":5,"max_hp_loss":0,"event_name":"Forgotten Altar","floor":20,"gold_loss":0},{"damage_healed":0,"gold_gain":0,"player_choice":"Obtained Relic","damage_taken":0,"relics_obtained":["TungstenRod"],"max_hp_gain":0,"max_hp_loss":0,"event_name":"Addict","floor":21,"gold_loss":85},{"damage_healed":0,"gold_gain":0,"player_choice":"Became a Ghost","damage_taken":0,"max_hp_gain":0,"max_hp_loss":38,"event_name":"Ghosts","floor":31,"gold_loss":0,"cards_obtained":["Ghostly","Ghostly","Ghostly"]},{"damage_healed":0,"gold_gain":0,"player_choice":"Memory 2","damage_taken":5,"max_hp_gain":0,"max_hp_loss":0,"event_name":"SensoryStone","floor":36,"gold_loss":0},{"damage_healed":0,"gold_gain":0,"player_choice":"Rummage","damage_taken":0,"relics_obtained":["WarpedTongs"],"max_hp_gain":0,"max_hp_loss":0,"event_name":"Accursed Blacksmith","floor":37,"gold_loss":0,"cards_obtained":["Pain"]}],"is_beta":false,"boss_relics":[{"not_picked":["Calling Bell","Velvet Choker"],"picked":"Runic Dome"},{"not_picked":["Runic Pyramid","Pandora\u0027s Box"],"picked":"SlaversCollar"}],"items_purged_floors":[5,19,38],"is_endless":false,"potions_floor_spawned":[7,11,13,22,27,30,35,41,47],"killed_by":"The Heart","ascension_level":20}}