{"host":"3rixevx6n8b56xaj","time":1610765994,"event":{"mods":["2.2 Compatiblity","AchievementEnabler","Arknights The Spire","BaseMod","Colored Map","DeckTracker","Friendly Minions","Minty Spire (QoL Compilation)","Poor People Problems","StSLib","SuperFastMode"],"gold_per_floor":[112,112,112,130,144,144,29,29,29,41,41,72,72,104,104,208,208,222,232,232,252,527,552,120,133,180,211,230,230,258,290,290,407,407,435,460,486,551,583,631,506,548,590,650,696,218,218,243,243,243,243,243,216,257,257,257],"floor_reached":55,"language":"KOR","playtime":3043,"items_purged":["ats:Strike V","Regret","ats:Ignite","ats:Defend","ats:Leaping Hammer"],"score":825,"play_id":"d61f0695-8365-4e7d-9589-5925101a419d","local_time":"20210116115954","is_ascension_mode":false,"campfire_choices":[{"data":"ats:Armor Crushing Shot","floor":6,"key":"SMITH"},{"data":"ats:Emotion Absorption","floor":8,"key":"SMITH"},{"data":"ats:Closed Bolt Burst Fire","floor":13,"key":"SMITH"},{"data":"ats:Neurotoxin","floor":15,"key":"SMITH"},{"data":"ats:Shadow Assault","floor":29,"key":"SMITH"},{"data":"ats:Calcification","floor":32,"key":"SMITH"},{"floor":49,"key":"RECALL"},{"data":"ats:Dogmatic Field","floor":52,"key":"SMITH"}],"circlet_count":0,"master_deck":["ats:Strike S","ats:Armor Crushing Shot+1","ats:Defend+1","ats:Defend+1","ats:Emotion Absorption+1","ats:Shell Defense","ats:Neurotoxin+1","ats:Chain Hook","ats:Closed Bolt Burst Fire+1","ats:Chain Hook+1","ats:Apocalypse","ats:Magnetic Hammer","ats:Calcification+1","ats:Ignite+1","ats:Song Of Battle","ats:Overload+1","ats:Shadow Assault+1","ats:Shell Defense","ats:Mental Burst","ats:Dogmatic Field+1","ats:Overload+1","ats:Healing Strengthening+1","ats:Automatic Cover+1","ats:Roar Of Ursus","ats:Poison Spread+1","ats:Shell Defense","ats:Flexible Camouflage","ats:Charging Defense","ats:Flexible Camouflage+1"],"relics":["ats:Sanity","MealTicket","ats:Originium","WingedGreaves","Oddly Smooth Stone","Velvet Choker","War Paint","ats:Ability Aura","Whetstone","Bag of Preparation","ats:Gyao","SacredBark","Turnip","FossilizedHelix","CaptainsWheel","Lizard Tail","ats:Military Tradition","Ginger","ats:Rhine Circuitry","ats:Snipe","Mercury Hourglass"],"acts_visited":["Exordium","TheCity","TheBeyond","TheEnding"],"potions_floor_usage":[12,16,23,23,27,27,27,33,36,39,44,50,55,55],"damage_taken":[{"damage":2,"enemies":"Small Slimes","floor":1,"turns":4},{"damage":8,"enemies":"Cultist","floor":4,"turns":4},{"damage":0,"enemies":"2 Louse","floor":5,"turns":2},{"damage":4,"enemies":"Gremlin Gang","floor":10,"turns":5},{"damage":25,"enemies":"Gremlin Nob","floor":12,"turns":4},{"damage":24,"enemies":"3 Sentries","floor":14,"turns":6},{"damage":6,"enemies":"Slime Boss","floor":16,"turns":6},{"damage":6,"enemies":"Chosen","floor":18,"turns":3},{"damage":21,"enemies":"3 Byrds","floor":19,"turns":4},{"damage":14,"enemies":"Snake Plant","floor":21,"turns":4},{"damage":21,"enemies":"Book of Stabbing","floor":23,"turns":6},{"damage":4,"enemies":"Centurion and Healer","floor":25,"turns":5},{"damage":15,"enemies":"Slavers","floor":27,"turns":4},{"damage":21,"enemies":"Cultist and Chosen","floor":28,"turns":6},{"damage":0,"enemies":"Gremlin Leader","floor":30,"turns":6},{"damage":12,"enemies":"Snake Plant","floor":31,"turns":2},{"damage":51,"enemies":"Champ","floor":33,"turns":10},{"damage":40,"enemies":"3 Shapes","floor":35,"turns":8},{"damage":70,"enemies":"3 Darklings","floor":36,"turns":6},{"damage":10,"enemies":"Sphere and 2 Shapes","floor":37,"turns":7},{"damage":0,"enemies":"Mind Bloom Boss Battle","floor":38,"turns":4},{"damage":7,"enemies":"Transient","floor":39,"turns":5},{"damage":196,"enemies":"Giant Head","floor":40,"turns":11},{"damage":60,"enemies":"Reptomancer","floor":42,"turns":9},{"damage":13,"enemies":"2 Orb Walkers","floor":44,"turns":4},{"damage":93,"enemies":"Nemesis","floor":45,"turns":7},{"damage":13,"enemies":"Jaw Worm Horde","floor":48,"turns":4},{"damage":181,"enemies":"Donu and Deca","floor":50,"turns":12},{"damage":51,"enemies":"Shield and Spear","floor":54,"turns":6},{"damage":399,"enemies":"The Heart","floor":55,"turns":14}],"seed_played":"7813527867173506735","potions_obtained":[{"floor":4,"key":"Regen Potion"},{"floor":14,"key":"AttackPotion"},{"floor":16,"key":"Dexterity Potion"},{"floor":18,"key":"EntropicBrew"},{"floor":19,"key":"Weak Potion"},{"floor":27,"key":"GamblersBrew"},{"floor":28,"key":"LiquidBronze"},{"floor":33,"key":"SpeedPotion"},{"floor":38,"key":"PowerPotion"},{"floor":39,"key":"SmokeBomb"},{"floor":42,"key":"Strength Potion"},{"floor":45,"key":"PowerPotion"},{"floor":54,"key":"PowerPotion"}],"is_trial":false,"path_per_floor":["M","?","?","M","M","R","$","R","T","M","?","E","R","E","R","B",null,"M","M","?","M","?","E","$","M","T","E","M","R","E","M","R","B",null,"M","M","M","?","M","E","$","E","T","?","E","$","?","M","R","B",null,"R","$","E","B"],"character_chosen":"DOCTOR_CLASS","items_purchased":["ats:Chain Hook","ats:Shadow Assault","ats:Ability Aura","ats:Shell Defense","Ginger","ats:Flexible Camouflage","ats:Rhine Circuitry","ats:Snipe","ats:Charging Defense"],"campfire_rested":0,"item_purchase_floors":[7,24,24,24,46,46,53,53,53],"current_hp_per_floor":[77,70,70,67,67,67,67,67,67,65,65,54,54,44,44,42,79,77,57,57,48,48,38,53,55,55,47,34,34,52,40,40,35,79,59,52,79,79,78,45,60,21,21,15,17,32,32,28,28,38,79,79,79,37,0,0],"gold":257,"neow_bonus":"TEN_PERCENT_HP_BONUS","is_daily":false,"chose_seed":false,"campfire_upgraded":7,"win_rate":0.0,"timestamp":1610765994,"path_taken":["M","?","?","M","M","R","$","R","T","?","?","E","R","E","R","BOSS","M","M","?","M","?","E","$","M","T","E","M","R","E","M","R","BOSS","M","M","?","?","M","E","$","E","T","?","E","$","?","M","R","BOSS","R","$","E","BOSS"],"items_purchased_type":["Card","Card","Relic","Card","Relic","Card","Relic","Relic","Card"],"build_version":"2020-12-22","purchased_purges":5,"victory":false,"max_hp_per_floor":[79,79,79,79,79,79,79,79,79,79,79,79,79,79,79,79,79,79,79,79,79,79,79,79,79,79,79,79,79,79,79,79,79,79,79,79,79,79,79,79,79,79,79,79,79,79,79,79,79,79,79,79,79,79,79,79],"card_choices":[{"not_picked":["ats:Apocalypse","ats:Revitalization"],"picked":"ats:Shell Defense","floor":1},{"not_picked":["ats:Hammer On","ats:Curse Doll"],"picked":"ats:Ignite","floor":4},{"not_picked":["ats:Powerful Strike","ats:Soul Absorption"],"picked":"ats:Neurotoxin","floor":5},{"not_picked":["ats:Hook Shot","ats:Thermite Blade"],"picked":"ats:Closed Bolt Burst Fire","floor":10},{"not_picked":["ats:Consecutive Shot Auto","ats:Thermite Blade"],"picked":"ats:Apocalypse","floor":12},{"not_picked":["ats:Support Order","ats:Hammer On"],"picked":"ats:Magnetic Hammer","floor":14},{"not_picked":["ats:Nebulous Foxfire","ats:Ambush"],"picked":"ats:Calcification","floor":16},{"not_picked":["ats:Childhood Dance","ats:Cat Scratch"],"picked":"ats:Ignite+1","floor":18},{"not_picked":["ats:Curse Doll","ats:Neurotoxin"],"picked":"ats:Song Of Battle","floor":19},{"not_picked":["ats:Fractured Body","ats:Sunburst+1"],"picked":"ats:Overload","floor":21},{"not_picked":["ats:Closed Bolt Burst Fire+1","ats:Curse Doll","ats:Consecutive Shot Auto"],"picked":"SKIP","floor":23},{"not_picked":["ats:Closed Bolt Burst Fire+1","ats:Curse Doll","ats:Consecutive Shot Auto"],"picked":"SKIP","floor":23},{"not_picked":["ats:Cat Scratch","ats:Very Hot Blade"],"picked":"ats:Leaping Hammer","floor":25},{"not_picked":["ats:Burning Ground","ats:Curse Doll","ats:Neurotoxin"],"picked":"SKIP","floor":27},{"not_picked":["ats:Leaping Hammer+1","ats:Childhood Dance","ats:Hammer On"],"picked":"SKIP","floor":28},{"not_picked":["ats:Nebulous Foxfire","ats:Neurotoxin+1","ats:Encircling Forest"],"picked":"SKIP","floor":30},{"not_picked":["ats:Neurotoxin+1","ats:Explosion Area Strengthen"],"picked":"ats:Mental Burst","floor":31},{"not_picked":["ats:Fractured Body","ats:Nebulous Foxfire"],"picked":"ats:Dogmatic Field","floor":33},{"not_picked":["ats:Blood Oath+1","ats:Thermite Blade+1"],"picked":"ats:Overload+1","floor":35},{"not_picked":["ats:Assault Order+1","ats:Support Order+1","ats:Defend Order+1"],"picked":"SKIP","floor":36},{"not_picked":["ats:Powerful Strike+1","ats:Consecutive Shot Auto+1","ats:Poison Spread"],"picked":"SKIP","floor":37},{"not_picked":["ats:Revitalization+1","ats:Soul Absorption+1"],"picked":"ats:Healing Strengthening","floor":38},{"not_picked":["ats:Hammer On+1","ats:Assault Order+1"],"picked":"ats:Automatic Cover+1","floor":39},{"not_picked":["ats:Childhood Dance","ats:Leaping Hammer","ats:Ignite+1"],"picked":"SKIP","floor":40},{"not_picked":["ats:Childhood Dance","ats:Leaping Hammer","ats:Ignite+1"],"picked":"SKIP","floor":40},{"not_picked":["ats:Charging Defense","ats:Flame Of Heaven"],"picked":"ats:Roar Of Ursus","floor":42},{"not_picked":["ats:Guardian Obelisk+1","ats:Consecutive Shot Auto"],"picked":"ats:Poison Spread+1","floor":44},{"not_picked":["ats:Thermite Blade+1","ats:Wolf Pack"],"picked":"ats:Shell Defense","floor":45},{"not_picked":["ats:Flexible Camouflage","ats:Burning Ground+1","ats:Overload"],"picked":"SKIP","floor":48},{"not_picked":["ats:Leaping Hammer+1","ats:Curse Doll"],"picked":"ats:Flexible Camouflage+1","floor":54}],"player_experience":619424,"relics_obtained":[{"floor":9,"key":"MealTicket"},{"floor":12,"key":"ats:Originium"},{"floor":12,"key":"WingedGreaves"},{"floor":14,"key":"ats:Originium"},{"floor":14,"key":"Oddly Smooth Stone"},{"floor":23,"key":"ats:Originium"},{"floor":23,"key":"War Paint"},{"floor":26,"key":"Whetstone"},{"floor":27,"key":"Bag of Preparation"},{"floor":30,"key":"ats:Gyao"},{"floor":38,"key":"Turnip"},{"floor":40,"key":"FossilizedHelix"},{"floor":42,"key":"CaptainsWheel"},{"floor":44,"key":"Lizard Tail"},{"floor":45,"key":"ats:Military Tradition"},{"floor":54,"key":"Mercury Hourglass"}],"event_choices":[{"cards_removed":["ats:Defend"],"damage_healed":0,"gold_gain":0,"player_choice":"Card Removal","damage_taken":7,"max_hp_gain":0,"max_hp_loss":0,"event_name":"Golden Wing","floor":2,"gold_loss":0},{"damage_healed":0,"gold_gain":0,"player_choice":"Ignored","damage_taken":0,"max_hp_gain":0,"max_hp_loss":0,"event_name":"NoteForYourself","floor":3,"gold_loss":0},{"damage_healed":0,"gold_gain":0,"cards_transformed":["ats:Strike C"],"player_choice":"Transformed","damage_taken":0,"max_hp_gain":0,"max_hp_loss":0,"event_name":"Transmorgrifier","floor":11,"gold_loss":0,"cards_obtained":["ats:Chain Hook"]},{"cards_removed":["ats:Strike G"],"damage_healed":0,"gold_gain":0,"player_choice":"Elegance","damage_taken":0,"max_hp_gain":0,"max_hp_loss":0,"event_name":"Back to Basics","floor":20,"gold_loss":0},{"damage_healed":0,"gold_gain":275,"player_choice":"Desecrate","damage_taken":0,"max_hp_gain":0,"max_hp_loss":0,"event_name":"Golden Shrine","floor":22,"gold_loss":0,"cards_obtained":["Regret"]},{"damage_healed":0,"gold_gain":0,"player_choice":"Fight","damage_taken":0,"max_hp_gain":0,"max_hp_loss":0,"event_name":"MindBloom","floor":38,"gold_loss":0},{"damage_healed":0,"gold_gain":0,"player_choice":"Fight","damage_taken":0,"max_hp_gain":0,"max_hp_loss":0,"event_name":"Mysterious Sphere","floor":44,"gold_loss":0},{"damage_healed":0,"gold_gain":0,"player_choice":"Upgraded","damage_taken":0,"max_hp_gain":0,"max_hp_loss":0,"event_name":"Upgrade Shrine","floor":47,"gold_loss":0,"cards_upgraded":["ats:Healing Strengthening"]}],"is_beta":false,"boss_relics":[{"not_picked":["Cursed Key","Empty Cage"],"picked":"Velvet Choker"},{"not_picked":["Astrolabe","Fusion Hammer"],"picked":"SacredBark"}],"items_purged_floors":[7,24,41,46,53],"is_endless":false,"potions_floor_spawned":[4,14,16,18,19,27,28,33,38,39,42,45,54],"killed_by":"The Heart","ascension_level":0}}