{"host":"qjv9b7mze4c73keh","time":1610827598,"event":{"mods":["BaseMod","Colored Map","Colored Powertips","DeckTracker","Highlight Path","Minty Spire (QoL Compilation)","Rare Cards Sparkle","Synergy Search","Unceasing Turn Reminder"],"gold_per_floor":[116,116,41,53,65,65,75,75,75,35,35,0,19,39,39,144,144,154,154,154,1,0,0,18,36,61,61,73,73,85,98,98,203,203,214,214,174,187,205,205,217,229,279,279,279,292,292,16,16,16],"floor_reached":51,"language":"RUS","playtime":5423,"items_purged":["Strike_R","Strike_R","Strike_R"],"score":616,"play_id":"504d3d46-f393-4863-8ed0-14f1d73f5792","local_time":"20210117010638","is_ascension_mode":false,"campfire_choices":[{"data":"Metallicize","floor":6.0,"key":"SMITH"},{"floor":8.0,"key":"REST"},{"data":"Strike_R","floor":15.0,"key":"SMITH"},{"data":"Body Slam","floor":23.0,"key":"SMITH"},{"floor":27.0,"key":"REST"},{"floor":29.0,"key":"REST"},{"floor":32.0,"key":"REST"},{"floor":40,"key":"REST"},{"floor":44,"key":"REST"},{"data":"Entrench","floor":47,"key":"SMITH"},{"data":"Rampage","floor":49,"key":"SMITH"}],"circlet_count":0,"master_deck":["Strike_R+1","Defend_R","Defend_R","Defend_R","Defend_R","Metallicize+1","Metallicize","Metallicize","Barricade+1","Armaments","Entrench+1","Body Slam+1","Impervious","Madness","Madness","Rampage+1","Demon Form"],"relics":["Burning Blood","Paper Frog","Runic Cube","Pen Nib","Mark of Pain","Centennial Puzzle","TheAbacus"],"acts_visited":["Exordium","TheCity","TheBeyond"],"potions_floor_usage":[],"damage_taken":[{"damage":8.0,"enemies":"2 Louse","floor":1.0,"turns":2.0},{"damage":5.0,"enemies":"Jaw Worm","floor":4.0,"turns":11.0},{"damage":8.0,"enemies":"Cultist","floor":5.0,"turns":8.0},{"damage":30.0,"enemies":"Large Slime","floor":7.0,"turns":13.0},{"damage":4.0,"enemies":"Exordium Wildlife","floor":13.0,"turns":6.0},{"damage":9.0,"enemies":"Lots of Slimes","floor":14.0,"turns":8.0},{"damage":29.0,"enemies":"The Guardian","floor":16.0,"turns":23.0},{"damage":12.0,"enemies":"Spheric Guardian","floor":18.0,"turns":26.0},{"damage":9.0,"enemies":"2 Thieves","floor":22.0,"turns":5.0},{"damage":20.0,"enemies":"Snake Plant","floor":24.0,"turns":9.0},{"damage":12.0,"enemies":"Centurion and Healer","floor":25.0,"turns":8.0},{"damage":54.0,"enemies":"Chosen and Byrds","floor":28.0,"turns":14.0},{"damage":8.0,"enemies":"Shelled Parasite and Fungi","floor":30.0,"turns":7.0},{"damage":22.0,"enemies":"Snake Plant","floor":31.0,"turns":9.0},{"damage":71.0,"enemies":"Collector","floor":33.0,"turns":15.0},{"damage":37,"enemies":"3 Shapes","floor":35,"turns":7},{"damage":2,"enemies":"Orb Walker","floor":38,"turns":6},{"damage":27,"enemies":"Writhing Mass","floor":39,"turns":8},{"damage":9,"enemies":"Spire Growth","floor":41,"turns":13},{"damage":0,"enemies":"Maw","floor":42,"turns":12},{"damage":4,"enemies":"3 Darklings","floor":46,"turns":10},{"damage":68,"enemies":"Awakened One","floor":50,"turns":13}],"seed_played":"-7882065225492357463","potions_obtained":[{"floor":1.0,"key":"SmokeBomb"},{"floor":7.0,"key":"HeartOfIron"},{"floor":14.0,"key":"SpeedPotion"},{"floor":18.0,"key":"Regen Potion"},{"floor":31.0,"key":"SkillPotion"},{"floor":39,"key":"SmokeBomb"}],"is_trial":false,"path_per_floor":["M","?","$","M","M","R","M","R","T","$","?","?","M","M","R","B",null,"M","?","?","$","M","R","M","M","T","R","M","R","M","M","R","B",null,"M","?","?","M","M","R","M","M","T","R","?","M","R","$","R","B",null],"character_chosen":"IRONCLAD","items_purchased":["Metallicize","Body Slam","TheAbacus"],"campfire_rested":6,"item_purchase_floors":[10,21,48],"current_hp_per_floor":[86,86,86,87,85,85,61,87,87,87,87,87,88,85,85,62,88,82,82,82,82,79,79,65,59,59,85,49,75,73,57,83,18,88,57,46,46,50,29,55,52,58,58,84,84,85,85,85,85,23],"gold":16,"neow_bonus":"TEN_PERCENT_HP_BONUS","is_daily":false,"chose_seed":false,"campfire_upgraded":5,"win_rate":0.0,"timestamp":1610827598,"path_taken":["M","?","$","M","M","R","M","R","T","$","?","?","M","M","R","BOSS","M","?","?","$","?","R","M","M","T","R","M","R","M","M","R","BOSS","M","?","?","M","M","R","?","M","T","R","?","?","R","?","R","BOSS"],"items_purchased_type":["Card","Card","Relic"],"build_version":"2020-12-22","purchased_purges":3,"victory":true,"max_hp_per_floor":[88,88,88,88,88,88,88,88,88,88,88,88,88,88,88,88,88,88,88,88,88,88,88,88,88,88,88,88,88,88,88,88,88,88,88,88,88,88,88,88,88,88,88,88,85,85,85,85,85,85],"card_choices":[{"not_picked":["Burning Pact","Armaments"],"picked":"Metallicize","floor":1.0},{"not_picked":["Anger","Pummel","Second Wind"],"picked":"SKIP","floor":4.0},{"not_picked":["Twin Strike","Clash","Havoc"],"picked":"SKIP","floor":5.0},{"not_picked":["Pommel Strike","Carnage","Evolve"],"picked":"SKIP","floor":7.0},{"not_picked":["Thunderclap","Clash"],"picked":"Metallicize","floor":13.0},{"not_picked":["Flame Barrier","Perfected Strike","Pummel"],"picked":"SKIP","floor":14.0},{"not_picked":["Immolate","Impervious"],"picked":"Barricade","floor":16.0},{"not_picked":["Iron Wave+1","Feel No Pain"],"picked":"Armaments","floor":18.0},{"not_picked":["Sever Soul","Feel No Pain","Clothesline"],"picked":"SKIP","floor":22.0},{"not_picked":["Combust","Sword Boomerang","Inflame"],"picked":"SKIP","floor":24.0},{"not_picked":["Shrug It Off","Disarm+1","Flex"],"picked":"SKIP","floor":25.0},{"not_picked":["Perfected Strike","Second Wind","Uppercut"],"picked":"SKIP","floor":28.0},{"not_picked":["Flex","Hemokinesis","Pommel Strike+1"],"picked":"SKIP","floor":30.0},{"not_picked":["Blood for Blood+1","Uppercut","True Grit"],"picked":"SKIP","floor":31.0},{"not_picked":["Reaper","Immolate"],"picked":"Impervious","floor":33.0},{"not_picked":["Disarm","Ghostly Armor+1","Rampage"],"picked":"SKIP","floor":35},{"not_picked":["Clothesline+1","Flex","Anger"],"picked":"SKIP","floor":38},{"not_picked":["Inflame","Anger","Sword Boomerang+1"],"picked":"SKIP","floor":39},{"not_picked":["Headbutt","Thunderclap+1"],"picked":"Rampage","floor":41},{"not_picked":["Havoc+1","Burning Pact+1"],"picked":"Demon Form","floor":42},{"not_picked":["Iron Wave+1","Heavy Blade+1","Fire Breathing+1"],"picked":"SKIP","floor":46}],"player_experience":89896,"relics_obtained":[{"floor":9.0,"key":"Paper Frog"},{"floor":26.0,"key":"Pen Nib"},{"floor":43,"key":"Centennial Puzzle"}],"event_choices":[{"cards_removed":["Bash"],"damage_healed":0.0,"max_hp_gain":0.0,"max_hp_loss":0.0,"gold_gain":0.0,"event_name":"Living Wall","player_choice":"Forget","floor":2.0,"gold_loss":0.0,"damage_taken":0.0},{"damage_healed":0.0,"max_hp_gain":0.0,"max_hp_loss":0.0,"gold_gain":0.0,"event_name":"The Cleric","player_choice":"Leave","floor":11.0,"gold_loss":0.0,"damage_taken":0.0},{"damage_healed":0.0,"max_hp_gain":0.0,"max_hp_loss":0.0,"gold_gain":0.0,"event_name":"World of Goop","player_choice":"Left Gold","floor":12.0,"gold_loss":35.0,"damage_taken":0.0},{"damage_healed":0.0,"max_hp_gain":0.0,"max_hp_loss":0.0,"gold_gain":0.0,"event_name":"The Library","player_choice":"Read","floor":19.0,"gold_loss":0.0,"damage_taken":0.0,"cards_obtained":["Entrench"]},{"cards_removed":["Strike_R"],"damage_healed":0.0,"max_hp_gain":0.0,"max_hp_loss":0.0,"gold_gain":0.0,"event_name":"Bonfire Elementals","player_choice":"Offered Basic","floor":20.0,"gold_loss":0.0,"damage_taken":0.0},{"damage_healed":0,"gold_gain":0,"player_choice":"Embrace Madness","damage_taken":11,"max_hp_gain":0,"max_hp_loss":0,"event_name":"Winding Halls","floor":36,"gold_loss":0,"cards_obtained":["Madness","Madness"]},{"damage_healed":0,"gold_gain":0,"player_choice":"Upgrade","damage_taken":0,"max_hp_gain":0,"max_hp_loss":0,"event_name":"Designer","floor":37,"gold_loss":40,"cards_upgraded":["Barricade"]},{"cards_removed":["Parasite"],"damage_healed":0,"gold_gain":0,"player_choice":"Purged","damage_taken":0,"max_hp_gain":0,"max_hp_loss":0,"event_name":"Purifier","floor":45,"gold_loss":0}],"is_beta":false,"boss_relics":[{"not_picked":["Sozu","Empty Cage"],"picked":"Runic Cube"},{"not_picked":["Tiny House","Cursed Key"],"picked":"Mark of Pain"}],"items_purged_floors":[3,21,48],"is_endless":false,"potions_floor_spawned":[1,7,14,18,31,39],"ascension_level":0}}