{"host":"ga4s3hj9m6nkn6gp","time":1610798074,"event":{"mods":["AchievementEnabler","BaseMod","Bestiary","Colored Powertips","Highlight Path","Minty Spire (QoL Compilation)","Relic Stats","everything is the same but u backflip on backflip"],"gold_per_floor":[115,133,133,133,143,143,176,176,476,476,490,490,92,103,103,103,103],"floor_reached":16,"language":"ENG","playtime":480,"items_purged":[],"score":175,"play_id":"cf7246da-b771-4f90-807d-af63354760f3","local_time":"20210116125434","is_ascension_mode":true,"campfire_choices":[{"data":"Cleave","floor":6,"key":"SMITH"},{"data":"Searing Blow","floor":8,"key":"SMITH"},{"data":"Searing Blow+2","floor":12,"key":"SMITH"},{"data":"Searing Blow+3","floor":15,"key":"SMITH"}],"circlet_count":0,"master_deck":["AscendersBane","Strike_R+1","Strike_R","Strike_R","Strike_R","Strike_R","Defend_R+1","Defend_R","Defend_R","Bash","Cleave+1","Ghostly Armor","Reaper","Shockwave","Searing Blow+4","True Grit"],"relics":["Burning Blood","CaptainsWheel","Old Coin","OrangePellets","Mummified Hand"],"acts_visited":["Exordium"],"potions_floor_usage":[],"damage_taken":[{"damage":3,"enemies":"Jaw Worm","floor":1,"turns":5},{"damage":0,"enemies":"Small Slimes","floor":2,"turns":2},{"damage":0,"enemies":"Cultist","floor":5,"turns":3},{"damage":18,"enemies":"Gremlin Nob","floor":7,"turns":4},{"damage":9,"enemies":"Blue Slaver","floor":11,"turns":4},{"damage":0,"enemies":"Large Slime","floor":14,"turns":3},{"damage":61,"enemies":"Hexaghost","floor":16,"turns":10}],"seed_played":"-6007818465354213477","potions_obtained":[{"floor":2,"key":"LiquidMemories"},{"floor":5,"key":"SteroidPotion"}],"is_trial":false,"path_per_floor":["M","M","?","?","M","R","E","R","T","?","M","R","$","M","R","B"],"character_chosen":"IRONCLAD","items_purchased":["OrangePellets","Mummified Hand"],"campfire_rested":0,"item_purchase_floors":[13,13],"current_hp_per_floor":[78,82,57,57,63,63,51,51,51,51,52,52,52,58,58,0,0],"gold":103,"neow_bonus":"TEN_PERCENT_HP_BONUS","is_daily":false,"chose_seed":false,"campfire_upgraded":4,"win_rate":0.0,"timestamp":1610798074,"path_taken":["M","M","?","?","M","R","E","R","T","?","?","R","$","M","R","BOSS"],"items_purchased_type":["Relic","Relic"],"build_version":"2020-12-22","purchased_purges":0,"victory":false,"max_hp_per_floor":[82,82,82,82,82,82,82,82,82,82,82,82,82,82,82,82,82],"relic_stats":{"OrangePellets":[0],"counters":[7,31],"Mummified Hand":[0],"obtain_stats":[{"OrangePellets":13,"CaptainsWheel":7,"Mummified Hand":13,"Burning Blood":0,"Old Coin":9},{"OrangePellets":5,"CaptainsWheel":4,"Mummified Hand":5,"Burning Blood":0,"Old Coin":4},{"OrangePellets":18,"CaptainsWheel":14,"Mummified Hand":18,"Burning Blood":0,"Old Coin":14}],"Burning Blood":34},"card_choices":[{"not_picked":["Warcry","Clothesline"],"picked":"Cleave","floor":1},{"not_picked":["Rage","Intimidate"],"picked":"Ghostly Armor","floor":2},{"not_picked":["Shrug It Off","Perfected Strike"],"picked":"Shockwave","floor":5},{"not_picked":["Flame Barrier","Shockwave"],"picked":"Searing Blow","floor":7},{"not_picked":["Cleave","Havoc"],"picked":"True Grit","floor":11},{"not_picked":["Havoc","Pummel","Clash"],"picked":"SKIP","floor":14}],"player_experience":636585,"relics_obtained":[{"floor":7,"key":"CaptainsWheel"},{"floor":9,"key":"Old Coin"}],"event_choices":[{"damage_healed":0,"gold_gain":0,"player_choice":"Entered Light","damage_taken":25,"max_hp_gain":0,"max_hp_loss":0,"event_name":"Shining Light","floor":3,"gold_loss":0,"cards_upgraded":["Strike_R","Defend_R"]},{"damage_healed":0,"gold_gain":0,"cards_transformed":["Defend_R"],"player_choice":"Change","damage_taken":0,"max_hp_gain":0,"max_hp_loss":0,"event_name":"Living Wall","floor":4,"gold_loss":0,"cards_obtained":["Reaper"]},{"damage_healed":0,"gold_gain":0,"player_choice":"Forge","damage_taken":0,"max_hp_gain":0,"max_hp_loss":0,"event_name":"Accursed Blacksmith","floor":10,"gold_loss":0,"cards_upgraded":["Searing Blow"]}],"is_beta":false,"boss_relics":[],"items_purged_floors":[],"is_endless":false,"potions_floor_spawned":[2,5,7],"killed_by":"Hexaghost","ascension_level":15}}