{"host":"utqe55yv0jihe4d6","time":1610770712,"event":{"mods":["2.2 Compatiblity","AchievementEnabler","BaseMod","Block Reminder","Colored Map","Colored Powertips","Minty Spire (QoL Compilation)","Quick Restart","Rare Cards Sparkle","Relic Stats","SuperFastMode"],"gold_per_floor":[10,10,23,23,23,23,48,48,97,107,107,107,134,153,153,232,232,251,251,251,4,4,36,36,67,67,67,10,10,38,58,58,58,58],"floor_reached":33,"language":"ENG","playtime":750,"items_purged":["Strike_R"],"score":714,"play_id":"ba8bf293-68e1-49e0-a14f-963a176a7668","local_time":"20210115231832","is_ascension_mode":true,"campfire_choices":[{"data":"Headbutt","floor":6,"key":"SMITH"},{"data":"Offering","floor":8,"key":"SMITH"},{"floor":12,"key":"REST"},{"data":"Disarm","floor":15,"key":"SMITH"},{"data":"Whirlwind","floor":27,"key":"SMITH"},{"data":"Dual Wield","floor":29,"key":"SMITH"},{"data":"Fiend Fire","floor":32,"key":"SMITH"}],"circlet_count":0,"master_deck":["AscendersBane","Strike_R+1","Strike_R","Strike_R","Strike_R","Defend_R","Defend_R","Defend_R","Defend_R","Bash+1","Headbutt+1","Offering+1","Rampage","Disarm+1","Reaper+1","Immolate","Dual Wield+1","Whirlwind+1","Fiend Fire+1"],"relics":["Burning Blood","Pocketwatch","Mummified Hand","Eternal Feather","MealTicket","PreservedInsect","Bronze Scales","SlaversCollar","Vajra","Whetstone","Pear","Lantern"],"acts_visited":["Exordium","TheCity"],"potions_floor_usage":[18,25,33],"damage_taken":[{"damage":10,"enemies":"2 Louse","floor":1,"turns":4},{"damage":9,"enemies":"Jaw Worm","floor":3,"turns":9},{"damage":40,"enemies":"3 Sentries","floor":7,"turns":10},{"damage":13,"enemies":"Small Slimes","floor":10,"turns":3},{"damage":6,"enemies":"Gremlin Nob","floor":13,"turns":2},{"damage":7,"enemies":"Looter","floor":14,"turns":2},{"damage":22,"enemies":"Hexaghost","floor":16,"turns":8},{"damage":6,"enemies":"3 Byrds","floor":18,"turns":2},{"damage":42,"enemies":"Book of Stabbing","floor":23,"turns":5},{"damage":41,"enemies":"Slavers","floor":25,"turns":3},{"damage":0,"enemies":"Gremlin Leader","floor":30,"turns":4},{"damage":56,"enemies":"Spheric Guardian","floor":31,"turns":6},{"damage":94,"enemies":"Automaton","floor":33,"turns":6}],"seed_played":"113987240247052635","potions_obtained":[{"floor":7,"key":"LiquidBronze"},{"floor":14,"key":"Energy Potion"},{"floor":16,"key":"Block Potion"},{"floor":25,"key":"DuplicationPotion"}],"is_trial":false,"path_per_floor":["M","?","M","$","T","R","E","R","T","M","?","R","E","M","R","B",null,"M","?","?","$","?","E","$","E","T","R","$","R","E","M","R","B"],"character_chosen":"IRONCLAD","items_purchased":["Immolate","SteroidPotion"],"campfire_rested":1,"item_purchase_floors":[21,28],"current_hp_per_floor":[64,64,61,61,61,61,27,33,33,26,15,43,43,42,51,35,65,68,47,47,62,62,32,47,42,52,61,76,85,90,47,56,0,0],"gold":58,"neow_bonus":"ONE_RARE_RELIC","is_daily":false,"chose_seed":false,"campfire_upgraded":6,"win_rate":0.0,"timestamp":1610770712,"path_taken":["M","?","M","?","?","R","E","R","T","M","?","R","E","M","R","BOSS","M","?","?","$","?","E","?","E","T","R","$","R","E","?","R","BOSS"],"items_purchased_type":["Card","Potion"],"build_version":"2020-12-22","purchased_purges":1,"victory":false,"max_hp_per_floor":[75,75,75,75,75,75,75,75,75,75,75,75,75,75,75,75,75,75,80,80,80,80,80,80,80,90,90,90,90,90,90,90,90,90],"relic_stats":{"counters":[13,64],"Mummified Hand":[0],"Bronze Scales":[149],"Eternal Feather":48,"MealTicket":45,"PreservedInsect":157,"Whetstone":["Reaper","Strike_R"],"obtain_stats":[{"SlaversCollar":17,"Lantern":30,"Pear":26,"Mummified Hand":5,"Bronze Scales":13,"Vajra":23,"Eternal Feather":7,"MealTicket":9,"PreservedInsect":11,"Whetstone":25,"Burning Blood":0,"Pocketwatch":0},{"SlaversCollar":7,"Lantern":11,"Pear":10,"Mummified Hand":2,"Bronze Scales":5,"Vajra":9,"Eternal Feather":3,"MealTicket":3,"PreservedInsect":4,"Whetstone":10,"Burning Blood":0,"Pocketwatch":0},{"SlaversCollar":38,"Lantern":52,"Pear":48,"Mummified Hand":13,"Bronze Scales":28,"Vajra":45,"Eternal Feather":23,"MealTicket":23,"PreservedInsect":26,"Whetstone":48,"Burning Blood":0,"Pocketwatch":0}],"Burning Blood":71,"Pocketwatch":[120]},"card_choices":[{"not_picked":["Warcry","Iron Wave","Dark Embrace"],"picked":"SKIP","floor":1},{"not_picked":["Entrench","Flex"],"picked":"Headbutt","floor":3},{"not_picked":["Headbutt","Blood for Blood"],"picked":"Offering","floor":7},{"not_picked":["Shrug It Off","Headbutt"],"picked":"Rampage","floor":10},{"not_picked":["Shockwave","Flex"],"picked":"Disarm","floor":13},{"not_picked":["Thunderclap","Wild Strike","Iron Wave"],"picked":"SKIP","floor":14},{"not_picked":["Limit Break","Berserk"],"picked":"Reaper","floor":16},{"not_picked":["Iron Wave","Cleave+1","Bloodletting"],"picked":"SKIP","floor":18},{"not_picked":["Flex+1","True Grit"],"picked":"Dual Wield","floor":23},{"not_picked":["Shockwave","True Grit"],"picked":"Whirlwind","floor":25},{"not_picked":["Body Slam","Impervious"],"picked":"Fiend Fire","floor":30},{"not_picked":["Anger","Havoc","Searing Blow"],"picked":"SKIP","floor":31}],"player_experience":2943238,"relics_obtained":[{"floor":5,"key":"Mummified Hand"},{"floor":7,"key":"Eternal Feather"},{"floor":9,"key":"MealTicket"},{"floor":13,"key":"Bronze Scales"},{"floor":23,"key":"Vajra"},{"floor":25,"key":"Whetstone"},{"floor":26,"key":"Pear"},{"floor":30,"key":"Lantern"}],"event_choices":[{"damage_healed":0,"gold_gain":0,"player_choice":"Grow","damage_taken":0,"max_hp_gain":0,"max_hp_loss":0,"event_name":"Living Wall","floor":2,"gold_loss":0,"cards_upgraded":["Bash"]},{"damage_healed":0,"gold_gain":0,"player_choice":"Success","damage_taken":11,"relics_obtained":["PreservedInsect"],"max_hp_gain":0,"max_hp_loss":0,"event_name":"Scrap Ooze","floor":11,"gold_loss":0},{"damage_healed":0,"gold_gain":0,"player_choice":"Shed Blood","damage_taken":26,"max_hp_gain":5,"max_hp_loss":0,"event_name":"Forgotten Altar","floor":19,"gold_loss":0},{"damage_healed":0,"gold_gain":0,"player_choice":"Ignored","damage_taken":0,"max_hp_gain":0,"max_hp_loss":0,"event_name":"Ghosts","floor":20,"gold_loss":0},{"damage_healed":0,"gold_gain":0,"player_choice":"Ignored","damage_taken":0,"max_hp_gain":0,"max_hp_loss":0,"event_name":"The Mausoleum","floor":22,"gold_loss":0}],"is_beta":false,"boss_relics":[{"not_picked":["Busted Crown","Mark of Pain"],"picked":"SlaversCollar"}],"items_purged_floors":[21],"is_endless":false,"potions_floor_spawned":[7,14,16,25,30],"killed_by":"Automaton","ascension_level":20}}