{"host":"nz11ypxva4e39b7q","time":1610815701,"event":{"mods":["BaseMod","Better Vampires","Colored Map","Downfall","Minty Spire (QoL Compilation)","StSLib"],"gold_per_floor":[110,110,130,19,19,19,54,54,54,54,68,87,99,116,116,221,221,232,247,162,162,84,84,116,116,139,150,182,182,193,211,211,306,306,321,321,334,334,244,271,271,286,311,338,349,365,390,408,408,408,408,408,32,59,59,59,59],"floor_reached":55,"language":"ENG","playtime":5059,"items_purged":["champ:Strike","champ:Defend"],"score":849,"play_id":"47fc5a47-5eb2-4421-a32b-bafbd3011f17","local_time":"20210116174821","is_ascension_mode":false,"campfire_choices":[{"data":"champ:PreciseThrust","floor":6.0,"key":"SMITH"},{"data":"champ:HeartStrike","floor":15.0,"key":"SMITH"},{"data":"champ:GladiatorForm","floor":23.0,"key":"SMITH"},{"data":"champ:Improvising","floor":29.0,"key":"SMITH"},{"data":"champ:EndlessRage","floor":32.0,"key":"SMITH"},{"data":"Madness","floor":41.0,"key":"SMITH"},{"floor":49.0,"key":"RECALL"},{"data":"champ:ArenaPreparation","floor":52.0,"key":"SMITH"}],"circlet_count":0,"master_deck":["champ:Defend+1","champ:Defend","champ:Defend","champ:Execute","champ:Taunt","champ:PreciseThrust+1","champ:FanOfKnives","champ:ArenaPreparation+1","champ:Lariat+1","champ:HeartStrike+1","champ:Endure","champ:EndlessRage+1","champ:GladiatorForm+1","champ:VampiricStrike","champ:Improvising+1","champ:PreciseThrust","champ:CheapShot","champ:FancyFootwork+1","Madness","Madness+1","champ:SkillfulDodge+1","champ:Endure+1","champ:EnragedBash","champ:DefensiveShout+1"],"relics":["champ:ChampionCrown","NeowsBlessing","InkBottle","Meat on the Bone","SlaversCollar","Oddly Smooth Stone","Vajra","Blood Vial","Bag of Preparation","Black Star","Gremlin Horn","Nunchaku","Boot","Slimebound:PreparedRelic","White Beast Statue","Pen Nib","Lantern","ClockworkSouvenir","champ:FightingForDummies","Strawberry"],"acts_visited":["Exordium","TheCity","TheBeyond","TheEnding"],"potions_floor_usage":[55,55,55],"damage_taken":[{"damage":0.0,"enemies":"2 Louse","floor":1.0,"turns":2.0},{"damage":0.0,"enemies":"Cultist","floor":3.0,"turns":1.0},{"damage":0.0,"enemies":"Gremlin Nob","floor":7.0,"turns":1.0},{"damage":30.0,"enemies":"Jaw Worm","floor":11.0,"turns":3.0},{"damage":5.0,"enemies":"Looter","floor":12.0,"turns":3.0},{"damage":30.0,"enemies":"3 Louse","floor":13.0,"turns":3.0},{"damage":49.0,"enemies":"Gremlin Gang","floor":14.0,"turns":4.0},{"damage":98.0,"enemies":"Hexaghost","floor":16.0,"turns":8.0},{"damage":44.0,"enemies":"2 Thieves","floor":18.0,"turns":3.0},{"damage":56.0,"enemies":"Chosen","floor":19.0,"turns":5.0},{"damage":76.0,"enemies":"Gremlin Leader","floor":24.0,"turns":4.0},{"damage":84.0,"enemies":"Shelled Parasite and Fungi","floor":27.0,"turns":3.0},{"damage":67.0,"enemies":"Slavers","floor":28.0,"turns":3.0},{"damage":51.0,"enemies":"Centurion and Healer","floor":30.0,"turns":3.0},{"damage":55.0,"enemies":"Chosen and Byrds","floor":31.0,"turns":4.0},{"damage":73.0,"enemies":"Automaton","floor":33.0,"turns":6.0},{"damage":6.0,"enemies":"Orb Walker","floor":35.0,"turns":3.0},{"damage":21.0,"enemies":"3 Shapes","floor":37.0,"turns":4.0},{"damage":54.0,"enemies":"Nemesis","floor":40.0,"turns":5.0},{"damage":49.0,"enemies":"Spire Growth","floor":42.0,"turns":4.0},{"damage":53.0,"enemies":"Reptomancer","floor":44.0,"turns":5.0},{"damage":86.0,"enemies":"4 Shapes","floor":45.0,"turns":6.0},{"damage":40.0,"enemies":"Maw","floor":46.0,"turns":7.0},{"damage":70.0,"enemies":"Nemesis","floor":47.0,"turns":7.0},{"damage":55.0,"enemies":"Spire Growth","floor":48.0,"turns":4.0},{"damage":87.0,"enemies":"Awakened One","floor":50.0,"turns":5.0},{"damage":79.0,"enemies":"Shield and Spear","floor":54.0,"turns":4.0},{"damage":82,"enemies":"The Heart","floor":55,"turns":3}],"seed_played":"9012864351861362757","potions_obtained":[{"floor":3.0,"key":"sneckomod:MuddlingPotion"},{"floor":7.0,"key":"FearPotion"},{"floor":13.0,"key":"BlessingOfTheForge"},{"floor":16.0,"key":"Weak Potion"},{"floor":18.0,"key":"BlessingOfTheForge"},{"floor":27.0,"key":"GamblersBrew"},{"floor":28.0,"key":"sneckomod:MuddlingPotion"},{"floor":31.0,"key":"Energy Potion"},{"floor":40.0,"key":"LiquidBronze"},{"floor":45.0,"key":"bronze:BurnAndBuffPotion"},{"floor":46.0,"key":"ColorlessPotion"},{"floor":47.0,"key":"SkillPotion"},{"floor":48.0,"key":"SkillPotion"},{"floor":54.0,"key":"Swift Potion"}],"is_trial":false,"path_per_floor":["M","?","M","$","?","R","E","T","T","?","M","M","M","M","R","B",null,"M","M","?","?","$","R","E","?","T","M","E","R","M","M","R","B",null,"M","?","M","?","?","E","R","M","T","E","M","M","E","M","R","B",null,"R","$","E","B"],"character_chosen":"THE_CHAMP","items_purchased":["champ:ArenaPreparation","champ:VampiricStrike","ColorlessPotion","ClockworkSouvenir","LiquidBronze"],"campfire_rested":0,"item_purchase_floors":[4,22,53,53,53],"current_hp_per_floor":[90,75,75,75,75,75,75,75,75,75,87,87,87,78,78,72,90,76,70,70,70,70,70,76,76,76,66,48,48,51,65,65,71,90,89,89,84,73,73,78,78,88,88,84,47,49,63,77,77,77,90,90,90,78,0,0,0],"gold":59,"neow_bonus":"THREE_ENEMY_KILL","is_daily":false,"chose_seed":false,"campfire_upgraded":7,"win_rate":0.0,"timestamp":1610815701,"path_taken":["M","?","M","?","?","R","E","?","T","?","?","M","M","?","R","BOSS","M","M","?","?","$","R","E","?","T","M","E","R","M","M","R","BOSS","M","?","?","?","?","E","R","M","T","E","M","?","E","M","R","BOSS","R","$","E","BOSS"],"items_purchased_type":["Card","Card","Potion","Relic","Potion"],"build_version":"2020-12-22","purchased_purges":2,"victory":false,"max_hp_per_floor":[90,90,90,90,90,90,90,90,90,90,90,90,90,90,90,90,90,90,90,90,90,90,90,90,90,90,90,90,90,90,90,90,90,90,90,90,90,90,90,90,90,90,90,90,90,90,90,90,90,90,90,90,90,97,97,97,97],"card_choices":[{"not_picked":["champ:PreemptiveStrike","champ:FlashCut"],"picked":"champ:PreciseThrust","floor":1.0},{"not_picked":["champ:Circumvent","champ:CrownThrow"],"picked":"champ:FanOfKnives","floor":3.0},{"not_picked":["champ:BladeFlurry","champ:BerserkersShout"],"picked":"champ:Lariat","floor":7.0},{"not_picked":["champ:TornadoPunch","champ:Shatter"],"picked":"champ:HeartStrike","floor":11.0},{"not_picked":["champ:BladeFlurry","champ:Encircle"],"picked":"champ:Endure","floor":12.0},{"not_picked":["champ:Backstep","champ:CalledShot"],"picked":"champ:EndlessRage","floor":13.0},{"not_picked":["champ:PreciseThrust","champ:SwordThrow","champ:Backstep"],"picked":"SKIP","floor":14.0},{"not_picked":["champ:DancingMaster","champ:SteelEdge"],"picked":"champ:GladiatorForm","floor":16.0},{"not_picked":["champ:Haymaker","champ:PerfectedStrike","champ:Backstep+1"],"picked":"SKIP","floor":18.0},{"not_picked":["champ:FlashCut","champ:TornadoPunch","champ:CrownThrow"],"picked":"SKIP","floor":19.0},{"not_picked":["champ:Encircle","champ:BringItOn"],"picked":"champ:Improvising","floor":24.0},{"not_picked":["champ:GladiatorStyle","champ:PreemptiveStrike","champ:Backstep+1"],"picked":"SKIP","floor":27.0},{"not_picked":["champ:EnGarde","champ:BladeFlurry","champ:Circumvent+1"],"picked":"SKIP","floor":28.0},{"not_picked":["champ:Backstep+1","champ:BringItOn"],"picked":"champ:PreciseThrust","floor":30.0},{"not_picked":["champ:Shatter","champ:BringItOn+1","champ:HeartStrike"],"picked":"SKIP","floor":31.0},{"not_picked":["champ:ShieldThrow","champ:HoldFirm"],"picked":"champ:CheapShot","floor":33.0},{"not_picked":["champ:GutPunch+1","champ:TornadoPunch"],"picked":"champ:FancyFootwork+1","floor":35.0},{"not_picked":["champ:PreciseThrust","champ:FlashCut","champ:StanceDance"],"picked":"SKIP","floor":37.0},{"not_picked":["champ:EndlessRage+1","champ:RapidStrikes+1"],"picked":"champ:SkillfulDodge+1","floor":40.0},{"not_picked":["champ:GladiatorStyle","champ:BladeFlurry","champ:FanOfKnives+1"],"picked":"SKIP","floor":42.0},{"not_picked":["champ:CrownThrow","champ:FancyFootwork","champ:BladeFlurry+1"],"picked":"SKIP","floor":44.0},{"not_picked":["champ:UltimateStance","champ:CrownThrow","champ:FanOfKnives+1"],"picked":"SKIP","floor":45.0},{"not_picked":["champ:FalseCounter+1","champ:SkillfulDodge"],"picked":"champ:Endure+1","floor":46.0},{"not_picked":["champ:PreemptiveStrike+1","champ:ShieldWall","champ:FaceSlap"],"picked":"SKIP","floor":47.0},{"not_picked":["champ:CrownThrow+1","champ:FocusedBerserking+1"],"picked":"champ:EnragedBash","floor":48.0},{"not_picked":["champ:IgnorePain","champ:Parry+1"],"picked":"champ:DefensiveShout+1","floor":54.0}],"player_experience":1182436,"relics_obtained":[{"floor":7.0,"key":"InkBottle"},{"floor":9.0,"key":"Meat on the Bone"},{"floor":24.0,"key":"Vajra"},{"floor":26.0,"key":"Blood Vial"},{"floor":28.0,"key":"Bag of Preparation"},{"floor":40.0,"key":"Gremlin Horn"},{"floor":40.0,"key":"Nunchaku"},{"floor":43.0,"key":"Boot"},{"floor":44.0,"key":"Slimebound:PreparedRelic"},{"floor":44.0,"key":"White Beast Statue"},{"floor":47.0,"key":"Pen Nib"},{"floor":47.0,"key":"Lantern"},{"floor":54.0,"key":"champ:FightingForDummies"},{"floor":54.0,"key":"Strawberry"}],"event_choices":[{"cards_removed":["champ:Strike"],"damage_healed":0.0,"max_hp_gain":0.0,"max_hp_loss":0.0,"gold_gain":0.0,"event_name":"Living Wall","player_choice":"Forget","floor":5.0,"gold_loss":0.0,"damage_taken":0.0},{"damage_healed":0.0,"max_hp_gain":0.0,"max_hp_loss":0.0,"gold_gain":0.0,"event_name":"Upgrade Shrine","player_choice":"Upgraded","floor":10.0,"gold_loss":0.0,"damage_taken":0.0,"cards_upgraded":["champ:Lariat"]},{"damage_healed":0.0,"max_hp_gain":0.0,"max_hp_loss":0.0,"gold_gain":0.0,"event_name":"Addict","player_choice":"Obtained Relic","floor":20.0,"gold_loss":85.0,"damage_taken":0.0,"relics_obtained":["Oddly Smooth Stone"]},{"cards_removed":["champ:Strike"],"damage_healed":0.0,"max_hp_gain":0.0,"max_hp_loss":0.0,"gold_gain":0.0,"event_name":"Purifier","player_choice":"Purged","floor":36.0,"gold_loss":0.0,"damage_taken":0.0},{"damage_healed":0.0,"max_hp_gain":0.0,"max_hp_loss":0.0,"gold_gain":0.0,"event_name":"Winding Halls","player_choice":"Embrace Madness","floor":38.0,"gold_loss":0.0,"damage_taken":11.0,"cards_obtained":["Madness","Madness"]},{"cards_removed":["champ:Strike"],"damage_healed":0.0,"max_hp_gain":0.0,"max_hp_loss":0.0,"gold_gain":0.0,"event_name":"Designer","player_choice":"Upgrade and Remove","floor":39.0,"gold_loss":90.0,"damage_taken":0.0,"cards_upgraded":["champ:Defend"]}],"is_beta":false,"boss_relics":[{"not_picked":["Tiny House","Ectoplasm"],"picked":"SlaversCollar"},{"not_picked":["Calling Bell","Philosopher\u0027s Stone"],"picked":"Black Star"}],"items_purged_floors":[4,53],"is_endless":false,"potions_floor_spawned":[3,7,13,16,18,27,28,31,40,45,46,47,48,54],"killed_by":"The Heart","ascension_level":0}}