{"host":"on8rz1ayhhz269sg","time":1610794553,"event":{"mods":["BaseMod","Downfall","Minty Spire (QoL Compilation)","Remilia（蕾米莉亚）","StSLib","[GremlinLeader]The Maniac","残留之物"],"gold_per_floor":[99,117,131,131,142,161,188,204,354,354,354,254,268,17,34,132,132,132,144,159,177,188,188,261,261,278,278,278,291,107,107,107],"floor_reached":31,"language":"ZHS","playtime":2421,"items_purged":[],"score":276,"play_id":"0ec1e09a-e0c1-4d1e-ae17-a967e7859b04","local_time":"20210116185553","is_ascension_mode":false,"campfire_choices":[{"floor":1,"key":"RECALL"},{"floor":12,"key":"REST"},{"data":"bronze:Mutator","floor":18,"key":"SMITH"},{"floor":23,"key":"REST"},{"floor":28,"key":"REST"}],"circlet_count":0,"master_deck":["bronze:Strike","bronze:Strike","bronze:Strike","bronze:Defend","bronze:Defend","bronze:Defend","bronze:Replicate","bronze:Goto","bronze:OilSpill","bronze:Boost","bronze:DelayedSlice","bronze:ItsAFeature","bronze:DarkDash","bronze:WhirlingStrike","bronze:Optimize","expansioncontent:LastStand","bronze:OilSpill","bronze:Mutator+1","bronze:ClassDefault","bronze:CutThrough+1","bronze:FollowUp","bronze:Fortify","bronze:HardenedForm","bronze:OilSpill","bronze:FollowUp","bronze:OilSpill","bronze:WildBeam","bronze:Shield"],"relics":["bronze:PlatinumCore","Boot","downfall:HeartBlessingRed","Oddly Smooth Stone","Gremlin Horn","Toy Ornithopter"],"acts_visited":["Exordium","TheCity"],"potions_floor_usage":[22,25,26,26,26,29,29],"damage_taken":[{"damage":4,"enemies":"Cultist","floor":2,"turns":4},{"damage":5,"enemies":"Small Slimes","floor":3,"turns":2},{"damage":3,"enemies":"2 Louse","floor":5,"turns":3},{"damage":6,"enemies":"Blue Slaver","floor":6,"turns":3},{"damage":0,"enemies":"2 Fungi Beasts","floor":8,"turns":1},{"damage":17,"enemies":"Exordium Thugs","floor":13,"turns":4},{"damage":5,"enemies":"downfall:FleeingMerchant","floor":14,"turns":4},{"damage":0,"enemies":"3 Louse","floor":15,"turns":2},{"damage":33,"enemies":"SI_SHIV_ARCHETYPE","floor":16,"turns":7},{"damage":17,"enemies":"Spheric Guardian","floor":19,"turns":4},{"damage":12,"enemies":"Shell Parasite","floor":20,"turns":2},{"damage":0,"enemies":"Snecko","floor":21,"turns":4},{"damage":11,"enemies":"Centurion and Healer","floor":22,"turns":4},{"damage":0,"enemies":"Slavers","floor":25,"turns":1},{"damage":39,"enemies":"Shelled Parasite and Fungi","floor":26,"turns":5},{"damage":14,"enemies":"Sentry and Sphere","floor":29,"turns":4},{"damage":15,"enemies":"downfall:FleeingMerchant","floor":30,"turns":4},{"damage":17,"enemies":"Book of Stabbing","floor":31,"turns":4}],"seed_played":"-8348036559109281913","potions_obtained":[{"floor":2,"key":"SmokeBomb"},{"floor":6,"key":"SmokeBomb"},{"floor":13,"key":"PlaceholderMod:PlaceholderPotion"},{"floor":16,"key":"Strength Potion"},{"floor":21,"key":"EntropicBrew"},{"floor":22,"key":"SpeedPotion"},{"floor":26,"key":"PowerPotion"}],"is_trial":false,"path_per_floor":["R","M","M","?","M","M","T","M","?","?","?","R","M","$","M","B",null,"R","M","M","M","M","R","T","E","M","?","R","M","$","E"],"character_chosen":"THE_AUTOMATON","items_purchased":["Oddly Smooth Stone","expansioncontent:LastStand","Toy Ornithopter","bronze:Shield"],"campfire_rested":3,"item_purchase_floors":[14,14,30,30],"current_hp_per_floor":[77,73,68,68,65,59,59,59,59,59,59,77,60,55,55,22,77,77,60,48,48,37,60,60,60,21,21,44,30,15,0,0],"gold":107,"neow_bonus":"TEN_PERCENT_HP_BONUS","is_daily":false,"chose_seed":false,"campfire_upgraded":1,"win_rate":0.0,"timestamp":1610794553,"path_taken":["R","M","M","?","?","M","T","M","?","?","?","R","M","?","M","BOSS","R","M","M","M","M","R","T","E","M","?","R","M","$","E"],"items_purchased_type":["Relic","Card","Relic","Card"],"build_version":"2020-12-22","purchased_purges":0,"victory":false,"max_hp_per_floor":[77,77,77,77,77,77,77,77,77,77,77,77,77,77,77,77,77,77,77,77,77,77,77,77,77,77,77,77,77,77,77,77],"card_choices":[{"not_picked":["bronze:Repulsor","bronze:BugBarrage"],"picked":"bronze:OilSpill","floor":2},{"not_picked":["bronze:Return","bronze:BuggyMess"],"picked":"bronze:Boost","floor":3},{"not_picked":["bronze:WhirlingStrike","bronze:BuggyMess"],"picked":"bronze:DelayedSlice","floor":5},{"not_picked":["bronze:CutThrough","bronze:Frontload"],"picked":"bronze:ItsAFeature","floor":6},{"not_picked":["bronze:Frontload","bronze:BitShift"],"picked":"bronze:DarkDash","floor":8},{"not_picked":["bronze:BronzeOrb","bronze:Turbo"],"picked":"bronze:WhirlingStrike","floor":13},{"not_picked":["bronze:ChosenStrike","bronze:GetLatest"],"picked":"bronze:Optimize","floor":14},{"not_picked":["bronze:Safeguard","bronze:FineTuning"],"picked":"bronze:OilSpill","floor":15},{"not_picked":["bronze:ThunderWave","bronze:Break"],"picked":"bronze:Mutator","floor":16},{"not_picked":["bronze:Frontload","bronze:MaxOutput"],"picked":"bronze:ClassDefault","floor":19},{"not_picked":["bronze:Optimize+1","bronze:DigitalCarnage"],"picked":"bronze:CutThrough+1","floor":20},{"not_picked":["bronze:GetLatest","bronze:OilSpill"],"picked":"bronze:FollowUp","floor":21},{"not_picked":["bronze:BugBarrage","bronze:WhirlingStrike"],"picked":"bronze:Fortify","floor":22},{"not_picked":["bronze:Boost","bronze:DelayedSlice"],"picked":"bronze:HardenedForm","floor":26},{"not_picked":["bronze:Turbo","bronze:Shield"],"picked":"bronze:OilSpill","floor":29},{"not_picked":["bronze:Turbo","bronze:BitShift"],"picked":"bronze:WildBeam","floor":30}],"player_experience":216047,"relics_obtained":[{"floor":7,"key":"Boot"},{"floor":24,"key":"Gremlin Horn"}],"event_choices":[{"cards_removed":["downfall:Icky"],"damage_healed":0,"gold_gain":0,"player_choice":"Card Removal","damage_taken":0,"max_hp_gain":0,"max_hp_loss":0,"event_name":"The Cleric","floor":10,"gold_loss":0}],"is_beta":false,"boss_relics":[{"not_picked":["Astrolabe","Velvet Choker"],"picked":"bronze:PlatinumCore"}],"items_purged_floors":[],"is_endless":false,"potions_floor_spawned":[2,6,13,16,21,22,26],"killed_by":"Book of Stabbing","ascension_level":0}}