{"host":"cv77zuuuekizn3ic","time":1610816840,"event":{"mods":["AchievementEnabler","Act Like it!","BaseMod","Gensokyo","Marisa£®ÏF”Í°°ƒß¿Ì…≥£©","Minty Spire (QoL Compilation)","StSLib","Waifu the Spire","everything is the same but u backflip on backflip","slay the spire mod where everything is the same but ironclad has a cowboy hat"],"gold_per_floor":[116,116,42,61,61,61,86,49,100,100,152,163,194,194,194,292,292,306,306,322,237,256,256,267,267,293,218,218,238,258,273,273,377,377,377],"floor_reached":34,"language":"ZHS","playtime":1058,"items_purged":[],"score":385,"play_id":"72945c74-5145-4000-a909-de08c4bc9b94","local_time":"20210117010720","is_ascension_mode":false,"campfire_choices":[{"data":"Shockwave","floor":6.0,"key":"SMITH"},{"data":"Pommel Strike","floor":10.0,"key":"SMITH"},{"data":"True Grit","floor":15,"key":"SMITH"},{"data":"Offering","floor":23,"key":"SMITH"},{"data":"Barricade","floor":25,"key":"SMITH"},{"data":"Second Wind","floor":32,"key":"SMITH"}],"circlet_count":0,"master_deck":["Defend_R","Bash","Disarm","Offering+1","Sword Boomerang","Shockwave+1","Pommel Strike+1","Second Wind+1","Twin Strike","True Grit+1","Barricade+1","Dropkick+1","Feel No Pain+1","Pommel Strike+1","Feed","Flame Barrier+1","Body Slam+1","Impervious+1"],"relics":["Burning Blood","Oddly Smooth Stone","Red Skull","Akabeko","Paper Frog","Empty Cage","Potion Belt","Regal Pillow","MutagenicStrength","Astrolabe"],"acts_visited":["Exordium","TheCity","TheBeyond"],"potions_floor_usage":[],"damage_taken":[{"damage":3.0,"enemies":"2 Louse","floor":1.0,"turns":4.0},{"damage":6.0,"enemies":"Cultist","floor":4.0,"turns":2.0},{"damage":46.0,"enemies":"Lagavulin","floor":7.0,"turns":8.0},{"damage":2.0,"enemies":"Small Slimes","floor":12.0,"turns":3.0},{"damage":9.0,"enemies":"3 Sentries","floor":13.0,"turns":6.0},{"damage":12,"enemies":"Hexaghost","floor":16,"turns":7},{"damage":20,"enemies":"2 Thieves","floor":18,"turns":3},{"damage":6,"enemies":"Chosen","floor":20,"turns":3},{"damage":6,"enemies":"Snake Plant","floor":22,"turns":5},{"damage":22,"enemies":"Sentry and Sphere","floor":24,"turns":6},{"damage":14,"enemies":"Centurion and Healer","floor":29,"turns":3},{"damage":6,"enemies":"Snake Plant","floor":30,"turns":3},{"damage":6,"enemies":"Cultist and Chosen","floor":31,"turns":3},{"damage":34,"enemies":"Champ","floor":33,"turns":10}],"seed_played":"8966711977719310976","potions_obtained":[{"floor":1.0,"key":"BloodPotion"},{"floor":7.0,"key":"SteroidPotion"},{"floor":24,"key":"LiquidMemories"},{"floor":29,"key":"AttackPotion"},{"floor":31,"key":"Ancient Potion"}],"is_trial":false,"path_per_floor":["M","?","$","M","?","R","E","$","T","R","T","M","E","?","R","B",null,"M","?","M","?","M","R","M","R","T","?","?","M","M","M","R","B",null],"character_chosen":"IRONCLAD","items_purchased":["Offering","Second Wind"],"campfire_rested":0,"item_purchase_floors":[3,8],"current_hp_per_floor":[88,88,88,88,88,88,48,48,48,48,48,52,49,54,54,48,93,79,61,61,61,61,61,45,45,45,45,45,37,37,37,37,9,98,98],"gold":377,"neow_bonus":"TEN_PERCENT_HP_BONUS","is_daily":false,"chose_seed":false,"campfire_upgraded":6,"win_rate":0.0,"timestamp":1610816840,"path_taken":["M","?","?","M","?","R","E","$","T","R","?","M","E","?","R","BOSS","M","?","M","?","M","R","M","R","T","?","?","M","?","M","R","BOSS"],"items_purchased_type":["Card","Card"],"build_version":"2020-12-22","purchased_purges":0,"victory":false,"max_hp_per_floor":[88,88,88,88,88,88,88,88,88,88,88,88,88,93,93,93,93,93,98,98,98,98,98,98,98,98,98,98,98,98,98,98,98,98,98],"card_choices":[{"not_picked":["Ghostly Armor","Heavy Blade"],"picked":"Disarm","floor":1.0},{"not_picked":["Flame Barrier","Combust"],"picked":"Sword Boomerang","floor":4.0},{"not_picked":["Wild Strike","True Grit"],"picked":"Pommel Strike","floor":7.0},{"not_picked":["Warcry","Cleave"],"picked":"Twin Strike","floor":12.0},{"not_picked":["Perfected Strike","Cleave"],"picked":"True Grit","floor":13.0},{"not_picked":["Impervious","Corruption"],"picked":"Barricade","floor":16},{"not_picked":["Headbutt+1","Twin Strike","Iron Wave+1"],"picked":"SKIP","floor":18},{"not_picked":["Rupture","Warcry"],"picked":"Dropkick+1","floor":20},{"not_picked":["Clothesline","Metallicize"],"picked":"Feel No Pain+1","floor":22},{"not_picked":["Hemokinesis","Clash","Feel No Pain"],"picked":"SKIP","floor":24},{"not_picked":["Flame Barrier","Immolate"],"picked":"Pommel Strike+1","floor":29},{"not_picked":["Clothesline+1","Havoc","Sentinel"],"picked":"SKIP","floor":30},{"not_picked":["Flame Barrier","Cleave","Shrug It Off+1"],"picked":"SKIP","floor":31},{"not_picked":["Barricade","Bludgeon"],"picked":"Feed","floor":33}],"player_experience":931316,"relics_obtained":[{"floor":7.0,"key":"Oddly Smooth Stone"},{"floor":9.0,"key":"Red Skull"},{"floor":11.0,"key":"Akabeko"},{"floor":13.0,"key":"Paper Frog"},{"floor":26,"key":"Regal Pillow"}],"event_choices":[{"cards_removed":["Strike_R"],"damage_healed":0.0,"max_hp_gain":0.0,"max_hp_loss":0.0,"gold_gain":0.0,"event_name":"Bonfire Elementals","player_choice":"Offered Basic","floor":2.0,"gold_loss":0.0,"damage_taken":0.0},{"damage_healed":0.0,"max_hp_gain":0.0,"max_hp_loss":0.0,"gold_gain":0.0,"cards_transformed":["Strike_R"],"event_name":"Living Wall","player_choice":"Change","floor":5.0,"gold_loss":0.0,"damage_taken":0.0,"cards_obtained":["Shockwave"]},{"damage_healed":0,"gold_gain":0,"player_choice":"Donut","damage_taken":0,"max_hp_gain":5,"max_hp_loss":0,"event_name":"Big Fish","floor":14,"gold_loss":0},{"damage_healed":0,"gold_gain":0,"player_choice":"Shed Blood","damage_taken":23,"max_hp_gain":5,"max_hp_loss":0,"event_name":"Forgotten Altar","floor":19,"gold_loss":0},{"damage_healed":0,"gold_gain":0,"player_choice":"Obtained Relic","damage_taken":0,"relics_obtained":["Potion Belt"],"max_hp_gain":0,"max_hp_loss":0,"event_name":"Addict","floor":21,"gold_loss":85},{"cards_removed":["Strike_R"],"damage_healed":0,"gold_gain":0,"player_choice":"Gave Gold","damage_taken":0,"max_hp_gain":0,"max_hp_loss":0,"event_name":"Beggar","floor":27,"gold_loss":75},{"damage_healed":0,"gold_gain":0,"player_choice":"Inject Mutagens","damage_taken":0,"relics_obtained":["MutagenicStrength"],"max_hp_gain":0,"max_hp_loss":0,"event_name":"Drug Dealer","floor":28,"gold_loss":0}],"is_beta":false,"boss_relics":[{"not_picked":["Ectoplasm","Velvet Choker"],"picked":"Empty Cage"},{"not_picked":["Runic Cube","SacredBark"],"picked":"Astrolabe"}],"items_purged_floors":[],"is_endless":false,"potions_floor_spawned":[1,7,24,29,31,33],"ascension_level":0}}