{"host":"74x1pl1v0521ej6y","time":1610788641,"event":{"mods":["2.2 Compatiblity","AchievementEnabler","BaseMod","Colored Map","Custom Start","Hermit","Marisa£¨Ùöéë¡¡Øª×âÞÞ£©","Minty Spire (QoL Compilation)","Rare Cards Sparkle","Shop Mod","StSLib","SuperFastMode","The Cursed"],"gold_per_floor":[117,129,4,104,114,142,142,153,176,176,191,191,191,207,207,307,307,319,119,131,149,167,167,193,193,245,256,256,272,291,291,291,391,391,404,415,415,80,99,127,139,159,185,202,82,82,82,95,95,95],"floor_reached":51,"language":"KOR","playtime":2923,"items_purged":["Strike_MRS","Defend_MRS","Strike_MRS","Strike_MRS+1"],"score":830,"play_id":"8199897f-3d56-4198-a44c-26e026aed445","local_time":"20210116181721","is_ascension_mode":false,"campfire_choices":[{"data":"MasterSpark","floor":7,"key":"SMITH"},{"data":"Singularity","floor":10,"key":"SMITH"},{"data":"AlicesGift","floor":13,"key":"SMITH"},{"data":"GrandCross","floor":15,"key":"SMITH"},{"data":"PowerUp","floor":23,"key":"SMITH"},{"data":"AsteroidBelt","floor":25,"key":"SMITH"},{"data":"AlicesGift","floor":28,"key":"SMITH"},{"data":"AsteroidBelt","floor":32,"key":"SMITH"},{"data":"MillisecondPulsars","floor":47,"key":"SMITH"},{"data":"Acceleration","floor":49,"key":"SMITH"}],"circlet_count":0,"master_deck":["Defend_MRS+1","Defend_MRS","MasterSpark+1","UpSweep+1","IllusionStar","GrandCross+1","Singularity+1","PowerUp+1","Acceleration+1","AlicesGift+1","PowerUp","AsteroidBelt+1","AlicesGift+1","AsteroidBelt+1","MillisecondPulsars+1","PowerUp","AsteroidBelt+1","PowerUp+1"],"relics":["MiniHakkero","Sundial","Happy Flower","Philosopher\u0027s Stone","AmplifyWand","MagicBroom","MiniHakkero","The Courier","SimpleLauncher","Orichalcum","MealTicket","Bag of Preparation","MutagenicStrength","MerchantsRug","PreservedInsect","Mango","Bronze Scales"],"acts_visited":["Exordium","TheCity","TheBeyond"],"potions_floor_usage":[],"damage_taken":[{"damage":0,"enemies":"2 Louse","floor":1,"turns":2},{"damage":2,"enemies":"Cultist","floor":2,"turns":3},{"damage":0,"enemies":"Jaw Worm","floor":5,"turns":2},{"damage":9,"enemies":"Lagavulin","floor":6,"turns":3},{"damage":10,"enemies":"Gremlin Gang","floor":8,"turns":3},{"damage":0,"enemies":"2 Fungi Beasts","floor":11,"turns":2},{"damage":3,"enemies":"Looter","floor":14,"turns":2},{"damage":0,"enemies":"Slime Boss","floor":16,"turns":2},{"damage":0,"enemies":"Spheric Guardian","floor":18,"turns":1},{"damage":0,"enemies":"Chosen","floor":20,"turns":2},{"damage":8,"enemies":"Snake Plant","floor":21,"turns":2},{"damage":1,"enemies":"Centurion and Healer","floor":22,"turns":2},{"damage":18,"enemies":"Slavers","floor":24,"turns":3},{"damage":0,"enemies":"3 Cultists","floor":27,"turns":2},{"damage":0,"enemies":"Cultist and Chosen","floor":29,"turns":3},{"damage":0,"enemies":"Snake Plant","floor":30,"turns":1},{"damage":0,"enemies":"Collector","floor":33,"turns":3},{"damage":0,"enemies":"3 Shapes","floor":35,"turns":3},{"damage":6,"enemies":"3 Darklings","floor":36,"turns":2},{"damage":0,"enemies":"Spire Growth","floor":39,"turns":2},{"damage":5,"enemies":"Giant Head","floor":40,"turns":4},{"damage":0,"enemies":"Writhing Mass","floor":41,"turns":2},{"damage":0,"enemies":"Maw","floor":42,"turns":3},{"damage":0,"enemies":"Spire Growth","floor":44,"turns":3},{"damage":0,"enemies":"Writhing Mass","floor":48,"turns":2},{"damage":18,"enemies":"Donu and Deca","floor":50,"turns":3}],"seed_played":"6851391260596187858","potions_obtained":[{"floor":2,"key":"EntropicBrew"},{"floor":8,"key":"ColorlessPotion"},{"floor":12,"key":"SpeedPotion"},{"floor":21,"key":"FairyPotion"}],"is_trial":true,"path_per_floor":["M","M","$","?","M","E","R","M","T","R","M","?","R","M","R","B",null,"M","$","M","M","M","R","E","R","T","M","R","M","M","?","R","B",null,"M","M","?","$","M","E","M","M","T","M","$","?","R","M","R","B",null],"character_chosen":"MARISA","items_purchased":["Singularity","Orichalcum","MerchantsRug","PowerUp","PreservedInsect"],"campfire_rested":0,"item_purchase_floors":[3,19,38,38,38],"current_hp_per_floor":[75,73,73,73,73,64,64,54,54,54,54,54,54,51,51,51,75,75,75,75,67,66,66,48,48,48,48,48,48,48,48,48,48,75,75,69,69,75,75,84,84,84,84,84,89,89,89,89,89,71],"gold":95,"neow_bonus":"","is_daily":false,"chose_seed":false,"campfire_upgraded":10,"win_rate":0.0,"timestamp":1610788641,"path_taken":["M","M","$","?","M","E","R","?","T","R","M","?","R","M","R","BOSS","M","$","M","M","M","R","E","R","T","M","R","?","M","?","R","BOSS","M","M","?","$","M","E","M","M","T","M","$","?","R","?","R","BOSS"],"items_purchased_type":["Card","Relic","Relic","Card","Relic"],"build_version":"2020-12-22","purchased_purges":4,"victory":true,"max_hp_per_floor":[75,75,75,75,75,75,75,75,75,75,75,75,75,75,75,75,75,75,75,75,75,75,75,75,75,75,75,75,75,75,75,75,75,75,75,75,75,75,75,89,89,89,89,89,89,89,89,89,89,89],"card_choices":[{"not_picked":["MilkyWay","GravityBeat"],"picked":"IllusionStar","floor":1},{"not_picked":["LuminesStrike","DarkMatter"],"picked":"GrandCross","floor":2},{"not_picked":["IllusionStar","6A"],"picked":"PowerUp","floor":5},{"not_picked":["SuperPerseids","StarBarrage","MysteriousBeam"],"picked":"SKIP","floor":6},{"not_picked":["ManaConvection","SatelliteIllusion"],"picked":"Acceleration","floor":8},{"not_picked":["MagicAbsorber","DeepEcoloBomb"],"picked":"AlicesGift","floor":11},{"not_picked":["WitchLeyline","6A"],"picked":"PowerUp","floor":14},{"not_picked":["UnstableBomb","Occultation","MilkyWay"],"picked":"SKIP","floor":18},{"not_picked":["GravityBeat","FairyDestructionRay","EventHorizon+1"],"picked":"SKIP","floor":20},{"not_picked":["MilkyWay","Acceleration","MysteriousBeam"],"picked":"SKIP","floor":21},{"not_picked":["ShootingEcho+1","DC","PulseMagic"],"picked":"SKIP","floor":22},{"not_picked":["EnergyRecoil","GrandCross"],"picked":"AsteroidBelt","floor":24},{"not_picked":["PropBag","MagicAbsorber"],"picked":"AlicesGift","floor":27},{"not_picked":["DoubleSpark+1","IllusionStar","CollectingQuirk"],"picked":"SKIP","floor":29},{"not_picked":["LuminesStrike+1","GrandCross"],"picked":"AsteroidBelt","floor":30},{"not_picked":["StarDustReverie","BlazingStar"],"picked":"MillisecondPulsars","floor":33},{"not_picked":["DarkMatter+1","OortCloud","DeepEcoloBomb+1"],"picked":"SKIP","floor":35},{"not_picked":["MilkyWay","StarBarrage","LuminesStrike"],"picked":"SKIP","floor":36},{"not_picked":["DarkMatter+1","ShootTheMoon"],"picked":"AsteroidBelt+1","floor":39},{"not_picked":["GravityBeat+1","LuminesStrike"],"picked":"PowerUp+1","floor":40},{"not_picked":["WitchLeyline","NonDirectionalLaser","OrrerysSun"],"picked":"SKIP","floor":41},{"not_picked":["6A","EnergyFlow","OrrerysSun"],"picked":"SKIP","floor":42},{"not_picked":["OrrerysSun","DC+1","AsteroidBelt+1"],"picked":"SKIP","floor":44},{"not_picked":["MilkyWay","AsteroidBelt+1","PowerUp"],"picked":"SKIP","floor":48}],"player_experience":106224,"relics_obtained":[{"floor":6,"key":"Whetstone"},{"floor":9,"key":"War Paint"},{"floor":24,"key":"MealTicket"},{"floor":26,"key":"Bag of Preparation"},{"floor":40,"key":"Mango"},{"floor":43,"key":"Bronze Scales"}],"event_choices":[{"damage_healed":0,"gold_gain":100,"player_choice":"Pray","damage_taken":0,"max_hp_gain":0,"max_hp_loss":0,"event_name":"Golden Shrine","floor":4,"gold_loss":0},{"damage_healed":0,"gold_gain":0,"player_choice":"Got Potions","damage_taken":0,"max_hp_gain":0,"max_hp_loss":0,"event_name":"Lab","floor":12,"gold_loss":0},{"damage_healed":0,"gold_gain":0,"player_choice":"Inject Mutagens","damage_taken":0,"relics_obtained":["MutagenicStrength"],"max_hp_gain":0,"max_hp_loss":0,"event_name":"Drug Dealer","floor":31,"gold_loss":0},{"damage_healed":0,"gold_gain":0,"player_choice":"Memory 1","damage_taken":0,"max_hp_gain":0,"max_hp_loss":0,"event_name":"SensoryStone","floor":37,"gold_loss":0},{"damage_healed":0,"gold_gain":0,"player_choice":"Ignored","damage_taken":0,"max_hp_gain":0,"max_hp_loss":0,"event_name":"SecretPortal","floor":46,"gold_loss":0}],"is_beta":false,"boss_relics":[{"not_picked":["SlaversCollar","Philosopher\u0027s Stone"],"picked":"Empty Cage"},{"not_picked":["Cursed Key","Fusion Hammer","Astrolabe"]}],"items_purged_floors":[3,19,38,45],"is_endless":false,"potions_floor_spawned":[2,8,14,21,22,24,33,36,40,42],"ascension_level":0}}