{"host":"2pluridizrp50jef","time":1610781615,"event":{"mods":["ATMod(∞¢Ë™Mod)","AchievementEnabler","Act Like it!","BaseMod","Better Altar","Better Match","Better Note","Better Sensory Stone","Better Skull","Better Third Choice","BetterRewards","Colored Powertips","Conspire","Custom Start","Energized Spire","Hallownest","Hubris","Infinite Spire","Lobotomy","LobotomyExtend","Minty Spire (QoL Compilation)","Rare Cards Sparkle","Relic Stats","Remilia£®¿Ÿ√◊¿Ú—«£©","Replay The Spire","StSLib","The Construct","The Runesmith","Youmu£®ªÍ∆«—˝√Œ£©","vexMod","°æ“≈ŒÔø®≈∆°øREMEMod"],"gold_per_floor":[74,74,74,86,119,146,146,146,146,71,71,82,12,12,12,108,108,120,120,140,65,65,65,65,79,79,92,92,104,134,144,144,241,241,241,241,252,271,18,18,35,35,35,35,35,35,62,82,82,82,82,82,82,28,57,57],"floor_reached":57,"language":"ZHS","playtime":2753,"items_purged":["Strike_YM","Strike_YM"],"score":1241,"play_id":"a24d331b-61dd-4064-964d-10b6ddf3d94d","local_time":"20210115232015","is_ascension_mode":false,"campfire_choices":[{"floor":7.0,"key":"DIG"},{"floor":15.0,"key":"DIG"},{"floor":32.0,"key":"RECALL"},{"floor":42,"key":"DIG"},{"data":"Strike_YM","floor":49,"key":"PURGE"}],"circlet_count":0,"master_deck":["ParadiseLost+74","Strike_YM+1","Defend_YM+1","Defend_YM","Defend_YM","Defend_YM+1","SlashOfPresentWorld+1","WheelOfPainOfLivingAndDead","AT_KingSlayer+1","PhosphoricSlash","ThreeKonsSevenHakus","Pot Of Greed","Pot Of Greed","ThreeKonsSevenHakus","SanzenSekai","SwordExtraction","AsuraSword","SlashOfMeditation+1","ParadiseLost+74","SwordExtraction+1","CherryBlossomFlashing","CrescentMoonSlash+1","IrresoluteSoul","ThreeKonsSevenHakus+1","PreachingAvici+1","HumanGodSword+1","DispleasureOfTheSevenHakus+1","hubris:Fate","FlashingScatteredFlowers","ThoughtCuttingSword+1"],"relics":["HalfPhantom","AT_ATBox","REME_ComplimentaryCards","LetterFromLob","Hallownest:DreamNailRelic","Replay:Multitool","Grinning Jar","infinitespire:PuzzleCube","hubris:TinFlute","conspire:DeflatedDodgeball","Hallownest:StagBellRelic1","infinitespire:Beetle Shell","construct:ClawGrip","TungstenRod","ReplayFunnel","hubris:TenFootPole","conspire:RoyalGoblet","PreservedInsect","Bag of Marbles","REME_HandOfSuture","Roukanken","Whetstone","Hallownest:BeastSealRelic","HornCleat","ReplayTheSpireMod:Lightbulb","Simple Rune"],"acts_visited":["Exordium","TheCity","TheCity","TheEnding"],"potions_floor_usage":[37,50,50,55],"damage_taken":[{"damage":0.0,"enemies":"Hallownest:monsterHuskGuard","floor":1.0,"turns":1.0},{"damage":10.0,"enemies":"2_ Uuma","floor":4.0,"turns":4.0},{"damage":0.0,"enemies":"conspire:MimicChest","floor":5.0,"turns":1.0},{"damage":3.0,"enemies":"Hallownest:eliteCrystalGuardian","floor":6.0,"turns":3.0},{"damage":0.0,"enemies":"Hallownest:2_MossCreeps","floor":12.0,"turns":4.0},{"damage":6.0,"enemies":"Hallownest:BossBrokenVessel","floor":16.0,"turns":3.0},{"damage":6.0,"enemies":"3 Byrds","floor":18.0,"turns":5.0},{"damage":0.0,"enemies":"Chosen","floor":20.0,"turns":2.0},{"damage":5.0,"enemies":"Snake Plant","floor":25.0,"turns":2.0},{"damage":0.0,"enemies":"Centurion and Healer","floor":27.0,"turns":2.0},{"damage":0.0,"enemies":"Snecko","floor":29.0,"turns":2.0},{"damage":0.0,"enemies":"REME_1_Revenger","floor":30.0,"turns":1.0},{"damage":0.0,"enemies":"Chosen and Byrds","floor":31.0,"turns":3.0},{"damage":15.0,"enemies":"Automaton","floor":33.0,"turns":5.0},{"damage":32,"enemies":"Hallownest:3_Siblings","floor":37,"turns":5},{"damage":6,"enemies":"Hallownest:2_Littles","floor":38,"turns":4},{"damage":0,"enemies":"Hallownest:Slobbering_and_Violent","floor":41,"turns":4},{"damage":0,"enemies":"Hallownest:2_Great","floor":48,"turns":3},{"damage":6,"enemies":"Hallownest:Radiance","floor":50,"turns":6},{"damage":11,"enemies":"Shield and Spear","floor":55,"turns":3},{"damage":58,"enemies":"The Heart","floor":56,"turns":5}],"seed_played":"-4272145365856556211","potions_obtained":[{"floor":4.0,"key":"EntropicBrew"},{"floor":5.0,"key":"ColorlessPotion"},{"floor":25.0,"key":"BlessingOfTheForge"},{"floor":41,"key":"Milkshake"}],"is_trial":false,"path_per_floor":["M","?","$","M","?","E","R","?","T","?","?","M","R","T","R","B",null,"M","?","M","$","?","$","R","M","T","M","R","M","E","M","R","B",null,"M","?","M","M","$","R","M","R","T","?","?","T","T","M","R","B",null,null,"R","$","E","B",null],"character_chosen":"YOUMU","items_purchased":["REME_HandOfSuture","FlashingScatteredFlowers"],"campfire_rested":0,"item_purchase_floors":[39,54],"current_hp_per_floor":[75,75,75,65,65,62,62,62,62,62,53,53,53,53,53,47,75,73,73,73,73,73,73,75,70,70,70,56,56,56,56,56,41,75,75,60,28,22,22,44,44,44,44,44,44,44,44,44,44,38,38,75,67,67,67,24],"gold":57,"neow_bonus":"RANDOM_EVENT","is_daily":false,"chose_seed":false,"campfire_upgraded":0,"win_rate":0.0,"timestamp":1610781615,"path_taken":["M","?","$","?","?","E","R","?","T","?","?","M","R","?","R","BOSS","M","?","M","$","?","?","R","?","T","M","R","M","E","M","R","BOSS","M","?","?","M","$","R","M","R","T","?","?","?","?","?","R","BOSS","R","$","E","BOSS"],"items_purchased_type":["Relic","Card"],"build_version":"2020-12-22","purchased_purges":2,"victory":true,"max_hp_per_floor":[75,75,75,75,75,75,75,75,75,75,75,75,75,75,75,75,75,75,75,75,75,75,75,75,75,75,75,75,75,75,75,75,75,75,75,75,75,75,75,75,75,75,75,75,75,75,75,75,75,75,75,75,75,75,75,75],"relic_stats":{"counters":[21,68],"PreservedInsect":68,"Whetstone":["Strike_YM","SlashOfPresentWorld"],"obtain_stats":[{"ReplayFunnel":28,"Hallownest:StagBellRelic1":13,"AT_ATBox":0,"conspire:RoyalGoblet":34,"HalfPhantom":0,"Hallownest:DreamNailRelic":2,"Replay:Multitool":5,"Whetstone":43,"HornCleat":46,"Roukanken":42,"hubris:TinFlute":8,"Hallownest:BeastSealRelic":45,"construct:ClawGrip":17,"infinitespire:Beetle Shell":15,"PreservedInsect":36,"Simple Rune":55,"REME_HandOfSuture":39,"LetterFromLob":1,"hubris:TenFootPole":30,"Bag of Marbles":36,"Grinning Jar":6,"conspire:DeflatedDodgeball":9,"ReplayTheSpireMod:Lightbulb":47,"infinitespire:PuzzleCube":7,"TungstenRod":26,"REME_ComplimentaryCards":0},{"ReplayFunnel":10,"Hallownest:StagBellRelic1":5,"AT_ATBox":0,"conspire:RoyalGoblet":14,"HalfPhantom":0,"Hallownest:DreamNailRelic":1,"Replay:Multitool":3,"Whetstone":17,"HornCleat":17,"Roukanken":17,"hubris:TinFlute":4,"Hallownest:BeastSealRelic":17,"construct:ClawGrip":6,"infinitespire:Beetle Shell":5,"PreservedInsect":14,"Simple Rune":20,"REME_HandOfSuture":16,"LetterFromLob":1,"hubris:TenFootPole":12,"Bag of Marbles":14,"Grinning Jar":4,"conspire:DeflatedDodgeball":4,"ReplayTheSpireMod:Lightbulb":17,"infinitespire:PuzzleCube":4,"TungstenRod":9,"REME_ComplimentaryCards":0},{"ReplayFunnel":27,"Hallownest:StagBellRelic1":13,"AT_ATBox":0,"conspire:RoyalGoblet":38,"HalfPhantom":0,"Hallownest:DreamNailRelic":1,"Replay:Multitool":6,"Whetstone":51,"HornCleat":51,"Roukanken":51,"hubris:TinFlute":9,"Hallownest:BeastSealRelic":51,"construct:ClawGrip":16,"infinitespire:Beetle Shell":13,"PreservedInsect":38,"Simple Rune":63,"REME_HandOfSuture":47,"LetterFromLob":1,"hubris:TenFootPole":30,"Bag of Marbles":38,"Grinning Jar":9,"conspire:DeflatedDodgeball":9,"ReplayTheSpireMod:Lightbulb":51,"infinitespire:PuzzleCube":9,"TungstenRod":25,"REME_ComplimentaryCards":0}],"TungstenRod":38},"card_choices":[{"not_picked":["HellGodSword","FlashingScatteredFlowers","SwordExtraction"],"picked":"SKIP","floor":1.0},{"not_picked":["RapidSlash","TenKingsRetributionOnThePreta"],"picked":"PhosphoricSlash","floor":4.0},{"not_picked":["SwordOfBindingDesires","FiveSignsOfTheDyingDeva"],"picked":"ThreeKonsSevenHakus","floor":5.0},{"not_picked":["TwoHundredYojanaInOneSlash","DispleasureOfTheSevenHakus"],"picked":"ThreeKonsSevenHakus","floor":6.0},{"not_picked":["ObsessionWithThePresentWorld","FlashingScatteredFlowers"],"picked":"SanzenSekai","floor":8.0},{"not_picked":["ReincarnationSword","FlashingScatteredFlowers"],"picked":"SwordExtraction","floor":8.0},{"not_picked":["LowerRealmReflectionSlash","SlashOfMeditation","ThoughtCuttingSword"],"picked":"SKIP","floor":12.0},{"not_picked":["SlashOfTheEternalFuture","FastingOfTheYoungPreta"],"picked":"AsuraSword","floor":16.0},{"not_picked":["LowerRealmReflectionSlash","HumanKnowledgeSword+1","TenKingsRetributionOnThePreta"],"picked":"SKIP","floor":18.0},{"not_picked":["LightFlashOfTheNetherworld","SpiritCuttingSword"],"picked":"SlashOfMeditation+1","floor":20.0},{"not_picked":["ConstancyOfTheConventionalTruth","HesitationCuttingSword+1"],"picked":"SwordExtraction+1","floor":25.0},{"not_picked":["SpiritMediumsBind+1","DispleasureOfTheSevenHakus","SpiritCuttingSword"],"picked":"SKIP","floor":27.0},{"not_picked":["SpiritMediumsBind+1","DispleasureOfTheSevenHakus","SpiritCuttingSword"],"picked":"SKIP","floor":27.0},{"not_picked":["SwordOfBindingDesires","TwoHundredYojanaInOneSlash"],"picked":"CherryBlossomFlashing","floor":29.0},{"not_picked":["SpiritMediumsBind+1","BizarrenessOfSixRealms"],"picked":"CrescentMoonSlash+1","floor":30.0},{"not_picked":["RapidSlash","EchoesOfTheInclemencyOfAllBeings","SlashOfAscensionToBuddhahood"],"picked":"SKIP","floor":31.0},{"not_picked":["WickedSoul","DeadlyForm"],"picked":"IrresoluteSoul","floor":33.0},{"not_picked":["SwordExtraction","FlashingScatteredFlowers"],"picked":"ThreeKonsSevenHakus+1","floor":37},{"not_picked":["ConstancyOfTheConventionalTruth+1","ThreeKonsSevenHakus+1"],"picked":"PreachingAvici+1","floor":38},{"not_picked":["CrescentMoonSlash+1","KarmicPunishmentOfTheIdleAndUnfocused+1"],"picked":"HumanGodSword+1","floor":41},{"not_picked":["SwordExtraction+1","SpiritCuttingSword"],"picked":"DispleasureOfTheSevenHakus+1","floor":48},{"not_picked":["infinitespire:Menacing","infinitespire:Oblivion"],"picked":"hubris:Fate","floor":53},{"not_picked":["CelestialStarSword","TenKingsRetributionOnThePreta+1"],"picked":"ThoughtCuttingSword+1","floor":55}],"player_experience":101867,"relics_obtained":[{"floor":1.0,"key":"LetterFromLob"},{"floor":5.0,"key":"Replay:Multitool"},{"floor":6.0,"key":"Grinning Jar"},{"floor":7.0,"key":"infinitespire:PuzzleCube"},{"floor":8.0,"key":"hubris:TinFlute"},{"floor":9.0,"key":"conspire:DeflatedDodgeball"},{"floor":15.0,"key":"infinitespire:Beetle Shell"},{"floor":26.0,"key":"TungstenRod"},{"floor":30.0,"key":"hubris:TenFootPole"},{"floor":42,"key":"Roukanken"},{"floor":43,"key":"Whetstone"},{"floor":46,"key":"HornCleat"},{"floor":47,"key":"ReplayTheSpireMod:Lightbulb"},{"floor":55,"key":"Simple Rune"}],"event_choices":[{"damage_healed":0.0,"max_hp_gain":0.0,"max_hp_loss":0.0,"gold_gain":0.0,"event_name":"betterMatch:BetterMatch","player_choice":"2","floor":10.0,"gold_loss":0.0,"damage_taken":0.0,"cards_obtained":[]},{"damage_healed":0.0,"max_hp_gain":0.0,"max_hp_loss":0.0,"gold_gain":0.0,"event_name":"betterSkull:BetterSkull","player_choice":"RE ","floor":28.0,"gold_loss":0.0,"damage_taken":18.0,"cards_upgraded":[],"relics_obtained":["ReplayFunnel"]},{"damage_healed":0.0,"max_hp_gain":0.0,"max_hp_loss":0.0,"gold_gain":0.0,"event_name":"betterSkull:BetterSkull","player_choice":"RE RE ","floor":36.0,"gold_loss":0.0,"damage_taken":39.0,"cards_upgraded":[],"relics_obtained":["PreservedInsect","Bag of Marbles"]}],"is_beta":false,"boss_relics":[{"not_picked":["REME_DemonsWealth","hubris:Stopwatch"],"picked":"construct:ClawGrip"},{"not_picked":["Replay:Wanted Poster","Sozu"],"picked":"conspire:RoyalGoblet"}],"items_purged_floors":[21,39],"is_endless":false,"potions_floor_spawned":[1,4,5,25,27,30,31,41],"ascension_level":0}}