{"host":"1hzg86ju9fvxh562","time":1610835665,"event":{"mods":["AchievementEnabler","Act Like it!","AlwaysNeverKeys","BaseMod","Bestiary","Better Altar","Better Match","Better Note","Better Sensory Stone","Better Skull","Better Third Choice","Colored Map","Colored Powertips","Curses Come First","Displayed Cursed Tome","Filter the Spire","Highlight Path","Keyboard Shortcuts","Minty Spire (QoL Compilation)","Rare Cards Sparkle","Relic Sorter","Relic Stats","ShortenTheSpire","Spicy Shops","StSLib","SuperFastMode","everything is the same but u backflip on backflip","slay the spire mod where everything is the same but ironclad has a cowboy hat"],"gold_per_floor":[109,120,139,150,164,164,181,181,204,204,204,154,25,41,41,145,145,164,8,26,26,26,26,57,75,149,184,184,203,203,217,217,318,318,337,363,363,382,400,400,417,437,437,437,449,449,45,64,64,64],"floor_reached":51,"language":"ENG","playtime":1194,"items_purged":["Strike_R","Strike_R"],"score":763,"play_id":"d816ecbb-6445-4457-a834-c6676d09377f","local_time":"20210116202105","is_ascension_mode":false,"campfire_choices":[{"data":"Searing Blow+1","floor":6,"key":"SMITH"},{"data":"Searing Blow+2","floor":8,"key":"SMITH"},{"data":"Searing Blow+4","floor":10,"key":"SMITH"},{"data":"Searing Blow+5","floor":15,"key":"SMITH"},{"data":"Searing Blow+6","floor":23,"key":"SMITH"},{"data":"Searing Blow+7","floor":30,"key":"SMITH"},{"data":"Offering","floor":32,"key":"SMITH"},{"data":"Whirlwind","floor":40,"key":"SMITH"},{"floor":44,"key":"REST"},{"floor":49,"key":"REST"}],"circlet_count":0,"master_deck":["Strike_R+1","Defend_R","Defend_R","Bash","Clash+1","Searing Blow+8","Bloodletting","Seeing Red","Cleave","Iron Wave","Armaments","Offering+1","Headbutt+1","Armaments+1","Whirlwind+1","Battle Trance+1","Headbutt+1","Searing Blow+8"],"relics":["Astrolabe","Whetstone","Bag of Preparation","Cursed Key","Bag of Marbles","Red Mask","Meat on the Bone","Lantern","Oddly Smooth Stone","Snecko Eye","Toy Ornithopter","Akabeko","DollysMirror","Anchor"],"acts_visited":["Exordium","TheCity","TheBeyond"],"potions_floor_usage":[29,50],"damage_taken":[{"damage":12,"enemies":"Jaw Worm","floor":1,"turns":2},{"damage":4,"enemies":"Small Slimes","floor":2,"turns":2},{"damage":3,"enemies":"Cultist","floor":3,"turns":2},{"damage":21,"enemies":"2 Fungi Beasts","floor":4,"turns":3},{"damage":12,"enemies":"Looter","floor":5,"turns":2},{"damage":11,"enemies":"Red Slaver","floor":7,"turns":2},{"damage":0,"enemies":"Blue Slaver","floor":14,"turns":1},{"damage":0,"enemies":"Slime Boss","floor":16,"turns":3},{"damage":5,"enemies":"3 Byrds","floor":18,"turns":3},{"damage":5,"enemies":"2 Thieves","floor":20,"turns":3},{"damage":14,"enemies":"Masked Bandits","floor":24,"turns":3},{"damage":10,"enemies":"Centurion and Healer","floor":25,"turns":2},{"damage":6,"enemies":"Gremlin Leader","floor":27,"turns":2},{"damage":0,"enemies":"Snake Plant","floor":29,"turns":2},{"damage":0,"enemies":"Sentry and Sphere","floor":31,"turns":2},{"damage":20,"enemies":"Automaton","floor":33,"turns":3},{"damage":6,"enemies":"3 Darklings","floor":35,"turns":3},{"damage":11,"enemies":"3 Shapes","floor":38,"turns":4},{"damage":3,"enemies":"Writhing Mass","floor":39,"turns":2},{"damage":9,"enemies":"3 Darklings","floor":41,"turns":1},{"damage":37,"enemies":"4 Shapes","floor":42,"turns":2},{"damage":31,"enemies":"Maw","floor":45,"turns":3},{"damage":6,"enemies":"Writhing Mass","floor":48,"turns":1},{"damage":25,"enemies":"Time Eater","floor":50,"turns":3}],"seed_played":"-5315570782862855443","potions_obtained":[{"floor":3,"key":"BloodPotion"},{"floor":4,"key":"FearPotion"},{"floor":5,"key":"ElixirPotion"},{"floor":16,"key":"Ancient Potion"},{"floor":20,"key":"BlessingOfTheForge"},{"floor":29,"key":"DistilledChaos"},{"floor":37,"key":"GamblersBrew"},{"floor":48,"key":"Swift Potion"}],"is_trial":false,"path_per_floor":["M","M","M","M","M","R","M","R","T","R","?","?","$","M","R","B",null,"M","$","M","?","$","R","?","M","T","E","?","M","R","M","R","B",null,"M","T","?","M","M","R","M","M","T","R","M","?","$","M","R","B",null],"character_chosen":"IRONCLAD","items_purchased":["Armaments","Bag of Marbles","DollysMirror","Anchor"],"campfire_rested":2,"item_purchase_floors":[13,19,47,47],"current_hp_per_floor":[68,64,61,40,28,28,17,17,17,17,17,17,17,17,17,17,80,75,75,70,70,70,70,56,46,46,52,52,68,68,68,68,48,80,74,74,74,63,60,60,51,26,26,50,31,31,31,37,60,40],"gold":64,"neow_bonus":"BOSS_RELIC","is_daily":false,"chose_seed":false,"campfire_upgraded":8,"win_rate":0.0,"timestamp":1610835665,"path_taken":["M","M","M","M","M","R","M","R","T","R","?","?","$","M","R","BOSS","M","$","M","?","$","R","?","M","T","E","?","M","R","M","R","BOSS","M","?","?","M","M","R","?","M","T","R","M","?","?","M","R","BOSS"],"items_purchased_type":["Card","Relic","Relic","Relic"],"build_version":"2020-12-22","purchased_purges":2,"victory":true,"max_hp_per_floor":[80,80,80,80,80,80,80,80,80,80,80,80,80,80,80,80,80,80,80,80,80,80,80,80,80,80,80,80,80,80,80,80,80,80,80,80,80,80,80,80,80,80,80,80,80,77,77,77,77,77],"relic_stats":{"counters":[24,56],"Astrolabe":["Clash","Combust","Searing Blow"],"Snecko Eye":[37,41,43,30],"Bag of Preparation":[36],"Whetstone":["Searing Blow","Strike_R"],"Cursed Key":3,"obtain_stats":[{"Lantern":27,"Astrolabe":0,"Oddly Smooth Stone":28,"Bag of Preparation":11,"Whetstone":9,"Cursed Key":17,"Burning Blood":0,"Akabeko":43,"Anchor":47,"DollysMirror":47,"Snecko Eye":34,"Bag of Marbles":19,"Red Mask":24,"Toy Ornithopter":36,"Meat on the Bone":26},{"Lantern":13,"Astrolabe":0,"Oddly Smooth Stone":13,"Bag of Preparation":6,"Whetstone":6,"Cursed Key":8,"Burning Blood":0,"Akabeko":21,"Anchor":22,"DollysMirror":22,"Snecko Eye":16,"Bag of Marbles":9,"Red Mask":11,"Toy Ornithopter":17,"Meat on the Bone":12},{"Lantern":30,"Astrolabe":0,"Oddly Smooth Stone":30,"Bag of Preparation":13,"Whetstone":13,"Cursed Key":17,"Burning Blood":0,"Akabeko":49,"Anchor":52,"DollysMirror":52,"Snecko Eye":37,"Bag of Marbles":20,"Red Mask":26,"Toy Ornithopter":40,"Meat on the Bone":28}],"Toy Ornithopter":5,"Meat on the Bone":48},"card_choices":[{"not_picked":["Iron Wave","Entrench"],"picked":"Bloodletting","floor":1},{"not_picked":["Second Wind","Uppercut","Sword Boomerang"],"picked":"SKIP","floor":2},{"not_picked":["Anger","Heavy Blade"],"picked":"Seeing Red","floor":3},{"not_picked":["Clash","Perfected Strike"],"picked":"Cleave","floor":4},{"not_picked":["Armaments","Pommel Strike","Wild Strike"],"picked":"SKIP","floor":5},{"not_picked":["Feed","Whirlwind"],"picked":"Iron Wave","floor":7},{"not_picked":["Wild Strike","Sword Boomerang","Rupture"],"picked":"SKIP","floor":14},{"not_picked":["Shockwave","Heavy Blade","Wild Strike"],"picked":"SKIP","floor":18},{"not_picked":["Power Through","Sentinel+1","Shrug It Off"],"picked":"SKIP","floor":20},{"not_picked":["Body Slam+1","Entrench+1"],"picked":"Headbutt+1","floor":24},{"not_picked":["Flex+1","Fiend Fire","Uppercut"],"picked":"SKIP","floor":25},{"not_picked":["Pommel Strike","Sword Boomerang","Perfected Strike"],"picked":"SKIP","floor":27},{"not_picked":["Warcry","Pommel Strike"],"picked":"Armaments+1","floor":29},{"not_picked":["Searing Blow","Twin Strike","Disarm"],"picked":"SKIP","floor":31},{"not_picked":["Flex+1","Feel No Pain+1","Iron Wave+1"],"picked":"SKIP","floor":35},{"not_picked":["Clothesline","Cleave"],"picked":"Whirlwind","floor":38},{"not_picked":["Power Through+1","Dual Wield+1","Ghostly Armor+1"],"picked":"SKIP","floor":39},{"not_picked":["Power Through+1","Clothesline"],"picked":"Battle Trance+1","floor":41},{"not_picked":["Evolve","Thunderclap+1","Warcry"],"picked":"SKIP","floor":42},{"not_picked":["Intimidate","Evolve"],"picked":"Headbutt+1","floor":45},{"not_picked":["Anger","Havoc+1","Flex+1"],"picked":"SKIP","floor":48}],"player_experience":471906,"relics_obtained":[{"floor":9,"key":"Whetstone"},{"floor":24,"key":"Red Mask"},{"floor":26,"key":"Meat on the Bone"},{"floor":27,"key":"Lantern"},{"floor":36,"key":"Toy Ornithopter"},{"floor":43,"key":"Akabeko"}],"event_choices":[{"damage_healed":0,"gold_gain":0,"player_choice":"Searched \u00272\u0027 times","damage_taken":0,"relics_obtained":["Bag of Preparation"],"max_hp_gain":0,"max_hp_loss":0,"event_name":"Dead Adventurer","floor":11,"gold_loss":0},{"cards_removed":["Strike_R"],"damage_healed":0,"gold_gain":0,"player_choice":"Card Removal","damage_taken":0,"max_hp_gain":0,"max_hp_loss":0,"event_name":"The Cleric","floor":12,"gold_loss":50},{"cards_removed":["Searing Blow"],"damage_healed":0,"gold_gain":0,"player_choice":"Take \u0026 Give","damage_taken":0,"max_hp_gain":0,"max_hp_loss":0,"event_name":"betterNote:BetterNote","floor":21,"gold_loss":0,"cards_obtained":["Offering"]},{"damage_healed":0,"gold_gain":0,"player_choice":"Fought Bandits","damage_taken":0,"max_hp_gain":0,"max_hp_loss":0,"event_name":"Masked Bandits","floor":24,"gold_loss":0},{"cards_removed":["Combust"],"damage_healed":0,"gold_gain":0,"player_choice":"Gave Card","damage_taken":0,"relics_obtained":["Oddly Smooth Stone"],"max_hp_gain":0,"max_hp_loss":0,"event_name":"WeMeetAgain","floor":28,"gold_loss":0},{"damage_healed":0,"gold_gain":0,"player_choice":"Got Potions","damage_taken":0,"max_hp_gain":0,"max_hp_loss":0,"event_name":"Lab","floor":37,"gold_loss":0},{"cards_removed":["Injury","Injury","Parasite"],"damage_healed":0,"gold_gain":0,"player_choice":"Removed Curses","damage_taken":0,"max_hp_gain":0,"max_hp_loss":0,"event_name":"Fountain of Cleansing","floor":46,"gold_loss":0}],"is_beta":false,"boss_relics":[{"not_picked":["Busted Crown","Ectoplasm"],"picked":"Cursed Key"},{"not_picked":["Empty Cage","Sozu"],"picked":"Snecko Eye"}],"items_purged_floors":[13,47],"is_endless":false,"potions_floor_spawned":[3,4,5,16,20,24,29,35,42,45,48],"ascension_level":0}}