{"host":"6azrrw3tf7wb0f4b","time":1610807850,"event":{"mods":["BaseMod","DeckTracker","Minty Spire (QoL Compilation)","SuperFastMode"],"gold_per_floor":[114,114,289,303,64,64,64,89,112,130,53,53,53,65,65,65,65],"floor_reached":16,"language":"KOR","playtime":320,"items_purged":["Doubt"],"score":157,"play_id":"0151eee0-218d-459c-9ed7-9232e09b28c3","local_time":"20210116233730","is_ascension_mode":true,"campfire_choices":[{"data":"Noxious Fumes","floor":7,"key":"SMITH"},{"floor":13,"key":"REST"},{"data":"Glass Knife","floor":15,"key":"SMITH"}],"circlet_count":0,"master_deck":["AscendersBane","Strike_G","Strike_G","Strike_G","Strike_G","Defend_G","Defend_G","Defend_G","Defend_G","Defend_G","Survivor","Neutralize","Storm of Steel","Noxious Fumes+1","Doubt","Dash","Glass Knife+1","Deflect","Reflex","Dagger Spray","Footwork","Backflip"],"relics":["Ring of the Snake","PreservedInsect","Omamori","FaceOfCleric"],"acts_visited":["Exordium"],"potions_floor_usage":[10,16,16],"damage_taken":[{"damage":10,"enemies":"2 Louse","floor":1,"turns":3},{"damage":10,"enemies":"Small Slimes","floor":4,"turns":5},{"damage":33,"enemies":"Lagavulin","floor":8,"turns":8},{"damage":1,"enemies":"Jaw Worm","floor":10,"turns":3},{"damage":0,"enemies":"2 Fungi Beasts","floor":14,"turns":4},{"damage":43,"enemies":"Slime Boss","floor":16,"turns":5}],"seed_played":"-2834212639095736183","potions_obtained":[{"floor":1,"key":"GhostInAJar"},{"floor":8,"key":"Poison Potion"},{"floor":10,"key":"Poison Potion"},{"floor":14,"key":"DuplicationPotion"}],"is_trial":false,"path_per_floor":["M","?","?","M","$","?","R","E","T","M","$","?","R","M","R","B"],"character_chosen":"THE_SILENT","items_purchased":["Glass Knife","Footwork"],"campfire_rested":1,"item_purchase_floors":[5,11],"current_hp_per_floor":[53,58,58,48,48,48,48,15,15,14,14,14,36,37,37,0,0],"gold":65,"neow_bonus":"THREE_RARE_CARDS","is_daily":false,"chose_seed":false,"campfire_upgraded":2,"win_rate":0.0,"timestamp":1610807850,"path_taken":["M","?","?","M","?","?","R","E","T","M","$","?","R","M","R","BOSS"],"items_purchased_type":["Card","Card"],"build_version":"2020-12-22","purchased_purges":1,"victory":false,"max_hp_per_floor":[70,75,75,75,75,75,75,75,75,75,75,75,75,76,76,76,76],"card_choices":[{"not_picked":["Tools of the Trade","After Image"],"picked":"Storm of Steel","floor":0},{"not_picked":["Underhanded Strike","Setup"],"picked":"Noxious Fumes","floor":1},{"not_picked":["Underhanded Strike","Flying Knee"],"picked":"Dash","floor":4},{"not_picked":["Skewer","Finisher"],"picked":"Reflex","floor":8},{"not_picked":["Reflex","Infinite Blades"],"picked":"Dagger Spray","floor":10},{"not_picked":["Slice","Escape Plan"],"picked":"Backflip","floor":14}],"player_experience":723741,"relics_obtained":[{"floor":8,"key":"PreservedInsect"},{"floor":9,"key":"Omamori"}],"event_choices":[{"damage_healed":0,"gold_gain":0,"player_choice":"Donut","damage_taken":0,"max_hp_gain":5,"max_hp_loss":0,"event_name":"Big Fish","floor":2,"gold_loss":0},{"damage_healed":0,"gold_gain":175,"player_choice":"AGREE","damage_taken":0,"max_hp_gain":0,"max_hp_loss":0,"event_name":"Liars Game","floor":3,"gold_loss":0,"cards_obtained":["Doubt"]},{"damage_healed":0,"gold_gain":0,"cards_transformed":["Strike_G"],"player_choice":"Change","damage_taken":0,"max_hp_gain":0,"max_hp_loss":0,"event_name":"Living Wall","floor":6,"gold_loss":0,"cards_obtained":["Deflect"]},{"damage_healed":0,"gold_gain":0,"player_choice":"Trade","damage_taken":0,"relics_obtained":["FaceOfCleric"],"max_hp_gain":0,"max_hp_loss":0,"event_name":"FaceTrader","floor":12,"gold_loss":0}],"is_beta":false,"boss_relics":[],"items_purged_floors":[5],"is_endless":false,"potions_floor_spawned":[1,8,10,14],"killed_by":"Slime Boss","ascension_level":12}}