{"host":"njruw0b0uprlitpx","time":1610829210,"event":{"mods":["2.2 Compatiblity","Astrologer","Bartender","BaseMod","Better Altar","Better Match","Better Note","Better Sensory Stone","Better Skull","Better Third Choice","BetterRewards","Block Reminder","Colored Map","Colored Powertips","Energized Spire","Jedi Mod","Keyboard Shortcuts","Minty Spire (QoL Compilation)","Quick Restart","Rare Cards Sparkle","Relic Stats","Replay The Spire","SacredBarkPlus","Spicy Shops","StSLib","SuperFastMode","The Blackbeard","The Construct","The Dragon Tamer","The Forsaken","The Marked","The Mystic","The Necromancer","Wandering Minibosses"],"gold_per_floor":[116,116,41,41,60,90,90,123,123,123,142,168,185,199,199,298,298,309,309,309,327,327,327,342,357,357,357,370,398,398,61,61,158,158,158],"floor_reached":34,"language":"ENG","playtime":3454,"items_purged":["Defend_W","Voices","Pain"],"score":565,"play_id":"5d11add9-8f15-4308-821a-a9efe06c7578","local_time":"20210116143330","is_ascension_mode":false,"campfire_choices":[{"data":"Blood_Is_Power","floor":7,"key":"SMITH"},{"data":"Death_March_Dance","floor":7,"key":"SMITH"},{"data":"Bone_Prison","floor":10,"key":"SMITH"},{"data":"Life_Tap","floor":10,"key":"SMITH"},{"floor":15,"key":"REST"},{"data":"Requiem","floor":23,"key":"SMITH"},{"data":"Summon_Death_Knight","floor":23,"key":"SMITH"},{"floor":27,"key":"REST"},{"floor":30,"key":"REST"},{"floor":32,"key":"REST"}],"circlet_count":0,"master_deck":["Strike_W","Strike_W","Defend_W","Defend_W","Negative_Energy_Arrows","Bone_Wall","Necrotic_Claws","Spectral_Armor","Life_Tap+1","Blood_Is_Power+1","Exploit","Negative_Energy_Burst","Death_March_Dance+1","Bone_Prison+1","Vampiric_Strike","Summon_Death_Knight+1","Stop_Heart","Death_Knell","Requiem+1","Cloudkill","Grasp_Heart","Pandemic","Apotheosis+1","Shackles_Of_Pain","Looming Evil","Consume_Illness","Life_Drain","Vampiric_Strike","Skeleton_Dragon","Strike_from_Beyond","Corrupt","Blood_Magic"],"relics":["Vampire_Amulet","Replay:Kaleidoscope","Frozen Eye","White_Cape","Ring of Panic","Cauldron","Replay:Arrowhead","jedi:cryingmask","Mummified Hand","White Beast Statue","Empty Cage","Cursed Key","WarpedTongs","Shuriken","Kunai","Ornamental Fan","Black Star"],"acts_visited":["Exordium","TheCity","TheBeyond"],"potions_floor_usage":[6,8,12,16,16,33,33,33],"damage_taken":[{"damage":5,"enemies":"2 Louse","floor":1,"turns":3},{"damage":0,"enemies":"Jaw Worm","floor":5,"turns":2},{"damage":14,"enemies":"Lagavulin","floor":6,"turns":5},{"damage":22,"enemies":"3 Sentries","floor":8,"turns":5},{"damage":9,"enemies":"Small Slimes","floor":11,"turns":3},{"damage":2,"enemies":"Lagavulin","floor":12,"turns":4},{"damage":1,"enemies":"Red Slaver","floor":13,"turns":3},{"damage":9,"enemies":"Looter","floor":14,"turns":3},{"damage":40,"enemies":"The Guardian","floor":16,"turns":6},{"damage":2,"enemies":"Spheric Guardian","floor":18,"turns":4},{"damage":9,"enemies":"Chosen","floor":21,"turns":4},{"damage":16,"enemies":"Centurion and Healer","floor":24,"turns":5},{"damage":19,"enemies":"Cultist and Chosen","floor":25,"turns":4},{"damage":9,"enemies":"3 Cultists","floor":28,"turns":4},{"damage":41,"enemies":"Book of Stabbing","floor":29,"turns":5},{"damage":2,"enemies":"Collector","floor":33,"turns":5}],"seed_played":"650348965679337548","potions_obtained":[{"floor":3,"key":"EntropicBrew"},{"floor":3,"key":"jedi:hoardpotion"},{"floor":3,"key":"DistilledChaos"},{"floor":6,"key":"Toxic Potion"},{"floor":8,"key":"Reflective Coating"},{"floor":13,"key":"SteroidPotion"},{"floor":16,"key":"LiquidBronze"},{"floor":18,"key":"LiquidMemories"},{"floor":28,"key":"Fire Potion"}],"is_trial":false,"path_per_floor":["M","?","$","?","M","E","R","E","T","R","M","E","M","M","R","B",null,"M","?","?","M","T","R","M","M","T","R","M","E","R","$","R","B",null],"character_chosen":"NECROMANCER","items_purchased":["Necrotic_Claws","Spectral_Armor","Life_Tap","Frozen Eye","White_Cape","Blood_Is_Power","Exploit","Cauldron","Strike_from_Beyond","Corrupt"],"campfire_rested":4,"item_purchase_floors":[0,0,0,0,0,0,0,3,31,31],"current_hp_per_floor":[74,74,74,67,69,57,57,41,41,41,36,36,37,32,54,19,75,75,75,75,68,68,68,59,44,44,66,63,35,57,57,75,75,75,75],"gold":158,"neow_bonus":"","is_daily":false,"chose_seed":false,"campfire_upgraded":6,"win_rate":0.0,"timestamp":1610829210,"path_taken":["M","?","$","?","M","E","R","E","T","R","M","E","M","M","R","BOSS","M","?","?","M","?","R","?","M","T","R","M","E","R","$","R","BOSS"],"items_purchased_type":["Card","Card","Card","Relic","Relic","Card","Card","Relic","Card","Card"],"build_version":"2020-12-22","purchased_purges":3,"victory":false,"max_hp_per_floor":[75,75,75,75,75,75,75,75,75,75,75,75,75,75,75,75,75,75,75,75,75,75,75,75,75,75,75,75,75,75,75,75,75,75,75],"relic_stats":{"counters":[239,794],"Mummified Hand":[19],"Shuriken":[5],"Ornamental Fan":[4],"Black Star":0,"Kunai":[4],"Cursed Key":5,"obtain_stats":[{"Golden Egg":5,"jedi:zontanonomicon":29,"Spirit Poop":36,"Whetstone":12,"Ginger":0,"Bottled Tornado":9,"Sling":0,"Boot":26,"Ring of Searing":4,"Old Coin":31,"jedi:shrinkray":5,"Blood Vial":7,"Replay:Ringing Soul":16,"theForsaken:HumbleEgg":25,"jedi:firstaidkit":27,"Sundial":14,"Ribbon":0,"Fusion Hammer":36,"HandDrill":40,"Kunai":26,"Replay:Wax Seal":26,"Replay:Bottled Steam":19,"Pear":19,"Counterbalance":2,"Blue Candle":48,"Velvet Choker":17,"Eternal Feather":26,"Akabeko":28,"Runic Dome":34,"Bird Faced Urn":46,"Snecko Eye":17,"Tintinnabulum":9,"Kintsugi":17,"StrikeDummy":50,"Unceasing Top":39,"Abe\u0027s Treasure":34,"Lantern":2,"Torii":0,"Singing Bowl":22,"Painkiller Herb":17,"Blue Doll":21,"Bag of Preparation":39,"Replay:Multitool":41,"jedi:archwizardhat":10,"Cursed Key":36,"Power_Wrist":0,"Ancient Tea Set":6,"White_Cape":0,"Pet Ghost":29,"Replay:Rubber Ducky":47,"Cleaning_Rag":28,"Matryoshka":0,"Ring of Fangs":2,"Toolbox":5,"WingedGreaves":10,"energizedSpire:HugeHouse":34,"Replay:Bottled Eggs":8,"Ring of Panic":2,"InkBottle":47,"Potion Belt":14,"Lee\u0027s Waffle":47,"Golden Idol":5,"jedi:purplefairy":0,"jedi:gremlinknob":21,"Thread and Needle":0,"PreservedInsect":19,"The Courier":25,"Protect_Vest":11,"jedi:crownofsimplicity":50,"Frozen Egg 2":40,"energizedSpire:SpiderWeb":17,"energizedSpire:DeadBattery":34,"Replay:Arrowhead":39,"Ornamental Fan":43,"Orrery":0,"Garlic":36,"Art of War":43,"Bottled Lightning":12,"ReplayTheSpireMod:Ring of Challenge":2,"ReplayTheSpireMod:Onyx Gauntlets":17,"wanderingMiniBosses:Inkheart":30,"Toy Ornithopter":6,"Ice Cream":38,"Divine Protection":45,"Calipers":49,"Gremlin Horn":13,"CeramicFish":11,"Vajra":12,"jedi:command_rare":21,"Centennial Puzzle":37,"DollysMirror":23,"jedi:paperlyon":19,"Strawberry":40,"Philosopher\u0027s Stone":19,"Prayer Wheel":40,"Vampire_Amulet":0,"Iron Hammer":41,"Toxic Egg 2":10,"Girya":39,"Happy Flower":39,"ReplayTheSpireMod:CursedCoin":19,"Replay:Grab Bag":19,"Choco_Feather":0,"Astrolabe":19,"Oddly Smooth Stone":45,"Replay:Kaleidoscope":2,"War Paint":33,"jedi:HeartOfTheCards":33,"WarpedTongs":19,"Du-Vu Doll":6,"jedi:heavyjacket":45,"Replay:Baseball":26,"jedi:hotpepper":17,"ReplayTheSpireMod:Shallot":26,"Shuriken":11,"Bronze Scales":26,"Simple Rune":24,"Onion Ring":29,"ReplayTheSpireMod:TigerMarble":9,"Black Star":34,"Grinning Jar":50,"Meat on the Bone":12,"Pocketwatch":0,"ReplayFunnel":26,"ReplayTheSpireMod:Ring of Exchange":0,"Mango":0,"Incense Burner":0,"Juzu Bracelet":0,"jedi:Pinwheel":9,"Replay:Mystery Machine":38,"theForsaken:Gavel":0,"PrismaticShard":11,"Empty Cage":17,"ClockworkSouvenir":0,"Frozen Eye":0,"Replay:Bandana":24,"Nunchaku":8,"Chameleon Ring":31,"Mummified Hand":0,"theForsaken:Kindling":0,"Pantograph":12,"Gambling Chip":41,"jedi:matchstick":42,"Genji_Glove":0,"jedi:cryingmask":2,"Red Mask":33,"Replay:Bottled Snecko":48,"Runic Pyramid":19,"Gremlin Food":0,"BargainBundle":39,"ReplayTheSpireMod:Ninjato":0,"Replay:Towering Pillar of Hats":0,"Guide Book":37,"Replay:WaspNest":39,"Odd Mushroom":8,"Orichalcum":28,"Medical Kit":0,"White Beast Statue":40,"Calling Bell":19,"Strange Spoon":0,"Cauldron":3,"CaptainsWheel":0,"jedi:kaleidoscope":31,"jedi:ominousloannote":39,"ChewingGum":19,"Gem_Box":36,"Membership Card":0,"Guard_Bracelet":26,"jedi:arcanewood":30,"FossilizedHelix":19,"TungstenRod":0,"ReplayTheSpireMod:ShopPack":5},{"Golden Egg":98,"jedi:zontanonomicon":11,"Spirit Poop":60,"Whetstone":141,"Ginger":174,"Bottled Tornado":47,"Sling":20,"Boot":32,"Ring of Searing":69,"Old Coin":109,"jedi:shrinkray":119,"Blood Vial":140,"Replay:Ringing Soul":4,"theForsaken:HumbleEgg":107,"jedi:firstaidkit":11,"Sundial":27,"Ribbon":95,"Fusion Hammer":13,"HandDrill":90,"Kunai":236,"Replay:Wax Seal":55,"Replay:Bottled Steam":5,"Pear":144,"Counterbalance":1,"Blue Candle":153,"Velvet Choker":28,"Eternal Feather":10,"Akabeko":11,"Runic Dome":59,"Bird Faced Urn":196,"Snecko Eye":51,"Tintinnabulum":99,"Kintsugi":51,"StrikeDummy":19,"Unceasing Top":61,"Abe\u0027s Treasure":130,"Lantern":96,"Torii":198,"Singing Bowl":208,"Painkiller Herb":76,"Blue Doll":144,"Bag of Preparation":15,"Replay:Multitool":194,"jedi:archwizardhat":72,"Cursed Key":35,"Power_Wrist":95,"Ancient Tea Set":177,"White_Cape":223,"Pet Ghost":57,"Replay:Rubber Ducky":153,"Cleaning_Rag":188,"Matryoshka":43,"Ring of Fangs":44,"Toolbox":201,"WingedGreaves":48,"energizedSpire:HugeHouse":149,"Replay:Bottled Eggs":3,"Ring of Panic":224,"InkBottle":18,"Potion Belt":50,"Lee\u0027s Waffle":153,"Golden Idol":139,"jedi:purplefairy":138,"jedi:gremlinknob":163,"Thread and Needle":174,"PreservedInsect":5,"The Courier":187,"Protect_Vest":121,"jedi:crownofsimplicity":42,"Frozen Egg 2":134,"energizedSpire:SpiderWeb":143,"energizedSpire:DeadBattery":215,"Replay:Arrowhead":37,"Ornamental Fan":91,"Orrery":95,"Garlic":111,"Art of War":170,"Bottled Lightning":49,"ReplayTheSpireMod:Ring of Challenge":44,"ReplayTheSpireMod:Onyx Gauntlets":51,"wanderingMiniBosses:Inkheart":34,"Toy Ornithopter":202,"Ice Cream":15,"Divine Protection":16,"Calipers":221,"Gremlin Horn":74,"CeramicFish":72,"Vajra":49,"jedi:command_rare":163,"Centennial Puzzle":216,"DollysMirror":8,"jedi:paperlyon":162,"Strawberry":90,"Philosopher\u0027s Stone":5,"Prayer Wheel":193,"Vampire_Amulet":0,"Iron Hammer":169,"Toxic Egg 2":25,"Girya":169,"Happy Flower":15,"ReplayTheSpireMod:CursedCoin":29,"Replay:Grab Bag":5,"Choco_Feather":67,"Astrolabe":162,"Oddly Smooth Stone":92,"Replay:Kaleidoscope":139,"War Paint":34,"jedi:HeartOfTheCards":86,"WarpedTongs":233,"Du-Vu Doll":46,"jedi:heavyjacket":40,"Replay:Baseball":83,"jedi:hotpepper":124,"ReplayTheSpireMod:Shallot":146,"Shuriken":99,"Bronze Scales":55,"Simple Rune":82,"Onion Ring":128,"ReplayTheSpireMod:TigerMarble":3,"Black Star":239,"Grinning Jar":154,"Meat on the Bone":26,"Pocketwatch":118,"ReplayFunnel":210,"ReplayTheSpireMod:Ring of Exchange":95,"Mango":95,"Incense Burner":67,"Juzu Bracelet":138,"jedi:Pinwheel":178,"Replay:Mystery Machine":191,"theForsaken:Gavel":95,"PrismaticShard":99,"Empty Cage":232,"ClockworkSouvenir":95,"Frozen Eye":223,"Replay:Bandana":32,"Nunchaku":71,"Chameleon Ring":129,"Mummified Hand":118,"theForsaken:Kindling":155,"Pantograph":4,"Gambling Chip":38,"jedi:matchstick":39,"Genji_Glove":67,"jedi:cryingmask":156,"Red Mask":12,"Replay:Bottled Snecko":93,"Runic Pyramid":5,"Gremlin Food":20,"BargainBundle":15,"ReplayTheSpireMod:Ninjato":43,"Replay:Towering Pillar of Hats":43,"Guide Book":60,"Replay:WaspNest":169,"Odd Mushroom":47,"Orichalcum":164,"Medical Kit":198,"White Beast Statue":62,"Calling Bell":5,"Strange Spoon":95,"Cauldron":224,"CaptainsWheel":67,"jedi:kaleidoscope":58,"jedi:ominousloannote":61,"ChewingGum":5,"Gem_Box":87,"Membership Card":95,"Guard_Bracelet":107,"jedi:arcanewood":166,"FossilizedHelix":5,"TungstenRod":155,"ReplayTheSpireMod:ShopPack":119},{"Golden Egg":312,"jedi:zontanonomicon":45,"Spirit Poop":232,"Whetstone":447,"Ginger":562,"Bottled Tornado":205,"Sling":82,"Boot":140,"Ring of Searing":248,"Old Coin":344,"jedi:shrinkray":369,"Blood Vial":443,"Replay:Ringing Soul":13,"theForsaken:HumbleEgg":340,"jedi:firstaidkit":45,"Sundial":110,"Ribbon":307,"Fusion Hammer":54,"HandDrill":291,"Kunai":780,"Replay:Wax Seal":224,"Replay:Bottled Steam":19,"Pear":455,"Counterbalance":3,"Blue Candle":492,"Velvet Choker":118,"Eternal Feather":41,"Akabeko":45,"Runic Dome":231,"Bird Faced Urn":656,"Snecko Eye":217,"Tintinnabulum":314,"Kintsugi":217,"StrikeDummy":76,"Unceasing Top":233,"Abe\u0027s Treasure":407,"Lantern":309,"Torii":670,"Singing Bowl":691,"Painkiller Herb":263,"Blue Doll":455,"Bag of Preparation":61,"Replay:Multitool":649,"jedi:archwizardhat":252,"Cursed Key":160,"Power_Wrist":307,"Ancient Tea Set":573,"White_Cape":729,"Pet Ghost":226,"Replay:Rubber Ducky":492,"Cleaning_Rag":621,"Matryoshka":193,"Ring of Fangs":196,"Toolbox":674,"WingedGreaves":208,"energizedSpire:HugeHouse":476,"Replay:Bottled Eggs":11,"Ring of Panic":732,"InkBottle":72,"Potion Belt":213,"Lee\u0027s Waffle":492,"Golden Idol":440,"jedi:purplefairy":438,"jedi:gremlinknob":531,"Thread and Needle":562,"PreservedInsect":19,"The Courier":615,"Protect_Vest":377,"jedi:crownofsimplicity":186,"Frozen Egg 2":421,"energizedSpire:SpiderWeb":453,"energizedSpire:DeadBattery":706,"Replay:Arrowhead":168,"Ornamental Fan":294,"Orrery":307,"Garlic":350,"Art of War":552,"Bottled Lightning":209,"ReplayTheSpireMod:Ring of Challenge":196,"ReplayTheSpireMod:Onyx Gauntlets":217,"wanderingMiniBosses:Inkheart":153,"Toy Ornithopter":677,"Ice Cream":61,"Divine Protection":65,"Calipers":723,"Gremlin Horn":256,"CeramicFish":252,"Vajra":209,"jedi:command_rare":531,"Centennial Puzzle":708,"DollysMirror":32,"jedi:paperlyon":527,"Strawberry":291,"Philosopher\u0027s Stone":19,"Prayer Wheel":642,"Vampire_Amulet":0,"Iron Hammer":549,"Toxic Egg 2":101,"Girya":549,"Happy Flower":61,"ReplayTheSpireMod:CursedCoin":124,"Replay:Grab Bag":19,"Choco_Feather":246,"Astrolabe":527,"Oddly Smooth Stone":296,"Replay:Kaleidoscope":440,"War Paint":153,"jedi:HeartOfTheCards":283,"WarpedTongs":767,"Du-Vu Doll":202,"jedi:heavyjacket":180,"Replay:Baseball":275,"jedi:hotpepper":388,"ReplayTheSpireMod:Shallot":462,"Shuriken":314,"Bronze Scales":224,"Simple Rune":273,"Onion Ring":399,"ReplayTheSpireMod:TigerMarble":11,"Black Star":794,"Grinning Jar":497,"Meat on the Bone":107,"Pocketwatch":367,"ReplayFunnel":695,"ReplayTheSpireMod:Ring of Exchange":307,"Mango":307,"Incense Burner":246,"Juzu Bracelet":438,"jedi:Pinwheel":576,"Replay:Mystery Machine":635,"theForsaken:Gavel":307,"PrismaticShard":314,"Empty Cage":763,"ClockworkSouvenir":307,"Frozen Eye":729,"Replay:Bandana":140,"Nunchaku":250,"Chameleon Ring":402,"Mummified Hand":367,"theForsaken:Kindling":502,"Pantograph":13,"Gambling Chip":171,"jedi:matchstick":176,"Genji_Glove":246,"jedi:cryingmask":504,"Red Mask":48,"Replay:Bottled Snecko":301,"Runic Pyramid":19,"Gremlin Food":82,"BargainBundle":61,"ReplayTheSpireMod:Ninjato":193,"Replay:Towering Pillar of Hats":193,"Guide Book":232,"Replay:WaspNest":549,"Odd Mushroom":205,"Orichalcum":532,"Medical Kit":670,"White Beast Statue":235,"Calling Bell":19,"Strange Spoon":307,"Cauldron":732,"CaptainsWheel":246,"jedi:kaleidoscope":228,"jedi:ominousloannote":233,"ChewingGum":19,"Gem_Box":287,"Membership Card":307,"Guard_Bracelet":340,"jedi:arcanewood":539,"FossilizedHelix":19,"TungstenRod":502,"ReplayTheSpireMod:ShopPack":369}],"WarpedTongs":[20]},"card_choices":[{"not_picked":["Bone_Spikes","Shackles_Of_Pain"],"picked":"Negative_Energy_Burst","floor":1},{"not_picked":["Chill_Blood","Bone_Shift"],"picked":"Death_March_Dance","floor":5},{"not_picked":["Shackles_Of_Pain","Bones_to_Steel"],"picked":"Bone_Prison","floor":6},{"not_picked":["Death_March_Dance","Spectral_Armor"],"picked":"Vampiric_Strike","floor":8},{"not_picked":["Negative_Energy_Javelin","Vampiric_Strike"],"picked":"Summon_Death_Knight","floor":11},{"not_picked":["Acid_Javelin","Negative_Energy_Javelin"],"picked":"Stop_Heart","floor":12},{"not_picked":["Bone_Prison","Finger_Of_Death"],"picked":"Death_Knell","floor":13},{"not_picked":["Bone_Armor","Death_Coil","Blood_Whip"],"picked":"SKIP","floor":14},{"not_picked":["Vampiric_Strike","Bone_Spikes+1"],"picked":"Pandemic","floor":18},{"not_picked":["Bone_Armory","Finger_Of_Death"],"picked":"Shackles_Of_Pain","floor":21},{"not_picked":["Negative_Energy_Mist","Vampiric_Strike"],"picked":"Consume_Illness","floor":24},{"not_picked":["Epidemic","Blood_Whip"],"picked":"Life_Drain","floor":25},{"not_picked":["Death_March_Dance","Death_Coil"],"picked":"Vampiric_Strike","floor":28},{"not_picked":["Negative_Energy_Javelin+1","Bones_to_Steel"],"picked":"Skeleton_Dragon","floor":29},{"not_picked":["Requiem","Cloudkill"],"picked":"Blood_Magic","floor":33}],"player_experience":1736480,"relics_obtained":[{"floor":2,"key":"Ring of Panic"},{"floor":6,"key":"Replay:Arrowhead"},{"floor":8,"key":"jedi:cryingmask"},{"floor":9,"key":"Mummified Hand"},{"floor":12,"key":"White Beast Statue"},{"floor":22,"key":"Shuriken"},{"floor":26,"key":"Kunai"},{"floor":29,"key":"Ornamental Fan"}],"event_choices":[{"cards_removed":["Defend_W"],"damage_healed":0,"gold_gain":0,"player_choice":"Card Removal","damage_taken":7,"max_hp_gain":0,"max_hp_loss":0,"event_name":"Golden Wing","floor":4,"gold_loss":0},{"damage_healed":0,"gold_gain":0,"player_choice":"Rummage","damage_taken":0,"relics_obtained":["WarpedTongs"],"max_hp_gain":0,"max_hp_loss":0,"event_name":"Accursed Blacksmith","floor":19,"gold_loss":0,"cards_obtained":["Pain"]},{"cards_removed":["Blood_Is_Power"],"damage_healed":0,"gold_gain":0,"player_choice":"Take \u0026 Give","damage_taken":0,"max_hp_gain":0,"max_hp_loss":0,"event_name":"betterNote:BetterNote","floor":20,"gold_loss":0,"cards_obtained":["Apotheosis"]}],"is_beta":false,"boss_relics":[{"not_picked":["jedi:battlestandard","Busted Crown"],"picked":"Empty Cage"},{"not_picked":["Replay:Ancient Bell","ReplayTheSpireMod:DimensionalGlitch"],"picked":"Black Star"}],"items_purged_floors":[0,31,31],"is_endless":false,"potions_floor_spawned":[6,8,13,14,16,18,21,24,25,28,29,33],"ascension_level":0}}