{"host":"640uue19m79c7wbt","time":1610819282,"event":{"mods":["BaseMod","Colored Map","Googly Eyes","Highlight Path","Minty Spire (QoL Compilation)","Quick Restart","StSLib"],"gold_per_floor":[109,184,13,24,24,24,24,59,109,121,147,194,225,39,39,169,232,246,206,221,41,60,60,60],"floor_reached":23,"language":"ENG","playtime":704,"items_purged":["Strike_G"],"score":325,"play_id":"79877286-ac80-4781-a4d0-3ab72a21a961","local_time":"20210116124802","is_ascension_mode":true,"campfire_choices":[{"data":"Cloak And Dagger","floor":6.0,"key":"SMITH"},{"floor":15.0,"key":"REST"}],"circlet_count":0,"master_deck":["Strike_G","Strike_G","Strike_G","Strike_G","Defend_G","Defend_G","Defend_G","Defend_G+1","Defend_G","Survivor","Neutralize","Blur","Cloak And Dagger+1","Well Laid Plans","Underhanded Strike","Accuracy","Eviscerate","Dagger Throw+1","Predator","A Thousand Cuts+1","Dagger Throw","Underhanded Strike","Phantasmal Killer","Backstab","PiercingWail","Panache","Deflect+1"],"relics":["Ring of the Snake","NeowsBlessing","Golden Idol","Vajra","MawBank","Anchor","Dream Catcher","Tiny House"],"acts_visited":["Exordium","TheCity"],"potions_floor_usage":[22,22],"damage_taken":[{"damage":0.0,"enemies":"Jaw Worm","floor":1.0,"turns":1.0},{"damage":0.0,"enemies":"Cultist","floor":4.0,"turns":1.0},{"damage":0.0,"enemies":"3 Sentries","floor":8.0,"turns":2.0},{"damage":6.0,"enemies":"Small Slimes","floor":11.0,"turns":4.0},{"damage":6.0,"enemies":"Gremlin Nob","floor":12.0,"turns":4.0},{"damage":0.0,"enemies":"Looter","floor":13.0,"turns":2.0},{"damage":40.0,"enemies":"Hexaghost","floor":16.0,"turns":10.0},{"damage":6.0,"enemies":"Spheric Guardian","floor":18.0,"turns":3.0},{"damage":3,"enemies":"Chosen","floor":20,"turns":4},{"damage":23,"enemies":"Snecko","floor":22,"turns":4},{"damage":36,"enemies":"Gremlin Leader","floor":23,"turns":3}],"seed_played":"3988822371781701575","potions_obtained":[{"floor":4.0,"key":"Fire Potion"},{"floor":8.0,"key":"Block Potion"},{"floor":12.0,"key":"Fruit Juice"},{"floor":17.0,"key":"Dexterity Potion"},{"floor":20,"key":"Energy Potion"}],"is_trial":false,"path_per_floor":["M","?","$","M","?","R","$","E","T","T","M","E","M","$","R","B",null,"M","?","M","$","M","E"],"character_chosen":"THE_SILENT","items_purchased":["Cloak And Dagger","Well Laid Plans","A Thousand Cuts","Dagger Throw","Panache"],"campfire_rested":1,"item_purchase_floors":[3,3,14,14,21],"current_hp_per_floor":[63,56,56,56,39,39,39,39,39,39,33,32,32,32,54,14,65,59,59,56,56,33,0,0],"gold":60,"neow_bonus":"THREE_ENEMY_KILL","is_daily":false,"chose_seed":false,"campfire_upgraded":1,"win_rate":0.0,"timestamp":1610819282,"path_taken":["M","?","$","?","?","R","$","E","T","?","M","E","M","?","R","BOSS","M","?","?","$","M","E"],"items_purchased_type":["Card","Card","Card","Card","Card"],"build_version":"2020-12-22","purchased_purges":1,"victory":false,"max_hp_per_floor":[70,70,70,70,70,70,70,70,70,70,70,75,75,75,75,75,80,80,80,80,80,80,80,80],"card_choices":[{"not_picked":["Backflip","Quick Slash"],"picked":"Blur","floor":1.0},{"not_picked":["All Out Attack","Quick Slash"],"picked":"Underhanded Strike","floor":4.0},{"not_picked":["Blade Dance","Dagger Throw"],"picked":"Accuracy","floor":8.0},{"not_picked":["Flechettes","Endless Agony"],"picked":"Eviscerate","floor":11.0},{"not_picked":["Deadly Poison","Choke"],"picked":"Dagger Throw","floor":12.0},{"not_picked":["Escape Plan","Backstab"],"picked":"Predator","floor":13.0},{"not_picked":["Dagger Throw","Crippling Poison"],"picked":"Underhanded Strike","floor":15.0},{"not_picked":["Burst","Glass Knife"],"picked":"Phantasmal Killer","floor":16.0},{"not_picked":["Poisoned Stab","Dagger Throw"],"picked":"Backstab","floor":17.0},{"not_picked":["Leg Sweep","Bane","Flying Knee"],"picked":"SKIP","floor":18.0},{"not_picked":["Flechettes","Deflect"],"picked":"PiercingWail","floor":20},{"not_picked":["Slice","Malaise"],"picked":"Deflect+1","floor":22}],"player_experience":586269,"relics_obtained":[{"floor":8.0,"key":"Vajra"},{"floor":9.0,"key":"MawBank"},{"floor":10.0,"key":"Anchor"},{"floor":12.0,"key":"Dream Catcher"}],"event_choices":[{"damage_healed":0.0,"max_hp_gain":0.0,"max_hp_loss":0.0,"gold_gain":75.0,"event_name":"FaceTrader","player_choice":"Touch","floor":2.0,"gold_loss":0.0,"damage_taken":7.0},{"damage_healed":0.0,"max_hp_gain":0.0,"max_hp_loss":0.0,"gold_gain":0.0,"event_name":"Golden Idol","player_choice":"Take Damage","floor":5.0,"gold_loss":0.0,"damage_taken":17.0,"relics_obtained":["Golden Idol"]},{"damage_healed":0,"gold_gain":0,"player_choice":"Upgraded Two","damage_taken":0,"max_hp_gain":0,"max_hp_loss":0,"event_name":"Designer","floor":19,"gold_loss":40,"cards_upgraded":["Dagger Throw","A Thousand Cuts"]}],"is_beta":false,"boss_relics":[{"not_picked":["Velvet Choker","Cursed Key"],"picked":"Tiny House"}],"items_purged_floors":[3],"is_endless":false,"potions_floor_spawned":[4,8,12,20],"killed_by":"Gremlin Leader","ascension_level":9}}