{"host":"2zc57igszyqgae0y","time":1610793012,"event":{"mods":["ATMod(°¢èªMod)","Act Like it!","Aspiration","BaseMod","CapriCore","Chen","Gensokyo","GifTheSpireLib","Koishi","KomeijiMod","Luminous","Marisa£¨ìFÓê¡¡Ä§ÀíÉ³£©","Minty Spire (QoL Compilation)","Quick Restart","Rare Cards Sparkle","Reimu£¨²©ÀöÁéÃÎ£©","Remilia£¨ÀÙÃ×ÀòÑÇ£©","Replay The Spire","RumiaBox-Â¶Ã×æ«µÄÉñÃØºÐ×Ó","SIMod","Shop Mod","StSLib","The Administrix","The Immortal","The Servant 0.9.4","Yakumo Yukari mod","Youmu£¨»êÆÇÑýÃÎ£©","Yuyuko","[GremlinLeader]The Maniac","[IsaacMod]ÒÔÈö¼âËþ","vexMod"],"gold_per_floor":[114,74,74,100,100,130,140,140,140,159,159,170,182,33,112,112,112],"floor_reached":16,"language":"ZHS","playtime":546,"items_purged":[],"score":150,"play_id":"20ca300c-880a-45c6-b698-b162ab55b144","local_time":"20210116183012","is_ascension_mode":false,"campfire_choices":[],"circlet_count":0,"master_deck":["Koishi:BasicStrike","Koishi:BasicStrike","Koishi:BasicStrike","Koishi:BasicDefend","Koishi:BasicDefend","Koishi:BasicDefend","Koishi:Provoke","Koishi:HauntingSlash","AT_FamilyPortrait","Koishi:JumpScare","Injury","Koishi:PhantomBarrier","Koishi:PhantomStrike","Koishi:HeartAttack","Koishi:StingingMind"],"relics":["Koishi:ImaginaryFriend","HushsDoor","AT_ATBox","Bronze Scales","GuppysHead","AddBug","SecretRecord","Baka"],"acts_visited":["Exordium"],"potions_floor_usage":[16],"damage_taken":[{"damage":7,"enemies":"Cultist","floor":1,"turns":4},{"damage":7,"enemies":"3 Sentries","floor":6,"turns":3},{"damage":0,"enemies":"Small Slimes","floor":7,"turns":3},{"damage":0,"enemies":"Jaw Worm","floor":10,"turns":2},{"damage":3,"enemies":"Large Slime","floor":12,"turns":6},{"damage":13,"enemies":"Blue Slaver","floor":13,"turns":2},{"damage":56,"enemies":"The Guardian","floor":16,"turns":5}],"seed_played":"2980372386326352840","potions_obtained":[{"floor":6,"key":"Block Potion"},{"floor":10,"key":"Strength Potion"},{"floor":13,"key":"FearPotion"}],"is_trial":false,"path_per_floor":["M","?","?","T","$","E","M","?","T","M","?","M","M","$","R","B"],"character_chosen":"KOISHI","items_purchased":["SteamSale"],"campfire_rested":0,"item_purchase_floors":[14],"current_hp_per_floor":[54,54,54,54,54,50,53,53,53,56,56,53,43,43,43,0,0],"gold":112,"neow_bonus":"RANDOM_COMMON_RELIC","is_daily":false,"chose_seed":false,"campfire_upgraded":0,"win_rate":0.0,"timestamp":1610793012,"path_taken":["M","?","?","?","$","E","M","?","T","M","?","?","M","?","R","BOSS"],"items_purchased_type":["Relic"],"build_version":"2020-12-22","purchased_purges":0,"victory":false,"max_hp_per_floor":[60,60,60,60,60,90,90,90,90,90,90,90,90,90,90,90,90],"card_choices":[{"not_picked":["Koishi:UnansweredLove","Koishi:LastRemote"],"picked":"Koishi:JumpScare","floor":1},{"not_picked":["Koishi:ReflexRadar","Koishi:TremblingHands"],"picked":"Koishi:PhantomBarrier","floor":6},{"not_picked":["Koishi:Possession","Koishi:DNAsFlaw"],"picked":"Koishi:PhantomStrike","floor":7},{"not_picked":["Bomb","Koishi:Jaunt"],"picked":"Koishi:HeartStoppingHorror","floor":10},{"not_picked":["Koishi:Prune","Koishi:RacingHeart"],"picked":"Koishi:HeartAttack","floor":12},{"not_picked":["Koishi:Whimsy","Koishi:SubconsciousSweep"],"picked":"Koishi:StingingMind","floor":13}],"player_experience":383070,"relics_obtained":[{"floor":1,"key":"AddBug"},{"floor":1,"key":"Baka"},{"floor":4,"key":"Regal Pillow"},{"floor":6,"key":"AT_RedTearstoneRing"}],"event_choices":[{"damage_healed":0,"gold_gain":0,"player_choice":"ÈûÇ®","damage_taken":0,"relics_obtained":["PaintedHorse:ReiMu"],"max_hp_gain":0,"max_hp_loss":0,"event_name":"yidonshenshe","floor":2,"gold_loss":40},{"damage_healed":0,"gold_gain":0,"player_choice":"Take Wound","damage_taken":0,"relics_obtained":["Golden Idol"],"max_hp_gain":0,"max_hp_loss":0,"event_name":"Golden Idol","floor":3,"gold_loss":0,"cards_obtained":["Injury"]},{"cards_removed":["Koishi:BasicStrike"],"damage_healed":0,"gold_gain":0,"player_choice":"Purged","damage_taken":0,"max_hp_gain":0,"max_hp_loss":0,"event_name":"Purifier","floor":8,"gold_loss":0}],"is_beta":false,"boss_relics":[],"items_purged_floors":[],"is_endless":false,"potions_floor_spawned":[6,10,13],"killed_by":"The Guardian","ascension_level":0}}