{"host":"y1oqg7uy0jc6f5mb","time":1610822263,"event":{"mods":["BaseMod","Block Reminder","Colored Map","Colored Powertips","Custom Start","DeckTracker","Highlight Path","Minty Spire (QoL Compilation)","Permanent Neow","Quick Restart","Relic Sorter","Relic Stats","StSLib"],"gold_per_floor":[118,130,95,108,119,119,144,162,162,187,187,42,57,0,0,126,126,151,171,187,205,228,228,268,268,336,435,435,459,584,584,584,714,714,729,742,762,782,30,30,53,53,128,147,161,161,161,180,180,180],"floor_reached":51,"language":"ENG","playtime":5141,"items_purged":["Injury","Regret"],"score":900,"play_id":"6fe2add4-c085-4be7-8134-7960692e44eb","local_time":"20210117023743","is_ascension_mode":true,"campfire_choices":[{"data":"Battle Trance","floor":6.0,"key":"SMITH"},{"floor":15.0,"key":"REST"},{"data":"Armaments","floor":23.0,"key":"SMITH"},{"floor":25.0,"key":"REST"},{"floor":32.0,"key":"REST"},{"floor":40.0,"key":"REST"},{"data":"Apotheosis","floor":46.0,"key":"SMITH"},{"floor":49.0,"key":"DIG"}],"circlet_count":0,"master_deck":["Strike_R","Strike_R","Strike_R","Strike_R","Defend_R","Defend_R","Defend_R","Defend_R","Bash","Barricade","Flame Barrier","True Grit","Spot Weakness","Battle Trance+1","Shockwave","Body Slam+1","Ghostly Armor","Shrug It Off","Armaments+1","Offering","True Grit+1","Iron Wave+1","Iron Wave","Iron Wave","Entrench","Injury","Shrug It Off","Rupture","Fire Breathing+1","Intimidate","Parasite","Headbutt","Apotheosis+1","Panache","Master of Strategy","Dark Shackles","Writhe","Parasite","Entrench+1"],"relics":["Black Blood","InkBottle","Ornamental Fan","Letter Opener","Golden Idol","Darkstone Periapt","Cursed Key","White Beast Statue","Kunai","Sundial","Shovel","Self Forming Clay","HornCleat","Centennial Puzzle","Pantograph","Nunchaku"],"acts_visited":["Exordium","TheCity","TheBeyond"],"potions_floor_usage":[50,50,50],"damage_taken":[{"damage":1.0,"enemies":"Small Slimes","floor":1.0,"turns":4.0},{"damage":16.0,"enemies":"Cultist","floor":2.0,"turns":7.0},{"damage":9.0,"enemies":"Jaw Worm","floor":4.0,"turns":6.0},{"damage":13.0,"enemies":"3 Louse","floor":5.0,"turns":6.0},{"damage":39.0,"enemies":"3 Sentries","floor":7.0,"turns":10.0},{"damage":2.0,"enemies":"2 Fungi Beasts","floor":8.0,"turns":6.0},{"damage":23.0,"enemies":"Gremlin Nob","floor":10.0,"turns":4.0},{"damage":18.0,"enemies":"Exordium Thugs","floor":13.0,"turns":5.0},{"damage":8.0,"enemies":"Slime Boss","floor":16.0,"turns":17.0},{"damage":7.0,"enemies":"Shell Parasite","floor":18.0,"turns":4.0},{"damage":6.0,"enemies":"3 Byrds","floor":19.0,"turns":3.0},{"damage":6.0,"enemies":"Cultist and Chosen","floor":20.0,"turns":6.0},{"damage":21.0,"enemies":"Snake Plant","floor":21.0,"turns":4.0},{"damage":15.0,"enemies":"Centurion and Healer","floor":22.0,"turns":8.0},{"damage":49.0,"enemies":"Slavers","floor":24.0,"turns":10.0},{"damage":15.0,"enemies":"Cultist and Chosen","floor":29.0,"turns":8.0},{"damage":2.0,"enemies":"Colosseum Slavers","floor":30.0,"turns":6.0},{"damage":20.0,"enemies":"Colosseum Nobs","floor":30.0,"turns":5.0},{"damage":16.0,"enemies":"Champ","floor":33.0,"turns":11.0},{"damage":33.0,"enemies":"3 Darklings","floor":35.0,"turns":11.0},{"damage":30.0,"enemies":"3 Shapes","floor":36.0,"turns":6.0},{"damage":33.0,"enemies":"Writhing Mass","floor":37.0,"turns":9.0},{"damage":31.0,"enemies":"3 Darklings","floor":38.0,"turns":9.0},{"damage":21.0,"enemies":"Jaw Worm Horde","floor":41.0,"turns":5.0},{"damage":9.0,"enemies":"Writhing Mass","floor":44.0,"turns":5.0},{"damage":21.0,"enemies":"4 Shapes","floor":45.0,"turns":5.0},{"damage":19.0,"enemies":"Spire Growth","floor":48.0,"turns":6.0},{"damage":42,"enemies":"Time Eater","floor":50,"turns":11}],"seed_played":"9071812825881095291","potions_obtained":[{"floor":1.0,"key":"Strength Potion"},{"floor":7.0,"key":"BloodPotion"},{"floor":8.0,"key":"SkillPotion"},{"floor":10.0,"key":"Energy Potion"},{"floor":13.0,"key":"SteroidPotion"},{"floor":20.0,"key":"Ancient Potion"},{"floor":24.0,"key":"Regen Potion"},{"floor":29.0,"key":"Explosive Potion"},{"floor":30.0,"key":"Fire Potion"},{"floor":33.0,"key":"Weak Potion"},{"floor":35.0,"key":"BlessingOfTheForge"},{"floor":36.0,"key":"BloodPotion"},{"floor":37.0,"key":"Energy Potion"},{"floor":38.0,"key":"Explosive Potion"},{"floor":45.0,"key":"Energy Potion"}],"is_trial":false,"path_per_floor":["M","M","$","M","M","R","E","M","T","E","?","$","M","?","R","B",null,"M","M","M","M","M","R","E","R","T","?","T","M","?","?","R","B",null,"M","M","M","M","$","R","M","?","T","M","M","R","?","M","R","B",null],"character_chosen":"IRONCLAD","items_purchased":["Spot Weakness","Shrug It Off","Armaments","Apotheosis","HornCleat","Centennial Puzzle","Dexterity Potion","Strength Potion"],"campfire_rested":4,"item_purchase_floors":[3,12,12,39,39,39,39,39],"current_hp_per_floor":[80,70,70,67,60,60,27,47,47,30,36,36,24,24,49,50,79,78,78,78,63,54,54,11,37,43,43,49,55,45,45,75,65,92,71,53,58,39,39,71,62,52,58,67,58,58,104,97,97,74],"gold":180,"neow_bonus":"TRANSFORM_CARD","is_daily":false,"chose_seed":false,"campfire_upgraded":3,"win_rate":0.0,"timestamp":1610822263,"path_taken":["M","M","$","M","M","R","E","M","T","E","?","$","M","?","R","BOSS","M","M","M","M","M","R","E","R","T","?","?","M","?","?","R","BOSS","M","M","M","M","$","R","M","?","T","M","M","R","?","M","R","BOSS"],"items_purchased_type":["Card","Card","Card","Card","Relic","Relic","Potion","Potion"],"build_version":"2020-12-22","purchased_purges":2,"victory":true,"max_hp_per_floor":[80,80,80,80,80,80,80,80,80,80,86,86,86,86,86,89,89,89,89,89,89,89,89,89,89,95,95,101,101,101,101,101,101,101,101,101,107,107,107,107,107,107,113,119,119,119,104,104,104,104],"relic_stats":{"Darkstone Periapt":36,"counters":[28,197],"Golden Idol":167,"Self Forming Clay":[123],"Black Blood":217,"Letter Opener":[418],"Cursed Key":3,"Centennial Puzzle":[15],"Nunchaku":[1],"Shovel":1,"Ornamental Fan":[72],"Sundial":[12],"Pantograph":7,"Kunai":[15],"obtain_stats":[{"Darkstone Periapt":10,"Golden Idol":11,"Self Forming Clay":30,"Black Blood":34,"Letter Opener":14,"Cursed Key":17,"Burning Blood":0,"White Beast Statue":24,"Centennial Puzzle":39,"Nunchaku":49,"Shovel":30,"HornCleat":39,"Ornamental Fan":9,"Sundial":28,"Pantograph":43,"Kunai":26,"InkBottle":7},{"Darkstone Periapt":7,"Golden Idol":7,"Self Forming Clay":18,"Black Blood":19,"Letter Opener":8,"Cursed Key":9,"Burning Blood":0,"White Beast Statue":15,"Centennial Puzzle":23,"Nunchaku":27,"Shovel":18,"HornCleat":23,"Ornamental Fan":6,"Sundial":15,"Pantograph":24,"Kunai":15,"InkBottle":5},{"Darkstone Periapt":43,"Golden Idol":43,"Self Forming Clay":119,"Black Blood":130,"Letter Opener":48,"Cursed Key":65,"Burning Blood":0,"White Beast Statue":100,"Centennial Puzzle":165,"Nunchaku":186,"Shovel":119,"HornCleat":165,"Ornamental Fan":39,"Sundial":100,"Pantograph":170,"Kunai":100,"InkBottle":33}],"InkBottle":[41]},"card_choices":[{"not_picked":["Pummel","Searing Blow"],"picked":"Flame Barrier","floor":1.0},{"not_picked":["Perfected Strike","Flex"],"picked":"True Grit","floor":2.0},{"not_picked":["Headbutt","Iron Wave"],"picked":"Battle Trance","floor":4.0},{"not_picked":["Flame Barrier","Pummel"],"picked":"Shockwave","floor":5.0},{"not_picked":["Anger","Havoc"],"picked":"Body Slam","floor":7.0},{"not_picked":["Warcry","Perfected Strike"],"picked":"Ghostly Armor","floor":8.0},{"not_picked":["Pommel Strike","Burning Pact"],"picked":"Feed","floor":10.0},{"not_picked":["Thunderclap","Searing Blow","Wild Strike"],"picked":"SKIP","floor":13.0},{"not_picked":["Fiend Fire","Feed"],"picked":"Offering","floor":16.0},{"not_picked":["Feel No Pain","Anger+1"],"picked":"True Grit+1","floor":18.0},{"not_picked":["Headbutt","Flex"],"picked":"Iron Wave+1","floor":19.0},{"not_picked":["Offering","Wild Strike","Thunderclap+1"],"picked":"SKIP","floor":20.0},{"not_picked":["Pummel","Sever Soul+1"],"picked":"Iron Wave","floor":21.0},{"not_picked":["Clash","True Grit"],"picked":"Entrench","floor":22.0},{"not_picked":["Twin Strike","Cleave","Sword Boomerang"],"picked":"SKIP","floor":24.0},{"not_picked":["Perfected Strike","True Grit"],"picked":"Shrug It Off","floor":29.0},{"not_picked":["Sword Boomerang","Perfected Strike"],"picked":"Rupture","floor":30.0},{"not_picked":["Anger+1","Headbutt"],"picked":"Fire Breathing+1","floor":35.0},{"not_picked":["Anger+1","Thunderclap+1"],"picked":"Intimidate","floor":36.0},{"not_picked":["Clash+1","Clothesline+1","Fire Breathing"],"picked":"SKIP","floor":37.0},{"not_picked":["Heavy Blade","Flex"],"picked":"Headbutt","floor":38.0},{"not_picked":["Power Through","Cleave+1","Second Wind+1"],"picked":"SKIP","floor":41.0},{"not_picked":["Finesse","Secret Technique"],"picked":"Panache","floor":42.0},{"not_picked":["PanicButton","Blind"],"picked":"Master of Strategy","floor":42.0},{"not_picked":["Blind","Deep Breath"],"picked":"Dark Shackles","floor":42.0},{"not_picked":["Whirlwind+1","Carnage"],"picked":"Entrench+1","floor":44.0},{"not_picked":["Anger","Perfected Strike","Spot Weakness"],"picked":"SKIP","floor":45.0},{"not_picked":["Clash","Uppercut+1","Burning Pact"],"picked":"SKIP","floor":48.0}],"player_experience":34820,"relics_obtained":[{"floor":7.0,"key":"InkBottle"},{"floor":9.0,"key":"Ornamental Fan"},{"floor":10.0,"key":"Darkstone Periapt"},{"floor":24.0,"key":"White Beast Statue"},{"floor":26.0,"key":"Kunai"},{"floor":28.0,"key":"Sundial"},{"floor":30.0,"key":"Shovel"},{"floor":30.0,"key":"Self Forming Clay"},{"floor":43.0,"key":"Pantograph"},{"floor":49.0,"key":"Nunchaku"}],"event_choices":[{"damage_healed":0.0,"max_hp_gain":0.0,"max_hp_loss":0.0,"gold_gain":0.0,"event_name":"Golden Idol","player_choice":"Take Wound","floor":11.0,"gold_loss":0.0,"damage_taken":0.0,"relics_obtained":["Golden Idol"],"cards_obtained":["Injury"]},{"damage_healed":0.0,"max_hp_gain":0.0,"max_hp_loss":0.0,"gold_gain":0.0,"event_name":"WeMeetAgain","player_choice":"Paid Gold","floor":14.0,"gold_loss":57.0,"damage_taken":0.0,"relics_obtained":["Letter Opener"]},{"damage_healed":0.0,"max_hp_gain":0.0,"max_hp_loss":0.0,"gold_gain":99.0,"event_name":"Nest","player_choice":"Stole From Cult","floor":27.0,"gold_loss":0.0,"damage_taken":0.0},{"damage_healed":0.0,"max_hp_gain":0.0,"max_hp_loss":0.0,"gold_gain":0.0,"event_name":"Colosseum","player_choice":"Fight","floor":30.0,"gold_loss":0.0,"damage_taken":0.0},{"damage_healed":0.0,"max_hp_gain":0.0,"max_hp_loss":0.0,"gold_gain":0.0,"event_name":"Colosseum","player_choice":"Fought Nobs","floor":30.0,"gold_loss":0.0,"damage_taken":0.0},{"damage_healed":0.0,"max_hp_gain":0.0,"max_hp_loss":0.0,"gold_gain":0.0,"event_name":"Upgrade Shrine","player_choice":"Upgraded","floor":31.0,"gold_loss":0.0,"damage_taken":0.0,"cards_upgraded":["Body Slam"]},{"damage_healed":0.0,"max_hp_gain":0.0,"max_hp_loss":0.0,"gold_gain":0.0,"event_name":"SensoryStone","player_choice":"Memory 3","floor":42.0,"gold_loss":0.0,"damage_taken":10.0},{"damage_healed":104.0,"max_hp_gain":0.0,"max_hp_loss":15.0,"gold_gain":0.0,"event_name":"The Moai Head","player_choice":"Heal","floor":47.0,"gold_loss":0.0,"damage_taken":0.0}],"is_beta":false,"boss_relics":[{"not_picked":["Fusion Hammer","Runic Dome"],"picked":"Cursed Key"},{"not_picked":["Runic Pyramid","Snecko Eye"],"picked":"Black Blood"}],"items_purged_floors":[12,39],"is_endless":false,"potions_floor_spawned":[1,7,8,10,13,20,24,29,30,30,33,35,36,37,38,41,44,45,48],"ascension_level":5}}