{"host":"txhhdwa0hqfs4jhb","time":1610794837,"event":{"mods":["BaseMod","Better Third Choice","Filter the Spire","Fox Events","Minty Spire (QoL Compilation)","Relic Stats","Replay The Spire","StSLib","Thieving Mod"],"gold_per_floor":[114,114,39,51,2,37,37,37,37,50,64,64,64,64,64,164,264,282,282,297,297,324,324,354,372,372,405,280,280,293,318,318,414,414,426,426,340,358,370,399,399,428,428,428,428,478,478,487,520,520,520],"floor_reached":52,"language":"ENG","playtime":2822,"items_purged":["Normality","Shame","Replay:Cycle"],"score":1079,"play_id":"dc1a4b9e-28ff-4279-9c4c-3ff45345aba2","local_time":"20210116110037","is_ascension_mode":true,"campfire_choices":[{"data":"Defend_P","floor":7.0,"key":"SMITH"},{"data":"TalkToTheHand","floor":13.0,"key":"SMITH"},{"data":"Defend_P","floor":15.0,"key":"SMITH"},{"data":"Tantrum","floor":23.0,"key":"SMITH"},{"floor":29.0,"key":"REST"},{"data":"Defend_P","floor":32.0,"key":"SMITH"},{"data":"Trip","floor":45.0,"key":"SMITH"},{"data":"Tantrum","floor":50,"key":"SMITH"}],"circlet_count":0,"master_deck":["Strike_P+1","Strike_P","Strike_P","Defend_P+1","Defend_P+1","Defend_P+1","Defend_P+1","Eruption","Vigilance+1","FearNoEvil","Apotheosis","FearNoEvil","TalkToTheHand+1","FearNoEvil","Vault","WaveOfTheHand","Tantrum+1","ThirdEye+1","Tantrum+1","Omniscience","SandsOfTime+1","Trip+1","DeceiveReality+1","MentalFortress+1","EmptyMind+1","Sanctity+1","Apotheosis","DeceiveReality+1","SandsOfTime+1"],"relics":["PureWater","Snecko Eye","Turnip","War Paint","ClockworkSouvenir","ReplayTheSpireMod:CursedCoin","Ancient Tea Set","Bag of Preparation","Replay:Purple Gloves","Replay:Wanted Poster","Red Mask","Gremlin Horn","StoneCalendar","WingedGreaves","Pantograph","Omamori","Ginger","SacredBark","White Beast Statue","Pocketwatch","Dead Branch","TheAbacus","PreservedInsect","Mango","CeramicFish","Prayer Wheel","ReplayTheSpireMod:Ring of Challenge","ReplayTheSpireMod:Ring of Exchange"],"acts_visited":["Exordium","TheCity","TheBeyond"],"potions_floor_usage":[51],"damage_taken":[{"damage":0.0,"enemies":"Small Slimes","floor":1.0,"turns":4.0},{"damage":0.0,"enemies":"Jaw Worm","floor":4.0,"turns":3.0},{"damage":0.0,"enemies":"Lagavulin","floor":6.0,"turns":5.0},{"damage":0.0,"enemies":"2 Louse","floor":10.0,"turns":1.0},{"damage":0.0,"enemies":"2 Fungi Beasts","floor":11.0,"turns":2.0},{"damage":27.0,"enemies":"Hexaghost","floor":16.0,"turns":9.0},{"damage":0.0,"enemies":"Spheric Guardian","floor":18.0,"turns":3.0},{"damage":0.0,"enemies":"Masked Bandits","floor":22.0,"turns":3.0},{"damage":0.0,"enemies":"Replay:Snechameleon","floor":24.0,"turns":6.0},{"damage":10.0,"enemies":"3 Byrds","floor":25.0,"turns":4.0},{"damage":6.0,"enemies":"Gremlin Leader","floor":27.0,"turns":4.0},{"damage":0.0,"enemies":"Snake Plant","floor":30.0,"turns":4.0},{"damage":0.0,"enemies":"Slavers","floor":31.0,"turns":3.0},{"damage":3.0,"enemies":"Automaton","floor":33.0,"turns":5.0},{"damage":0.0,"enemies":"Orb Walker","floor":35.0,"turns":2.0},{"damage":0.0,"enemies":"3 Darklings","floor":38.0,"turns":3.0},{"damage":0.0,"enemies":"Transient","floor":39.0,"turns":6.0},{"damage":18.0,"enemies":"Nemesis","floor":40.0,"turns":4.0},{"damage":0.0,"enemies":"Giant Head","floor":42.0,"turns":5.0},{"damage":10,"enemies":"Mind Bloom Boss Battle","floor":46,"turns":5},{"damage":0,"enemies":"Spire Growth","floor":49,"turns":3},{"damage":31,"enemies":"Donu and Deca","floor":51,"turns":4}],"seed_played":"-9201558486898460636","potions_obtained":[{"floor":10.0,"key":"Fire Potion"},{"floor":16.0,"key":"Energy Potion"},{"floor":18.0,"key":"Fire Potion"},{"floor":35.0,"key":"Death Potion"},{"floor":42.0,"key":"PowerPotion"}],"is_trial":false,"path_per_floor":["M","?","$","M","$","E","R","?","T","M","M","T","R","?","R","B",null,"M","?","?","?","?","R","E","M","T","E","$","R","M","E","R","B",null,"M","?","$","M","M","E","$","E","T","T","R","?","?","?","M","R","B",null],"character_chosen":"WATCHER","items_purchased":["ReplayTheSpireMod:CursedCoin","ThievingMod:ThievingPotion","Trip"],"campfire_rested":1,"item_purchase_floors":[5,5,37],"current_hp_per_floor":[72,72,72,72,72,72,72,72,72,72,72,72,72,72,72,45,72,72,61,37,37,37,37,37,27,27,21,21,39,39,39,39,58,61,61,71,71,71,71,53,53,53,67,67,67,75,75,75,75,75,54],"gold":520,"neow_bonus":"CURSED_BOSS_RELIC","is_daily":false,"chose_seed":false,"campfire_upgraded":7,"win_rate":0.0,"timestamp":1610794837,"path_taken":["M","?","$","M","$","E","R","?","T","M","M","?","R","?","R","BOSS","M","?","?","?","?","R","E","?","T","E","$","R","?","E","R","BOSS","M","?","$","M","M","E","$","E","T","T","R","?","?","?","M","R","BOSS"],"items_purchased_type":["Relic","Potion","Card"],"build_version":"2020-12-22","purchased_purges":3,"victory":true,"max_hp_per_floor":[72,72,72,72,72,72,72,72,72,72,72,72,72,72,72,72,72,72,61,61,61,61,61,61,61,61,61,61,61,61,61,61,61,61,61,71,71,71,71,71,71,71,85,85,85,85,85,85,85,85,85],"relic_stats":{"Gremlin Horn":[11,11],"counters":[22,88],"Dead Branch":[29],"CeramicFish":27,"StoneCalendar":[0],"PreservedInsect":0,"Bag of Preparation":[38],"Ginger":[1],"War Paint":["Vigilance","Defend_P"],"TheAbacus":[36],"Pantograph":50,"Snecko Eye":[208,171,167,197],"Prayer Wheel":1,"Turnip":[2],"obtain_stats":[{"ReplayTheSpireMod:Ring of Exchange":47,"Gremlin Horn":24,"SacredBark":34,"CeramicFish":44,"Replay:Purple Gloves":12,"StoneCalendar":26,"Mango":43,"Bag of Preparation":9,"Ginger":31,"Ancient Tea Set":6,"ClockworkSouvenir":3,"Replay:Wanted Poster":17,"TheAbacus":41,"Pantograph":28,"Prayer Wheel":46,"WingedGreaves":27,"Red Mask":22,"ReplayTheSpireMod:CursedCoin":5,"Dead Branch":41,"PreservedInsect":42,"Omamori":28,"War Paint":3,"White Beast Statue":40,"Snecko Eye":0,"Turnip":3,"PureWater":0,"ReplayTheSpireMod:Ring of Challenge":47,"Pocketwatch":41},{"ReplayTheSpireMod:Ring of Exchange":20,"Gremlin Horn":9,"SacredBark":14,"CeramicFish":19,"Replay:Purple Gloves":5,"StoneCalendar":10,"Mango":19,"Bag of Preparation":3,"Ginger":13,"Ancient Tea Set":3,"ClockworkSouvenir":1,"Replay:Wanted Poster":6,"TheAbacus":18,"Pantograph":11,"Prayer Wheel":20,"WingedGreaves":11,"Red Mask":8,"ReplayTheSpireMod:CursedCoin":2,"Dead Branch":18,"PreservedInsect":19,"Omamori":11,"War Paint":1,"White Beast Statue":18,"Snecko Eye":0,"Turnip":1,"PureWater":0,"ReplayTheSpireMod:Ring of Challenge":20,"Pocketwatch":18},{"ReplayTheSpireMod:Ring of Exchange":81,"Gremlin Horn":36,"SacredBark":56,"CeramicFish":76,"Replay:Purple Gloves":15,"StoneCalendar":40,"Mango":76,"Bag of Preparation":12,"Ginger":51,"Ancient Tea Set":12,"ClockworkSouvenir":4,"Replay:Wanted Poster":24,"TheAbacus":71,"Pantograph":44,"Prayer Wheel":81,"WingedGreaves":44,"Red Mask":30,"ReplayTheSpireMod:CursedCoin":7,"Dead Branch":71,"PreservedInsect":76,"Omamori":44,"War Paint":4,"White Beast Statue":71,"Snecko Eye":0,"Turnip":4,"PureWater":0,"ReplayTheSpireMod:Ring of Challenge":81,"Pocketwatch":71}],"Pocketwatch":[0]},"card_choices":[{"not_picked":["Replay:Hum","Replay:AtTheReady"],"picked":"FearNoEvil","floor":1.0},{"not_picked":["Halt","BattleHymn","ThirdEye"],"picked":"SKIP","floor":4.0},{"not_picked":["EmptyFist","Devotion"],"picked":"FearNoEvil","floor":6.0},{"not_picked":["Adaptation","CarveReality"],"picked":"TalkToTheHand","floor":10.0},{"not_picked":["BowlingBash","Vengeance"],"picked":"FearNoEvil","floor":11.0},{"not_picked":["Replay:LoomingThreat","Judgement"],"picked":"Vault","floor":16.0},{"not_picked":["SashWhip","ThirdEye","CrushJoints"],"picked":"SKIP","floor":18.0},{"not_picked":["Replay:AtTheReady","BattleHymn"],"picked":"WaveOfTheHand","floor":20.0},{"not_picked":["Consecrate+1","Replay:AtTheReady"],"picked":"ThirdEye+1","floor":24.0},{"not_picked":["EmptyFist+1","FlurryOfBlows"],"picked":"Tantrum","floor":25.0},{"not_picked":["Alpha","WreathOfFlame"],"picked":"Omniscience","floor":27.0},{"not_picked":["FlyingSleeves+1","Protect","Replay:ManipulateFuture"],"picked":"SKIP","floor":30.0},{"not_picked":["ClearTheMind+1","WaveOfTheHand"],"picked":"SandsOfTime+1","floor":31.0},{"not_picked":["Replay:BluntJabs","Replay:Battleflow","EmptyBody"],"picked":"SKIP","floor":35.0},{"not_picked":["Replay:Hum","Consecrate"],"picked":"DeceiveReality+1","floor":38.0},{"not_picked":["JustLucky+1","Adaptation"],"picked":"MentalFortress+1","floor":39.0},{"not_picked":["Collect+1","ClearTheMind"],"picked":"EmptyMind+1","floor":40.0},{"not_picked":["Replay:Hum","FlurryOfBlows"],"picked":"Sanctity+1","floor":42.0},{"not_picked":["Deep Breath","Thinking Ahead"],"picked":"Apotheosis","floor":48},{"not_picked":["Crescendo+1","CutThroughFate"],"picked":"DeceiveReality+1","floor":49},{"not_picked":["FlyingSleeves","CutThroughFate"],"picked":"SandsOfTime+1","floor":49}],"player_experience":259552,"relics_obtained":[{"floor":6.0,"key":"Ancient Tea Set"},{"floor":9.0,"key":"Bag of Preparation"},{"floor":12.0,"key":"Replay:Purple Gloves"},{"floor":22.0,"key":"Red Mask"},{"floor":24.0,"key":"Gremlin Horn"},{"floor":26.0,"key":"StoneCalendar"},{"floor":27.0,"key":"WingedGreaves"},{"floor":31.0,"key":"Ginger"},{"floor":40.0,"key":"White Beast Statue"},{"floor":42.0,"key":"PreservedInsect"},{"floor":43.0,"key":"Mango"},{"floor":44.0,"key":"CeramicFish"},{"floor":46,"key":"Prayer Wheel"},{"floor":47,"key":"ReplayTheSpireMod:Ring of Challenge"},{"floor":47,"key":"ReplayTheSpireMod:Ring of Exchange"}],"event_choices":[{"damage_healed":0.0,"max_hp_gain":0.0,"max_hp_loss":0.0,"gold_gain":0.0,"event_name":"The Cleric","player_choice":"Leave","floor":8.0,"gold_loss":0.0,"damage_taken":0.0},{"damage_healed":0.0,"max_hp_gain":0.0,"max_hp_loss":0.0,"gold_gain":0.0,"cards_transformed":["Strike_P"],"event_name":"Living Wall","player_choice":"Change","floor":14.0,"gold_loss":0.0,"damage_taken":0.0,"cards_obtained":["Replay:Cycle"]},{"damage_healed":0.0,"max_hp_gain":0.0,"max_hp_loss":0.0,"gold_gain":0.0,"event_name":"The Library","player_choice":"Read","floor":21.0,"gold_loss":0.0,"damage_taken":0.0,"cards_obtained":["Tantrum"]},{"damage_healed":0.0,"max_hp_gain":0.0,"max_hp_loss":0.0,"gold_gain":0.0,"event_name":"Masked Bandits","player_choice":"Fought Bandits","floor":22.0,"gold_loss":0.0,"damage_taken":0.0},{"damage_healed":0,"gold_gain":0,"player_choice":"Fight","damage_taken":0,"max_hp_gain":0,"max_hp_loss":0,"event_name":"MindBloom","floor":46,"gold_loss":0},{"damage_healed":0,"gold_gain":0,"player_choice":"Memory 1","damage_taken":0,"max_hp_gain":0,"max_hp_loss":0,"event_name":"SensoryStone","floor":48,"gold_loss":0}],"is_beta":false,"boss_relics":[{"not_picked":["Runic Dome","Coffee Dripper"],"picked":"Replay:Wanted Poster"},{"not_picked":["VioletLotus","Replay:Drink Me"],"picked":"SacredBark"}],"items_purged_floors":[3,5,28],"is_endless":false,"potions_floor_spawned":[10,16,18,22,24,27,35,38,39,42,46,49],"ascension_level":4}}