{"host":"w7o06k3e8uel8euj","time":1610789434,"event":{"mods":["100% Spire Juice","AchievementEnabler","BaseMod","Colored Powertips","Custom Start","DeckTracker","Keyboard Shortcuts","Minty Spire (QoL Compilation)","Quick Restart","Relic Stats","StSLib","SuperFastMode","everything is the same but u backflip on backflip"],"gold_per_floor":[116,135,135,152,166,194,209,239,239,255,290,309,324,324,324,399,399,416,426,341,92,92,122,122,142,169,195,195,195,195,37,37,111,111,125,125,125],"floor_reached":36,"language":"KOR","playtime":892,"items_purged":["Moonworks:ImmovableObject+1"],"score":1173,"play_id":"fa3c179e-37cb-4523-b0ad-ccbd95da321c","local_time":"20210116183034","is_ascension_mode":true,"campfire_choices":[{"data":"Moonworks:JonathanRush","floor":15,"key":"SMITH"},{"data":"Moonworks:SinkOrSwim","floor":24,"key":"SMITH"},{"floor":28,"key":"REST"},{"floor":32,"key":"RECALL"}],"circlet_count":0,"master_deck":["Moonworks:ImmovableObject+1","Moonworks:ImmovableObject+1","Moonworks:CloudOfSeagulls+1","Moonworks:CloudOfSeagulls+1","Moonworks:CloudOfSeagulls+1","Moonworks:CloudOfSeagulls+1","Moonworks:CloudOfSeagulls+1","Moonworks:JonathanRush+1","Moonworks:JonathanRush+1","Moonworks:JonathanRush+1","Moonworks:JonathanRush+1","Moonworks:JonathanRush+1","Moonworks:JonathanRush+1","Moonworks:Accelerator+1","Moonworks:SinkOrSwim+1"],"relics":["Moonworks:BrokenBomb","Moonworks:Homemark","Moonworks:LittleGull","Singing Bowl","Lizard Tail","Toxic Egg 2","Pear","Dead Branch","Runic Pyramid","Eternal Feather","MutagenicStrength","Bag of Marbles","Blood Vial","White Beast Statue","Membership Card","Coffee Dripper"],"acts_visited":["Exordium","TheCity","TheBeyond"],"potions_floor_usage":[],"damage_taken":[{"damage":0,"enemies":"Small Slimes","floor":1,"turns":5},{"damage":8,"enemies":"2 Louse","floor":2,"turns":2},{"damage":0,"enemies":"Cultist","floor":4,"turns":2},{"damage":0,"enemies":"Exordium Thugs","floor":5,"turns":3},{"damage":0,"enemies":"Gremlin Nob","floor":6,"turns":3},{"damage":0,"enemies":"3 Louse","floor":7,"turns":3},{"damage":0,"enemies":"3 Sentries","floor":8,"turns":4},{"damage":0,"enemies":"Blue Slaver","floor":10,"turns":1},{"damage":0,"enemies":"Gremlin Nob","floor":11,"turns":2},{"damage":0,"enemies":"Exordium Thugs","floor":12,"turns":3},{"damage":0,"enemies":"3 Louse","floor":13,"turns":3},{"damage":18,"enemies":"Slime Boss","floor":16,"turns":4},{"damage":21,"enemies":"Shell Parasite","floor":18,"turns":4},{"damage":23,"enemies":"3 Byrds","floor":19,"turns":3},{"damage":0,"enemies":"Gremlin Leader","floor":23,"turns":5},{"damage":0,"enemies":"Sentry and Sphere","floor":25,"turns":4},{"damage":14,"enemies":"Book of Stabbing","floor":27,"turns":4},{"damage":28,"enemies":"Champ","floor":33,"turns":7},{"damage":52,"enemies":"3 Darklings","floor":35,"turns":4},{"damage":96,"enemies":"3 Shapes","floor":36,"turns":2}],"seed_played":"-269239363329384902","potions_obtained":[{"floor":1,"key":"Dexterity Potion"},{"floor":5,"key":"Fire Potion"},{"floor":33,"key":"Strength Potion"}],"is_trial":true,"path_per_floor":["M","M","$","M","M","E","M","E","T","M","E","M","M","?","R","B",null,"M","M","?","$","?","E","R","M","T","E","R","?","?","$","R","B",null,"M","M"],"character_chosen":"THE_STARBREAKER","items_purchased":["Singing Bowl","Moonworks:SinkOrSwim","White Beast Statue","Membership Card"],"campfire_rested":1,"item_purchase_floors":[3,21,31,31],"current_hp_per_floor":[50,42,42,44,46,48,50,52,62,64,66,66,66,66,66,50,73,54,33,33,33,33,35,44,46,46,34,70,70,70,70,79,55,84,36,0,0],"gold":125,"neow_bonus":"","is_daily":false,"chose_seed":false,"campfire_upgraded":2,"win_rate":0.0,"timestamp":1610789434,"path_taken":["M","M","$","M","M","E","M","E","T","M","E","M","M","?","R","BOSS","M","M","?","$","?","E","R","M","T","E","R","?","?","$","R","BOSS","M","M"],"items_purchased_type":["Relic","Card","Relic","Relic"],"build_version":"2020-12-22","purchased_purges":1,"victory":false,"max_hp_per_floor":[55,55,55,57,59,61,63,65,75,77,79,79,79,79,79,81,81,83,85,85,85,85,87,87,89,89,91,91,91,91,91,91,93,93,95,95,95],"relic_stats":{"Blood Vial":6,"Lizard Tail":47,"Singing Bowl":30,"counters":[20,64],"Dead Branch":[7],"Eternal Feather":27,"obtain_stats":[{"Pear":9,"Moonworks:LittleGull":0,"Singing Bowl":3,"Dead Branch":11,"Eternal Feather":20,"White Beast Statue":31,"Blood Vial":27,"Lizard Tail":6,"Moonworks:Homemark":0,"MutagenicStrength":22,"Bag of Marbles":23,"Coffee Dripper":34,"Membership Card":31,"Toxic Egg 2":8,"Moonworks:BrokenBomb":0,"Runic Pyramid":17},{"Pear":7,"Moonworks:LittleGull":0,"Singing Bowl":2,"Dead Branch":9,"Eternal Feather":14,"White Beast Statue":17,"Blood Vial":17,"Lizard Tail":5,"Moonworks:Homemark":0,"MutagenicStrength":14,"Bag of Marbles":15,"Coffee Dripper":18,"Membership Card":17,"Toxic Egg 2":7,"Moonworks:BrokenBomb":0,"Runic Pyramid":12},{"Pear":19,"Moonworks:LittleGull":0,"Singing Bowl":6,"Dead Branch":22,"Eternal Feather":38,"White Beast Statue":51,"Blood Vial":51,"Lizard Tail":12,"Moonworks:Homemark":0,"MutagenicStrength":38,"Bag of Marbles":43,"Coffee Dripper":58,"Membership Card":51,"Toxic Egg 2":19,"Moonworks:BrokenBomb":0,"Runic Pyramid":32}]},"card_choices":[{"not_picked":["Moonworks:SakisCookie","Moonworks:LulusLuckyEgg","Moonworks:BigMagnum"],"picked":"SKIP","floor":1},{"not_picked":["Moonworks:SakisCookie","Moonworks:LulusLuckyEgg","Moonworks:BigMagnum"],"picked":"SKIP","floor":1},{"not_picked":["Moonworks:Encore","Moonworks:BigMagnum","Moonworks:DeployBits"],"picked":"SKIP","floor":2},{"not_picked":["Moonworks:CloudOfSeagulls","Moonworks:EvilSpyWorkPreparation","Moonworks:IndiscriminateFireSupport"],"picked":"Singing Bowl","floor":4},{"not_picked":["Moonworks:CloudOfSeagulls","Moonworks:AwakeningOfTalent","Moonworks:LulusLuckyEgg"],"picked":"Singing Bowl","floor":5},{"not_picked":["Moonworks:JonathanRush","Moonworks:EvilSpyWorkPreparation","Moonworks:BigBangBell"],"picked":"Singing Bowl","floor":6},{"not_picked":["Moonworks:LulusLuckyEgg","Moonworks:EvilSpyWorkPreparation","Moonworks:MeltingMemories"],"picked":"Singing Bowl","floor":7},{"not_picked":["Moonworks:Poppoformation+1","Moonworks:Assault","Moonworks:ImOnFire+1"],"picked":"Singing Bowl","floor":8},{"not_picked":["Moonworks:TacticalRetreat+1","Moonworks:Assault","Moonworks:Heat300Percent+1"],"picked":"Singing Bowl","floor":10},{"not_picked":["Moonworks:TacticalRetreat+1","Moonworks:BigMagnum+1","Moonworks:DeployBits+1"],"picked":"Singing Bowl","floor":11},{"not_picked":["Moonworks:SakisCookie+1","Moonworks:AngelHand+1"],"picked":"Moonworks:JonathanRush","floor":12},{"not_picked":["Moonworks:SakisCookie+1","Moonworks:BigMagnum+1"],"picked":"Moonworks:Accelerator","floor":13},{"not_picked":["Moonworks:RocketCannon","Moonworks:Encore","Moonworks:LeapThroughSpace"],"picked":"Singing Bowl","floor":16},{"not_picked":["Moonworks:LulusLuckyEgg+1","Moonworks:EvilSpyWorkPreparation+1","Moonworks:ImOnFire+1"],"picked":"Singing Bowl","floor":18},{"not_picked":["Moonworks:EvilSpyWorkPreparation+1","Moonworks:SakisCookie+1","Moonworks:LulusLuckyEgg+1"],"picked":"Singing Bowl","floor":19},{"not_picked":["Moonworks:NicePresent+1","Moonworks:BigMagnum+1","Moonworks:BigBangBell+1"],"picked":"Singing Bowl","floor":23},{"not_picked":["Moonworks:LulusLuckyEgg+1","Moonworks:DeployBits+1","Moonworks:CompletionReward"],"picked":"Singing Bowl","floor":25},{"not_picked":["Moonworks:LulusLuckyEgg+1","Moonworks:MiracleRedBeanIceCream+1","Moonworks:BigMagnum+1"],"picked":"Singing Bowl","floor":27},{"not_picked":["Moonworks:MeltingMemories","Moonworks:Wanted+1","Moonworks:GoAway+1"],"picked":"Singing Bowl","floor":33},{"not_picked":["Moonworks:EvilSpyWorkPreparation+1","Moonworks:CookingTime","Moonworks:IndiscriminateFireSupport+1"],"picked":"Singing Bowl","floor":35}],"player_experience":585573,"relics_obtained":[{"floor":6,"key":"Lizard Tail"},{"floor":8,"key":"Toxic Egg 2"},{"floor":9,"key":"Pear"},{"floor":11,"key":"Dead Branch"},{"floor":23,"key":"Bag of Marbles"},{"floor":27,"key":"Blood Vial"}],"event_choices":[{"damage_healed":0,"gold_gain":0,"player_choice":"Grow","damage_taken":0,"max_hp_gain":0,"max_hp_loss":0,"event_name":"Living Wall","floor":14,"gold_loss":0,"cards_upgraded":["Moonworks:Accelerator"]},{"damage_healed":0,"gold_gain":0,"player_choice":"Obtained Relic","damage_taken":0,"relics_obtained":["Eternal Feather"],"max_hp_gain":0,"max_hp_loss":0,"event_name":"Addict","floor":20,"gold_loss":85},{"damage_healed":0,"gold_gain":0,"player_choice":"Inject Mutagens","damage_taken":0,"relics_obtained":["MutagenicStrength"],"max_hp_gain":0,"max_hp_loss":0,"event_name":"Drug Dealer","floor":22,"gold_loss":0},{"damage_healed":0,"gold_gain":0,"player_choice":"Ignored","damage_taken":0,"max_hp_gain":0,"max_hp_loss":0,"event_name":"Ghosts","floor":29,"gold_loss":0},{"cards_removed":["Moonworks:ImmovableObject"],"damage_healed":0,"gold_gain":0,"player_choice":"Purged","damage_taken":0,"max_hp_gain":0,"max_hp_loss":0,"event_name":"Purifier","floor":30,"gold_loss":0}],"is_beta":false,"boss_relics":[{"not_picked":["Cursed Key","Busted Crown"],"picked":"Runic Pyramid"},{"not_picked":["Snecko Eye","Pandora\u0027s Box"],"picked":"Coffee Dripper"}],"items_purged_floors":[21],"is_endless":false,"potions_floor_spawned":[1,5,6,7,13,16,27,33,35],"killed_by":"3 Shapes","ascension_level":20}}