{"host":"1gp1o2u6gt64xxzw","time":1610760713,"event":{"mods":["AchievementEnabler","BaseMod","Better Note","Colored Powertips","Highlight Path","HololiveMod","Minty Spire (QoL Compilation)","Quick Restart","Robot Space Explorer","StSLib","Unceasing Turn Reminder"],"gold_per_floor":[110,185,185,202,213,213,223,223,249,259,310,310,328,346,346,445,445,428,306,306,318,318,318,318,318,318,318,218,232,246,257,257,358,358,375,375,392,392,409,409,438,57,81,100,100,116,136,186,186,186],"floor_reached":51,"language":"ENG","playtime":1951,"items_purged":["RobotSpaceExplorer:Strike","RobotSpaceExplorer:Strike","RobotSpaceExplorer:Defend"],"score":696,"play_id":"a47f60a6-91af-4b18-9518-eaefcbdeaeb8","local_time":"20210116023153","is_ascension_mode":false,"campfire_choices":[{"data":"RobotSpaceExplorer:IronShell","floor":6.0,"key":"SMITH"},{"floor":8.0,"key":"REST"},{"data":"RobotSpaceExplorer:Pulsar","floor":12,"key":"SMITH"},{"data":"RobotSpaceExplorer:Scan","floor":15,"key":"SMITH"},{"data":"RobotSpaceExplorer:Comet","floor":23,"key":"SMITH"},{"floor":25,"key":"RECALL"},{"data":"RobotSpaceExplorer:Pulsar","floor":27,"key":"SMITH"},{"data":"RobotSpaceExplorer:Defend","floor":32,"key":"SMITH"},{"data":"RobotSpaceExplorer:BlastShield","floor":40,"key":"SMITH"},{"floor":45,"key":"REST"},{"data":"RobotSpaceExplorer:Pulsar","floor":49,"key":"SMITH"}],"circlet_count":0,"master_deck":["RobotSpaceExplorer:Defend+1","RobotSpaceExplorer:Defend","RobotSpaceExplorer:Defend","RobotSpaceExplorer:Scan+1","RobotSpaceExplorer:MiniLasers+1","RobotSpaceExplorer:Comet+1","RobotSpaceExplorer:IronShell+1","RobotSpaceExplorer:Pulsar+1","RobotSpaceExplorer:Comet+1","RobotSpaceExplorer:Pulsar+1","RobotSpaceExplorer:BlastShield+1","RobotSpaceExplorer:StarDust+1","RobotSpaceExplorer:Pulsar+1"],"relics":["RobotSpaceExplorer:RoboCore","Bag of Preparation","RobotSpaceExplorer:ClockworkSextant","Cursed Key","RobotSpaceExplorer:Reprocessor","Omamori","RobotSpaceExplorer:BottledGravity","Whetstone","Bird Faced Urn"],"acts_visited":["Exordium","TheCity","TheBeyond"],"potions_floor_usage":[16,33,50,50,50],"damage_taken":[{"damage":1.0,"enemies":"Jaw Worm","floor":1.0,"turns":4.0},{"damage":0.0,"enemies":"Small Slimes","floor":4.0,"turns":2.0},{"damage":1.0,"enemies":"Cultist","floor":5.0,"turns":4.0},{"damage":13.0,"enemies":"Exordium Wildlife","floor":7.0,"turns":5.0},{"damage":0,"enemies":"Large Slime","floor":10,"turns":4},{"damage":0,"enemies":"Blue Slaver","floor":13,"turns":3},{"damage":0,"enemies":"3 Louse","floor":14,"turns":4},{"damage":1,"enemies":"The Guardian","floor":16,"turns":10},{"damage":10,"enemies":"2 Thieves","floor":18,"turns":4},{"damage":0,"enemies":"Chosen","floor":21,"turns":5},{"damage":0,"enemies":"Shelled Parasite and Fungi","floor":29,"turns":4},{"damage":3,"enemies":"Snake Plant","floor":30,"turns":3},{"damage":0,"enemies":"Snecko","floor":31,"turns":4},{"damage":28,"enemies":"Automaton","floor":33,"turns":8},{"damage":0,"enemies":"3 Darklings","floor":35,"turns":3},{"damage":0,"enemies":"Orb Walker","floor":37,"turns":3},{"damage":11,"enemies":"Sphere and 2 Shapes","floor":39,"turns":4},{"damage":4,"enemies":"Giant Head","floor":41,"turns":7},{"damage":7,"enemies":"Maw","floor":44,"turns":5},{"damage":0,"enemies":"Spire Growth","floor":46,"turns":4},{"damage":0,"enemies":"Transient","floor":47,"turns":5},{"damage":0,"enemies":"Mind Bloom Boss Battle","floor":48,"turns":5},{"damage":15,"enemies":"Awakened One","floor":50,"turns":7}],"seed_played":"-2816019608123133973","potions_obtained":[{"floor":5.0,"key":"ColorlessPotion"},{"floor":7.0,"key":"Explosive Potion"},{"floor":14,"key":"LiquidMemories"},{"floor":16,"key":"BlessingOfTheForge"},{"floor":33,"key":"Explosive Potion"},{"floor":46,"key":"RobotSpaceExplorer:PlasmaFlask"},{"floor":47,"key":"EssenceOfSteel"}],"is_trial":false,"path_per_floor":["M","?","?","M","M","R","M","R","T","M","T","R","M","M","R","B",null,"M","$","?","M","?","R","?","R","T","R","$","M","M","M","R","B",null,"M","?","M","?","M","R","E","$","T","M","R","M","M","?","R","B",null],"character_chosen":"RobotSpaceExplorer","items_purchased":["RobotSpaceExplorer:Pulsar","RobotSpaceExplorer:BottledGravity"],"campfire_rested":2,"item_purchase_floors":[19,42],"current_hp_per_floor":[67,56,56,56,55,55,42,62,62,62,62,62,62,62,62,61,68,58,58,58,58,58,58,58,58,58,58,58,58,55,55,55,27,68,68,68,68,68,57,57,53,53,53,46,66,66,66,66,66,53],"gold":186,"neow_bonus":"THREE_RARE_CARDS","is_daily":false,"chose_seed":false,"campfire_upgraded":8,"win_rate":0.0,"timestamp":1610760713,"path_taken":["M","?","?","M","?","R","M","R","T","M","?","R","M","M","R","BOSS","M","$","?","M","?","R","?","R","T","R","$","M","?","M","R","BOSS","M","?","M","?","M","R","E","?","T","M","R","?","M","?","R","BOSS"],"items_purchased_type":["Card","Relic"],"build_version":"2020-12-22","purchased_purges":3,"victory":true,"max_hp_per_floor":[68,68,68,68,68,68,68,68,68,68,68,68,68,68,68,68,68,68,68,68,68,68,68,68,68,68,68,68,68,68,68,68,68,68,68,68,68,68,68,68,68,68,68,68,68,68,68,68,68,68],"card_choices":[{"not_picked":["RobotSpaceExplorer:Accelerator","RobotSpaceExplorer:Wormhole"],"picked":"RobotSpaceExplorer:Comet","floor":0.0},{"not_picked":["RobotSpaceExplorer:ImprovisedAttack","RobotSpaceExplorer:ShovelStrike","RobotSpaceExplorer:DualCore"],"picked":"SKIP","floor":1.0},{"not_picked":["RobotSpaceExplorer:Ammunition","RobotSpaceExplorer:ToxicBomb","RobotSpaceExplorer:Probe"],"picked":"SKIP","floor":4.0},{"not_picked":["RobotSpaceExplorer:MiniDrones","RobotSpaceExplorer:Blaster"],"picked":"RobotSpaceExplorer:IronShell","floor":5.0},{"not_picked":["RobotSpaceExplorer:ImprovisedAttack","RobotSpaceExplorer:Ammunition","RobotSpaceExplorer:SelfCleaning"],"picked":"SKIP","floor":7.0},{"not_picked":["RobotSpaceExplorer:Fix","RobotSpaceExplorer:FrostMissile"],"picked":"RobotSpaceExplorer:Pulsar","floor":10},{"not_picked":["RobotSpaceExplorer:Probe","RobotSpaceExplorer:SwiftStep","RobotSpaceExplorer:ToxicBomb"],"picked":"SKIP","floor":13},{"not_picked":["RobotSpaceExplorer:StunGrenade","RobotSpaceExplorer:Probe","RobotSpaceExplorer:ScrapToss"],"picked":"SKIP","floor":14},{"not_picked":["RobotSpaceExplorer:Asteroid","RobotSpaceExplorer:Exploration"],"picked":"RobotSpaceExplorer:Comet","floor":16},{"not_picked":["RobotSpaceExplorer:ScrapToss","RobotSpaceExplorer:Ammunition","RobotSpaceExplorer:ImprovisedAttack"],"picked":"SKIP","floor":18},{"not_picked":["RobotSpaceExplorer:FreezeRay","RobotSpaceExplorer:StunGrenade","RobotSpaceExplorer:ShovelStrike"],"picked":"SKIP","floor":21},{"not_picked":["RobotSpaceExplorer:ShovelStrike","RobotSpaceExplorer:PowerCollector","RobotSpaceExplorer:ScrapShield"],"picked":"SKIP","floor":29},{"not_picked":["RobotSpaceExplorer:FrostMissile","RobotSpaceExplorer:FranticSearch","RobotSpaceExplorer:StunGrenade"],"picked":"SKIP","floor":30},{"not_picked":["RobotSpaceExplorer:TurboDodge","RobotSpaceExplorer:FrostMissile","RobotSpaceExplorer:SwiftStep"],"picked":"SKIP","floor":31},{"not_picked":["RobotSpaceExplorer:ChargingLaser","RobotSpaceExplorer:Scanner"],"picked":"RobotSpaceExplorer:BlastShield","floor":33},{"not_picked":["RobotSpaceExplorer:ScrapShield+1","RobotSpaceExplorer:ImprovisedAttack+1"],"picked":"RobotSpaceExplorer:StarDust+1","floor":35},{"not_picked":["RobotSpaceExplorer:MetalStrike+1","RobotSpaceExplorer:LuckyStrike","RobotSpaceExplorer:SurgingStrike+1"],"picked":"SKIP","floor":37},{"not_picked":["RobotSpaceExplorer:FranticSearch+1","RobotSpaceExplorer:ScrapMissile","RobotSpaceExplorer:SlimeMissile"],"picked":"SKIP","floor":39},{"not_picked":["RobotSpaceExplorer:ExhaustFan+1","RobotSpaceExplorer:ScrapMissile+1"],"picked":"RobotSpaceExplorer:Pulsar","floor":41},{"not_picked":["RobotSpaceExplorer:FranticSearch+1","RobotSpaceExplorer:SurgingStrike+1","RobotSpaceExplorer:Counterblock+1"],"picked":"SKIP","floor":44},{"not_picked":["RobotSpaceExplorer:Counterblock","RobotSpaceExplorer:Autoloader","RobotSpaceExplorer:SurgingShield"],"picked":"SKIP","floor":46},{"not_picked":["RobotSpaceExplorer:SlimeMissile+1","RobotSpaceExplorer:GlueSpray","RobotSpaceExplorer:SwiftStep+1"],"picked":"SKIP","floor":47}],"player_experience":383753,"relics_obtained":[{"floor":9.0,"key":"Bag of Preparation"},{"floor":11,"key":"RobotSpaceExplorer:ClockworkSextant"},{"floor":41,"key":"Omamori"},{"floor":43,"key":"Whetstone"},{"floor":48,"key":"Bird Faced Urn"}],"event_choices":[{"damage_healed":0.0,"max_hp_gain":0.0,"max_hp_loss":0.0,"gold_gain":75.0,"event_name":"World of Goop","player_choice":"Gather Gold","floor":2.0,"gold_loss":0.0,"damage_taken":11.0},{"damage_healed":0.0,"max_hp_gain":0.0,"max_hp_loss":0.0,"gold_gain":0.0,"event_name":"Upgrade Shrine","player_choice":"Upgraded","floor":3.0,"gold_loss":0.0,"damage_taken":0.0,"cards_upgraded":["RobotSpaceExplorer:Comet"]},{"damage_healed":0,"gold_gain":0,"player_choice":"Bought 0 Potions","damage_taken":0,"max_hp_gain":0,"max_hp_loss":0,"event_name":"The Woman in Blue","floor":20,"gold_loss":0},{"cards_removed":["RobotSpaceExplorer:Strike"],"damage_healed":0,"gold_gain":0,"player_choice":"Give","damage_taken":0,"max_hp_gain":0,"max_hp_loss":0,"event_name":"betterNote:BetterNote","floor":22,"gold_loss":0,"cards_obtained":["RobotSpaceExplorer:Defend"]},{"cards_removed":["RobotSpaceExplorer:Strike"],"damage_healed":0,"gold_gain":0,"player_choice":"Offered Basic","damage_taken":0,"max_hp_gain":0,"max_hp_loss":0,"event_name":"Bonfire Elementals","floor":24,"gold_loss":0},{"damage_healed":0,"gold_gain":0,"player_choice":"Ignored","damage_taken":0,"max_hp_gain":0,"max_hp_loss":0,"event_name":"Tomb of Lord Red Mask","floor":36,"gold_loss":0},{"cards_removed":["RobotSpaceExplorer:Strike"],"damage_healed":0,"gold_gain":0,"player_choice":"Removed Attack","damage_taken":0,"max_hp_gain":0,"max_hp_loss":0,"event_name":"Falling","floor":38,"gold_loss":0},{"damage_healed":0,"gold_gain":0,"player_choice":"Fight","damage_taken":0,"max_hp_gain":0,"max_hp_loss":0,"event_name":"MindBloom","floor":48,"gold_loss":0}],"is_beta":false,"boss_relics":[{"not_picked":["Snecko Eye","Hololive_ChaosS"],"picked":"Cursed Key"},{"not_picked":["Fusion Hammer","SacredBark"],"picked":"RobotSpaceExplorer:Reprocessor"}],"items_purged_floors":[19,28,42],"is_endless":false,"potions_floor_spawned":[5,7,14,16,18,31,33,39,46,47,48],"ascension_level":0}}