{"host":"qgpuimdto8vl2dfg","time":1610768398,"event":{"mods":["Act Like it!","BaseMod","Colored Powertips","Gensokyo","KinomotoSakuraMod(Ä¾Ö®±¾Ó£)","Koishi","Minty Spire (QoL Compilation)","Quick Restart","Relic Stats","StSLib","The Administrix","The Senshi"],"gold_per_floor":[110,110,125,143,68,68,68],"floor_reached":6,"language":"ZHS","playtime":348,"items_purged":["theSenshi:SailorKick"],"score":36,"play_id":"3cdf8f96-f300-443e-9f8e-2d7880d977a7","local_time":"20210116113958","is_ascension_mode":false,"campfire_choices":[],"circlet_count":0,"master_deck":["theSenshi:SailorKick","theSenshi:SailorKick","theSenshi:SailorKick","theSenshi:SailorBlock","theSenshi:SailorBlock","theSenshi:SailorBlock","theSenshi:SailorBlock","theSenshi:RoseThrow","theSenshi:MoonPrismPowerMakeUp","theSenshi:KlutzyLuck","theSenshi:LateForSchool"],"relics":["theSenshi:TransformationBroochRelic","NeowsBlessing","Pear"],"acts_visited":["Exordium"],"potions_floor_usage":[],"damage_taken":[{"damage":0,"enemies":"Gensokyo:2_Kodama","floor":1,"turns":1},{"damage":0,"enemies":"Gensokyo:Python","floor":3,"turns":1},{"damage":0,"enemies":"Gensokyo:Gryphon","floor":4,"turns":1},{"damage":63,"enemies":"Gensokyo:Mamizou","floor":6,"turns":13}],"seed_played":"3771930996327853161","potions_obtained":[{"floor":1,"key":"SneckoOil"}],"is_trial":false,"path_per_floor":["M","?","M","M","$","E"],"character_chosen":"THE_SENSHI","items_purchased":[],"campfire_rested":0,"item_purchase_floors":[],"current_hp_per_floor":[75,70,70,70,70,7,7],"gold":68,"neow_bonus":"THREE_ENEMY_KILL","is_daily":false,"chose_seed":false,"campfire_upgraded":0,"win_rate":0.0,"timestamp":1610768398,"path_taken":["M","?","?","M","$","E"],"items_purchased_type":[],"build_version":"2020-12-22","purchased_purges":1,"victory":false,"max_hp_per_floor":[75,85,85,85,85,85,85],"relic_stats":{"counters":[4,16],"obtain_stats":[{"theSenshi:TransformationBroochRelic":0,"Pear":2,"NeowsBlessing":0},{"theSenshi:TransformationBroochRelic":0,"Pear":1,"NeowsBlessing":0},{"theSenshi:TransformationBroochRelic":0,"Pear":1,"NeowsBlessing":0}]},"card_choices":[{"not_picked":["theSenshi:MoonKick","theSenshi:SupersonicWaves"],"picked":"theSenshi:KlutzyLuck","floor":1},{"not_picked":["theSenshi:EncouragingSpeech","theSenshi:MoonHealingEscalation"],"picked":"theSenshi:LateForSchool","floor":3},{"not_picked":["theSenshi:MoonSpiralHeartAttack","theSenshi:HesSoDreamy","theSenshi:SailorVenusAssists"],"picked":"SKIP","floor":4}],"player_experience":471631,"relics_obtained":[],"event_choices":[],"is_beta":false,"boss_relics":[],"items_purged_floors":[5],"is_endless":false,"potions_floor_spawned":[1],"killed_by":"Gensokyo:Mamizou","ascension_level":0}}