{"host":"bpjv6cqpnmybtr57","time":1610758700,"event":{"mods":["BaseMod","Bestiary","Minty Spire (QoL Compilation)","Relic Stats"],"gold_per_floor":[112,132,145,62,76,105,105,83,83,83,83,83,83,83],"floor_reached":13,"language":"ENG","playtime":1204,"items_purged":[],"score":166,"play_id":"128db7f2-d514-4a92-83ac-94f149da0dd1","local_time":"20210115165820","is_ascension_mode":true,"campfire_choices":[{"data":"Dagger Spray","floor":7,"key":"SMITH"},{"floor":10,"key":"REST"},{"data":"Footwork","floor":12,"key":"SMITH"}],"circlet_count":0,"master_deck":["AscendersBane","Strike_G","Strike_G","Strike_G","Strike_G","Strike_G","Defend_G","Defend_G","Defend_G","Defend_G","Defend_G","Survivor","Neutralize","Infinite Blades","Dagger Spray+1","Acrobatics","Well Laid Plans","PiercingWail","Cloak And Dagger","Footwork+1"],"relics":["Ring of the Snake","Toy Ornithopter","HornCleat"],"acts_visited":["Exordium"],"potions_floor_usage":[6],"damage_taken":[{"damage":0,"enemies":"Cultist","floor":1,"turns":4},{"damage":7,"enemies":"Small Slimes","floor":2,"turns":4},{"damage":0,"enemies":"2 Louse","floor":3,"turns":2},{"damage":4,"enemies":"Blue Slaver","floor":5,"turns":6},{"damage":30,"enemies":"3 Sentries","floor":6,"turns":10},{"damage":22,"enemies":"Exordium Thugs","floor":8,"turns":5},{"damage":26,"enemies":"Lagavulin","floor":13,"turns":10}],"seed_played":"1485532213122188611","potions_obtained":[{"floor":1,"key":"LiquidMemories"},{"floor":2,"key":"Swift Potion"},{"floor":8,"key":"Swift Potion"}],"is_trial":false,"path_per_floor":["M","M","M","$","M","E","R","M","T","R","?","R","E"],"character_chosen":"THE_SILENT","items_purchased":["Well Laid Plans"],"campfire_rested":1,"item_purchase_floors":[4],"current_hp_per_floor":[65,58,58,58,54,24,24,2,2,23,23,23,0,0],"gold":83,"neow_bonus":"TEN_PERCENT_HP_BONUS","is_daily":false,"chose_seed":false,"campfire_upgraded":2,"win_rate":0.0,"timestamp":1610758700,"path_taken":["M","M","M","$","?","E","R","M","T","R","?","R","E"],"items_purchased_type":["Card"],"build_version":"2020-12-22","purchased_purges":0,"victory":false,"max_hp_per_floor":[72,72,72,72,72,72,72,72,72,72,72,72,72,72],"relic_stats":{"counters":[7,41],"obtain_stats":[{"HornCleat":9,"Toy Ornithopter":6,"Ring of the Snake":0},{"HornCleat":6,"Toy Ornithopter":5,"Ring of the Snake":0},{"HornCleat":31,"Toy Ornithopter":26,"Ring of the Snake":0}],"Toy Ornithopter":0,"Ring of the Snake":[14]},"card_choices":[{"not_picked":["Riddle With Holes","Prepared"],"picked":"Infinite Blades","floor":1},{"not_picked":["Slice","Bane"],"picked":"Dagger Spray","floor":2},{"not_picked":["Deflect","Riddle With Holes"],"picked":"Acrobatics","floor":3},{"not_picked":["Backstab","Dodge and Roll"],"picked":"PiercingWail","floor":5},{"not_picked":["Bane","PiercingWail"],"picked":"Cloak And Dagger","floor":6},{"not_picked":["Underhanded Strike","Slice"],"picked":"Footwork","floor":8}],"player_experience":65654,"relics_obtained":[{"floor":6,"key":"Toy Ornithopter"},{"floor":9,"key":"HornCleat"}],"event_choices":[{"damage_healed":0,"gold_gain":0,"player_choice":"Ignored","damage_taken":0,"max_hp_gain":0,"max_hp_loss":0,"event_name":"Golden Wing","floor":11,"gold_loss":0}],"is_beta":false,"boss_relics":[],"items_purged_floors":[],"is_endless":false,"potions_floor_spawned":[1,2,8],"killed_by":"Lagavulin","ascension_level":19}}