{"host":"7tqog9fnhs0gxmti","time":1610802596,"event":{"mods":["AchievementEnabler","Act Like it!","BaseMod","Colored Map","Colored Powertips","Hermit","Highlight Path","Minty Spire (QoL Compilation)","StSLib","The Senshi","everything is the same but u backflip on backflip"],"gold_per_floor":[111,123,141,141,214,239,239,291,291,302,302,322,8,8,8,110,110,121,121,139,159,159,159,159],"floor_reached":23,"language":"ENG","playtime":1184,"items_purged":[],"score":201,"play_id":"3ae0a8fb-5bea-4e37-b213-9aa2942368df","local_time":"20210116210956","is_ascension_mode":false,"campfire_choices":[{"data":"hermit:CursedWeapon","floor":7,"key":"SMITH"},{"floor":15,"key":"REST"}],"circlet_count":0,"master_deck":["hermit:Strike_Hermit","hermit:Strike_Hermit","hermit:Strike_Hermit","hermit:Strike_Hermit","hermit:Defend_Hermit","hermit:Defend_Hermit","hermit:Defend_Hermit","hermit:Defend_Hermit","hermit:Snapshot","hermit:Covet","hermit:CursedWeapon+1","hermit:Feint","hermit:Glare+1","Regret","hermit:Brawl","hermit:TakeAim","hermit:Dive","hermit:CalledShot","hermit:Headshot","hermit:FromBeyond","hermit:Adapt","hermit:Vantage+1","hermit:Enervate","hermit:Deadeye+1"],"relics":["hermit:Momento","hermit:RedScarf","Blue Candle","Anchor","Shuriken","Vajra","Black Star"],"acts_visited":["Exordium","TheCity"],"potions_floor_usage":[6,6,8,16],"damage_taken":[{"damage":0,"enemies":"Cultist","floor":1,"turns":3},{"damage":2,"enemies":"Small Slimes","floor":2,"turns":3},{"damage":2,"enemies":"2 Louse","floor":3,"turns":2},{"damage":13,"enemies":"Lagavulin","floor":6,"turns":5},{"damage":19,"enemies":"Gremlin Nob","floor":8,"turns":4},{"damage":3,"enemies":"Lots of Slimes","floor":10,"turns":4},{"damage":2,"enemies":"Exordium Wildlife","floor":12,"turns":6},{"damage":49,"enemies":"The Guardian","floor":16,"turns":12},{"damage":15,"enemies":"3 Byrds","floor":18,"turns":7},{"damage":16,"enemies":"Spheric Guardian","floor":20,"turns":6},{"damage":29,"enemies":"Centurion and Healer","floor":21,"turns":4},{"damage":46,"enemies":"Gremlin Leader","floor":23,"turns":7}],"seed_played":"7699695445794708684","potions_obtained":[{"floor":0,"key":"SteroidPotion"},{"floor":0,"key":"SteroidPotion"},{"floor":0,"key":"GamblersBrew"},{"floor":6,"key":"ColorlessPotion"},{"floor":8,"key":"ColorlessPotion"},{"floor":16,"key":"hermit:Tonic"},{"floor":19,"key":"CultistPotion"},{"floor":19,"key":"SteroidPotion"},{"floor":21,"key":"EssenceOfSteel"}],"is_trial":false,"path_per_floor":["M","M","M","?","?","E","R","E","T","M","?","M","$","?","R","B",null,"M","?","M","M","?","E"],"character_chosen":"HERMIT","items_purchased":["hermit:FromBeyond","Vajra"],"campfire_rested":1,"item_purchase_floors":[13,13],"current_hp_per_floor":[75,73,71,71,71,58,58,39,39,36,36,34,34,34,56,7,75,60,60,44,15,40,0,0],"gold":159,"neow_bonus":"THREE_SMALL_POTIONS","is_daily":false,"chose_seed":false,"campfire_upgraded":1,"win_rate":0.0,"timestamp":1610802596,"path_taken":["M","?","M","?","?","E","R","E","T","M","?","?","$","?","R","BOSS","M","?","M","?","?","E"],"items_purchased_type":["Card","Relic"],"build_version":"2020-12-22","purchased_purges":0,"victory":false,"max_hp_per_floor":[75,75,75,75,75,75,75,75,75,75,75,75,75,75,75,75,75,75,75,75,75,75,75,75],"card_choices":[{"not_picked":["hermit:TrackingShot","hermit:Coalescence"],"picked":"hermit:CursedWeapon","floor":1},{"not_picked":["hermit:HoleUp","hermit:Roulette"],"picked":"hermit:Feint","floor":2},{"not_picked":["hermit:Vantage","hermit:Coalescence"],"picked":"hermit:Glare","floor":3},{"not_picked":["hermit:CursedWeapon","hermit:Showdown"],"picked":"hermit:Brawl","floor":6},{"not_picked":["hermit:HoleUp","hermit:Purgatory"],"picked":"hermit:TakeAim","floor":8},{"not_picked":["hermit:Virtue","hermit:HighCaliber"],"picked":"hermit:Dive","floor":10},{"not_picked":["hermit:HighCaliber","hermit:SprayPray"],"picked":"hermit:Headshot","floor":12},{"not_picked":["hermit:HighNoon","hermit:Roughhouse"],"picked":"hermit:Adapt","floor":16},{"not_picked":["hermit:HighCaliber","hermit:Coalescence"],"picked":"hermit:Vantage+1","floor":18},{"not_picked":["hermit:Manifest","hermit:Ricochet"],"picked":"hermit:Enervate","floor":20},{"not_picked":["hermit:Vantage+1","hermit:Dive"],"picked":"hermit:Deadeye+1","floor":21}],"player_experience":746600,"relics_obtained":[{"floor":6,"key":"Blue Candle"},{"floor":8,"key":"Anchor"},{"floor":9,"key":"Shuriken"}],"event_choices":[{"damage_healed":0,"gold_gain":0,"player_choice":"Box","damage_taken":0,"relics_obtained":["hermit:RedScarf"],"max_hp_gain":0,"max_hp_loss":0,"event_name":"Big Fish","floor":4,"gold_loss":0,"cards_obtained":["Regret"]},{"damage_healed":0,"gold_gain":73,"player_choice":"Gained Gold","damage_taken":0,"max_hp_gain":0,"max_hp_loss":0,"event_name":"Golden Wing","floor":5,"gold_loss":0},{"damage_healed":0,"gold_gain":0,"player_choice":"1 cards matched","damage_taken":0,"max_hp_gain":0,"max_hp_loss":0,"event_name":"Match and Keep!","floor":11,"gold_loss":0,"cards_obtained":["hermit:CalledShot"]},{"damage_healed":0,"gold_gain":0,"player_choice":"Grow","damage_taken":0,"max_hp_gain":0,"max_hp_loss":0,"event_name":"Living Wall","floor":14,"gold_loss":0,"cards_upgraded":["hermit:Glare"]},{"damage_healed":0,"gold_gain":0,"player_choice":"Got Potions","damage_taken":0,"max_hp_gain":0,"max_hp_loss":0,"event_name":"Lab","floor":19,"gold_loss":0},{"damage_healed":25,"gold_gain":0,"player_choice":"Heal","damage_taken":0,"max_hp_gain":0,"max_hp_loss":0,"event_name":"The Library","floor":22,"gold_loss":0}],"is_beta":false,"boss_relics":[{"not_picked":["hermit:ClaspedLocket","Runic Dome"],"picked":"Black Star"}],"items_purged_floors":[],"is_endless":false,"potions_floor_spawned":[6,8,16,21],"killed_by":"Gremlin Leader","ascension_level":0}}