{"host":"c6u7e77myxvw4d0m","time":1610800773,"event":{"mods":["AchievementEnabler","BaseMod","Bestiary","Colored Map","Colored Powertips","Minty Spire (QoL Compilation)","Rare Cards Sparkle","Relic Stats","everything is the same but u backflip on backflip"],"gold_per_floor":[111,111,128,203,27,62,72,104,129,94,110,139,139,169,169,248,248,258,271,140,151,92,92,127,137,137,169,169,201,220,250,250,329,329,340,360,45,60,85,117,117,217,293,293,318,328,8,21,21,21],"floor_reached":51,"language":"ENG","playtime":4287,"items_purged":["Doppelganger"],"score":1585,"play_id":"8c3485eb-840e-4df5-b8d8-4eefa2f3b2e9","local_time":"20210116143933","is_ascension_mode":true,"campfire_choices":[{"data":"Skewer","floor":15.0,"key":"SMITH"},{"data":"Adrenaline","floor":23.0,"key":"SMITH"},{"data":"Prepared","floor":28.0,"key":"SMITH"},{"data":"Calculated Gamble","floor":32.0,"key":"SMITH"},{"data":"After Image","floor":41,"key":"SMITH"},{"data":"Dagger Spray","floor":44,"key":"SMITH"},{"data":"Footwork","floor":49,"key":"SMITH"}],"circlet_count":0,"master_deck":["AscendersBane","Strike_G","Strike_G","Strike_G","Strike_G","Defend_G","Defend_G","Defend_G+1","Defend_G","Defend_G","Survivor","Neutralize+1","Skewer+1","Terror+1","Poisoned Stab","Dagger Throw","Caltrops","Cloak And Dagger","PiercingWail","Calculated Gamble+1","Adrenaline+1","Backflip","Eviscerate","Backstab","Swift Strike","Reflex+1","Prepared+1","Die Die Die","Dagger Spray+1","Backstab","After Image+1","Well Laid Plans+1","Footwork+1","Skewer+1","Tactician"],"relics":["Ring of the Snake","Chemical X","War Paint","Toy Ornithopter","Orichalcum","White Beast Statue","StrikeDummy","Black Star","Lantern","Gambling Chip","Centennial Puzzle","The Courier","Vajra","Tough Bandages","Art of War","Pocketwatch","Pantograph","Darkstone Periapt","Coffee Dripper","Akabeko","Meat on the Bone","CaptainsWheel","Oddly Smooth Stone","Ice Cream","Singing Bowl","Bag of Marbles","Smiling Mask","DollysMirror"],"acts_visited":["Exordium","TheCity","TheBeyond"],"potions_floor_usage":[40,40,50,50],"damage_taken":[{"damage":0.0,"enemies":"2 Louse","floor":1.0,"turns":4.0},{"damage":0.0,"enemies":"Small Slimes","floor":3.0,"turns":3.0},{"damage":12.0,"enemies":"Lagavulin","floor":6.0,"turns":5.0},{"damage":2.0,"enemies":"Jaw Worm","floor":7.0,"turns":2.0},{"damage":0.0,"enemies":"Gremlin Nob","floor":8.0,"turns":3.0},{"damage":8.0,"enemies":"Lots of Slimes","floor":11.0,"turns":5.0},{"damage":9.0,"enemies":"Lagavulin","floor":12.0,"turns":5.0},{"damage":1.0,"enemies":"Gremlin Nob","floor":14.0,"turns":4.0},{"damage":2.0,"enemies":"The Guardian","floor":16.0,"turns":7.0},{"damage":3.0,"enemies":"3 Byrds","floor":18.0,"turns":5.0},{"damage":0.0,"enemies":"Chosen","floor":19.0,"turns":3.0},{"damage":0.0,"enemies":"Shelled Parasite and Fungi","floor":21.0,"turns":4.0},{"damage":1.0,"enemies":"Slavers","floor":24.0,"turns":6.0},{"damage":0.0,"enemies":"Snecko","floor":25.0,"turns":2.0},{"damage":0.0,"enemies":"Book of Stabbing","floor":27.0,"turns":4.0},{"damage":4.0,"enemies":"Gremlin Leader","floor":29.0,"turns":3.0},{"damage":5.0,"enemies":"Snake Plant","floor":30.0,"turns":3.0},{"damage":0.0,"enemies":"Slavers","floor":31.0,"turns":3.0},{"damage":33.0,"enemies":"Champ","floor":33.0,"turns":7.0},{"damage":6.0,"enemies":"3 Darklings","floor":35.0,"turns":4.0},{"damage":0.0,"enemies":"Orb Walker","floor":36.0,"turns":2.0},{"damage":12.0,"enemies":"4 Shapes","floor":38.0,"turns":1.0},{"damage":0.0,"enemies":"Mind Bloom Boss Battle","floor":39.0,"turns":3.0},{"damage":0,"enemies":"Giant Head","floor":40,"turns":4},{"damage":0,"enemies":"Reptomancer","floor":45,"turns":2},{"damage":0,"enemies":"Spire Growth","floor":46,"turns":1},{"damage":7,"enemies":"Writhing Mass","floor":48,"turns":2},{"damage":38,"enemies":"Awakened One","floor":50,"turns":10}],"seed_played":"4494345582358141721","potions_obtained":[{"floor":3.0,"key":"FearPotion"},{"floor":7.0,"key":"SneckoOil"},{"floor":8.0,"key":"Weak Potion"},{"floor":12.0,"key":"GamblersBrew"},{"floor":14.0,"key":"Poison Potion"},{"floor":16.0,"key":"Ancient Potion"},{"floor":18.0,"key":"ColorlessPotion"},{"floor":21.0,"key":"Block Potion"},{"floor":24.0,"key":"SpeedPotion"},{"floor":25.0,"key":"CunningPotion"},{"floor":27.0,"key":"DuplicationPotion"},{"floor":29.0,"key":"CultistPotion"},{"floor":33.0,"key":"Poison Potion"},{"floor":35.0,"key":"Energy Potion"},{"floor":40,"key":"BlessingOfTheForge"},{"floor":45,"key":"PowerPotion"},{"floor":46,"key":"ColorlessPotion"}],"is_trial":false,"path_per_floor":["M","?","M","?","$","E","M","E","T","?","M","E","?","E","R","B",null,"M","M","$","M","?","R","E","M","T","E","R","E","M","E","R","B",null,"M","M","$","M","?","E","R","?","T","R","E","M","$","M","R","B",null],"character_chosen":"THE_SILENT","items_purchased":["Chemical X","Poisoned Stab","Backstab","Swift Strike","Akabeko","Meat on the Bone","Footwork","DollysMirror","CultistPotion"],"campfire_rested":0,"item_purchase_floors":[5,5,20,20,37,37,47,47,47],"current_hp_per_floor":[59,52,52,41,41,29,27,27,27,43,35,31,31,35,35,38,59,56,56,56,56,56,56,60,60,60,65,65,61,56,56,56,33,58,52,52,52,40,65,66,66,66,66,66,68,68,68,61,61,42],"gold":21,"neow_bonus":"UPGRADE_CARD","is_daily":false,"chose_seed":false,"campfire_upgraded":7,"win_rate":0.0,"timestamp":1610800773,"path_taken":["M","?","M","?","$","E","M","E","T","?","M","E","?","E","R","BOSS","M","M","$","M","?","R","E","?","T","E","R","E","M","E","R","BOSS","M","M","$","M","?","E","R","?","T","R","E","M","$","M","R","BOSS"],"items_purchased_type":["Relic","Card","Card","Card","Relic","Relic","Card","Relic","Potion"],"build_version":"2020-12-22","purchased_purges":1,"victory":true,"max_hp_per_floor":[66,66,66,66,66,66,66,66,66,66,66,66,66,66,66,66,66,66,66,66,66,66,66,66,66,66,66,66,66,66,66,66,66,66,66,66,66,66,66,66,66,66,66,66,68,68,68,68,68,68],"relic_stats":{"Darkstone Periapt":0,"Singing Bowl":2,"counters":[28,107],"War Paint":["Terror","Defend_G"],"Orichalcum":[108],"Smiling Mask":10,"Centennial Puzzle":[21],"Tough Bandages":[267],"Gambling Chip":[53],"Pantograph":42,"Black Star":6,"Art of War":[2],"Chemical X":[41],"obtain_stats":[{"Darkstone Periapt":31,"Ice Cream":40,"Lantern":22,"Singing Bowl":43,"Vajra":27,"Smiling Mask":45,"Centennial Puzzle":24,"Tough Bandages":27,"DollysMirror":47,"Gambling Chip":24,"Pantograph":31,"Chemical X":5,"Ring of the Snake":0,"Oddly Smooth Stone":40,"The Courier":26,"War Paint":6,"Orichalcum":9,"White Beast Statue":12,"Akabeko":37,"CaptainsWheel":39,"Black Star":17,"Art of War":29,"Coffee Dripper":34,"Bag of Marbles":45,"StrikeDummy":14,"Toy Ornithopter":8,"Pocketwatch":29,"Meat on the Bone":37},{"Darkstone Periapt":18,"Ice Cream":24,"Lantern":12,"Singing Bowl":24,"Vajra":15,"Smiling Mask":25,"Centennial Puzzle":13,"Tough Bandages":15,"DollysMirror":26,"Gambling Chip":13,"Pantograph":18,"Chemical X":2,"Ring of the Snake":0,"Oddly Smooth Stone":24,"The Courier":14,"War Paint":3,"Orichalcum":5,"White Beast Statue":7,"Akabeko":21,"CaptainsWheel":23,"Black Star":9,"Art of War":16,"Coffee Dripper":19,"Bag of Marbles":25,"StrikeDummy":8,"Toy Ornithopter":5,"Pocketwatch":16,"Meat on the Bone":21},{"Darkstone Periapt":71,"Ice Cream":92,"Lantern":50,"Singing Bowl":92,"Vajra":62,"Smiling Mask":94,"Centennial Puzzle":56,"Tough Bandages":62,"DollysMirror":95,"Gambling Chip":56,"Pantograph":71,"Chemical X":7,"Ring of the Snake":0,"Oddly Smooth Stone":92,"The Courier":58,"War Paint":12,"Orichalcum":17,"White Beast Statue":27,"Akabeko":84,"CaptainsWheel":88,"Black Star":38,"Art of War":65,"Coffee Dripper":78,"Bag of Marbles":94,"StrikeDummy":31,"Toy Ornithopter":17,"Pocketwatch":65,"Meat on the Bone":84}],"Toy Ornithopter":26,"Ring of the Snake":[56],"Pocketwatch":[10],"Meat on the Bone":12},"card_choices":[{"not_picked":["Prepared","Catalyst"],"picked":"Skewer","floor":1.0},{"not_picked":["Finisher","Underhanded Strike"],"picked":"Terror","floor":3.0},{"not_picked":["Eviscerate","Backflip"],"picked":"Dagger Throw","floor":6.0},{"not_picked":["PiercingWail","Catalyst"],"picked":"Caltrops","floor":7.0},{"not_picked":["Setup","Blade Dance","Sucker Punch"],"picked":"SKIP","floor":8.0},{"not_picked":["Tactician","Dodge and Roll"],"picked":"Cloak And Dagger","floor":11.0},{"not_picked":["Riddle With Holes","Expertise"],"picked":"PiercingWail","floor":12.0},{"not_picked":["Bane","Bouncing Flask"],"picked":"Calculated Gamble","floor":14.0},{"not_picked":["Unload","Tools of the Trade"],"picked":"Adrenaline","floor":16.0},{"not_picked":["Flechettes","Sucker Punch"],"picked":"Backflip","floor":18.0},{"not_picked":["Flying Knee","Acrobatics"],"picked":"Eviscerate","floor":19.0},{"not_picked":["Bane","Backflip","Blade Dance"],"picked":"SKIP","floor":21.0},{"not_picked":["Catalyst","Concentrate"],"picked":"Reflex+1","floor":24.0},{"not_picked":["Bouncing Flask","Eviscerate"],"picked":"Prepared","floor":25.0},{"not_picked":["Poisoned Stab+1","Acrobatics"],"picked":"Die Die Die","floor":27.0},{"not_picked":["Choke","Blade Dance","Flechettes"],"picked":"SKIP","floor":29.0},{"not_picked":["Slice","Sucker Punch","Cloak And Dagger"],"picked":"SKIP","floor":30.0},{"not_picked":["Bane","Slice"],"picked":"Dagger Spray","floor":31.0},{"not_picked":["Malaise","Phantasmal Killer"],"picked":"Doppelganger","floor":33.0},{"not_picked":["Backflip","Dodge and Roll","Acrobatics"],"picked":"SKIP","floor":35.0},{"not_picked":["Quick Slash","Slice","Heel Hook"],"picked":"SKIP","floor":36.0},{"not_picked":["Flechettes","Deflect+1"],"picked":"Backstab","floor":38.0},{"not_picked":["Unload","Sucker Punch"],"picked":"After Image","floor":40},{"not_picked":["Cloak And Dagger","Underhanded Strike+1","Caltrops"],"picked":"Singing Bowl","floor":45},{"not_picked":["Crippling Poison","Dodge and Roll"],"picked":"Well Laid Plans+1","floor":46},{"not_picked":["Dagger Spray","Dagger Throw+1"],"picked":"Tactician","floor":48}],"player_experience":372816,"relics_obtained":[{"floor":6.0,"key":"War Paint"},{"floor":8.0,"key":"Toy Ornithopter"},{"floor":9.0,"key":"Orichalcum"},{"floor":12.0,"key":"White Beast Statue"},{"floor":14.0,"key":"StrikeDummy"},{"floor":24.0,"key":"Gambling Chip"},{"floor":24.0,"key":"Centennial Puzzle"},{"floor":26.0,"key":"The Courier"},{"floor":27.0,"key":"Vajra"},{"floor":27.0,"key":"Tough Bandages"},{"floor":29.0,"key":"Art of War"},{"floor":29.0,"key":"Pocketwatch"},{"floor":31.0,"key":"Pantograph"},{"floor":31.0,"key":"Darkstone Periapt"},{"floor":39.0,"key":"CaptainsWheel"},{"floor":40,"key":"Oddly Smooth Stone"},{"floor":40,"key":"Ice Cream"},{"floor":43,"key":"Singing Bowl"},{"floor":45,"key":"Bag of Marbles"},{"floor":45,"key":"Smiling Mask"}],"event_choices":[{"cards_removed":["Strike_G"],"damage_healed":0.0,"max_hp_gain":0.0,"max_hp_loss":0.0,"gold_gain":0.0,"event_name":"Golden Wing","player_choice":"Card Removal","floor":2.0,"gold_loss":0.0,"damage_taken":7.0},{"damage_healed":0.0,"max_hp_gain":0.0,"max_hp_loss":0.0,"gold_gain":75.0,"event_name":"World of Goop","player_choice":"Gather Gold","floor":4.0,"gold_loss":0.0,"damage_taken":11.0},{"damage_healed":16.0,"max_hp_gain":0.0,"max_hp_loss":0.0,"gold_gain":0.0,"event_name":"The Cleric","player_choice":"Healed","floor":10.0,"gold_loss":35.0,"damage_taken":0.0},{"damage_healed":0.0,"max_hp_gain":0.0,"max_hp_loss":0.0,"gold_gain":0.0,"event_name":"Golden Idol","player_choice":"Ignored","floor":13.0,"gold_loss":0.0,"damage_taken":0.0},{"damage_healed":0.0,"max_hp_gain":0.0,"max_hp_loss":0.0,"gold_gain":0.0,"event_name":"WeMeetAgain","player_choice":"Paid Gold","floor":22.0,"gold_loss":59.0,"damage_taken":0.0,"relics_obtained":["Lantern"]},{"damage_healed":0.0,"max_hp_gain":0.0,"max_hp_loss":0.0,"gold_gain":0.0,"event_name":"MindBloom","player_choice":"Fight","floor":39.0,"gold_loss":0.0,"damage_taken":0.0},{"damage_healed":0,"gold_gain":100,"player_choice":"Pray","damage_taken":0,"max_hp_gain":0,"max_hp_loss":0,"event_name":"Golden Shrine","floor":42,"gold_loss":0}],"is_beta":false,"boss_relics":[{"not_picked":["Velvet Choker","Runic Pyramid"],"picked":"Black Star"},{"not_picked":["Empty Cage","Ring of the Serpent"],"picked":"Coffee Dripper"}],"items_purged_floors":[47],"is_endless":false,"potions_floor_spawned":[3,7,8,12,14,16,18,19,21,24,25,27,29,30,31,33,35,36,38,39,40,45,46,48],"ascension_level":14}}