{"host":"8i4doyxqctgl5qb0","time":1610833651,"event":{"mods":["AchievementEnabler","BaseMod","Block Reminder","Colored Powertips","Minty Spire (QoL Compilation)","Permanent Neow","Potion Indicator Mod","Rare Cards Sparkle","StSLib","SuperFastMode","The Jungle"],"gold_per_floor":[212,228,228,153,153,153,153,153,153,168,168,181,181,206,206,302,302,317,242,242,15,69,96,96,63,63,63,63],"floor_reached":27,"language":"ZHS","playtime":761,"items_purged":["Defend_B"],"score":391,"play_id":"e53d473b-ce47-4340-9bcc-86da2a136566","local_time":"20210117054731","is_ascension_mode":true,"campfire_choices":[{"floor":6.0,"key":"REST"},{"data":"White Noise","floor":8.0,"key":"SMITH"},{"data":"Machine Learning","floor":11,"key":"SMITH"},{"data":"Zap","floor":13,"key":"SMITH"},{"data":"Barrage","floor":15,"key":"SMITH"},{"floor":24,"key":"REST"}],"circlet_count":0,"master_deck":["AscendersBane","Strike_B","Strike_B","Defend_B","Defend_B","Defend_B","Zap+1","Dualcast","White Noise+1","Consume","Glacier","Chill","Barrage+1","Purity","Machine Learning+1","Auto Shields","Static Discharge","Creative AI","CurseOfTheBell","Blizzard","Capacitor","Capacitor","Hello World"],"relics":["Cracked Core","Pear","Matryoshka","Pantograph","Calling Bell","Tiny Chest","Ornamental Fan","Peace Pipe","Potion Belt","Bronze Scales","Anchor","Singing Bowl","Boot","Juzu Bracelet"],"acts_visited":["Exordium","TheCity"],"potions_floor_usage":[14,18,25],"damage_taken":[{"damage":10.0,"enemies":"2 Louse","floor":1.0,"turns":3.0},{"damage":8.0,"enemies":"Small Slimes","floor":2.0,"turns":3.0},{"damage":0,"enemies":"Cultist","floor":10,"turns":4},{"damage":0,"enemies":"2 Fungi Beasts","floor":12,"turns":4},{"damage":0,"enemies":"3 Sentries","floor":14,"turns":7},{"damage":45,"enemies":"The Guardian","floor":16,"turns":12},{"damage":10,"enemies":"3 Byrds","floor":18,"turns":5},{"damage":60,"enemies":"Gremlin Leader","floor":23,"turns":7},{"damage":25,"enemies":"2 Thieves","floor":25,"turns":5},{"damage":14,"enemies":"Centurion and Healer","floor":27,"turns":3}],"seed_played":"3925795435308348753","potions_obtained":[{"floor":1.0,"key":"SkillPotion"},{"floor":10,"key":"PotionOfCapacity"},{"floor":18,"key":"SpeedPotion"},{"floor":25,"key":"SteroidPotion"}],"is_trial":false,"path_per_floor":["M","M","?","$","?","R","?","R","T","M","R","M","R","E","R","B",null,"M","?","?","$","T","E","R","M","T","M"],"character_chosen":"DEFECT","items_purchased":["Capacitor","Potion Belt"],"campfire_rested":2,"item_purchase_floors":[21,21],"current_hp_per_floor":[58,50,42,42,42,67,67,67,67,67,67,67,67,67,67,40,74,64,64,64,64,64,4,29,4,4,0,0],"gold":63,"neow_bonus":"HUNDRED_GOLD","is_daily":false,"chose_seed":false,"campfire_upgraded":4,"win_rate":0.0,"timestamp":1610833651,"path_taken":["M","M","?","$","?","R","?","R","T","?","R","M","R","E","R","BOSS","M","?","?","?","?","E","R","M","T","M"],"items_purchased_type":["Card","Relic"],"build_version":"2020-12-22","purchased_purges":1,"victory":false,"max_hp_per_floor":[75,75,85,85,85,85,85,85,85,85,85,85,85,85,85,85,85,85,85,85,85,85,85,85,85,85,85,85],"card_choices":[{"not_picked":["Stack","Storm"],"picked":"White Noise","floor":1.0},{"not_picked":["Glacier","Cold Snap"],"picked":"Consume","floor":2.0},{"not_picked":["Go for the Eyes","Force Field"],"picked":"Machine Learning","floor":10},{"not_picked":["Static Discharge","Ball Lightning"],"picked":"Auto Shields","floor":12},{"not_picked":["Consume","Glacier"],"picked":"Static Discharge","floor":14},{"not_picked":["Rainbow","Buffer"],"picked":"Creative AI","floor":16},{"not_picked":["Reprogram","Conserve Battery"],"picked":"Blizzard","floor":18},{"not_picked":["Chaos","Fission"],"picked":"Capacitor","floor":23},{"not_picked":["Skim+1","Rip and Tear+1"],"picked":"Hello World","floor":25}],"player_experience":152657,"relics_obtained":[{"floor":9.0,"key":"Matryoshka"},{"floor":14,"key":"Pantograph"},{"floor":17,"key":"Tiny Chest"},{"floor":17,"key":"Ornamental Fan"},{"floor":17,"key":"Peace Pipe"},{"floor":22,"key":"Bronze Scales"},{"floor":22,"key":"Anchor"},{"floor":23,"key":"Singing Bowl"},{"floor":26,"key":"Boot"},{"floor":26,"key":"Juzu Bracelet"}],"event_choices":[{"damage_healed":0.0,"max_hp_gain":0.0,"max_hp_loss":0.0,"gold_gain":0.0,"event_name":"Scrap Ooze","player_choice":"Success","floor":3.0,"gold_loss":0.0,"damage_taken":18.0,"relics_obtained":["Pear"]},{"damage_healed":0.0,"max_hp_gain":0.0,"max_hp_loss":0.0,"gold_gain":0.0,"cards_transformed":["Strike_B"],"event_name":"Living Wall","player_choice":"Change","floor":5.0,"gold_loss":0.0,"damage_taken":0.0,"cards_obtained":["Glacier"]},{"damage_healed":0.0,"max_hp_gain":0.0,"max_hp_loss":0.0,"gold_gain":0.0,"event_name":"Match and Keep!","player_choice":"3 cards matched","floor":7.0,"gold_loss":0.0,"damage_taken":0.0,"cards_obtained":["Chill","Barrage","Purity"]},{"cards_removed":["Strike_B"],"damage_healed":0,"gold_gain":0,"player_choice":"Gave Gold","damage_taken":0,"max_hp_gain":0,"max_hp_loss":0,"event_name":"Beggar","floor":19,"gold_loss":75},{"damage_healed":0,"gold_gain":0,"player_choice":"Ignored","damage_taken":0,"max_hp_gain":0,"max_hp_loss":0,"event_name":"Ghosts","floor":20,"gold_loss":0}],"is_beta":false,"boss_relics":[{"not_picked":["Busted Crown","Cursed Key"],"picked":"Calling Bell"}],"items_purged_floors":[4],"is_endless":false,"potions_floor_spawned":[1,10,18,25],"killed_by":"Centurion and Healer","ascension_level":11}}