{"host":"tx4sgohd7xgbb6c4","time":1610805815,"event":{"mods":["Always Whale","BaseMod","Minty Spire (QoL Compilation)","Permanent Neow","Quick Restart","SuperFastMode"],"gold_per_floor":[127,155,178,190,202,214,244,272,310,340,387,399,431,462,474,583,595,618,314,229,239,239,239],"floor_reached":22,"language":"KOR","playtime":876,"items_purged":["Strike_R"],"score":266,"play_id":"b375c758-4d7f-474f-bdad-b5e04e353470","local_time":"20210116090335","is_ascension_mode":true,"campfire_choices":[{"data":"Bash","floor":6.0,"key":"SMITH"},{"data":"Berserk","floor":12.0,"key":"SMITH"},{"floor":15.0,"key":"REST"}],"circlet_count":0,"master_deck":["Strike_R+1","Strike_R","Strike_R+1","Defend_R","Defend_R","Defend_R","Defend_R","Bash+1","True Grit","Spot Weakness","Berserk+1","Shrug It Off","Feed","Shrug It Off","Battle Trance","Feed","CurseOfTheBell","Ghostly Armor"],"relics":["Burning Blood","MawBank","Whetstone","Boot","Calling Bell","Juzu Bracelet","HornCleat","FossilizedHelix","Frozen Egg 2","Regal Pillow"],"acts_visited":["Exordium","TheCity"],"potions_floor_usage":[],"damage_taken":[{"damage":13.0,"enemies":"Cultist","floor":1.0,"turns":6.0},{"damage":4.0,"enemies":"Jaw Worm","floor":2.0,"turns":6.0},{"damage":9.0,"enemies":"Small Slimes","floor":3.0,"turns":4.0},{"damage":14.0,"enemies":"Red Slaver","floor":7.0,"turns":4.0},{"damage":16.0,"enemies":"3 Louse","floor":8.0,"turns":4.0},{"damage":6.0,"enemies":"2 Fungi Beasts","floor":10.0,"turns":4.0},{"damage":34.0,"enemies":"Gremlin Nob","floor":11.0,"turns":4.0},{"damage":11.0,"enemies":"Exordium Wildlife","floor":13.0,"turns":5.0},{"damage":2.0,"enemies":"Large Slime","floor":14.0,"turns":6.0},{"damage":31.0,"enemies":"Hexaghost","floor":16.0,"turns":9.0},{"damage":34.0,"enemies":"Chosen","floor":18.0,"turns":7.0},{"damage":24.0,"enemies":"3 Byrds","floor":21.0,"turns":6.0},{"damage":30,"enemies":"Snake Plant","floor":22,"turns":5}],"seed_played":"-4492396179296624337","potions_obtained":[{"floor":2.0,"key":"Strength Potion"},{"floor":7.0,"key":"SkillPotion"},{"floor":11.0,"key":"ElixirPotion"},{"floor":16.0,"key":"BlessingOfTheForge"}],"is_trial":false,"path_per_floor":["M","M","M","?","?","R","M","M","T","M","E","R","M","M","R","B",null,"M","$","?","M","M"],"character_chosen":"IRONCLAD","items_purchased":["Frozen Egg 2"],"campfire_rested":1,"item_purchase_floors":[19],"current_hp_per_floor":[65,67,64,64,64,64,56,46,46,46,18,18,16,23,48,23,70,42,42,42,30,0,0],"gold":239,"neow_bonus":"RANDOM_COMMON_RELIC","is_daily":false,"chose_seed":false,"campfire_upgraded":2,"win_rate":0.0,"timestamp":1610805815,"path_taken":["M","M","?","?","?","R","M","?","T","M","E","R","M","M","R","BOSS","M","$","?","M","M"],"items_purchased_type":["Relic"],"build_version":"2020-12-22","purchased_purges":1,"victory":false,"max_hp_per_floor":[80,80,80,80,80,80,80,80,80,80,80,80,83,86,86,86,86,86,86,86,92,92,92],"card_choices":[{"not_picked":["Clash","Thunderclap"],"picked":"True Grit","floor":1.0},{"not_picked":["Headbutt","Perfected Strike"],"picked":"Spot Weakness","floor":2.0},{"not_picked":["Armaments","Cleave","Dark Embrace"],"picked":"SKIP","floor":3.0},{"not_picked":["Sword Boomerang","Headbutt"],"picked":"Berserk","floor":7.0},{"not_picked":["Reckless Charge","Disarm","Dark Embrace"],"picked":"SKIP","floor":8.0},{"not_picked":["Flex","Clothesline"],"picked":"Shrug It Off","floor":10.0},{"not_picked":["Perfected Strike","Cleave"],"picked":"Feed","floor":11.0},{"not_picked":["Thunderclap","Disarm"],"picked":"Shrug It Off","floor":13.0},{"not_picked":["Reckless Charge","Clash"],"picked":"Battle Trance","floor":14.0},{"not_picked":["Immolate","Exhume"],"picked":"Feed","floor":16.0},{"not_picked":["Havoc","Iron Wave+1","Pommel Strike"],"picked":"SKIP","floor":18.0},{"not_picked":["Shockwave","Body Slam+1"],"picked":"Ghostly Armor","floor":21.0}],"player_experience":94487,"relics_obtained":[{"floor":9.0,"key":"Whetstone"},{"floor":11.0,"key":"Boot"},{"floor":17.0,"key":"Juzu Bracelet"},{"floor":17.0,"key":"HornCleat"},{"floor":17.0,"key":"FossilizedHelix"}],"event_choices":[{"damage_healed":0.0,"max_hp_gain":0.0,"max_hp_loss":0.0,"gold_gain":0.0,"event_name":"Liars Game","player_choice":"Ignored","floor":4.0,"gold_loss":0.0,"damage_taken":0.0},{"cards_removed":["Strike_R"],"damage_healed":0.0,"max_hp_gain":0.0,"max_hp_loss":0.0,"gold_gain":0.0,"event_name":"Bonfire Elementals","player_choice":"Offered Basic","floor":5.0,"gold_loss":0.0,"damage_taken":0.0},{"damage_healed":0.0,"max_hp_gain":0.0,"max_hp_loss":0.0,"gold_gain":0.0,"event_name":"Addict","player_choice":"Obtained Relic","floor":20.0,"gold_loss":85.0,"damage_taken":0.0,"relics_obtained":["Regal Pillow"]}],"is_beta":false,"boss_relics":[{"not_picked":["Philosopher\u0027s Stone","Snecko Eye"],"picked":"Calling Bell"}],"items_purged_floors":[19],"is_endless":false,"potions_floor_spawned":[2,7,11,16],"killed_by":"Snake Plant","ascension_level":8}}