{"host":"nl9gyitbz774fola","time":1610832605,"event":{"mods":["AchievementEnabler","BaseMod","Colored Map","Colored Powertips","Minty Spire (QoL Compilation)","Replay The Spire","StSLib","The Alterego","Uncapped"],"gold_per_floor":[111,111,111,111,111,136,153,185,185,185,201,201,102,116,116,116,116],"floor_reached":16,"language":"ENG","playtime":1215,"items_purged":[],"score":108,"play_id":"31776d5f-a62f-4675-96e5-a70cb6fe46b3","local_time":"20210116163005","is_ascension_mode":false,"campfire_choices":[{"floor":12,"key":"REST"}],"circlet_count":0,"master_deck":["Strike_G","Strike_G","Strike_G","Strike_G","Defend_G","Defend_G","Defend_G","Defend_G","Defend_G","Survivor","Neutralize","Dagger Spray","Prepared","Flechettes","Dodge and Roll","Dodge and Roll","Dash","Endless Agony","Poisoned Stab","Corpse Explosion","Fluid Movement","Acrobatics","ReplayTheSpireMod:Speed Training"],"relics":["Ring of the Snake","Orichalcum","Mercury Hourglass","Lantern","Replay:Bottled Steam"],"acts_visited":["Exordium"],"potions_floor_usage":[16,16,16],"damage_taken":[{"damage":0,"enemies":"Cultist","floor":1,"turns":3},{"damage":8,"enemies":"Replay:BlueRogue","floor":6,"turns":9},{"damage":0,"enemies":"2 Louse","floor":7,"turns":2},{"damage":31,"enemies":"Lagavulin","floor":8,"turns":7},{"damage":0,"enemies":"Small Slimes","floor":11,"turns":1},{"damage":15,"enemies":"Exordium Wildlife","floor":14,"turns":3},{"damage":41,"enemies":"Slime Boss","floor":16,"turns":6}],"seed_played":"-5075475279647692363","potions_obtained":[{"floor":1,"key":"Elixir"},{"floor":8,"key":"Ancient Potion"}],"is_trial":false,"path_per_floor":["M","?","?","?","$","E","M","E","T","$","M","R","$","M","R_BF","B"],"character_chosen":"THE_SILENT","items_purchased":["CultistPotion"],"campfire_rested":1,"item_purchase_floors":[13],"current_hp_per_floor":[70,70,70,70,70,62,62,31,31,31,31,52,52,37,37,0,0],"gold":116,"neow_bonus":"RANDOM_COMMON_RELIC","is_daily":false,"chose_seed":false,"campfire_upgraded":0,"win_rate":0.0,"timestamp":1610832605,"path_taken":["M","?","?","?","$","E","M","E","T","$","?","R","?","M","R_BF","BOSS"],"items_purchased_type":["Potion"],"build_version":"2020-12-22","purchased_purges":0,"victory":false,"max_hp_per_floor":[70,70,70,70,70,70,70,70,70,70,70,70,70,70,70,70,70],"card_choices":[{"not_picked":["Sneak Up","Quick Slash"],"picked":"Dagger Spray","floor":1},{"not_picked":["Flying Knee","Dodge and Roll"],"picked":"Endless Agony","floor":6},{"not_picked":["Sucker Punch","Outmaneuver"],"picked":"Poisoned Stab","floor":7},{"not_picked":["Deadly Poison","Prepared"],"picked":"Corpse Explosion","floor":8},{"not_picked":["Dodge and Roll","Underhanded Strike"],"picked":"Fluid Movement","floor":11},{"not_picked":["Slice","Sucker Punch"],"picked":"Acrobatics","floor":14}],"player_experience":23928,"relics_obtained":[{"floor":6,"key":"Mercury Hourglass"},{"floor":8,"key":"Lantern"},{"floor":9,"key":"Replay:Bottled Steam"}],"event_choices":[{"damage_healed":0,"gold_gain":0,"player_choice":"Leave","damage_taken":0,"max_hp_gain":0,"max_hp_loss":0,"event_name":"The Cleric","floor":3,"gold_loss":0},{"damage_healed":0,"gold_gain":0,"player_choice":"Ignored","damage_taken":0,"max_hp_gain":0,"max_hp_loss":0,"event_name":"Transmorgrifier","floor":4,"gold_loss":0}],"is_beta":false,"boss_relics":[],"items_purged_floors":[],"is_endless":false,"potions_floor_spawned":[1,8],"killed_by":"Slime Boss","ascension_level":0}}