{"host":"Bilverbakes","time":1610794664,"event":{"mods":["2.2 Compatiblity","AchievementEnabler","BaseMod","Bestiary","Colored Map","Minty Spire (QoL Compilation)","Relic Stats","StSLib","ojb\u0027s Info Mod"],"gold_per_floor":[363,379,154,154,165,194,194,222,245,245,245,245,259,294,294,369,369,379,251,41,59,75,103,103,130,156,182,182,182,182,207,207,278,278,320,82,98,98,111,167,222,222,248,248,311,67,93,3,3,3,3,3,3,3,34,34],"floor_reached":57,"language":"ENG","playtime":4422,"items_purged":["Defend_P","Strike_P","Strike_P","Strike_P+1"],"score":3235,"play_id":"169c8ccb-c591-4307-a0f0-ed5a1b270863","local_time":"20210116045744","is_ascension_mode":true,"campfire_choices":[{"data":"Eruption","floor":7.0,"key":"SMITH"},{"data":"TalkToTheHand","floor":10.0,"key":"SMITH"},{"data":"Conclude","floor":12.0,"key":"SMITH"},{"data":"Vault","floor":15.0,"key":"SMITH"},{"data":"CarveReality","floor":24.0,"key":"SMITH"},{"data":"1","floor":28.0,"key":"LIFT"},{"data":"2","floor":30.0,"key":"LIFT"},{"data":"3","floor":32.0,"key":"LIFT"},{"floor":49.0,"key":"RECALL"},{"floor":53.0,"key":"REST"}],"circlet_count":0,"master_deck":["AscendersBane","Strike_P+1","Defend_P+1","Defend_P+1","Defend_P+1","Eruption+1","Vigilance+1","CutThroughFate+1","Conclude+1","TalkToTheHand+1","EmptyMind+1","FearNoEvil+1","Vault+1","Meditate+1","LessonLearned+1","CrushJoints+1","CarveReality+1","ThirdEye+1","Wish+1","FlurryOfBlows+1","Protect+1","FollowUp+1","Worship+1","Panacea+1","LikeWater"],"relics":["PureWater","Art of War","Smiling Mask","Centennial Puzzle","Boot","Sozu","Lee\u0027s Waffle","Torii","PreservedInsect","Girya","Mercury Hourglass","Runic Pyramid","Oddly Smooth Stone","Turnip","Pocketwatch","Strawberry","Happy Flower","Medical Kit","Toxic Egg 2","Damaru"],"acts_visited":["Exordium","TheCity","TheBeyond","TheEnding"],"potions_floor_usage":[],"damage_taken":[{"damage":5.0,"enemies":"2 Louse","floor":1.0,"turns":3.0},{"damage":0.0,"enemies":"Cultist","floor":2.0,"turns":2.0},{"damage":2.0,"enemies":"Jaw Worm","floor":5.0,"turns":4.0},{"damage":0.0,"enemies":"Gremlin Nob","floor":6.0,"turns":2.0},{"damage":16.0,"enemies":"3 Sentries","floor":8.0,"turns":8.0},{"damage":2.0,"enemies":"Lots of Slimes","floor":13.0,"turns":2.0},{"damage":9.0,"enemies":"Lagavulin","floor":14.0,"turns":4.0},{"damage":6.0,"enemies":"The Guardian","floor":16.0,"turns":10.0},{"damage":24.0,"enemies":"Shell Parasite","floor":18.0,"turns":7.0},{"damage":1.0,"enemies":"3 Byrds","floor":21.0,"turns":4.0},{"damage":12.0,"enemies":"3 Cultists","floor":22.0,"turns":4.0},{"damage":2.0,"enemies":"Book of Stabbing","floor":23.0,"turns":4.0},{"damage":13.0,"enemies":"Gremlin Leader","floor":25.0,"turns":5.0},{"damage":20.0,"enemies":"Slavers","floor":27.0,"turns":5.0},{"damage":1.0,"enemies":"Gremlin Leader","floor":31.0,"turns":3.0},{"damage":0.0,"enemies":"Champ","floor":33.0,"turns":6.0},{"damage":1.0,"enemies":"3 Darklings","floor":35.0,"turns":4.0},{"damage":0.0,"enemies":"Orb Walker","floor":37.0,"turns":2.0},{"damage":0.0,"enemies":"Transient","floor":39.0,"turns":7.0},{"damage":0.0,"enemies":"Giant Head","floor":40.0,"turns":5.0},{"damage":0.0,"enemies":"Mind Bloom Boss Battle","floor":41.0,"turns":4.0},{"damage":8.0,"enemies":"Nemesis","floor":45.0,"turns":6.0},{"damage":0.0,"enemies":"Giant Head","floor":47.0,"turns":4.0},{"damage":3.0,"enemies":"Donu and Deca","floor":50.0,"turns":7.0},{"damage":11.0,"enemies":"Awakened One","floor":51.0,"turns":8.0},{"damage":0.0,"enemies":"Shield and Spear","floor":55.0,"turns":4.0},{"damage":68,"enemies":"The Heart","floor":56,"turns":8}],"seed_played":"976520164645283216","potions_obtained":[{"floor":5.0,"key":"FearPotion"},{"floor":6.0,"key":"PowerPotion"},{"floor":13.0,"key":"Energy Potion"},{"floor":16.0,"key":"CultistPotion"}],"is_trial":false,"path_per_floor":["M","M","$","?","M","E","R","E","T","R","?","R","M","E","R","B",null,"M","$","$","M","M","E","R","E","T","E","R","?","R","E","R","B",null,"M","$","M","?","M","E","?","?","T","?","E","$","E","$","R","B","B",null,"R","$","E","B",null],"character_chosen":"WATCHER","items_purchased":["TalkToTheHand","EmptyMind","CarveReality","Lee\u0027s Waffle","FlurryOfBlows","Oddly Smooth Stone","Medical Kit","Worship","Panacea+1"],"campfire_rested":1,"item_purchase_floors":[3,3,19,20,36,36,46,46,48],"current_hp_per_floor":[56,56,56,56,54,54,54,38,38,38,38,38,36,27,27,21,52,28,28,69,68,56,54,54,41,41,21,21,69,69,68,68,68,69,68,68,68,68,68,68,68,68,75,65,57,57,57,57,57,54,43,68,76,76,76,8],"gold":34,"neow_bonus":"TWO_FIFTY_GOLD","is_daily":false,"chose_seed":false,"campfire_upgraded":5,"win_rate":0.0,"timestamp":1610794664,"path_taken":["M","M","$","?","?","E","R","E","T","R","?","R","?","E","R","BOSS","M","?","$","?","M","E","R","E","T","E","R","?","R","E","R","BOSS","M","$","M","?","M","E","?","?","T","?","E","$","E","?","R","BOSS","BOSS","R","$","E","BOSS"],"items_purchased_type":["Card","Card","Card","Relic","Card","Relic","Relic","Card","Card"],"build_version":"2020-12-18","purchased_purges":4,"victory":true,"max_hp_per_floor":[62,62,62,62,62,62,62,62,62,62,62,62,62,62,62,62,62,62,62,69,69,69,69,69,69,69,69,69,69,69,69,69,69,69,69,69,69,69,69,69,69,69,76,76,76,76,76,76,76,76,76,76,76,76,76,76],"relic_stats":{"Lee\u0027s Waffle":41,"Torii":61,"Happy Flower":[10],"counters":[27,131],"PreservedInsect":476,"Smiling Mask":225,"Boot":[37],"Medical Kit":[6],"Mercury Hourglass":[215],"Sozu":6,"Centennial Puzzle":[45],"Turnip":[2],"Art of War":[13],"obtain_stats":[{"Girya":27,"Lee\u0027s Waffle":20,"Torii":23,"Happy Flower":45,"Oddly Smooth Stone":36,"Damaru":55,"PreservedInsect":25,"Smiling Mask":8,"Boot":14,"Medical Kit":46,"Mercury Hourglass":31,"Sozu":17,"Centennial Puzzle":9,"Strawberry":43,"Turnip":40,"Art of War":6,"PureWater":0,"Toxic Egg 2":47,"Runic Pyramid":34,"Pocketwatch":41},{"Girya":14,"Lee\u0027s Waffle":9,"Torii":12,"Happy Flower":22,"Oddly Smooth Stone":17,"Damaru":26,"PreservedInsect":13,"Smiling Mask":5,"Boot":7,"Medical Kit":22,"Mercury Hourglass":15,"Sozu":8,"Centennial Puzzle":5,"Strawberry":21,"Turnip":20,"Art of War":4,"PureWater":0,"Toxic Egg 2":23,"Runic Pyramid":16,"Pocketwatch":21},{"Girya":64,"Lee\u0027s Waffle":42,"Torii":54,"Happy Flower":100,"Oddly Smooth Stone":77,"Damaru":123,"PreservedInsect":59,"Smiling Mask":19,"Boot":25,"Medical Kit":100,"Mercury Hourglass":67,"Sozu":35,"Centennial Puzzle":19,"Strawberry":94,"Turnip":91,"Art of War":11,"PureWater":0,"Toxic Egg 2":104,"Runic Pyramid":73,"Pocketwatch":94}],"Pocketwatch":[5]},"card_choices":[{"not_picked":["JustLucky","EmptyFist"],"picked":"CutThroughFate","floor":1.0},{"not_picked":["Perseverance","ThirdEye"],"picked":"Conclude","floor":2.0},{"not_picked":["Prostrate","Conclude","EmptyBody"],"picked":"SKIP","floor":5.0},{"not_picked":["SashWhip","ConjureBlade","Weave"],"picked":"SKIP","floor":6.0},{"not_picked":["ClearTheMind","PathToVictory"],"picked":"Meditate","floor":8.0},{"not_picked":["EmptyFist","BowlingBash","Prostrate"],"picked":"SKIP","floor":13.0},{"not_picked":["FlurryOfBlows","Halt"],"picked":"Vengeance","floor":14.0},{"not_picked":["Wish","Judgement"],"picked":"LessonLearned","floor":16.0},{"not_picked":["Fasting2","EmptyBody"],"picked":"CrushJoints+1","floor":18.0},{"not_picked":["BowlingBash","Wireheading","FearNoEvil"],"picked":"SKIP","floor":21.0},{"not_picked":["WindmillStrike+1","CutThroughFate","Consecrate"],"picked":"SKIP","floor":22.0},{"not_picked":["Consecrate","SashWhip"],"picked":"ThirdEye+1","floor":23.0},{"not_picked":["FearNoEvil","ForeignInfluence","Perseverance"],"picked":"SKIP","floor":25.0},{"not_picked":["ForeignInfluence","Halt","Perseverance"],"picked":"SKIP","floor":27.0},{"not_picked":["CrushJoints","FollowUp+1"],"picked":"Establishment","floor":31.0},{"not_picked":["Blasphemy","Devotion"],"picked":"Wish","floor":33.0},{"not_picked":["ForeignInfluence","Fasting2","ThirdEye+1"],"picked":"SKIP","floor":35.0},{"not_picked":["BowlingBash","Weave","SashWhip"],"picked":"SKIP","floor":37.0},{"not_picked":["CutThroughFate","Crescendo+1"],"picked":"Protect","floor":39.0},{"not_picked":["CutThroughFate","SashWhip+1"],"picked":"FollowUp+1","floor":40.0},{"not_picked":["ThirdEye+1","Evaluate","BowlingBash"],"picked":"SKIP","floor":45.0},{"not_picked":["Worship+1","CrushJoints+1","EmptyFist+1"],"picked":"SKIP","floor":47.0},{"not_picked":["Alpha+1","Weave"],"picked":"LikeWater","floor":55.0}],"player_experience":701259,"relics_obtained":[{"floor":6.0,"key":"Art of War"},{"floor":8.0,"key":"Smiling Mask"},{"floor":9.0,"key":"Centennial Puzzle"},{"floor":14.0,"key":"Boot"},{"floor":23.0,"key":"Torii"},{"floor":25.0,"key":"PreservedInsect"},{"floor":27.0,"key":"Girya"},{"floor":31.0,"key":"Mercury Hourglass"},{"floor":40.0,"key":"Turnip"},{"floor":41.0,"key":"Pocketwatch"},{"floor":43.0,"key":"Strawberry"},{"floor":45.0,"key":"Happy Flower"},{"floor":47.0,"key":"Toxic Egg 2"},{"floor":55.0,"key":"Damaru"}],"event_choices":[{"damage_healed":0.0,"max_hp_gain":0.0,"max_hp_loss":0.0,"gold_gain":0.0,"event_name":"Match and Keep!","player_choice":"2 cards matched","floor":4.0,"gold_loss":0.0,"damage_taken":0.0,"cards_obtained":["FearNoEvil","Vault"]},{"damage_healed":0.0,"max_hp_gain":0.0,"max_hp_loss":0.0,"gold_gain":0.0,"event_name":"Upgrade Shrine","player_choice":"Upgraded","floor":11.0,"gold_loss":0.0,"damage_taken":0.0,"cards_upgraded":["Meditate"]},{"cards_removed":["Vengeance"],"damage_healed":48.0,"max_hp_gain":0.0,"max_hp_loss":0.0,"gold_gain":0.0,"event_name":"Bonfire Elementals","player_choice":"Offered Uncommon","floor":29.0,"gold_loss":0.0,"damage_taken":0.0},{"cards_removed":["Establishment"],"damage_healed":0.0,"max_hp_gain":0.0,"max_hp_loss":0.0,"gold_gain":0.0,"event_name":"Falling","player_choice":"Removed Power","floor":38.0,"gold_loss":0.0,"damage_taken":0.0},{"damage_healed":0.0,"max_hp_gain":0.0,"max_hp_loss":0.0,"gold_gain":0.0,"event_name":"MindBloom","player_choice":"Fight","floor":41.0,"gold_loss":0.0,"damage_taken":0.0},{"damage_healed":0.0,"max_hp_gain":0.0,"max_hp_loss":0.0,"gold_gain":0.0,"event_name":"Tomb of Lord Red Mask","player_choice":"Ignored","floor":42.0,"gold_loss":0.0,"damage_taken":0.0},{"damage_healed":0.0,"max_hp_gain":0.0,"max_hp_loss":0.0,"gold_gain":0.0,"event_name":"SensoryStone","player_choice":"Memory 3","floor":44.0,"gold_loss":0.0,"damage_taken":10.0}],"is_beta":true,"boss_relics":[{"not_picked":["Runic Dome","SlaversCollar"],"picked":"Sozu"},{"not_picked":["Empty Cage","Calling Bell"],"picked":"Runic Pyramid"}],"items_purged_floors":[3,19,20,36],"is_endless":false,"potions_floor_spawned":[5,6,13,16,25,31,33,35,37,39],"ascension_level":20}}