{"host":"qiiukau3lypbs18g","time":1610778140,"event":{"mods":["2.2 Compatiblity","Abigail Mod","Arknights The Spire","BaseMod","CapriCore","Friendly Minions","HololiveMod","KOR Keyword Fix","Minty Spire (QoL Compilation)","Poor People Problems","Shop Mod","StSLib","The Immortal","WarShipGirlsR/??á´Ò³R mod"],"gold_per_floor":[118,118,58,58,74,74,109,109,109,150,175,175,210,233,233,354,354,375,65,84,97,47,91,91,91],"floor_reached":24,"language":"KOR","playtime":768,"items_purged":["AbbyMod:Ab_Defend","AbbyMod:Ab_Strike","AbbyMod:LargeTentacle"],"score":312,"play_id":"8c56ef94-51c4-4851-8e86-2831e5c9434c","local_time":"20210116152220","is_ascension_mode":true,"campfire_choices":[{"data":"AbbyMod:EyesOfMadness","floor":6,"key":"SMITH"},{"data":"AbbyMod:FleetingSanity","floor":8,"key":"SMITH"},{"data":"AbbyMod:PreciousMemories","floor":15,"key":"SMITH"}],"circlet_count":0,"master_deck":["AbbyMod:Ab_Strike","AbbyMod:Ab_Strike","AbbyMod:Ab_Strike","AbbyMod:Ab_Defend","AbbyMod:Ab_Defend","AbbyMod:FleetingSanity+1","AbbyMod:ForeheadBeam","AbbyMod:EyesOfMadness+1","AbbyMod:PapaProtection","AbbyMod:LargeTentacle+1","AbbyMod:PreciousMemories+1","AbbyMod:SanityCheck","AbbyMod:AceInTheHole+1","AbbyMod:MysteryKey+1","AbbyMod:Ab_SwirlOfMadness+1","AbbyMod:PrayerOfFaith","AbbyMod:TeddyBear+1","AbbyMod:AttoSecond+1"],"relics":["AbbyMod:Salem_Diary","NeowsBlessing","The Courier","Golden Idol","Centennial Puzzle","Pantograph","Molten Egg 2","Smiling Mask","SlaversCollar","Kunai","Tiny Chest"],"acts_visited":["Exordium","TheCity"],"potions_floor_usage":[13],"damage_taken":[{"damage":0,"enemies":"Cultist","floor":1,"turns":1},{"damage":0,"enemies":"2 Louse","floor":5,"turns":1},{"damage":0,"enemies":"Lagavulin","floor":7,"turns":2},{"damage":0,"enemies":"Gremlin Nob","floor":10,"turns":3},{"damage":0,"enemies":"Jaw Worm","floor":11,"turns":3},{"damage":3,"enemies":"Lagavulin","floor":13,"turns":4},{"damage":0,"enemies":"Exordium Wildlife","floor":14,"turns":3},{"damage":25,"enemies":"Hexaghost","floor":16,"turns":6},{"damage":17,"enemies":"Shell Parasite","floor":18,"turns":4},{"damage":2,"enemies":"Chosen","floor":20,"turns":3},{"damage":0,"enemies":"Snecko","floor":21,"turns":2},{"damage":19,"enemies":"Slavers","floor":23,"turns":4},{"damage":9,"enemies":"Snake Plant","floor":24,"turns":3}],"seed_played":"5975614050742288120","potions_obtained":[{"floor":7,"key":"FairyPotion"},{"floor":10,"key":"AttackPotion"},{"floor":11,"key":"Strength Potion"}],"is_trial":false,"path_per_floor":["M","?","$","?","M","R","E","R","T","E","M","?","E","M","R","B",null,"M","$","M","M","$","E","M"],"character_chosen":"Ab_Foreigner","items_purchased":["Kunai","AbbyMod:PrayerOfFaith"],"campfire_rested":0,"item_purchase_floors":[19,19],"current_hp_per_floor":[60,53,53,53,53,53,53,53,53,53,53,53,50,50,50,31,56,39,39,37,37,37,18,19,19],"gold":91,"neow_bonus":"THREE_ENEMY_KILL","is_daily":false,"chose_seed":false,"campfire_upgraded":3,"win_rate":0.0,"timestamp":1610778140,"path_taken":["M","?","$","?","M","R","E","R","T","E","?","?","E","?","R","BOSS","M","$","M","M","$","E","M"],"items_purchased_type":["Relic","Card"],"build_version":"2020-12-22","purchased_purges":3,"victory":false,"max_hp_per_floor":[60,60,60,56,56,56,56,56,56,56,56,56,56,56,56,56,56,56,56,56,56,56,56,56,56],"card_choices":[{"not_picked":["AbbyMod:WitchTrial","AbbyMod:CloneArmy"],"picked":"AbbyMod:EyesOfMadness","floor":1},{"not_picked":["AbbyMod:LossOfSanity","AbbyMod:LargeTentacle"],"picked":"AbbyMod:PapaProtection","floor":5},{"not_picked":["AbbyMod:CloneArmy","AbbyMod:OldOneLimb"],"picked":"AbbyMod:LargeTentacle","floor":7},{"not_picked":["AbbyMod:Kuroboshi","AbbyMod:TentacleSwarm+1"],"picked":"AbbyMod:LargeTentacle+1","floor":10},{"not_picked":["AbbyMod:Ab_SwirlOfMadness+1","AbbyMod:AceInTheHole+1"],"picked":"AbbyMod:PreciousMemories","floor":11},{"not_picked":["AbbyMod:Kinoko+1","AbbyMod:Takeuchi+1"],"picked":"AbbyMod:SanityCheck","floor":13},{"not_picked":["AbbyMod:Ab_OldOneTrigger","AbbyMod:EyesOfMadness"],"picked":"AbbyMod:AceInTheHole+1","floor":14},{"not_picked":["AbbyMod:VoidPriest","AbbyMod:AbsoluteCorruption"],"picked":"AbbyMod:MysteryKey+1","floor":16},{"not_picked":["AbbyMod:FlyingMascot","AbbyMod:ConsumeFlesh"],"picked":"AbbyMod:Ab_SwirlOfMadness+1","floor":18},{"not_picked":["AbbyMod:LiftSkirt+1","AbbyMod:TentacleSwarm+1","AbbyMod:Memocide+1"],"picked":"SKIP","floor":20},{"not_picked":["AbbyMod:FamiliarShield","AbbyMod:PrayerOfFaith"],"picked":"AbbyMod:TeddyBear+1","floor":21},{"not_picked":["AbbyMod:AdultWords+1","AbbyMod:LiftSkirt+1"],"picked":"AbbyMod:AttoSecond+1","floor":23}],"player_experience":180569,"relics_obtained":[{"floor":7,"key":"Centennial Puzzle"},{"floor":9,"key":"Pantograph"},{"floor":10,"key":"Molten Egg 2"},{"floor":13,"key":"Smiling Mask"},{"floor":23,"key":"Tiny Chest"}],"event_choices":[{"damage_healed":0,"gold_gain":0,"player_choice":"Success","damage_taken":7,"relics_obtained":["The Courier"],"max_hp_gain":0,"max_hp_loss":0,"event_name":"Scrap Ooze","floor":2,"gold_loss":0},{"damage_healed":0,"gold_gain":0,"player_choice":"Lose Max HP","damage_taken":0,"relics_obtained":["Golden Idol"],"max_hp_gain":0,"max_hp_loss":4,"event_name":"Golden Idol","floor":4,"gold_loss":0},{"damage_healed":0,"gold_gain":0,"player_choice":"0 cards matched","damage_taken":0,"max_hp_gain":0,"max_hp_loss":0,"event_name":"Match and Keep!","floor":12,"gold_loss":0,"cards_obtained":[]}],"is_beta":false,"boss_relics":[{"not_picked":["Ectoplasm","AbbyMod:YogBlessing"],"picked":"SlaversCollar"}],"items_purged_floors":[3,19,22],"is_endless":false,"potions_floor_spawned":[7,10,11],"killed_by":"Snake Plant","ascension_level":2}}