{"host":"oehe2dxjvdgux73m","time":1610782386,"event":{"mods":["AchievementEnabler","BaseMod","Colored Map","Colored Powertips","DeckTracker","Keyboard Shortcuts","Minty Spire (QoL Compilation)","Permanent Neow","Quick Restart","StSLib","SuperFastMode"],"gold_per_floor":[119,119,137,137,10,10,10,46,46,64,64,83,83,118,118,207,207,222,240,63,114,114,114,147,147,147,147,147,188,212,231,231,326,326,341,356,425,76,76,110,110,150,150,150,185,185,185,223,223,223],"floor_reached":51,"language":"KOR","playtime":2048,"items_purged":["Strike_G","Skewer","Infinite Blades+1"],"score":1546,"play_id":"3f58f0ff-91ba-499f-999e-2cd9c956068b","local_time":"20210116163306","is_ascension_mode":true,"campfire_choices":[{"data":"Blade Dance","floor":6.0,"key":"SMITH"},{"data":"Blur","floor":13.0,"key":"SMITH"},{"floor":15.0,"key":"REST"},{"data":"Bullet Time","floor":23.0,"key":"SMITH"},{"data":"Infinite Blades","floor":25.0,"key":"SMITH"},{"data":"Blade Dance","floor":27.0,"key":"SMITH"},{"data":"Acrobatics","floor":32.0,"key":"SMITH"},{"data":"Calculated Gamble","floor":41.0,"key":"SMITH"},{"data":"Calculated Gamble","floor":44.0,"key":"SMITH"},{"data":"Tactician","floor":46.0,"key":"SMITH"},{"floor":49.0,"key":"REST"}],"circlet_count":0,"master_deck":["AscendersBane","Survivor","Neutralize+1","Blade Dance+1","Blur+1","Tactician+1","Bullet Time+1","A Thousand Cuts+1","Die Die Die+1","Calculated Gamble+1","Calculated Gamble+1","Blade Dance+1","Envenom","Finisher","Acrobatics+1","Malaise","Choke+1","Leg Sweep","Accuracy","Adrenaline","Secret Technique","Venomology"],"relics":["Ring of the Snake","Snake Skull","Pen Nib","Golden Idol","Matryoshka","Potion Belt","Tiny Chest","Tough Bandages","Pandora\u0027s Box","Orichalcum","Whetstone","Mercury Hourglass","Juzu Bracelet","Strawberry","Empty Cage","Ice Cream","Bag of Preparation","Torii","Vajra","Mummified Hand","Calipers","Smiling Mask","Bottled Lightning"],"acts_visited":["Exordium","TheCity","TheBeyond"],"potions_floor_usage":[50,50,50],"damage_taken":[{"damage":6.0,"enemies":"Small Slimes","floor":1.0,"turns":5.0},{"damage":3.0,"enemies":"Jaw Worm","floor":3.0,"turns":5.0},{"damage":9.0,"enemies":"3 Sentries","floor":8.0,"turns":8.0},{"damage":0.0,"enemies":"2 Louse","floor":10.0,"turns":3.0},{"damage":0.0,"enemies":"Lots of Slimes","floor":12.0,"turns":3.0},{"damage":12.0,"enemies":"Lagavulin","floor":14.0,"turns":5.0},{"damage":18.0,"enemies":"The Guardian","floor":16.0,"turns":13.0},{"damage":1.0,"enemies":"Shell Parasite","floor":18.0,"turns":4.0},{"damage":3.0,"enemies":"Spheric Guardian","floor":19.0,"turns":3.0},{"damage":25.0,"enemies":"Gremlin Leader","floor":24.0,"turns":6.0},{"damage":7.0,"enemies":"Slavers","floor":29.0,"turns":2.0},{"damage":0.0,"enemies":"Cultist and Chosen","floor":30.0,"turns":2.0},{"damage":0.0,"enemies":"3 Cultists","floor":31.0,"turns":3.0},{"damage":0.0,"enemies":"Collector","floor":33.0,"turns":4.0},{"damage":0.0,"enemies":"3 Darklings","floor":35.0,"turns":2.0},{"damage":0.0,"enemies":"3 Shapes","floor":36.0,"turns":5.0},{"damage":19.0,"enemies":"2 Orb Walkers","floor":37.0,"turns":5.0},{"damage":0.0,"enemies":"Nemesis","floor":40.0,"turns":3.0},{"damage":6.0,"enemies":"Giant Head","floor":42.0,"turns":4.0},{"damage":0.0,"enemies":"Reptomancer","floor":45.0,"turns":6.0},{"damage":1.0,"enemies":"Nemesis","floor":48.0,"turns":5.0},{"damage":22,"enemies":"Awakened One","floor":50,"turns":4}],"seed_played":"9058452203137146832","potions_obtained":[{"floor":1.0,"key":"LiquidMemories"},{"floor":10.0,"key":"CunningPotion"},{"floor":14.0,"key":"Strength Potion"},{"floor":16.0,"key":"Fire Potion"},{"floor":19.0,"key":"BlessingOfTheForge"},{"floor":29.0,"key":"Swift Potion"},{"floor":30.0,"key":"Dexterity Potion"},{"floor":33.0,"key":"AttackPotion"},{"floor":37.0,"key":"SpeedPotion"},{"floor":40.0,"key":"ColorlessPotion"},{"floor":45.0,"key":"Energy Potion"}],"is_trial":false,"path_per_floor":["M","?","M","?","$","R","?","E","T","M","?","M","R","E","R","B",null,"M","M","$","T","?","R","E","R","T","R","?","E","M","M","R","B",null,"M","M","?","$","T","E","R","E","T","R","E","R","?","E","R","B",null],"character_chosen":"THE_SILENT","items_purchased":["Fire Potion","LiquidMemories","Accuracy","Bag of Preparation"],"campfire_rested":2,"item_purchase_floors":[5,20,38,38],"current_hp_per_floor":[53,48,45,45,45,45,45,36,36,36,36,36,36,24,42,24,51,50,47,47,47,47,47,22,22,22,22,22,22,22,22,22,22,56,56,56,37,37,37,37,37,31,31,31,31,31,31,30,50,28],"gold":223,"neow_bonus":"RANDOM_COMMON_RELIC","is_daily":false,"chose_seed":false,"campfire_upgraded":9,"win_rate":0.0,"timestamp":1610782386,"path_taken":["M","?","M","?","?","R","?","E","T","?","?","M","R","E","R","BOSS","M","M","?","?","?","R","E","R","T","R","?","E","M","M","R","BOSS","M","M","?","$","?","E","R","E","T","R","E","R","?","E","R","BOSS"],"items_purchased_type":["Potion","Potion","Card","Relic"],"build_version":"2020-12-22","purchased_purges":3,"victory":true,"max_hp_per_floor":[66,66,66,60,60,60,60,60,60,60,60,60,60,60,60,60,60,60,60,60,60,60,60,60,60,60,60,60,67,67,67,67,67,67,67,67,67,67,67,67,67,67,67,67,67,67,67,67,67,67],"card_choices":[{"not_picked":["Setup","Choke"],"picked":"Deadly Poison","floor":1.0},{"not_picked":["Poisoned Stab","Predator"],"picked":"Blade Dance","floor":3.0},{"not_picked":["Deadly Poison","Flying Knee"],"picked":"Blur","floor":8.0},{"not_picked":["Underhanded Strike","All Out Attack","Flying Knee"],"picked":"SKIP","floor":10.0},{"not_picked":["Acrobatics","Deadly Poison","Outmaneuver"],"picked":"SKIP","floor":12.0},{"not_picked":["Acrobatics","Deadly Poison","Outmaneuver"],"picked":"SKIP","floor":12.0},{"not_picked":["Caltrops","Tools of the Trade"],"picked":"Tactician","floor":14.0},{"not_picked":["Unload","Glass Knife"],"picked":"Bullet Time","floor":16.0},{"not_picked":["Dagger Spray","Outmaneuver"],"picked":"Blade Dance","floor":18.0},{"not_picked":["Expertise+1","Cloak And Dagger"],"picked":"Envenom","floor":19.0},{"not_picked":["Corpse Explosion","Envenom","Dagger Throw"],"picked":"SKIP","floor":24.0},{"not_picked":["Endless Agony","Dagger Throw","Distraction"],"picked":"SKIP","floor":29.0},{"not_picked":["Masterful Stab","Bane+1","Expertise"],"picked":"SKIP","floor":30.0},{"not_picked":["Deadly Poison","Caltrops"],"picked":"Acrobatics","floor":31.0},{"not_picked":["Grand Finale","Venomology"],"picked":"Malaise","floor":33.0},{"not_picked":["All Out Attack","Flying Knee"],"picked":"Choke+1","floor":35.0},{"not_picked":["Catalyst+1","Bane","Cloak And Dagger"],"picked":"SKIP","floor":36.0},{"not_picked":["Concentrate","Heel Hook+1"],"picked":"Leg Sweep","floor":37.0},{"not_picked":["All Out Attack+1","Underhanded Strike+1"],"picked":"Adrenaline","floor":40.0},{"not_picked":["Underhanded Strike","Deflect+1","Dodge and Roll"],"picked":"SKIP","floor":42.0},{"not_picked":["Dagger Spray","Endless Agony","Underhanded Strike"],"picked":"SKIP","floor":45.0},{"not_picked":["Panacea","Apotheosis"],"picked":"Secret Technique","floor":47.0},{"not_picked":["Sucker Punch+1","Eviscerate"],"picked":"Venomology","floor":48.0}],"player_experience":217174,"relics_obtained":[{"floor":8.0,"key":"Matryoshka"},{"floor":9.0,"key":"Potion Belt"},{"floor":9.0,"key":"Tiny Chest"},{"floor":14.0,"key":"Tough Bandages"},{"floor":21.0,"key":"Orichalcum"},{"floor":21.0,"key":"Whetstone"},{"floor":24.0,"key":"Mercury Hourglass"},{"floor":26.0,"key":"Juzu Bracelet"},{"floor":29.0,"key":"Strawberry"},{"floor":37.0,"key":"Ice Cream"},{"floor":39.0,"key":"Torii"},{"floor":40.0,"key":"Vajra"},{"floor":42.0,"key":"Mummified Hand"},{"floor":43.0,"key":"Calipers"},{"floor":45.0,"key":"Smiling Mask"},{"floor":48.0,"key":"Bottled Lightning"}],"event_choices":[{"damage_healed":0.0,"max_hp_gain":0.0,"max_hp_loss":0.0,"gold_gain":0.0,"event_name":"Scrap Ooze","player_choice":"Success","floor":2.0,"gold_loss":0.0,"damage_taken":5.0,"relics_obtained":["Pen Nib"]},{"damage_healed":0.0,"max_hp_gain":0.0,"max_hp_loss":6.0,"gold_gain":0.0,"event_name":"Golden Idol","player_choice":"Lose Max HP","floor":4.0,"gold_loss":0.0,"damage_taken":0.0,"relics_obtained":["Golden Idol"]},{"damage_healed":0.0,"max_hp_gain":0.0,"max_hp_loss":0.0,"gold_gain":0.0,"event_name":"Upgrade Shrine","player_choice":"Upgraded","floor":7.0,"gold_loss":0.0,"damage_taken":0.0,"cards_upgraded":["Neutralize"]},{"cards_removed":["Strike_G"],"damage_healed":0.0,"max_hp_gain":0.0,"max_hp_loss":0.0,"gold_gain":0.0,"event_name":"Purifier","player_choice":"Purged","floor":11.0,"gold_loss":0.0,"damage_taken":0.0},{"damage_healed":0.0,"max_hp_gain":0.0,"max_hp_loss":0.0,"gold_gain":0.0,"event_name":"Upgrade Shrine","player_choice":"Upgraded","floor":22.0,"gold_loss":0.0,"damage_taken":0.0,"cards_upgraded":["A Thousand Cuts"]},{"damage_healed":0.0,"max_hp_gain":0.0,"max_hp_loss":0.0,"gold_gain":0.0,"cards_transformed":["All Out Attack"],"event_name":"Transmorgrifier","player_choice":"Transformed","floor":28.0,"gold_loss":0.0,"damage_taken":0.0,"cards_obtained":["Finisher"]},{"damage_healed":0.0,"max_hp_gain":0.0,"max_hp_loss":0.0,"gold_gain":0.0,"event_name":"Mysterious Sphere","player_choice":"Fight","floor":37.0,"gold_loss":0.0,"damage_taken":0.0},{"damage_healed":0.0,"max_hp_gain":0.0,"max_hp_loss":0.0,"gold_gain":0.0,"event_name":"SensoryStone","player_choice":"Memory 1","floor":47.0,"gold_loss":0.0,"damage_taken":0.0}],"is_beta":false,"boss_relics":[{"not_picked":["Fusion Hammer","Sozu"],"picked":"Pandora\u0027s Box"},{"not_picked":["Tiny House","Black Star"],"picked":"Empty Cage"}],"items_purged_floors":[5,20,38],"is_endless":false,"potions_floor_spawned":[1,10,14,16,19,29,30,33,37,40,45],"ascension_level":15}}