{"host":"fa35vd3kig5td25x","time":1610801215,"event":{"mods":["BaseMod","Colored Powertips","Minty Spire (QoL Compilation)","Relic Stats","Slay the Relics Exporter"],"gold_per_floor":[119,139,139,139,9,41,59,91,91,106,119,119,93,93,93,166,166,176,176,196,211,53,53,78,98,98,138,138,138,138,57,57,129,129,140,184,184,184],"floor_reached":37,"language":"ENG","playtime":1381,"items_purged":["Pain","Alpha"],"score":858,"play_id":"1df85f28-4d49-42c1-8441-44bf1053628c","local_time":"20210116134655","is_ascension_mode":true,"campfire_choices":[{"floor":12,"key":"REST"},{"data":"Consecrate","floor":15,"key":"SMITH"},{"floor":23,"key":"REST"},{"data":"ForeignInfluence","floor":28,"key":"SMITH"},{"data":"Wireheading","floor":30,"key":"SMITH"},{"floor":32,"key":"RECALL"}],"circlet_count":0,"master_deck":["AscendersBane","Eruption","Vigilance","FlyingSleeves","WindmillStrike","Consecrate+1","EmptyFist","Meditate","CutThroughFate+1","BowlingBash+1","Wish","ForeignInfluence+1","EmptyFist+1","Wireheading+1","CutThroughFate+1","Wish","Tantrum+1","Halt+1","EmptyBody","FollowUp+1","JustLucky+1","JustLucky+1","Wallop+1","Omniscience","MentalFortress"],"relics":["VioletLotus","WarpedTongs","Bronze Scales","TungstenRod","Molten Egg 2","Pandora\u0027s Box","Toy Ornithopter","Pear","Velvet Choker"],"acts_visited":["Exordium","TheCity","TheBeyond"],"potions_floor_usage":[8,16,20,25,27,33,36],"damage_taken":[{"damage":7,"enemies":"Small Slimes","floor":1,"turns":4},{"damage":2,"enemies":"2 Louse","floor":2,"turns":3},{"damage":16,"enemies":"Gremlin Nob","floor":6,"turns":3},{"damage":0,"enemies":"Cultist","floor":7,"turns":3},{"damage":3,"enemies":"Lagavulin","floor":8,"turns":5},{"damage":17,"enemies":"Lots of Slimes","floor":10,"turns":4},{"damage":8,"enemies":"2 Fungi Beasts","floor":11,"turns":3},{"damage":0,"enemies":"Slime Boss","floor":16,"turns":5},{"damage":18,"enemies":"3 Byrds","floor":18,"turns":3},{"damage":14,"enemies":"Shell Parasite","floor":20,"turns":5},{"damage":1,"enemies":"3 Cultists","floor":21,"turns":3},{"damage":17,"enemies":"Snake Plant","floor":25,"turns":2},{"damage":0,"enemies":"Snecko","floor":27,"turns":3},{"damage":5,"enemies":"Automaton","floor":33,"turns":6},{"damage":14,"enemies":"Orb Walker","floor":35,"turns":3},{"damage":1,"enemies":"3 Darklings","floor":36,"turns":2},{"damage":99,"enemies":"Transient","floor":37,"turns":6}],"seed_played":"-5281606025889468894","potions_obtained":[{"floor":2,"key":"Fire Potion"},{"floor":6,"key":"ColorlessPotion"},{"floor":11,"key":"BlessingOfTheForge"},{"floor":16,"key":"Weak Potion"},{"floor":21,"key":"LiquidMemories"},{"floor":25,"key":"LiquidBronze"},{"floor":27,"key":"PowerPotion"},{"floor":33,"key":"AttackPotion"}],"is_trial":false,"path_per_floor":["M","M","?","?","$","E","M","E","T","M","M","R","$","?","R","B",null,"M","?","M","M","$","R","T","M","T","M","R","?","R","$","R","B",null,"M","M","M"],"character_chosen":"WATCHER","items_purchased":["Consecrate","BowlingBash+1","FollowUp+1","Wallop+1"],"campfire_rested":2,"item_purchase_floors":[5,13,22,31],"current_hp_per_floor":[54,52,57,57,57,41,41,38,38,21,13,34,34,34,34,34,63,45,45,31,30,30,51,51,39,49,54,54,83,83,83,83,78,82,68,72,0,0],"gold":184,"neow_bonus":"BOSS_RELIC","is_daily":false,"chose_seed":false,"campfire_upgraded":3,"win_rate":0.0,"timestamp":1610801215,"path_taken":["M","M","?","?","$","E","M","E","T","?","M","R","?","?","R","BOSS","M","?","?","M","$","R","?","M","T","?","R","?","R","$","R","BOSS","M","M","M"],"items_purchased_type":["Card","Card","Card","Card"],"build_version":"2020-12-22","purchased_purges":2,"victory":false,"max_hp_per_floor":[68,68,73,73,73,73,73,73,73,73,73,73,73,73,73,73,73,73,73,73,73,73,73,73,73,83,83,83,83,83,83,83,83,83,83,83,83,83],"relic_stats":{"counters":[17,63],"Bronze Scales":[152],"Pandora\u0027s Box":["ForeignInfluence","Alpha","EmptyFist","Wireheading","CutThroughFate","Wish","Study","Tantrum"],"VioletLotus":[13],"obtain_stats":[{"Pear":26,"Bronze Scales":6,"Velvet Choker":34,"Molten Egg 2":9,"Pandora\u0027s Box":17,"VioletLotus":0,"PureWater":0,"TungstenRod":8,"Toy Ornithopter":24,"WarpedTongs":4},{"Pear":12,"Bronze Scales":3,"Velvet Choker":14,"Molten Egg 2":5,"Pandora\u0027s Box":8,"VioletLotus":0,"PureWater":0,"TungstenRod":5,"Toy Ornithopter":11,"WarpedTongs":2},{"Pear":43,"Bronze Scales":10,"Velvet Choker":52,"Molten Egg 2":18,"Pandora\u0027s Box":30,"VioletLotus":0,"PureWater":0,"TungstenRod":18,"Toy Ornithopter":41,"WarpedTongs":7}],"TungstenRod":27,"Toy Ornithopter":15,"WarpedTongs":[53]},"card_choices":[{"not_picked":["Weave","CrushJoints"],"picked":"FlyingSleeves","floor":1},{"not_picked":["Halt","Prostrate"],"picked":"WindmillStrike","floor":2},{"not_picked":["Pray","ForeignInfluence"],"picked":"EmptyFist","floor":6},{"not_picked":["EmptyFist","SignatureMove","Prostrate"],"picked":"SKIP","floor":7},{"not_picked":["Crescendo","ClearTheMind"],"picked":"Meditate","floor":8},{"not_picked":["Perseverance","Protect","Pray"],"picked":"SKIP","floor":10},{"not_picked":["WreathOfFlame","FearNoEvil+1"],"picked":"CutThroughFate+1","floor":11},{"not_picked":["Alpha","SpiritShield"],"picked":"Wish","floor":16},{"not_picked":["CutThroughFate+1","WreathOfFlame"],"picked":"Halt+1","floor":18},{"not_picked":["WindmillStrike+1","FlyingSleeves+1"],"picked":"EmptyBody","floor":20},{"not_picked":["BowlingBash+1","CarveReality+1","Collect"],"picked":"SKIP","floor":21},{"not_picked":["Pray","Scrawl"],"picked":"JustLucky+1","floor":25},{"not_picked":["Prostrate","CrushJoints+1"],"picked":"JustLucky+1","floor":27},{"not_picked":["Brilliance+1","Alpha"],"picked":"Omniscience","floor":33},{"not_picked":["EmptyFist+1","ClearTheMind"],"picked":"MentalFortress","floor":35},{"not_picked":["InnerPeace","FollowUp+1","FlyingSleeves+1"],"picked":"SKIP","floor":36}],"player_experience":2945920,"relics_obtained":[{"floor":6,"key":"Bronze Scales"},{"floor":8,"key":"TungstenRod"},{"floor":9,"key":"Molten Egg 2"},{"floor":24,"key":"Toy Ornithopter"},{"floor":26,"key":"Pear"}],"event_choices":[{"damage_healed":0,"gold_gain":0,"player_choice":"Donut","damage_taken":0,"max_hp_gain":5,"max_hp_loss":0,"event_name":"Big Fish","floor":3,"gold_loss":0},{"damage_healed":0,"gold_gain":0,"player_choice":"Rummage","damage_taken":0,"relics_obtained":["WarpedTongs"],"max_hp_gain":0,"max_hp_loss":0,"event_name":"Accursed Blacksmith","floor":4,"gold_loss":0,"cards_obtained":["Pain"]},{"damage_healed":0,"gold_gain":0,"player_choice":"Ignored","damage_taken":0,"max_hp_gain":0,"max_hp_loss":0,"event_name":"Liars Game","floor":14,"gold_loss":0},{"damage_healed":0,"gold_gain":0,"player_choice":"Got Potions","damage_taken":0,"max_hp_gain":0,"max_hp_loss":0,"event_name":"Lab","floor":19,"gold_loss":0},{"cards_removed":["Study"],"damage_healed":29,"gold_gain":0,"player_choice":"Offered Uncommon","damage_taken":0,"max_hp_gain":0,"max_hp_loss":0,"event_name":"Bonfire Elementals","floor":29,"gold_loss":0}],"is_beta":false,"boss_relics":[{"not_picked":["Ectoplasm","Cursed Key"],"picked":"Pandora\u0027s Box"},{"not_picked":["Empty Cage","Runic Dome"],"picked":"Velvet Choker"}],"items_purged_floors":[5,22],"is_endless":false,"potions_floor_spawned":[2,6,11,16,21,25,27,33,35],"killed_by":"Transient","ascension_level":20}}