{"host":"tgeqdwmtycdugro9","time":1610803539,"event":{"mods":["ATMod(°¢èªMod)","Arknights The Spire","BaseMod","Minty Spire (QoL Compilation)","Replay The Spire","Spicy Shops","StSLib","The Hierophant","Uncapped","¡¾ÒÅÎï¿¨ÅÆ¡¿REMEMod"],"gold_per_floor":[114,289,137,154,154,182,89,89,89,101,121,135,148,248,248,248,248],"floor_reached":16,"language":"ZHS","playtime":596,"items_purged":[],"score":127,"play_id":"603c35d2-7a31-4bcf-a544-ec01bfcd73ea","local_time":"20210116212539","is_ascension_mode":false,"campfire_choices":[{"data":"Finisher","floor":8.0,"key":"SMITH"},{"floor":15,"key":"REST"}],"circlet_count":0,"master_deck":["Strike_G+1","Strike_G","Strike_G+1","Strike_G","Strike_G","Defend_G","Defend_G","Defend_G","Defend_G","Defend_G","Survivor","Neutralize","Dagger Throw","Doubt","Backflip","Finisher+1","Dodge and Roll","Deadly Poison","Backflip","Expertise","Dagger Spray","Flechettes","Blade Dance","Choke","Replay:Bag of Tricks"],"relics":["Ring of the Snake","NeowsBlessing","Matryoshka","Juzu Bracelet","Whetstone"],"acts_visited":[],"potions_floor_usage":[],"damage_taken":[{"damage":0.0,"enemies":"Small Slimes","floor":1.0,"turns":1.0},{"damage":0.0,"enemies":"Jaw Worm","floor":4.0,"turns":1.0},{"damage":0.0,"enemies":"Gremlin Nob","floor":6.0,"turns":1.0},{"damage":3.0,"enemies":"2 Louse","floor":10.0,"turns":3.0},{"damage":13.0,"enemies":"Red Slaver","floor":11.0,"turns":4.0},{"damage":10.0,"enemies":"Looter","floor":12.0,"turns":3.0},{"damage":32,"enemies":"Exordium Wildlife","floor":13,"turns":7},{"damage":39,"enemies":"The Guardian","floor":16,"turns":7}],"seed_played":"7248632413174415728","potions_obtained":[{"floor":1.0,"key":"PowerPotion"},{"floor":4.0,"key":"CultistPotion"},{"floor":11.0,"key":"Fire Potion"}],"is_trial":false,"path_per_floor":["M","?","$","M","?","E","$","R","T","M","M","M","M","?","R","B"],"character_chosen":"THE_SILENT","items_purchased":["Backflip","Finisher","Dodge and Roll","Expertise","Dagger Spray"],"campfire_rested":1,"item_purchase_floors":[3,3,3,7,7],"current_hp_per_floor":[70,70,70,70,70,70,70,70,70,67,54,44,12,12,33,0,0],"gold":248,"neow_bonus":"THREE_ENEMY_KILL","is_daily":false,"chose_seed":false,"campfire_upgraded":1,"win_rate":0.0,"timestamp":1610803539,"path_taken":["M","?","$","M","?","E","?","R","T","M","M","M","M","?","R","BOSS"],"items_purchased_type":["Card","Card","Card","Card","Card"],"build_version":"2020-12-22","purchased_purges":0,"victory":false,"max_hp_per_floor":[70,70,70,70,70,70,70,70,70,70,70,70,70,70,70,70,70],"card_choices":[{"not_picked":["Leg Sweep","Deflect"],"picked":"Dagger Throw","floor":1.0},{"not_picked":["Outmaneuver","Blade Dance"],"picked":"Deadly Poison","floor":4.0},{"not_picked":["Acrobatics","Deflect"],"picked":"Backflip","floor":6.0},{"not_picked":["Slice","PiercingWail"],"picked":"Flechettes","floor":10.0},{"not_picked":["Dagger Throw","Underhanded Strike"],"picked":"Blade Dance","floor":11.0},{"not_picked":["Flechettes","Reflex"],"picked":"Choke","floor":12.0},{"not_picked":["Infinite Blades","Blur"],"picked":"Replay:Bag of Tricks","floor":13}],"player_experience":626,"relics_obtained":[{"floor":6.0,"key":"Matryoshka"},{"floor":9.0,"key":"Juzu Bracelet"},{"floor":9.0,"key":"Whetstone"}],"event_choices":[{"damage_healed":0.0,"max_hp_gain":0.0,"max_hp_loss":0.0,"gold_gain":175.0,"event_name":"Liars Game","player_choice":"AGREE","floor":2.0,"gold_loss":0.0,"damage_taken":0.0,"cards_obtained":["Doubt"]},{"damage_healed":0.0,"max_hp_gain":0.0,"max_hp_loss":0.0,"gold_gain":0.0,"event_name":"Golden Wing","player_choice":"Ignored","floor":5.0,"gold_loss":0.0,"damage_taken":0.0},{"damage_healed":0,"gold_gain":100,"player_choice":"Pray","damage_taken":0,"max_hp_gain":0,"max_hp_loss":0,"event_name":"Golden Shrine","floor":14,"gold_loss":0}],"is_beta":false,"boss_relics":[],"items_purged_floors":[],"is_endless":false,"potions_floor_spawned":[1,4,11],"killed_by":"The Guardian","ascension_level":0}}