{"host":"jft3vy2l4n4npizy","time":1610838163,"event":{"mods":["ATMod(°¢èªMod)","BaseMod","Bestiary","Energized Spire","Highlight Path","Marisa£¨ìFÓê¡¡Ä§ÀíÉ³£©","Minty Spire (QoL Compilation)","Quick Restart","StSLib","TestMod","The Bladedancer","The Servant 0.9.4","Youmu£¨»êÆÇÑýÃÎ£©","Yuri Mod","noobMod","vexMod","¡¾ÒÅÎï¿¨ÅÆ¡¿REMEMod"],"gold_per_floor":[117,117,139,139,152,201,233,86,86,86,11,42,42,74,74,203,203,222,222,50,50,99,137,137,198,198,51,51,70,105,135,135,233,233,243,243,275],"floor_reached":38,"language":"ZHS","playtime":1475,"items_purged":["Strike_B","Strike_B+1"],"score":764,"play_id":"ee5cf73b-5298-43df-9fee-95c6a444cff5","local_time":"20210117070243","is_ascension_mode":false,"campfire_choices":[{"data":"Static Discharge","floor":10,"key":"SMITH"},{"data":"AT_ShadowStep","floor":15,"key":"SMITH"},{"data":"Zap","floor":24,"key":"SMITH"},{"data":"Loop","floor":28,"key":"SMITH"},{"data":"Creative AI","floor":32,"key":"SMITH"}],"circlet_count":0,"master_deck":["Strike_B+1","Defend_B+1","Defend_B+1","Defend_B+1","Defend_B+1","Zap+1","Dualcast+1","Robbery","AT_ShadowStep+1","Steam Power","Static Discharge+1","Beam Cell","Hologram","Creative AI+1","Melter+1","Loop+1","Ball Lightning+1","Reinforced Body+1","Redo+1","Steam","Seek"],"relics":["Cracked Core","AT_ATBox","testmod-TestBox","ice","NeowsBlessing","Juzu Bracelet","testmod-Motorcycle","REME_PuzzleBoxRelic","Letter Opener","energizedSpire:NeverEndingSparkler","Molten Egg 2","testmod-ArcanaOfDestiny","testmod-BlackFramedGlasses","REME_HandOfSuture","PreservedInsect","energizedSpire:StickyHand"],"acts_visited":["Exordium","TheCity","TheBeyond"],"potions_floor_usage":[6,30],"damage_taken":[{"damage":0,"enemies":"Cultist","floor":1,"turns":1},{"damage":0,"enemies":"Small Slimes","floor":3,"turns":1},{"damage":0,"enemies":"Jaw Worm","floor":5,"turns":1},{"damage":33,"enemies":"Gremlin Nob","floor":6,"turns":4},{"damage":17,"enemies":"3 Louse","floor":7,"turns":3},{"damage":14,"enemies":"Large Slime","floor":12,"turns":3},{"damage":14,"enemies":"Exordium Thugs","floor":14,"turns":3},{"damage":25,"enemies":"Hexaghost","floor":16,"turns":7},{"damage":18,"enemies":"Shell Parasite","floor":18,"turns":4},{"damage":6,"enemies":"Chosen","floor":22,"turns":3},{"damage":22,"enemies":"Slavers","floor":23,"turns":2},{"damage":0,"enemies":"Centurion and Healer","floor":25,"turns":3},{"damage":0,"enemies":"Snecko","floor":29,"turns":3},{"damage":8,"enemies":"REME_1_Revenger","floor":30,"turns":3},{"damage":0,"enemies":"Cultist and Chosen","floor":31,"turns":4},{"damage":2,"enemies":"Automaton","floor":33,"turns":5},{"damage":0,"enemies":"3 Shapes","floor":35,"turns":2},{"damage":86,"enemies":"Awakened One","floor":37,"turns":9}],"seed_played":"-5757308147734675940","potions_obtained":[{"floor":1,"key":"SkillPotion"},{"floor":3,"key":"Fire Potion"},{"floor":7,"key":"Swift Potion"},{"floor":16,"key":"Dexterity Potion"},{"floor":29,"key":"REME_GoldPotion"},{"floor":30,"key":"Ancient Potion"}],"is_trial":false,"path_per_floor":["M","?","M","?","M","E","M","$","T","R","$","M","?","M","R","B",null,"M","?","$","?","M","E","R","M","T","$","R","M","E","M","R","B",null,"M","?","B",null],"character_chosen":"DEFECT","items_purchased":["REME_PuzzleBoxRelic","Loop","REME_HandOfSuture"],"campfire_rested":0,"item_purchase_floors":[8,20,27],"current_hp_per_floor":[75,68,68,68,68,35,18,18,18,18,18,4,75,61,61,36,90,72,72,72,72,66,44,44,44,44,44,44,47,42,53,53,56,112,112,112,35],"gold":275,"neow_bonus":"THREE_ENEMY_KILL","is_daily":false,"chose_seed":false,"campfire_upgraded":5,"win_rate":0.0,"timestamp":1610838163,"path_taken":["M","?","M","?","M","E","M","$","T","R","?","M","?","M","R","BOSS","M","?","$","?","M","E","R","M","T","$","R","M","E","M","R","BOSS","M","?","BOSS"],"items_purchased_type":["Relic","Card","Relic"],"build_version":"2020-12-22","purchased_purges":2,"victory":true,"max_hp_per_floor":[75,75,75,75,75,75,75,75,75,75,75,75,75,78,78,90,90,94,94,94,94,96,100,100,102,102,102,102,103,104,106,106,112,112,113,113,129],"card_choices":[{"not_picked":["Barrage","Ball Lightning"],"picked":"Steam Power","floor":1},{"not_picked":["Cold Snap","Redo","Lockon"],"picked":"SKIP","floor":3},{"not_picked":["Doom and Gloom","Leap"],"picked":"Static Discharge","floor":5},{"not_picked":["Rebound","Lockon","Redo"],"picked":"SKIP","floor":6},{"not_picked":["Leap","Conserve Battery"],"picked":"Beam Cell","floor":7},{"not_picked":["Hologram","Stack","AT_HeatAcrobatics"],"picked":"SKIP","floor":12},{"not_picked":["Fission","Stack"],"picked":"Hologram","floor":14},{"not_picked":["Fission","Multi-Cast"],"picked":"Creative AI","floor":16},{"not_picked":["Ball Lightning","Beam Cell"],"picked":"Melter+1","floor":18},{"not_picked":["Barrage+1","AT_ThunderBolt"],"picked":"Ball Lightning+1","floor":22},{"not_picked":["Compile Driver+1","Darkness"],"picked":"Reinforced Body+1","floor":23},{"not_picked":["Leap","Reinforced Body"],"picked":"Redo+1","floor":25},{"not_picked":["Doom and Gloom+1","Barrage+1","Genetic Algorithm"],"picked":"SKIP","floor":29},{"not_picked":["Streamline+1","Compile Driver+1","AT_ThreeBodyProblem"],"picked":"SKIP","floor":30},{"not_picked":["Conserve Battery","Aggregate"],"picked":"Steam","floor":31},{"not_picked":["Biased Cognition","REME_ForAll+1"],"picked":"Seek","floor":33},{"not_picked":["Go for the Eyes+1","AT_StudyProgram+1","Darkness"],"picked":"SKIP","floor":35}],"player_experience":42766,"relics_obtained":[{"floor":6,"key":"testmod-Motorcycle"},{"floor":9,"key":"Letter Opener"},{"floor":21,"key":"Molten Egg 2"},{"floor":23,"key":"testmod-ArcanaOfDestiny"},{"floor":26,"key":"testmod-BlackFramedGlasses"},{"floor":30,"key":"PreservedInsect"}],"event_choices":[{"cards_removed":["Strike_B"],"damage_healed":0,"gold_gain":0,"player_choice":"Card Removal","damage_taken":7,"max_hp_gain":0,"max_hp_loss":0,"event_name":"Golden Wing","floor":2,"gold_loss":0},{"damage_healed":0,"gold_gain":0,"player_choice":"Swap Relic","damage_taken":0,"relics_obtained":["Juzu Bracelet"],"max_hp_gain":0,"max_hp_loss":0,"event_name":"¸ø×Ô¼ºµÄºÐ×Ó","floor":4,"relics_lost":["REME_ComplimentaryCards"],"gold_loss":0},{"damage_healed":0,"gold_gain":0,"player_choice":"Entered Light","damage_taken":15,"max_hp_gain":0,"max_hp_loss":0,"event_name":"Shining Light","floor":13,"gold_loss":0,"cards_upgraded":["Dualcast","Defend_B"]},{"damage_healed":0,"gold_gain":0,"player_choice":"Simplicity","damage_taken":0,"max_hp_gain":0,"max_hp_loss":0,"event_name":"Back to Basics","floor":19,"gold_loss":0,"cards_upgraded":["Strike_B","Strike_B","Defend_B","Defend_B","Defend_B"]},{"damage_healed":0,"gold_gain":0,"player_choice":"Relic","damage_taken":0,"max_hp_gain":0,"max_hp_loss":0,"event_name":"Wheel of Change","floor":21,"gold_loss":0},{"damage_healed":0,"gold_gain":0,"player_choice":"Took Portal","damage_taken":0,"max_hp_gain":0,"max_hp_loss":0,"event_name":"SecretPortal","floor":36,"gold_loss":0}],"is_beta":false,"boss_relics":[{"not_picked":["Ectoplasm","Inserter"],"picked":"energizedSpire:NeverEndingSparkler"},{"not_picked":["Tiny House","testmod-BatchProcessingSystem"],"picked":"energizedSpire:StickyHand"}],"items_purged_floors":[11,20],"is_endless":false,"potions_floor_spawned":[1,3,7,16,29,30,33],"ascension_level":0}}