{"host":"xbs6xfa3tvu21mfl","time":1610791009,"event":{"mods":["Arknights The Spire","BaseMod","Downfall","Minty Spire (QoL Compilation)","Quick Restart","StSLib"],"gold_per_floor":[99,116,130,140,152,171,221,231,250,284,84,94,94,94,107,211,211,111,124,140,160,74,88,139,151,176,217,229,261,273,315,343,455,467,479,505,567,729,66,84,84,84,103,69,82,96,106,122,132,132,132,132,132,132],"floor_reached":52,"language":"ZHS","playtime":3773,"items_purged":["downfall:Haunted","Injury"],"score":808,"play_id":"c5d16f22-5de2-4a22-8c7c-2eb294d98602","local_time":"20210116175649","is_ascension_mode":false,"campfire_choices":[{"floor":1.0,"key":"RECALL"},{"floor":11.0,"key":"REST"},{"floor":13.0,"key":"REST"},{"data":"champ:TripleStrike","floor":18.0,"key":"SMITH"},{"data":"champ:StanceDance","floor":28.0,"key":"SMITH"},{"floor":30.0,"key":"REST"},{"data":"champ:Devastate","floor":35.0,"key":"SMITH"}],"circlet_count":0,"master_deck":["champ:Strike","champ:Strike","champ:Strike","champ:Defend","champ:Defend","champ:Execute","champ:Taunt","champ:GutPunch","champ:CrookedStrike","champ:Endure","champ:RecklessLeap","champ:StanceDance+1","champ:RisingSlash","champ:CalledShot","champ:SwordThrow","champ:FanOfKnives","champ:HeavySlash","champ:Encircle","champ:PreemptiveStrike","champ:EnGarde","champ:TripleStrike+1","champ:Shatter","champ:LastStand","champ:ArenaPreparation","champ:BringItOn+1","Necronomicurse","champ:StanceDance+1","champ:AdrenalArmor","champ:Endure","champ:UltimateStance","champ:BerserkersShout","champ:Devastate+1","champ:AdrenalArmor+1","champ:AdrenalArmor+1","champ:BerserkersShout+1","expansioncontent:StudyTheSpire+1","expansioncontent:InvincibleStrength+1","champ:RapidStrikes","Pain","Injury","champ:EnragedBash+1","champ:RecklessLeap","Flash of Steel","champ:GutPunch+1","champ:Endure","champ:GladiatorForm","champ:RecklessLeap","champ:RapidStrikes+1"],"relics":["champ:ChampionCrown","HornCleat","downfall:HeartBlessingRed","downfall:HeartBlessingGreen","Cursed Key","downfall:HeartBlessingBlue","Necronomicon","Juzu Bracelet","Pen Nib","Black Star","Bird Faced Urn","TungstenRod","Dream Catcher","Membership Card","Letter Opener"],"acts_visited":["Exordium","TheCity","TheBeyond","TheEnding"],"potions_floor_usage":[50,50],"damage_taken":[{"damage":10.0,"enemies":"Small Slimes","floor":2.0,"turns":3.0},{"damage":24.0,"enemies":"Cultist","floor":3.0,"turns":4.0},{"damage":13.0,"enemies":"Jaw Worm","floor":4.0,"turns":4.0},{"damage":36.0,"enemies":"Large Slime","floor":5.0,"turns":8.0},{"damage":23.0,"enemies":"2 Fungi Beasts","floor":6.0,"turns":4.0},{"damage":25.0,"enemies":"Exordium Wildlife","floor":8.0,"turns":2.0},{"damage":53.0,"enemies":"Lots of Slimes","floor":9.0,"turns":4.0},{"damage":47.0,"enemies":"Gremlin Nob","floor":10.0,"turns":4.0},{"damage":16.0,"enemies":"Blue Slaver","floor":12.0,"turns":2.0},{"damage":12.0,"enemies":"Gremlin Gang","floor":15.0,"turns":4.0},{"damage":79.0,"enemies":"DF_ARCHETYPE_STREAMLINE","floor":16.0,"turns":9.0},{"damage":25.0,"enemies":"3 Byrds","floor":19.0,"turns":4.0},{"damage":37.0,"enemies":"Shell Parasite","floor":20.0,"turns":2.0},{"damage":57.0,"enemies":"Centurion and Healer","floor":21.0,"turns":4.0},{"damage":20.0,"enemies":"downfall:FleeingMerchant","floor":22.0,"turns":4.0},{"damage":30.0,"enemies":"3 Cultists","floor":23.0,"turns":4.0},{"damage":25.0,"enemies":"Sentry and Sphere","floor":26.0,"turns":4.0},{"damage":30.0,"enemies":"Book of Stabbing","floor":27.0,"turns":4.0},{"damage":62.0,"enemies":"Snake Plant","floor":29.0,"turns":3.0},{"damage":70.0,"enemies":"Gremlin Leader","floor":31.0,"turns":4.0},{"damage":45.0,"enemies":"Snecko","floor":32.0,"turns":2.0},{"damage":123.0,"enemies":"IC_MUSHROOM_ARCHETYPE","floor":33.0,"turns":6.0},{"damage":50.0,"enemies":"3 Shapes","floor":36.0,"turns":2.0},{"damage":52.0,"enemies":"3 Shapes","floor":37.0,"turns":6.0},{"damage":70.0,"enemies":"downfall:FleeingMerchant","floor":39.0,"turns":4.0},{"damage":28.0,"enemies":"Orb Walker","floor":40.0,"turns":3.0},{"damage":42.0,"enemies":"Transient","floor":43.0,"turns":5.0},{"damage":56.0,"enemies":"downfall:FleeingMerchant","floor":44.0,"turns":4.0},{"damage":61.0,"enemies":"Jaw Worm Horde","floor":45.0,"turns":3.0},{"damage":42.0,"enemies":"3 Darklings","floor":46.0,"turns":3.0},{"damage":89.0,"enemies":"Transient","floor":47.0,"turns":5.0},{"damage":45.0,"enemies":"Maw","floor":48.0,"turns":5.0},{"damage":85.0,"enemies":"4 Shapes","floor":49.0,"turns":3.0},{"damage":179,"enemies":"SI_POISON_ARCHETYPE","floor":50,"turns":8},{"damage":134,"enemies":"downfall:CharBossMerchant","floor":52,"turns":5}],"seed_played":"4298113269307342931","potions_obtained":[{"floor":2.0,"key":"EssenceOfSteel"},{"floor":6.0,"key":"SpeedPotion"},{"floor":12.0,"key":"BlessingOfTheForge"},{"floor":15.0,"key":"EssenceOfSteel"},{"floor":16.0,"key":"Weak Potion"},{"floor":21.0,"key":"Block Potion"},{"floor":26.0,"key":"Regen Potion"},{"floor":27.0,"key":"GamblersBrew"},{"floor":32.0,"key":"Strength Potion"},{"floor":37.0,"key":"FearPotion"},{"floor":40.0,"key":"ColorlessPotion"},{"floor":46.0,"key":"Fire Potion"},{"floor":47.0,"key":"Dexterity Potion"},{"floor":49.0,"key":"FairyPotion"}],"is_trial":false,"path_per_floor":["R","M","M","M","M","M","T","M","M","E","R","M","R","?","M","B",null,"R","M","M","M","$","M","T","?","M","E","R","M","R","E","M","B",null,"R","M","?","?","$","M","T","?","M","$","M","M","M","M","M","B",null,"E"],"character_chosen":"THE_CHAMP","items_purchased":["champ:ArenaPreparation","expansioncontent:StudyTheSpire","TungstenRod","expansioncontent:InvincibleStrength","Membership Card","Letter Opener","Flash of Steel"],"campfire_rested":3,"item_purchase_floors":[22,39,39,39,44,44,44],"current_hp_per_floor":[99,99,95,92,76,68,68,68,50,38,67,66,95,95,83,54,99,109,109,102,75,75,75,75,59,59,71,71,64,96,96,96,23,109,109,94,87,87,87,98,98,98,101,109,108,102,99,108,86,82,109,0,0,0],"gold":132,"neow_bonus":"TEN_PERCENT_HP_BONUS","is_daily":false,"chose_seed":false,"campfire_upgraded":3,"win_rate":0.0,"timestamp":1610791009,"path_taken":["R","M","M","M","M","M","T","M","M","E","R","M","R","?","M","BOSS","R","M","M","?","$","M","T","?","M","E","R","M","R","E","M","BOSS","R","M","?","?","$","M","T","?","M","?","M","M","M","M","M","BOSS","E"],"items_purchased_type":["Card","Card","Relic","Card","Relic","Relic","Card"],"build_version":"2020-12-22","purchased_purges":2,"victory":false,"max_hp_per_floor":[99,99,99,99,99,99,99,99,99,99,99,99,99,99,99,99,99,109,109,109,109,109,109,109,109,109,109,109,109,109,109,109,109,109,109,109,109,109,109,109,109,109,109,109,109,109,109,109,109,109,109,109,109,109],"card_choices":[{"not_picked":["champ:Shatter","champ:TornadoPunch"],"picked":"champ:GutPunch","floor":2.0},{"not_picked":["champ:FalseCounter","champ:FanOfKnives"],"picked":"champ:CrookedStrike","floor":3.0},{"not_picked":["champ:DancingMaster","champ:EnGarde"],"picked":"champ:Endure","floor":4.0},{"not_picked":["champ:FanOfKnives","champ:Lariat"],"picked":"champ:RecklessLeap","floor":5.0},{"not_picked":["champ:BerserkersShout","champ:CrownThrow"],"picked":"champ:StanceDance","floor":6.0},{"not_picked":["champ:SkillfulDodge","champ:PreciseThrust"],"picked":"champ:RisingSlash","floor":8.0},{"not_picked":["champ:PerfectedStrike","champ:RecklessLeap"],"picked":"champ:CalledShot","floor":9.0},{"not_picked":["champ:BringItOn","champ:Duel"],"picked":"champ:SwordThrow","floor":10.0},{"not_picked":["champ:BerserkersShout","champ:DefensiveShout"],"picked":"champ:FanOfKnives","floor":12.0},{"not_picked":["champ:PreciseThrust","champ:EndlessRage"],"picked":"champ:EnGarde","floor":15.0},{"not_picked":["champ:CheapShot","champ:DancingMaster"],"picked":"champ:TripleStrike","floor":16.0},{"not_picked":["champ:FanOfKnives","champ:DefensiveShout","champ:FocusedDefense"],"picked":"SKIP","floor":19.0},{"not_picked":["champ:Parry","champ:PreciseThrust","champ:TornadoPunch+1"],"picked":"SKIP","floor":20.0},{"not_picked":["champ:PreemptiveStrike+1","champ:CalledShot"],"picked":"champ:Shatter","floor":21.0},{"not_picked":["champ:BladeFlurry","champ:FlashCut"],"picked":"champ:LastStand","floor":22.0},{"not_picked":["champ:BerserkersShout","champ:GutPunch"],"picked":"champ:BringItOn+1","floor":23.0},{"not_picked":["champ:FanOfKnives","champ:Shatter+1"],"picked":"champ:StanceDance+1","floor":26.0},{"not_picked":["champ:BladeFlurry+1","champ:Circumvent"],"picked":"champ:AdrenalArmor","floor":27.0},{"not_picked":["champ:HoldFirm","champ:Shatter"],"picked":"champ:Endure","floor":29.0},{"not_picked":["champ:StanceDance","champ:CrownThrow"],"picked":"champ:UltimateStance","floor":31.0},{"not_picked":["champ:Encircle","champ:DefensiveShout"],"picked":"champ:BerserkersShout","floor":32.0},{"not_picked":["champ:VampiricStrike","champ:TripleStrike"],"picked":"champ:Devastate","floor":33.0},{"not_picked":["champ:RecklessLeap","champ:CrownThrow"],"picked":"champ:AdrenalArmor+1","floor":36.0},{"not_picked":["champ:Lariat+1","champ:DefensiveShout+1"],"picked":"champ:AdrenalArmor+1","floor":37.0},{"not_picked":["champ:ShieldSlam","champ:FanOfKnives"],"picked":"champ:BerserkersShout+1","floor":39.0},{"not_picked":["champ:Circumvent","champ:Backstep+1"],"picked":"champ:RapidStrikes","floor":40.0},{"not_picked":["champ:FlashCut","champ:ShieldWall"],"picked":"champ:EnragedBash+1","floor":43.0},{"not_picked":["champ:PreciseThrust","champ:CrownThrow+1"],"picked":"champ:RecklessLeap","floor":44.0},{"not_picked":["champ:CalledShot+1","champ:FancyFootwork"],"picked":"champ:GutPunch+1","floor":45.0},{"not_picked":["champ:EnGarde+1","champ:BladeFlurry+1"],"picked":"champ:Endure","floor":46.0},{"not_picked":["champ:PreemptiveStrike","champ:Shatter"],"picked":"champ:GladiatorForm","floor":47.0},{"not_picked":["champ:PerfectedStrike","champ:Backstep"],"picked":"champ:RecklessLeap","floor":48.0},{"not_picked":["champ:PreemptiveStrike+1","champ:Encircle+1"],"picked":"champ:RapidStrikes+1","floor":49.0}],"player_experience":129049,"relics_obtained":[{"floor":10.0,"key":"HornCleat"},{"floor":24.0,"key":"MawBank"},{"floor":25.0,"key":"Necronomicon"},{"floor":27.0,"key":"Juzu Bracelet"},{"floor":31.0,"key":"Pen Nib"},{"floor":37.0,"key":"Bird Faced Urn"},{"floor":41.0,"key":"Dream Catcher"}],"event_choices":[],"is_beta":false,"boss_relics":[{"not_picked":["Velvet Choker","Coffee Dripper"],"picked":"Cursed Key"},{"not_picked":["Snecko Eye","Fusion Hammer"],"picked":"Black Star"}],"items_purged_floors":[39,44],"is_endless":false,"potions_floor_spawned":[2,6,12,15,16,21,26,27,32,37,40,46,47,49],"killed_by":"downfall:CharBossMerchant","ascension_level":0}}