{"host":"oehe2dxjvdgux73m","time":1610785764,"event":{"mods":["AchievementEnabler","BaseMod","Colored Map","Colored Powertips","DeckTracker","Keyboard Shortcuts","Minty Spire (QoL Compilation)","Permanent Neow","Quick Restart","StSLib","SuperFastMode"],"gold_per_floor":[119,138,188,203,219,219,245,262,331,331,344,309,322,339,339,413,413,426,6,56,56,75,75,85,105,105,0,28,28,41,41,41,41,41],"floor_reached":33,"language":"KOR","playtime":1752,"items_purged":["Sucker Punch"],"score":488,"play_id":"2c4278e1-4e6a-4edb-992e-9bbf4180bc86","local_time":"20210116172924","is_ascension_mode":true,"campfire_choices":[{"data":"Neutralize","floor":6.0,"key":"SMITH"},{"data":"Strike_G","floor":10.0,"key":"PURGE"},{"data":"Dagger Spray","floor":15.0,"key":"SMITH"},{"data":"After Image","floor":23.0,"key":"SMITH"},{"data":"A Thousand Cuts","floor":29.0,"key":"SMITH"},{"floor":32,"key":"REST"}],"circlet_count":0,"master_deck":["AscendersBane","Survivor","Neutralize+1","Blur","Deadly Poison","Bane","Deadly Poison","After Image+1","Dagger Spray+1","PiercingWail","Backstab","Backstab","Doppelganger","A Thousand Cuts+1","Storm of Steel","Eviscerate","Dagger Spray","Setup","Outmaneuver","PiercingWail","Escape Plan+1","PiercingWail+1","Acrobatics","Finesse","Blur","Decay","Dodge and Roll+1","Venomology","Cloak And Dagger+1","After Image+1"],"relics":["Ring of the Snake","Peace Pipe","Pear","Blue Candle","Pandora\u0027s Box","Orrery","Matryoshka","Lizard Tail"],"acts_visited":["Exordium","TheCity"],"potions_floor_usage":[30,30,33],"damage_taken":[{"damage":8.0,"enemies":"Jaw Worm","floor":1.0,"turns":4.0},{"damage":0.0,"enemies":"Cultist","floor":2.0,"turns":4.0},{"damage":0.0,"enemies":"2 Louse","floor":4.0,"turns":3.0},{"damage":7.0,"enemies":"Looter","floor":5.0,"turns":4.0},{"damage":5.0,"enemies":"Gremlin Nob","floor":7.0,"turns":4.0},{"damage":2.0,"enemies":"Red Slaver","floor":8.0,"turns":4.0},{"damage":0.0,"enemies":"Blue Slaver","floor":11.0,"turns":5.0},{"damage":11.0,"enemies":"Large Slime","floor":13.0,"turns":7.0},{"damage":1.0,"enemies":"Red Slaver","floor":14.0,"turns":3.0},{"damage":63.0,"enemies":"Slime Boss","floor":16.0,"turns":11.0},{"damage":12.0,"enemies":"Chosen","floor":18.0,"turns":4.0},{"damage":1.0,"enemies":"Shell Parasite","floor":22.0,"turns":4.0},{"damage":10.0,"enemies":"Centurion and Healer","floor":24.0,"turns":9.0},{"damage":27.0,"enemies":"Snecko","floor":25.0,"turns":7.0},{"damage":9.0,"enemies":"Gremlin Leader","floor":28.0,"turns":8.0},{"damage":18,"enemies":"Shelled Parasite and Fungi","floor":30,"turns":5},{"damage":93,"enemies":"Champ","floor":33,"turns":20}],"seed_played":"-1019251897575403935","potions_obtained":[{"floor":2.0,"key":"CunningPotion"},{"floor":4.0,"key":"Block Potion"},{"floor":7.0,"key":"Poison Potion"},{"floor":11.0,"key":"FairyPotion"},{"floor":16.0,"key":"SteroidPotion"},{"floor":22.0,"key":"Energy Potion"},{"floor":25.0,"key":"FairyPotion"},{"floor":28.0,"key":"AttackPotion"}],"is_trial":false,"path_per_floor":["M","M","?","M","M","R","E","M","T","R","M","?","M","M","R","B",null,"M","$","?","?","M","R","M","M","T","?","E","R","M","?","R","B"],"character_chosen":"THE_SILENT","items_purchased":["Orrery","Finesse","Blur"],"campfire_rested":1,"item_purchase_floors":[19,19,19],"current_hp_per_floor":[51,51,45,45,38,38,43,41,41,41,41,58,47,46,46,15,56,44,44,44,44,43,43,33,6,6,6,21,21,3,3,24,0,0],"gold":41,"neow_bonus":"ONE_RARE_RELIC","is_daily":false,"chose_seed":false,"campfire_upgraded":4,"win_rate":0.0,"timestamp":1610785764,"path_taken":["M","M","?","?","M","R","E","M","T","R","M","?","M","M","R","BOSS","M","$","?","?","M","R","M","?","T","?","E","R","M","?","R","BOSS"],"items_purchased_type":["Relic","Card","Card"],"build_version":"2020-12-22","purchased_purges":1,"victory":false,"max_hp_per_floor":[60,60,60,60,60,60,70,70,70,70,70,70,70,70,70,70,70,70,70,70,70,70,70,70,70,70,70,70,70,70,70,70,70,70],"card_choices":[{"not_picked":["Deadly Poison","Backflip"],"picked":"Blur","floor":1.0},{"not_picked":["Dodge and Roll","Tactician"],"picked":"Deadly Poison","floor":2.0},{"not_picked":["Flying Knee","Cloak And Dagger"],"picked":"Bane","floor":4.0},{"not_picked":["Flying Knee","Outmaneuver"],"picked":"Deadly Poison","floor":5.0},{"not_picked":["Expertise","Outmaneuver"],"picked":"After Image","floor":7.0},{"not_picked":["Caltrops","Terror","Deadly Poison"],"picked":"SKIP","floor":8.0},{"not_picked":["Leg Sweep","Flying Knee"],"picked":"Dagger Spray","floor":11.0},{"not_picked":["Noxious Fumes","Catalyst"],"picked":"PiercingWail","floor":13.0},{"not_picked":["Cloak And Dagger","A Thousand Cuts"],"picked":"Backstab","floor":14.0},{"not_picked":["Distraction","Predator"],"picked":"PiercingWail","floor":18.0},{"not_picked":["Outmaneuver","Calculated Gamble"],"picked":"Escape Plan+1","floor":19.0},{"not_picked":["Tactician","Sucker Punch"],"picked":"PiercingWail+1","floor":19.0},{"not_picked":["Footwork","Quick Slash"],"picked":"Acrobatics","floor":19.0},{"not_picked":["Blade Dance+1","Caltrops"],"picked":"Dodge and Roll+1","floor":22.0},{"not_picked":["Bane","Flying Knee"],"picked":"Venomology","floor":24.0},{"not_picked":["Acrobatics","Dagger Throw","Prepared"],"picked":"SKIP","floor":25.0},{"not_picked":["Glass Knife","Dagger Spray","Dagger Throw"],"picked":"SKIP","floor":28.0},{"not_picked":["Well Laid Plans","Accuracy"],"picked":"Cloak And Dagger+1","floor":30}],"player_experience":219222,"relics_obtained":[{"floor":7.0,"key":"Pear"},{"floor":9.0,"key":"Blue Candle"},{"floor":26.0,"key":"Matryoshka"},{"floor":28.0,"key":"Lizard Tail"}],"event_choices":[{"damage_healed":0.0,"max_hp_gain":0.0,"max_hp_loss":0.0,"gold_gain":50.0,"event_name":"FaceTrader","player_choice":"Touch","floor":3.0,"gold_loss":0.0,"damage_taken":6.0},{"damage_healed":17.0,"max_hp_gain":0.0,"max_hp_loss":0.0,"gold_gain":0.0,"event_name":"The Cleric","player_choice":"Healed","floor":12.0,"gold_loss":35.0,"damage_taken":0.0},{"damage_healed":0.0,"max_hp_gain":0.0,"max_hp_loss":0.0,"gold_gain":50.0,"event_name":"Nest","player_choice":"Stole From Cult","floor":20.0,"gold_loss":0.0,"damage_taken":0.0},{"damage_healed":0.0,"max_hp_gain":0.0,"max_hp_loss":0.0,"gold_gain":0.0,"event_name":"Wheel of Change","player_choice":"Cursed","floor":21.0,"gold_loss":0.0,"damage_taken":0.0,"cards_obtained":["Decay"]},{"damage_healed":0.0,"max_hp_gain":0.0,"max_hp_loss":0.0,"gold_gain":0.0,"event_name":"Masked Bandits","player_choice":"Paid Fearfully","floor":27.0,"gold_loss":105.0,"damage_taken":0.0},{"damage_healed":0,"gold_gain":0,"player_choice":"Copied","damage_taken":0,"max_hp_gain":0,"max_hp_loss":0,"event_name":"Duplicator","floor":31,"gold_loss":0,"cards_obtained":["After Image"]}],"is_beta":false,"boss_relics":[{"not_picked":["Runic Pyramid","Sozu"],"picked":"Pandora\u0027s Box"}],"items_purged_floors":[19],"is_endless":false,"potions_floor_spawned":[2,4,7,11,16,22,25,28],"killed_by":"Champ","ascension_level":16}}