{"host":"4hkuu26ltn0le3bk","time":1610840212,"event":{"mods":["100% Spire Juice","Arknights The Spire","Astrologer","BaseMod","BetterRewards","Clockwork Mod","Colored Map","Colored Powertips","Downfall","Friendly Minions","Gremlin Mod","Hermit","Marisa????????","Minty Spire (QoL Compilation)","Quick Restart","StSLib","Td1madao Mod","The Bug Knight","The Construct","The Cursed","The Disciple","The Factory","The Hierophant","The Jungle","The Servant 0.9.4"],"gold_per_floor":[118,138,158,233,251,251,251],"floor_reached":6,"language":"ENG","playtime":245,"items_purged":[],"score":38,"play_id":"07c24dfb-d97e-4a6f-8361-ce0f4c17c773","local_time":"20210116183652","is_ascension_mode":false,"campfire_choices":[],"circlet_count":0,"master_deck":["ats:Strike C","ats:Strike G","ats:Strike S","ats:Strike V","ats:Armor Crushing Shot","ats:Defend","ats:Defend","ats:Defend","ats:Defend","ats:Emotion Absorption","ats:Powerful Strike","ats:Song Of Battle","ats:Calcification"],"relics":["ats:Sanity"],"acts_visited":["Exordium"],"potions_floor_usage":[5],"damage_taken":[{"damage":3,"enemies":"Jaw Worm","floor":1,"turns":4},{"damage":5,"enemies":"Small Slimes","floor":2,"turns":3},{"damage":1,"enemies":"Cultist","floor":3,"turns":3},{"damage":6,"enemies":"Exordium Wildlife","floor":5,"turns":3},{"damage":0,"enemies":"HollowMod:MossKnight","floor":6,"turns":1}],"seed_played":"-3448587064662702131","potions_obtained":[{"floor":2,"key":"bronze:BurnAndBuffPotion"},{"floor":3,"key":"Guardian:BlockOnCardUsePotion"}],"is_trial":false,"path_per_floor":["M","M","M","?","M","E"],"character_chosen":"DOCTOR_CLASS","items_purchased":[],"campfire_rested":0,"item_purchase_floors":[],"current_hp_per_floor":[76,71,70,59,53,53,53],"gold":251,"neow_bonus":"TEN_PERCENT_HP_BONUS","is_daily":false,"chose_seed":false,"campfire_upgraded":0,"win_rate":0.0,"timestamp":1610840212,"path_taken":["M","M","M","?","M","E"],"items_purchased_type":[],"build_version":"2020-12-22","purchased_purges":0,"victory":false,"max_hp_per_floor":[79,79,79,79,79,79,79],"card_choices":[{"not_picked":["ats:Hammer On","ats:Shell Defense"],"picked":"ats:Powerful Strike","floor":1},{"not_picked":["ats:Childhood Dance","ats:Very Hot Blade","ats:Revitalization"],"picked":"SKIP","floor":2},{"not_picked":["ats:Very Hot Blade","ats:Revitalization"],"picked":"ats:Song Of Battle","floor":3},{"not_picked":["ats:Thorns","ats:Apocalypse"],"picked":"ats:Calcification","floor":5}],"player_experience":211848,"relics_obtained":[],"event_choices":[{"damage_healed":0,"gold_gain":75,"player_choice":"Gather Gold","damage_taken":11,"max_hp_gain":0,"max_hp_loss":0,"event_name":"World of Goop","floor":4,"gold_loss":0}],"is_beta":false,"boss_relics":[],"items_purged_floors":[],"is_endless":false,"potions_floor_spawned":[2,3],"killed_by":"HollowMod:MossKnight","ascension_level":0}}