{"host":"1u4zr9vl8my47i07","time":1610808205,"event":{"mods":["AchievementEnabler","BaseMod","Colored Map","Highlight Path","Keyboard Shortcuts","Minty Spire (QoL Compilation)","Relic Stats","StSLib","SuperFastMode","Uncapped","Waifu the Spire","everything is the same but u backflip on backflip"],"gold_per_floor":[116,41,53,66,77,77,108,108,108,137,137,137,37,71,71,148,148,159,159,159,174,193,193,193,193],"floor_reached":24,"language":"KOR","playtime":611,"items_purged":["Strike_R","Strike_R"],"score":417,"play_id":"f3f928ec-c407-4e78-aa3d-bfcd54fd1906","local_time":"20210116234325","is_ascension_mode":true,"campfire_choices":[{"data":"Body Slam","floor":6.0,"key":"SMITH"},{"floor":8.0,"key":"REST"},{"data":"Uppercut","floor":15.0,"key":"SMITH"},{"data":"Offering","floor":23.0,"key":"SMITH"}],"circlet_count":0,"master_deck":["AscendersBane","Strike_R","Defend_R","Defend_R","Defend_R","Defend_R","Bash","Bludgeon","Pommel Strike","Shrug It Off","Body Slam+1","Uppercut+1","Offering+1","Combust","Fiend Fire","Bloodletting","Anger"],"relics":["Burning Blood","Bronze Scales","Dream Catcher","Bottled Flame","Bag of Marbles","Mark of Pain"],"acts_visited":["Exordium","TheCity"],"potions_floor_usage":[],"damage_taken":[{"damage":6.0,"enemies":"Cultist","floor":1.0,"turns":3.0},{"damage":7.0,"enemies":"Small Slimes","floor":3.0,"turns":3.0},{"damage":12.0,"enemies":"Jaw Worm","floor":4.0,"turns":2.0},{"damage":11.0,"enemies":"2 Fungi Beasts","floor":5.0,"turns":3.0},{"damage":47.0,"enemies":"Lagavulin","floor":7.0,"turns":8.0},{"damage":14.0,"enemies":"Gremlin Nob","floor":10.0,"turns":3.0},{"damage":36.0,"enemies":"3 Sentries","floor":14.0,"turns":8.0},{"damage":13.0,"enemies":"Slime Boss","floor":16.0,"turns":5.0},{"damage":13.0,"enemies":"Shell Parasite","floor":18.0,"turns":1.0},{"damage":12.0,"enemies":"3 Byrds","floor":21.0,"turns":3.0},{"damage":18.0,"enemies":"Centurion and Healer","floor":22.0,"turns":5.0},{"damage":40,"enemies":"Slavers","floor":24,"turns":3}],"seed_played":"-3483321194362762983","potions_obtained":[{"floor":1.0,"key":"Block Potion"},{"floor":3.0,"key":"Dexterity Potion"},{"floor":14.0,"key":"BlessingOfTheForge"},{"floor":16.0,"key":"Explosive Potion"}],"is_trial":false,"path_per_floor":["M","$","M","M","M","R","E","R","T","E","?","?","$","E","R","B",null,"M","?","?","M","M","R","E"],"character_chosen":"IRONCLAD","items_purchased":[],"campfire_rested":1,"item_purchase_floors":[],"current_hp_per_floor":[68,68,67,61,56,56,15,37,37,29,29,54,54,24,24,17,61,54,54,54,48,36,36,0,0],"gold":193,"neow_bonus":"TRANSFORM_CARD","is_daily":false,"chose_seed":false,"campfire_upgraded":3,"win_rate":0.0,"timestamp":1610808205,"path_taken":["M","?","?","M","M","R","E","R","T","E","?","?","?","E","R","BOSS","M","?","?","M","?","R","E"],"items_purchased_type":[],"build_version":"2020-12-22","purchased_purges":2,"victory":false,"max_hp_per_floor":[75,75,75,75,75,75,75,75,75,75,75,75,75,75,75,75,75,75,75,75,75,75,75,75,75],"relic_stats":{"Dream Catcher":0,"counters":[12,47],"Bronze Scales":[68],"obtain_stats":[{"Dream Catcher":9,"Bottled Flame":10,"Bronze Scales":7,"Mark of Pain":17,"Bag of Marbles":14,"Burning Blood":0},{"Dream Catcher":5,"Bottled Flame":6,"Bronze Scales":5,"Mark of Pain":8,"Bag of Marbles":7,"Burning Blood":0},{"Dream Catcher":19,"Bottled Flame":22,"Bronze Scales":19,"Mark of Pain":35,"Bag of Marbles":30,"Burning Blood":0}],"Burning Blood":66},"card_choices":[{"not_picked":["Whirlwind","Body Slam"],"picked":"Pommel Strike","floor":1.0},{"not_picked":["Twin Strike","Heavy Blade"],"picked":"Shrug It Off","floor":3.0},{"not_picked":["Wild Strike","Rage"],"picked":"Body Slam","floor":4.0},{"not_picked":["Clothesline","Cleave"],"picked":"Uppercut","floor":5.0},{"not_picked":["Second Wind","Flex"],"picked":"Offering","floor":7.0},{"not_picked":["Warcry","Iron Wave","Havoc"],"picked":"SKIP","floor":10.0},{"not_picked":["Havoc","Reckless Charge"],"picked":"Combust","floor":14.0},{"not_picked":["Exhume","Brutality"],"picked":"Fiend Fire","floor":16.0},{"not_picked":["Body Slam","Flex"],"picked":"Bloodletting","floor":18.0},{"not_picked":["Dark Embrace","Sword Boomerang","Dual Wield+1"],"picked":"SKIP","floor":21.0},{"not_picked":["Hemokinesis","Heavy Blade","Twin Strike"],"picked":"SKIP","floor":22.0}],"player_experience":348161,"relics_obtained":[{"floor":7.0,"key":"Bronze Scales"},{"floor":9.0,"key":"Dream Catcher"},{"floor":10.0,"key":"Bottled Flame"},{"floor":14.0,"key":"Bag of Marbles"}],"event_choices":[{"damage_healed":0.0,"max_hp_gain":0.0,"max_hp_loss":0.0,"gold_gain":0.0,"event_name":"Liars Game","player_choice":"Ignored","floor":11.0,"gold_loss":0.0,"damage_taken":0.0},{"damage_healed":25.0,"max_hp_gain":0.0,"max_hp_loss":0.0,"gold_gain":0.0,"event_name":"Big Fish","player_choice":"Banana","floor":12.0,"gold_loss":0.0,"damage_taken":0.0},{"damage_healed":0.0,"max_hp_gain":0.0,"max_hp_loss":0.0,"gold_gain":0.0,"event_name":"Ghosts","player_choice":"Ignored","floor":19.0,"gold_loss":0.0,"damage_taken":0.0},{"damage_healed":0.0,"max_hp_gain":0.0,"max_hp_loss":0.0,"gold_gain":0.0,"cards_transformed":["Strike_R"],"event_name":"Transmorgrifier","player_choice":"Transformed","floor":20.0,"gold_loss":0.0,"damage_taken":0.0,"cards_obtained":["Anger"]}],"is_beta":false,"boss_relics":[{"not_picked":["Fusion Hammer","Ectoplasm"],"picked":"Mark of Pain"}],"items_purged_floors":[2,13],"is_endless":false,"potions_floor_spawned":[1,3,14,16],"killed_by":"Slavers","ascension_level":19}}