{"host":"2tgyrzvaa7l04o2e","time":1610825286,"event":{"mods":["BaseMod","Highlight Path","Minty Spire (QoL Compilation)","Permanent Neow","Relic Stats"],"gold_per_floor":[110,124,274,199,199,234,14,28,53,53,72,83,83,95,95,95,95],"floor_reached":16,"language":"ENG","playtime":720,"items_purged":[],"score":204,"play_id":"4ac9a3f3-42d7-41fc-9408-308c0e3420fb","local_time":"20210116202806","is_ascension_mode":true,"campfire_choices":[{"data":"Blade Dance","floor":10,"key":"SMITH"},{"data":"Malaise","floor":13,"key":"SMITH"},{"data":"Blade Dance","floor":15,"key":"SMITH"}],"circlet_count":0,"master_deck":["AscendersBane","Strike_G","Strike_G","Strike_G","Strike_G","Strike_G","Defend_G","Defend_G","Defend_G","Defend_G","Defend_G","Survivor","Neutralize+1","Backflip","Malaise+1","Blade Dance+1","Crippling Poison","Blade Dance+1"],"relics":["Ring of the Snake","Strawberry","Vajra","Chemical X","Oddly Smooth Stone"],"acts_visited":["Exordium"],"potions_floor_usage":[6,6,12,14],"damage_taken":[{"damage":1,"enemies":"2 Louse","floor":1,"turns":3},{"damage":11,"enemies":"Jaw Worm","floor":2,"turns":7},{"damage":15,"enemies":"3 Sentries","floor":6,"turns":13},{"damage":0,"enemies":"Small Slimes","floor":8,"turns":3},{"damage":0,"enemies":"Looter","floor":11,"turns":4},{"damage":6,"enemies":"Exordium Wildlife","floor":12,"turns":6},{"damage":12,"enemies":"3 Louse","floor":14,"turns":3},{"damage":24,"enemies":"Hexaghost","floor":16,"turns":14}],"seed_played":"-3613427766449783003","potions_obtained":[{"floor":1,"key":"Poison Potion"},{"floor":2,"key":"Fire Potion"},{"floor":12,"key":"PowerPotion"}],"is_trial":false,"path_per_floor":["M","M","?","?","?","E","$","M","T","R","M","M","R","M","R","B"],"character_chosen":"THE_SILENT","items_purchased":["Chemical X","Fire Potion"],"campfire_rested":0,"item_purchase_floors":[7,7],"current_hp_per_floor":[65,54,54,54,54,39,39,39,39,39,39,33,33,21,21,0,0],"gold":95,"neow_bonus":"RANDOM_COMMON_RELIC","is_daily":false,"chose_seed":false,"campfire_upgraded":3,"win_rate":0.0,"timestamp":1610825286,"path_taken":["M","M","?","?","?","E","$","M","T","R","M","M","R","M","R","BOSS"],"items_purchased_type":["Relic","Potion"],"build_version":"2020-12-22","purchased_purges":0,"victory":false,"max_hp_per_floor":[73,73,73,73,73,73,73,73,73,73,73,73,73,73,73,73,73],"relic_stats":{"counters":[8,53],"Chemical X":[5],"obtain_stats":[{"Strawberry":0,"Vajra":6,"Oddly Smooth Stone":9,"Chemical X":7,"Ring of the Snake":0},{"Strawberry":0,"Vajra":3,"Oddly Smooth Stone":4,"Chemical X":3,"Ring of the Snake":0},{"Strawberry":0,"Vajra":23,"Oddly Smooth Stone":26,"Chemical X":23,"Ring of the Snake":0}],"Ring of the Snake":[16]},"card_choices":[{"not_picked":["Acrobatics","Flechettes","Catalyst"],"picked":"SKIP","floor":1},{"not_picked":["Dodge and Roll","Cloak And Dagger"],"picked":"Backflip","floor":2},{"not_picked":["Dagger Throw","Quick Slash"],"picked":"Malaise","floor":6},{"not_picked":["Riddle With Holes","PiercingWail"],"picked":"Blade Dance","floor":8},{"not_picked":["Bane","Deflect","Underhanded Strike"],"picked":"SKIP","floor":11},{"not_picked":["Prepared","Slice"],"picked":"Crippling Poison","floor":12},{"not_picked":["Deadly Poison","Cloak And Dagger"],"picked":"Blade Dance","floor":14}],"player_experience":614974,"relics_obtained":[{"floor":6,"key":"Vajra"},{"floor":9,"key":"Oddly Smooth Stone"}],"event_choices":[{"damage_healed":0,"gold_gain":150,"player_choice":"AGREE","damage_taken":0,"max_hp_gain":0,"max_hp_loss":0,"event_name":"Liars Game","floor":3,"gold_loss":0,"cards_obtained":["Doubt"]},{"cards_removed":["Doubt"],"damage_healed":0,"gold_gain":0,"player_choice":"Card Removal","damage_taken":0,"max_hp_gain":0,"max_hp_loss":0,"event_name":"The Cleric","floor":4,"gold_loss":75},{"damage_healed":0,"gold_gain":0,"player_choice":"Grow","damage_taken":0,"max_hp_gain":0,"max_hp_loss":0,"event_name":"Living Wall","floor":5,"gold_loss":0,"cards_upgraded":["Neutralize"]}],"is_beta":false,"boss_relics":[],"items_purged_floors":[],"is_endless":false,"potions_floor_spawned":[1,2,12],"killed_by":"Hexaghost","ascension_level":20}}