{"host":"b7j598ve05halrwk","time":1610760849,"event":{"mods":["2.2 Compatiblity","BaseMod","Block Reminder","DeckTracker","Minty Spire (QoL Compilation)","Relic Stats","Slay the Relics Exporter","StSLib","ojb\u0027s Better Paths Mod","ojb\u0027s Info Mod"],"gold_per_floor":[109,34,52,63,63,98,98,98,98,115,115,23,40,70,70,70,70],"floor_reached":16,"language":"ENG","playtime":869,"items_purged":["Injury"],"score":220,"play_id":"be08c83d-9fe0-4971-9c11-5671e5cd06a7","local_time":"20210115203409","is_ascension_mode":true,"campfire_choices":[{"floor":8.0,"key":"REST"},{"data":"Beam Cell","floor":11.0,"key":"SMITH"},{"data":"Zap","floor":15,"key":"SMITH"}],"circlet_count":0,"master_deck":["AscendersBane","Strike_B+1","Strike_B","Strike_B","Strike_B","Defend_B","Defend_B","Defend_B","Defend_B+1","Zap+1","Dualcast","Compile Driver","Beam Cell+1","Chill","BootSequence","Self Repair","Chill","Conserve Battery"],"relics":["Cracked Core","Thread and Needle","InkBottle","Potion Belt","Mercury Hourglass"],"acts_visited":["Exordium"],"potions_floor_usage":[16,16],"damage_taken":[{"damage":0.0,"enemies":"Cultist","floor":1.0,"turns":3.0},{"damage":0.0,"enemies":"Jaw Worm","floor":3.0,"turns":3.0},{"damage":0.0,"enemies":"2 Louse","floor":4.0,"turns":1.0},{"damage":7.0,"enemies":"Gremlin Nob","floor":6.0,"turns":3.0},{"damage":0.0,"enemies":"Looter","floor":10.0,"turns":2.0},{"damage":19.0,"enemies":"Gremlin Gang","floor":13.0,"turns":4.0},{"damage":9,"enemies":"Lagavulin","floor":14,"turns":8},{"damage":14,"enemies":"Hexaghost","floor":16,"turns":9}],"seed_played":"-1344953457664617118","potions_obtained":[{"floor":1.0,"key":"SneckoOil"},{"floor":6.0,"key":"Ancient Potion"},{"floor":13.0,"key":"Fruit Juice"}],"is_trial":false,"path_per_floor":["M","$","M","M","?","E","?","R","T","M","R","$","M","E","R","B"],"character_chosen":"DEFECT","items_purchased":["PowerPotion","Self Repair"],"campfire_rested":1,"item_purchase_floors":[12,12],"current_hp_per_floor":[64,64,64,64,29,22,1,22,22,22,22,22,10,8,8,0,0],"gold":70,"neow_bonus":"ONE_RARE_RELIC","is_daily":false,"chose_seed":false,"campfire_upgraded":2,"win_rate":0.0,"timestamp":1610760849,"path_taken":["M","$","M","?","?","E","?","R","T","M","R","$","M","E","R","BOSS"],"items_purchased_type":["Potion","Card"],"build_version":"2020-12-22","purchased_purges":1,"victory":false,"max_hp_per_floor":[71,71,71,71,71,71,71,71,71,71,71,71,71,71,71,76,76],"relic_stats":{"counters":[8,33],"obtain_stats":[{"Potion Belt":6,"Thread and Needle":0,"Cracked Core":0,"InkBottle":5,"Mercury Hourglass":14},{"Potion Belt":4,"Thread and Needle":0,"Cracked Core":0,"InkBottle":3,"Mercury Hourglass":7},{"Potion Belt":10,"Thread and Needle":0,"Cracked Core":0,"InkBottle":7,"Mercury Hourglass":24}],"InkBottle":[9],"Mercury Hourglass":[24]},"card_choices":[{"not_picked":["Conserve Battery","Coolheaded"],"picked":"Compile Driver","floor":1.0},{"not_picked":["Conserve Battery","Redo"],"picked":"Beam Cell","floor":3.0},{"not_picked":["Scrape","Redo"],"picked":"Chill","floor":4.0},{"not_picked":["Buffer","Conserve Battery"],"picked":"BootSequence","floor":6.0},{"not_picked":["Compile Driver","Rebound","Redo"],"picked":"SKIP","floor":10.0},{"not_picked":["Redo","Steam"],"picked":"Chill","floor":13.0},{"not_picked":["Chill","Hyperbeam"],"picked":"Conserve Battery","floor":14}],"player_experience":980512,"relics_obtained":[{"floor":6.0,"key":"Potion Belt"},{"floor":14,"key":"Mercury Hourglass"}],"event_choices":[{"damage_healed":0.0,"max_hp_gain":0.0,"max_hp_loss":0.0,"gold_gain":0.0,"event_name":"Scrap Ooze","player_choice":"Success","floor":5.0,"gold_loss":0.0,"damage_taken":35.0,"relics_obtained":["InkBottle"]},{"damage_healed":0.0,"max_hp_gain":0.0,"max_hp_loss":0.0,"gold_gain":0.0,"event_name":"Shining Light","player_choice":"Entered Light","floor":7.0,"gold_loss":0.0,"damage_taken":21.0,"cards_upgraded":["Defend_B","Strike_B"]}],"is_beta":false,"boss_relics":[],"items_purged_floors":[2],"is_endless":false,"potions_floor_spawned":[1,6,13],"killed_by":"Hexaghost","ascension_level":20}}