{"host":"kxbvub3a5s21lqnr","time":1610808450,"event":{"mods":["Bard","BaseMod","Dota2Spire","Minty Spire (QoL Compilation)","MostiFishMod","Reimu£®≤©¿ˆ¡È√Œ£©","Remilia£®¿Ÿ√◊¿Ú—«£©","StSLib","The Cursed","The Hierophant","Yakumo Yukari mod","Youmu£®ªÍ∆«—˝√Œ£©","Yuyuko"],"gold_per_floor":[115,129,143,143,143,172,172,172,172],"floor_reached":8,"language":"ZHS","playtime":277,"items_purged":[],"score":62,"play_id":"576c7d50-6ad2-4477-87b1-b391a775b081","local_time":"20210116224730","is_ascension_mode":true,"campfire_choices":[{"floor":7,"key":"RECALL"}],"circlet_count":0,"master_deck":["Fantasy Butterflies","Fantasy Butterflies","Fantasy Butterflies","Fantasy Butterflies","Fantasy Butterflies","Dreamy Sakura","Dreamy Sakura","Dreamy Sakura","Dreamy Sakura","Dreamy Sakura","Deathly Ground","Faramita\u0027s Temptation","Gather the Spring","Dancing Soul","Bloom","Regret","Phantom Gift"],"relics":["Coronal","Yuyuko\u0027s fan","DaveBox","BrkXgEgg","NeowsBlessing","SynthV:TestCard","Dota2Spire:LinkenSphere","Dota2Spire:Desolator"],"acts_visited":["Exordium"],"potions_floor_usage":[6,8],"damage_taken":[{"damage":1.0,"enemies":"Jaw Worm","floor":1.0,"turns":1.0},{"damage":1.0,"enemies":"2 Louse","floor":2.0,"turns":1.0},{"damage":1.0,"enemies":"Cultist","floor":3.0,"turns":1.0},{"damage":84,"enemies":"Lagavulin","floor":6,"turns":13},{"damage":18,"enemies":"3 Sentries","floor":8,"turns":2}],"seed_played":"3203811728445471748","potions_obtained":[{"floor":2.0,"key":"Turbid Wine"},{"floor":3.0,"key":"Turbid Wine"},{"floor":6,"key":"Turbid Wine"}],"is_trial":false,"path_per_floor":["M","M","M","$","?","E","R","E"],"character_chosen":"YUYOKO","items_purchased":[],"campfire_rested":0,"item_purchase_floors":[],"current_hp_per_floor":[39,38,37,37,37,11,11,0,0],"gold":172,"neow_bonus":"THREE_ENEMY_KILL","is_daily":false,"chose_seed":false,"campfire_upgraded":0,"win_rate":0.0,"timestamp":1610808450,"path_taken":["M","M","M","$","?","E","R","E"],"items_purchased_type":[],"build_version":"2020-12-22","purchased_purges":0,"victory":false,"max_hp_per_floor":[40,40,40,40,40,40,40,40,40],"card_choices":[{"not_picked":["End of Faramita","Fondling of Papilio"],"picked":"Gather the Spring","floor":1.0},{"not_picked":["Cerasus Subhirtella","City of Death","Gather the Spring","Song of Papilio"],"picked":"Dancing Soul","floor":2.0},{"not_picked":["All Wander","Open The Fan","Gauzy Sakura","Nihility"],"picked":"Bloom","floor":3.0},{"not_picked":["Cerasus Subhirtella","Song of Papilio","Reverse The Screen","City of Death"],"picked":"Phantom Gift","floor":6}],"player_experience":75116,"relics_obtained":[{"floor":1.0,"key":"SynthV:TestCard"},{"floor":6,"key":"Dota2Spire:Desolator"}],"event_choices":[{"damage_healed":0.0,"max_hp_gain":0.0,"max_hp_loss":0.0,"gold_gain":0.0,"event_name":"Big Fish","player_choice":"Box","floor":5.0,"gold_loss":0.0,"damage_taken":0.0,"relics_obtained":["Dota2Spire:LinkenSphere"],"cards_obtained":["Regret"]}],"is_beta":false,"boss_relics":[],"items_purged_floors":[],"is_endless":false,"potions_floor_spawned":[2],"killed_by":"3 Sentries","ascension_level":2}}