{"host":"irc1izoeqqttpzsx","time":1610780245,"event":{"mods":["2.2 Compatiblity","Aspiration","BaseMod","Better Note","BetterRewards","Colored Map","Colored Powertips","Conspire","DeckTracker","GifTheSpireLib","Highlight Path","Hubris","Infinite Spire","Mad Scientist","Mimic Mod","Minty Spire (QoL Compilation)","Quick Restart","Rare Cards Sparkle","Relic Sorter","Replay The Spire","Shop Mod","Spikes Relics","StSLib","SuperFastMode","The Servant 0.9.4","Trackpad","Uncapped"],"gold_per_floor":[118,118,57,72,72,107,125,125,207,764,799,474,484,518,518,616,616,627,627,639,651,191,191,207,235,235,235,235,235,247,266,266,266,266],"floor_reached":33,"language":"ENG","playtime":1298,"items_purged":["Strike_B","Defend_B","Defend_B","Defend_B"],"score":453,"play_id":"cd15e247-ee5b-40c6-b541-037838dcefe6","local_time":"20210116015725","is_ascension_mode":true,"campfire_choices":[{"data":"Redo","floor":8,"key":"SMITH"},{"data":"Seek","floor":15,"key":"SMITH"},{"data":"Gash","floor":23,"key":"SMITH"},{"floor":29,"key":"REST"},{"floor":32,"key":"REST"}],"circlet_count":0,"master_deck":["Strike_B","Strike_B","Strike_B","Defend_B","Zap+1","Dualcast","Coolheaded","hubris:Ukulele","aspiration:Polymerization","Melter","Stack","Redo+1","Crystallizer","Go for the Eyes","Auto Shields","Seek+1","Thunder Strike","Amnesia","hubris:Lust","hubris:Compulsion","Gash","Gash","BasicCrystalCard+1","Gash+1","ReplayTheSpireMod:Dual Polarity+1","Reboot+1","Gash+1"],"relics":["Cracked Core","NeowsBlessing","infinitespire:Beetle Shell","StoneCalendar","trackpad:BottledShadow","Raider\u0027s Mask","MerchantsRug","infinitespire:BottledMercury","HornCleat","Bronze Scales","MealTicket","hubris:SlimyHat","trackpad:AdjectivePendant","Replay:Mystery Machine","Replay:Ancient Bell","Strawberry","conspire:Dentures","Incense Burner","infinitespire:Golems Mask","Potion Belt","aspiration:BursterCore"],"acts_visited":["Exordium","TheCity"],"potions_floor_usage":[16,16,21,21,33],"damage_taken":[{"damage":0,"enemies":"conspire:RoseBush","floor":1,"turns":1},{"damage":0,"enemies":"Small Slimes","floor":4,"turns":1},{"damage":0,"enemies":"Gremlin Nob","floor":6,"turns":1},{"damage":12,"enemies":"infinitespire:Voidling","floor":7,"turns":3},{"damage":9,"enemies":"Lagavulin","floor":11,"turns":7},{"damage":9,"enemies":"Red Slaver","floor":13,"turns":2},{"damage":16,"enemies":"3 Sentries","floor":14,"turns":6},{"damage":0,"enemies":"Fading Forest","floor":16,"turns":11},{"damage":20,"enemies":"Chosen","floor":18,"turns":5},{"damage":1,"enemies":"conspire:FuzzyDice","floor":20,"turns":6},{"damage":26,"enemies":"Centurion and Healer","floor":21,"turns":7},{"damage":25,"enemies":"conspire:HollyBat","floor":24,"turns":6},{"damage":17,"enemies":"conspire:SneckoGhost","floor":25,"turns":7},{"damage":0,"enemies":"Snake Plant","floor":30,"turns":4},{"damage":20,"enemies":"Centurion and Healer","floor":31,"turns":5},{"damage":54,"enemies":"Automaton","floor":33,"turns":6}],"seed_played":"-3305736962797218353","potions_obtained":[{"floor":1,"key":"Dexterity Potion"},{"floor":13,"key":"Elixir"},{"floor":16,"key":"Elixir"},{"floor":18,"key":"Fire Potion"},{"floor":25,"key":"Energy Potion"},{"floor":30,"key":"PowerPotion"},{"floor":31,"key":"SpeedPotion"}],"is_trial":false,"path_per_floor":["M","?","$","M","?","E","M","R","T","$","E","$","M","E","R","B",null,"M","?","M","M","$","R","M","E","T","AVR","?","R","M","M","R","B"],"character_chosen":"DEFECT","items_purchased":["StoneCalendar","trackpad:BottledShadow","Raider\u0027s Mask","MerchantsRug","hubris:Ukulele","aspiration:Polymerization","Bronze Scales","MealTicket","Adrenaline Potion","trackpad:AdjectivePendant","Go for the Eyes","infinitespire:Golems Mask","Gash"],"campfire_rested":2,"item_purchase_floors":[3,3,3,3,3,3,10,10,10,12,12,22,22],"current_hp_per_floor":[75,68,68,68,68,68,60,60,60,60,51,66,57,41,41,41,82,62,62,61,35,50,50,25,8,8,8,8,32,32,12,36,0,0],"gold":266,"neow_bonus":"THREE_ENEMY_KILL","is_daily":false,"chose_seed":false,"campfire_upgraded":3,"win_rate":0.0,"timestamp":1610780245,"path_taken":["M","?","$","M","?","E","?","R","T","$","E","?","M","E","R","BOSS","M","?","M","M","$","R","M","E","T","AVR","?","R","M","?","R","BOSS"],"items_purchased_type":["Relic","Relic","Relic","Relic","Card","Card","Relic","Relic","Potion","Relic","Card","Relic","Card"],"build_version":"2020-12-22","purchased_purges":4,"victory":false,"max_hp_per_floor":[75,75,75,75,75,75,75,75,75,75,75,75,75,75,75,75,82,82,82,82,82,82,82,82,82,82,82,82,82,82,82,82,82,82],"card_choices":[{"not_picked":["DiskWipe","Panic Button"],"picked":"Coolheaded","floor":1},{"not_picked":["Streamline","Lockon"],"picked":"Melter","floor":4},{"not_picked":["Panic Button","Go for the Eyes"],"picked":"Stack","floor":6},{"not_picked":["Blizzard","Barrage"],"picked":"Redo","floor":7},{"not_picked":["ReplaySort","Aggregate"],"picked":"Crystallizer","floor":11},{"not_picked":["Barrage","Sweeping Beam"],"picked":"Auto Shields","floor":13},{"not_picked":["FIFO Queue","Leap"],"picked":"Seek","floor":14},{"not_picked":["Buffer","Seek"],"picked":"Thunder Strike","floor":16},{"not_picked":["Hallucinations","ReplayTheSpireMod:Restless Dread"],"picked":"Amnesia","floor":17},{"not_picked":["Hallucinations","Hatred"],"picked":"hubris:Lust","floor":17},{"not_picked":["hubris:Envy","ReplayTheSpireMod:Splinters"],"picked":"hubris:Compulsion","floor":17},{"not_picked":["Cold Snap","Leap+1"],"picked":"Gash","floor":18},{"not_picked":["Lockon","Barrage"],"picked":"BasicCrystalCard+1","floor":20},{"not_picked":["Undo","Panic Button","Streamline"],"picked":"SKIP","floor":21},{"not_picked":["BootSequence","aspiration:Polymerization"],"picked":"ReplayTheSpireMod:Dual Polarity+1","floor":24},{"not_picked":["Doom and Gloom","Compile Driver+1"],"picked":"Reboot","floor":25},{"not_picked":["Steam","Streamline","Chill"],"picked":"SKIP","floor":30},{"not_picked":["Panic Button","Steam Power"],"picked":"Gash+1","floor":31}],"player_experience":509168,"relics_obtained":[{"floor":6,"key":"infinitespire:BottledMercury"},{"floor":9,"key":"HornCleat"},{"floor":11,"key":"hubris:SlimyHat"},{"floor":14,"key":"Replay:Mystery Machine"},{"floor":25,"key":"Potion Belt"}],"event_choices":[{"damage_healed":0,"gold_gain":0,"player_choice":"Success","damage_taken":7,"relics_obtained":["infinitespire:Beetle Shell"],"max_hp_gain":0,"max_hp_loss":0,"event_name":"Scrap Ooze","floor":2,"gold_loss":0},{"damage_healed":0,"gold_gain":0,"player_choice":"Upgraded","damage_taken":0,"max_hp_gain":0,"max_hp_loss":0,"event_name":"Upgrade Shrine","floor":5,"gold_loss":0,"cards_upgraded":["Zap"]},{"damage_healed":0,"gold_gain":0,"player_choice":"Copied","damage_taken":0,"max_hp_gain":0,"max_hp_loss":0,"event_name":"Duplicator","floor":19,"gold_loss":0,"cards_obtained":["Gash"]},{"damage_healed":0,"gold_gain":0,"player_choice":"Upgraded","damage_taken":0,"max_hp_gain":0,"max_hp_loss":0,"event_name":"Upgrade Shrine","floor":28,"gold_loss":0,"cards_upgraded":["Reboot"]}],"is_beta":false,"boss_relics":[{"not_picked":["conspire:SpecialSausage","aspiration:FutureDiary"],"picked":"Replay:Ancient Bell"},{"not_picked":["MiniBlackHole","CeramicFish"],"picked":"Strawberry"},{"not_picked":["SpikesRelics:ToyHorsey","Pear"],"picked":"conspire:Dentures"},{"not_picked":["conspire:GlowingRock","Durian"],"picked":"Incense Burner"}],"items_purged_floors":[3,10,12,22],"is_endless":false,"potions_floor_spawned":[1,13,14,16,18,25,30,31],"killed_by":"Automaton","ascension_level":1}}