{"host":"d8hh7rr4yzitjeuj","time":1610817851,"event":{"mods":["2.2 Compatiblity","AchievementEnabler","Act Like it!","BaseMod","Colored Map","Colored Powertips","Highlight Path","Keyboard Shortcuts","Minty Spire (QoL Compilation)","Permanent Neow","Quick Restart","StSLib","SuperFastMode"],"gold_per_floor":[117,117,117,117,128,160,175,208,257,277,293,293,320,75,75,150,150,162,172,222,234,246,246,272,272,272,272,272,272,272],"floor_reached":29,"language":"KOR","playtime":707,"items_purged":[],"score":576,"play_id":"19e35397-9172-4497-ab88-df0b394b2f49","local_time":"20210117022411","is_ascension_mode":true,"campfire_choices":[{"data":"Defragment","floor":12.0,"key":"SMITH"},{"floor":15.0,"key":"REST"},{"floor":23.0,"key":"REST"},{"floor":25,"key":"REST"},{"data":"Hello World","floor":27,"key":"SMITH"}],"circlet_count":0,"master_deck":["AscendersBane","Strike_B","Strike_B","Strike_B","Strike_B","Defend_B","Defend_B","Defend_B","Defend_B","Zap+1","Dualcast","Cold Snap","Sweeping Beam","Go for the Eyes","Ball Lightning","Streamline","Defragment+1","Coolheaded","Stack","Capacitor","Chaos","Barrage","Turbo","All For One","Coolheaded","BootSequence","Sweeping Beam","Hello World+1"],"relics":["FrozenCore","NeowsBlessing","HornCleat","Toy Ornithopter","StoneCalendar","Blood Vial","Ornamental Fan","Shuriken","Strawberry"],"acts_visited":["Exordium","TheCity"],"potions_floor_usage":[24],"damage_taken":[{"damage":0.0,"enemies":"Cultist","floor":1.0,"turns":1.0},{"damage":0.0,"enemies":"2 Louse","floor":5.0,"turns":1.0},{"damage":0.0,"enemies":"Lagavulin","floor":6.0,"turns":1.0},{"damage":0.0,"enemies":"Small Slimes","floor":7.0,"turns":3.0},{"damage":15.0,"enemies":"3 Sentries","floor":8.0,"turns":7.0},{"damage":7.0,"enemies":"Exordium Thugs","floor":10.0,"turns":3.0},{"damage":0.0,"enemies":"Large Slime","floor":11.0,"turns":4.0},{"damage":20.0,"enemies":"Gremlin Nob","floor":13.0,"turns":4.0},{"damage":27.0,"enemies":"The Guardian","floor":16.0,"turns":10.0},{"damage":9.0,"enemies":"Spheric Guardian","floor":18.0,"turns":5.0},{"damage":16.0,"enemies":"2 Thieves","floor":19.0,"turns":4.0},{"damage":21.0,"enemies":"Shelled Parasite and Fungi","floor":21.0,"turns":7.0},{"damage":2.0,"enemies":"Centurion and Healer","floor":22.0,"turns":7.0},{"damage":41,"enemies":"Slavers","floor":24,"turns":6},{"damage":57,"enemies":"Gremlin Leader","floor":29,"turns":5}],"seed_played":"-2246995937495559828","potions_obtained":[{"floor":1.0,"key":"LiquidBronze"},{"floor":7.0,"key":"AttackPotion"},{"floor":13.0,"key":"Regen Potion"},{"floor":16.0,"key":"Fruit Juice"},{"floor":18.0,"key":"SteroidPotion"}],"is_trial":false,"path_per_floor":["M","?","?","?","M","E","M","E","T","M","M","R","E","$","R","B",null,"M","M","?","M","M","R","E","R","T","R","?","E"],"character_chosen":"DEFECT","items_purchased":["Capacitor","Chaos","Barrage","Turbo"],"campfire_rested":3,"item_purchase_floors":[14,14,14,14],"current_hp_per_floor":[64,64,64,53,53,53,53,38,38,38,40,40,22,22,43,28,64,57,48,48,29,29,51,17,39,46,46,46,0,0],"gold":272,"neow_bonus":"THREE_ENEMY_KILL","is_daily":false,"chose_seed":false,"campfire_upgraded":2,"win_rate":0.0,"timestamp":1610817851,"path_taken":["M","?","?","?","?","E","M","E","T","M","M","R","E","$","R","BOSS","M","M","?","M","M","R","E","R","T","R","?","E"],"items_purchased_type":["Card","Card","Card","Card"],"build_version":"2020-12-22","purchased_purges":0,"victory":false,"max_hp_per_floor":[71,71,71,71,71,71,71,71,71,71,71,71,71,71,71,76,76,76,76,76,76,76,76,76,76,83,83,83,83,83],"card_choices":[{"not_picked":["FTL","Capacitor"],"picked":"Cold Snap","floor":1.0},{"not_picked":["Leap","Hologram"],"picked":"Sweeping Beam","floor":5.0},{"not_picked":["Steam","Gash"],"picked":"Go for the Eyes","floor":6.0},{"not_picked":["FTL","Turbo"],"picked":"Ball Lightning","floor":7.0},{"not_picked":["Melter","FTL"],"picked":"Streamline","floor":8.0},{"not_picked":["Beam Cell","Ball Lightning"],"picked":"Defragment","floor":10.0},{"not_picked":["Melter","Compile Driver"],"picked":"Coolheaded","floor":11.0},{"not_picked":["Rip and Tear","Multi-Cast"],"picked":"Stack","floor":13.0},{"not_picked":["Thunder Strike","Hyperbeam"],"picked":"All For One","floor":16.0},{"not_picked":["Recycle","Turbo"],"picked":"Coolheaded","floor":18.0},{"not_picked":["Loop","Hologram"],"picked":"BootSequence","floor":19.0},{"not_picked":["Streamline","Leap"],"picked":"Sweeping Beam","floor":21.0},{"not_picked":["Melter+1","Ball Lightning+1","Beam Cell"],"picked":"SKIP","floor":22.0},{"not_picked":["Recycle","Conserve Battery"],"picked":"Hello World","floor":24}],"player_experience":1439487,"relics_obtained":[{"floor":6.0,"key":"Toy Ornithopter"},{"floor":8.0,"key":"StoneCalendar"},{"floor":9.0,"key":"Blood Vial"},{"floor":13.0,"key":"Ornamental Fan"},{"floor":24,"key":"Shuriken"},{"floor":26,"key":"Strawberry"}],"event_choices":[{"damage_healed":0.0,"max_hp_gain":0.0,"max_hp_loss":0.0,"gold_gain":0.0,"event_name":"Living Wall","player_choice":"Grow","floor":2.0,"gold_loss":0.0,"damage_taken":0.0,"cards_upgraded":["Zap"]},{"damage_healed":0.0,"max_hp_gain":0.0,"max_hp_loss":0.0,"gold_gain":0.0,"event_name":"The Cleric","player_choice":"Leave","floor":3.0,"gold_loss":0.0,"damage_taken":0.0},{"damage_healed":0.0,"max_hp_gain":0.0,"max_hp_loss":0.0,"gold_gain":0.0,"event_name":"Scrap Ooze","player_choice":"Success","floor":4.0,"gold_loss":0.0,"damage_taken":11.0,"relics_obtained":["HornCleat"]},{"damage_healed":0.0,"max_hp_gain":0.0,"max_hp_loss":0.0,"gold_gain":50.0,"event_name":"Nest","player_choice":"Stole From Cult","floor":20.0,"gold_loss":0.0,"damage_taken":0.0},{"damage_healed":0,"gold_gain":0,"player_choice":"Ignored","damage_taken":0,"max_hp_gain":0,"max_hp_loss":0,"event_name":"Ghosts","floor":28,"gold_loss":0}],"is_beta":false,"boss_relics":[{"not_picked":["SacredBark","Runic Dome"],"picked":"FrozenCore"}],"items_purged_floors":[],"is_endless":false,"potions_floor_spawned":[1,7,8,13,16,18],"killed_by":"Gremlin Leader","ascension_level":20}}