{"host":"tknto047uabgu3zm","time":1610821523,"event":{"mods":["AchievementEnabler","BaseMod","Bestiary","Block Reminder","Colored Map","Colored Powertips","Highlight Path","Minty Spire (QoL Compilation)","MonsterHotkey","Permanent Neow","Random Character Button","Rare Cards Sparkle","Relic Sorter","Relic Stats","StSLib"],"gold_per_floor":[118,128,203,478,488,488,507,507,562,562,562],"floor_reached":10,"language":"ENG","playtime":251,"items_purged":[],"score":110,"play_id":"3ab25604-8ac6-487d-a91a-418871a34054","local_time":"20210116102523","is_ascension_mode":true,"campfire_choices":[{"floor":6,"key":"REST"},{"floor":8,"key":"REST"}],"circlet_count":0,"master_deck":["AscendersBane","Strike_P","Strike_P","Strike_P","Strike_P","Defend_P","Defend_P","Defend_P","Defend_P","Eruption","Vigilance","FlurryOfBlows","Crescendo","Regret","Halt","EmptyBody"],"relics":["Black Star","Boot"],"acts_visited":["Exordium"],"potions_floor_usage":[10],"damage_taken":[{"damage":4,"enemies":"Jaw Worm","floor":1,"turns":4},{"damage":8,"enemies":"2 Louse","floor":2,"turns":3},{"damage":5,"enemies":"Cultist","floor":5,"turns":3},{"damage":46,"enemies":"Exordium Wildlife","floor":7,"turns":8},{"damage":39,"enemies":"Gremlin Nob","floor":10,"turns":3}],"seed_played":"-6029771049634965710","potions_obtained":[{"floor":1,"key":"Strength Potion"}],"is_trial":false,"path_per_floor":["M","M","?","?","M","R","M","R","T","E"],"character_chosen":"WATCHER","items_purchased":[],"campfire_rested":2,"item_purchase_floors":[],"current_hp_per_floor":[57,49,38,38,33,53,7,27,27,0,0],"gold":562,"neow_bonus":"BOSS_RELIC","is_daily":false,"chose_seed":false,"campfire_upgraded":0,"win_rate":0.0,"timestamp":1610821523,"path_taken":["M","M","?","?","M","R","?","R","T","E"],"items_purchased_type":[],"build_version":"2020-12-22","purchased_purges":0,"victory":false,"max_hp_per_floor":[68,68,68,68,68,68,68,68,68,68,68],"relic_stats":{"counters":[5,21],"Black Star":0,"Boot":[0],"obtain_stats":[{"Black Star":0,"PureWater":0,"Boot":9},{"Black Star":0,"PureWater":0,"Boot":4},{"Black Star":0,"PureWater":0,"Boot":18}]},"card_choices":[{"not_picked":["EmptyMind","EmptyFist"],"picked":"FlurryOfBlows","floor":1},{"not_picked":["ClearTheMind","Adaptation"],"picked":"Crescendo","floor":2},{"not_picked":["SignatureMove","EmptyFist"],"picked":"Halt","floor":5},{"not_picked":["FlyingSleeves","PathToVictory"],"picked":"EmptyBody","floor":7}],"player_experience":496058,"relics_obtained":[{"floor":9,"key":"Boot"}],"event_choices":[{"damage_healed":0,"gold_gain":75,"player_choice":"Gather Gold","damage_taken":11,"max_hp_gain":0,"max_hp_loss":0,"event_name":"World of Goop","floor":3,"gold_loss":0},{"damage_healed":0,"gold_gain":275,"player_choice":"Desecrate","damage_taken":0,"max_hp_gain":0,"max_hp_loss":0,"event_name":"Golden Shrine","floor":4,"gold_loss":0,"cards_obtained":["Regret"]}],"is_beta":false,"boss_relics":[],"items_purged_floors":[],"is_endless":false,"potions_floor_spawned":[1],"killed_by":"Gremlin Nob","ascension_level":18}}