{"host":"l85rtarfuh0ld3b1","time":1610818735,"event":{"mods":["Act Like it!","BaseMod","BetterRewards","CapriCore","Chen","Decade(王小明)","Gensokyo","KinomotoSakuraMod(木之本樱)","Koishi","Marisa（F雨　魔理沙）","Minty Spire (QoL Compilation)","Nova Terra(诺娃・泰拉)","Permanent Neow","Reimu（博丽灵梦）","Remilia（蕾米莉亚）","Shop Mod","StSLib","TestMod","The Administrix","The Immortal","The Servant 0.9.4","Yakumo Yukari mod"],"gold_per_floor":[111,21,48,48,369,369,394,394,402,4538,4538,4554,4565,4523,4523,4606,4606,4623,4410,4410,4436,4025,4056,4056,4081,4107,4138,4156,4156,4190,4209,4209,6711,6711,6722,6730,6937,6637,6652,6652,6339,6339,6406,6406,6439,6450,6464,6863,6863,6863,6863,6863,6498,6533,6533],"floor_reached":56,"language":"ZHS","playtime":3784,"items_purged":["Greed_TH","Envy_TH","Poor:ReiMu","Defend_MRS","Strike_MRS","Strike_MRS","Strike_MRS","Defend_MRS","Defend_MRS","UpSweep","MasterSpark","Strike_MRS","Defend_MRS","OctopathSalyBorderN:ReiMu+1","Koishi:RoseHell+1","StarlightTyphoon+1","StarlightTyphoon+1","StarlightTyphoon+1","Grand Finale+1","WingOfChimera_purple+1","SpiritualOutbreak2:ReiMu+1","StarlightTyphoon+1","WitchLeyline+1"],"score":3485,"play_id":"4ffd99d6-2e23-451e-8b3f-bb0da9c928dc","local_time":"20210117013855","is_ascension_mode":true,"campfire_choices":[{"floor":6,"key":"RECALL"},{"data":"1","floor":8,"key":"LIFT"},{"data":"2","floor":11,"key":"LIFT"},{"data":"Gensokyo:BlessingOfVigor","floor":15,"key":"SMITH"},{"data":"3","floor":24,"key":"LIFT"},{"data":"Moondial","floor":29,"key":"SMITH"},{"data":"testmod-RabbitOfFibonacci+1","floor":32,"key":"SMITH"},{"data":"testmod-Wormhole","floor":40,"key":"SMITH"},{"data":"testmod-RabbitOfFibonacci+2","floor":42,"key":"SMITH"},{"data":"testmod-RabbitOfFibonacci+3","floor":44,"key":"SMITH"},{"data":"testmod-RabbitOfFibonacci+4","floor":49,"key":"SMITH"},{"data":"testmod-RabbitOfFibonacci+5","floor":52,"key":"SMITH"}],"circlet_count":0,"master_deck":["AscendersBane","MysteriousBeam+1","Offering+1","ShootTheMoon+1","Panache+1","Manipulate+1","ButterflyHabitatTemple_purple+1","Parasite","Parasite","TheWorld+1","Moondial+1","Seek+1","KillingBlow+1","ManaConvection+1","Flash of Steel+1","Moondial+1","Gensokyo:UnhurriedMind+1","Reprogram+1","testmod-RabbitOfFibonacci+6","testmod-TreasureHunter","Gensokyo:SalamanderShield+1","Moondial+1","testmod-Wormhole+1","Gensokyo:BrilliantDragonBullet"],"relics":["MiniHakkero","testmod-Laevatain","testmod-IndustrialRevolution","MerchantsRug","testmod-Charity","Tiny Chest","CeramicFish","Darkstone Periapt","White Beast Statue","ClockworkSouvenir","PrismaticShard","Dream Catcher","Mastiff:ReiMu","testmod-HeartOfDaVinci","Medical Kit","SimpleLauncher","Koishi:LettersToReimu","Membership Card","testmod-Nyarlathotep","Chemical X","testmod-Acrobat","PureWhite:ReiMu","MagicBroom","AdministrixMod:PrescriptionBottle","SproutingBranch","Girya","BigShroomBag","SproutingBranch","Juzu Bracelet","HandmadeGrimoire","Prayer Wheel","AntiCross","Omamori","Blue Candle","Peace Pipe","testmod-CyclicPeriapt","Singing Bowl","Gensokyo:OccultBall","testmod-LifeArmor","KSMOD_RollerSkates","Enchiridion","Question Card","Frozen Egg 2","ExperimentalFamiliar","Tough Bandages","Ring of the Snake","testmod-ObsoleteBoomerang","Mango","testmod-ConstraintPeriapt","Du-Vu Doll"],"acts_visited":["Gensokyo:Gensokyo","TheCity","TheBeyond","TheEnding"],"potions_floor_usage":[0,0,0,0,0,0,0,0,0,0,0,0,0,0,0,0,0,12],"damage_taken":[{"damage":0,"enemies":"Gensokyo:2_Kodama","floor":1,"turns":1},{"damage":0,"enemies":"Gensokyo:Gryphon","floor":3,"turns":1},{"damage":0,"enemies":"Gensokyo:3_Fairies","floor":5,"turns":2},{"damage":0,"enemies":"Gensokyo:Aya","floor":7,"turns":1},{"damage":0,"enemies":"Gensokyo:Kitsune","floor":12,"turns":1},{"damage":0,"enemies":"Gensokyo:3_Kodama","floor":13,"turns":1},{"damage":0,"enemies":"Gensokyo:Kokoro","floor":16,"turns":3},{"damage":0,"enemies":"Shell Parasite","floor":18,"turns":1},{"damage":0,"enemies":"Book of Stabbing","floor":23,"turns":1},{"damage":0,"enemies":"Slavers","floor":25,"turns":1},{"damage":0,"enemies":"Book of Stabbing","floor":27,"turns":1},{"damage":0,"enemies":"Chosen","floor":28,"turns":1},{"damage":0,"enemies":"Gremlin Leader","floor":30,"turns":1},{"damage":0,"enemies":"Snecko","floor":31,"turns":1},{"damage":243,"enemies":"Collector","floor":33,"turns":1},{"damage":0,"enemies":"Orb Walker","floor":35,"turns":1},{"damage":3,"enemies":"3 Shapes","floor":39,"turns":1},{"damage":0,"enemies":"Nemesis","floor":45,"turns":1},{"damage":0,"enemies":"Spire Growth","floor":46,"turns":1},{"damage":0,"enemies":"Jaw Worm Horde","floor":47,"turns":1},{"damage":0,"enemies":"Time Eater","floor":50,"turns":3},{"damage":0,"enemies":"Shield and Spear","floor":54,"turns":1},{"damage":0,"enemies":"The Heart","floor":55,"turns":4}],"seed_played":"-8837660961479800205","potions_obtained":[{"floor":0,"key":"GamblersBrew"},{"floor":0,"key":"testmod-SpacePotion"},{"floor":0,"key":"SmokeBomb"},{"floor":0,"key":"Ancient Potion"},{"floor":0,"key":"Swift Potion"},{"floor":0,"key":"GamblersBrew"},{"floor":0,"key":"testmod-SpacePotion"},{"floor":0,"key":"SmokeBomb"},{"floor":0,"key":"Ancient Potion"},{"floor":0,"key":"Swift Potion"},{"floor":1,"key":"BottledSpark"},{"floor":3,"key":"BottledSpark"},{"floor":5,"key":"Swift Potion"},{"floor":7,"key":"Dexterity Potion"},{"floor":12,"key":"testmod-TestPotion"},{"floor":13,"key":"SneckoOil"},{"floor":16,"key":"Energy Potion"},{"floor":18,"key":"AttackPotion"},{"floor":23,"key":"BlessingOfTheForge"},{"floor":25,"key":"Explosive Potion"},{"floor":27,"key":"testmod-TimePotion"},{"floor":28,"key":"BottledSpark"},{"floor":30,"key":"AttackPotion"},{"floor":31,"key":"EssenceOfSteel"},{"floor":33,"key":"Strength Potion"},{"floor":35,"key":"PowerPotion"},{"floor":39,"key":"DuplicationPotion"},{"floor":45,"key":"Energy Potion"},{"floor":46,"key":"Fire Potion"},{"floor":47,"key":"GrandPatriotsElixir:ReiMu"},{"floor":54,"key":"PowerPotion"}],"is_trial":false,"path_per_floor":["M","COS","M","?","M","R","E","R","T","$","R","M","M","?","R","B",null,"M","$","?","T","$","E","R","E","T","E","M","R","E","M","R","B",null,"M","?","$","$","M","R","$","R","T","R","E","M","M","?","R","B",null,"R","$","E","B",null],"character_chosen":"MARISA","items_purchased":["testmod-IndustrialRevolution","Lantern","MerchantsRug","Gambling Chip","Pantograph","TentaclePot:ReiMu","testmod-Charity","EntropicBrew","HornCleat","Tiny Chest","CeramicFish","Strawberry","Strange Spoon","Darkstone Periapt","White Beast Statue","ClockworkSouvenir","testmod-Muramasa","PrismaticShard","Dream Catcher","testmod-Brilliant","EntropicBrew","testmod-IntensifyImprint","testmod-Register","Pear","Centennial Puzzle","Toolbox","MysteriousBeam","Pocketwatch","Boot","testmod-MagicalMallet","WitchLeyline","Molten Egg 2","Fruit Juice","Frozen Eye","Mastiff:ReiMu","testmod-OneHitWonder","Bird Faced Urn","testmod-Faith","MealTicket","testmod-HeartOfDaVinci","OrangePellets","Sundial","Medical Kit","PreservedInsect","Bow_fan:ReiMu","Brimstone","testmod-Fortitude","testmod-SpacePotion","Toxic Egg 2","testmod-DragonStarHat","CheatingSign:ReiMu","Letter Opener","Akabeko","SimpleLauncher","ShootTheMoon+1","Champion Belt","Orichalcum","Panache","Whetstone","Art of War","HandDrill","Lee\u0027s Waffle","Eternal Feather","Nunchaku","RuthlessExorcism:ReiMu","Ornamental Fan","Koishi:LettersToReimu","Potion Belt","PaperSwan","Membership Card","Pan","Shuriken","Antimatter_spacedebris","StarlightTyphoon+1","Snake Skull","Toy Ornithopter","Bag of Preparation","Sling","testmod-SpacePotion","TheAbacus","ShroomBag","testmod-Nyarlathotep","Chemical X","Regal Pillow","testmod-Acrobat","PureWhite:ReiMu","InkBottle","MagicBroom","StarlightTyphoon+1","DollysMirror","Oddly Smooth Stone","testmod-SpacePotion","TwistedFunnel","testmod-IWantAll","Cauldron","Tea:ReiMu","Happy Flower","AdministrixMod:PrescriptionBottle","Boundary_crack","Blood Vial","testmod-AssaultLearning","Broom","Vajra","Burning Blood","TheEssenceOfRealm","AmplifyWand","Bottled Lightning","testmod-Antiphasic","Ancient Tea Set","testmod-SpacePotion","testmod-TheFather","FadedRune:ReiMu","SproutingBranch","testmod-BlackFramedGlasses","Runic Capacitor","testmod-FatalChain","RedBat","Girya","ManaConvection+1","Anchor","StrikeDummy","Bag of Marbles","ScarletDevilRocket","testmod-Motorcycle","Kunai","BigShroomBag","SproutingBranch","testmod-TurbochargingSystem","Juzu Bracelet","HandmadeGrimoire","Prayer Wheel","Flash of Steel+1","BreadOfAWashokuLover","Mercury Hourglass","Bronze Scales","Bottled Tornado","AntiCross","AdministrixMod:GoldenChickadee","testmod-Hope","Fruit Juice","Matryoshka","Lizard Tail","TypeBBloodRedTea","testmod-RealStoneCalender","Omamori","EntropicBrew","testmod-BouquetWithThorns","testmod-SpacePotion","Pen Nib","Meat on the Bone","Gremlin Horn","Fruit Juice","testmod-Justice","RomanBracelet","Blue Candle","testmod-Déjàvu","EntropicBrew","Fruit Juice","testmod-CasingShield","EntropicBrew","Peace Pipe","Thread and Needle","Fruit Juice","Red Skull","testmod-CyclicPeriapt","SkyOrb:ReiMu","Singing Bowl","Orrery","testmod-LifeArmor","testmod-RabbitOfFibonacci+1","testmod-Maize","Paper Crane","Question Card","testmod-ObsoleteBoomerang","Mango","testmod-ConstraintPeriapt"],"campfire_rested":0,"item_purchase_floors":[0,0,0,0,0,0,0,0,0,0,0,0,0,0,0,0,0,0,0,0,0,0,0,0,0,0,0,0,0,0,0,0,0,0,0,0,0,0,0,0,0,0,0,0,0,0,0,0,0,0,0,0,0,0,0,0,0,0,0,0,0,0,0,0,0,0,0,0,0,0,0,0,0,0,0,0,0,0,0,0,0,0,0,0,0,0,0,0,0,0,0,0,0,0,0,0,0,0,0,0,0,0,0,0,0,0,0,0,0,0,0,0,0,0,0,0,0,0,0,0,0,0,0,0,0,0,0,0,0,0,0,0,0,0,0,0,0,0,0,0,0,0,0,0,0,0,0,0,0,0,0,0,0,0,0,0,0,0,0,0,0,0,0,0,0,0,0,0,10,10,19,19,22,53,53,53],"current_hp_per_floor":[224,227,234,234,252,252,255,255,256,374,374,382,390,391,391,418,418,427,436,415,416,416,431,431,446,447,453,464,464,484,491,491,273,451,463,464,480,480,490,490,490,490,491,491,513,531,542,543,543,575,589,589,608,618,662],"gold":6533,"neow_bonus":"","is_daily":false,"chose_seed":false,"campfire_upgraded":8,"win_rate":0.0,"timestamp":1610818735,"path_taken":["M","COS","M","?","M","R","E","R","T","$","R","M","M","?","R","BOSS","M","$","?","?","$","E","R","E","T","E","M","R","E","M","R","BOSS","M","?","?","$","M","R","$","R","T","R","E","M","M","?","R","BOSS","R","$","E","BOSS"],"items_purchased_type":["Relic","Relic","Relic","Relic","Relic","Relic","Relic","Potion","Relic","Relic","Relic","Relic","Relic","Relic","Relic","Relic","Relic","Relic","Relic","Relic","Potion","Relic","Relic","Relic","Relic","Relic","Card","Relic","Relic","Relic","Card","Relic","Potion","Relic","Relic","Relic","Relic","Relic","Relic","Relic","Relic","Relic","Relic","Relic","Relic","Relic","Relic","Potion","Relic","Relic","Relic","Relic","Relic","Relic","Card","Relic","Relic","Card","Relic","Relic","Relic","Relic","Relic","Relic","Relic","Relic","Relic","Relic","Relic","Relic","Relic","Relic","Relic","Card","Relic","Relic","Relic","Relic","Potion","Relic","Relic","Relic","Relic","Relic","Relic","Relic","Relic","Relic","Card","Relic","Relic","Potion","Relic","Relic","Relic","Relic","Relic","Relic","Relic","Relic","Relic","Relic","Relic","Relic","Relic","Relic","Relic","Relic","Relic","Potion","Relic","Relic","Relic","Relic","Relic","Relic","Relic","Relic","Card","Relic","Relic","Relic","Relic","Relic","Relic","Relic","Relic","Relic","Relic","Relic","Relic","Card","Relic","Relic","Relic","Relic","Relic","Relic","Relic","Potion","Relic","Relic","Relic","Relic","Relic","Potion","Relic","Potion","Relic","Relic","Relic","Potion","Relic","Relic","Relic","Relic","Potion","Potion","Relic","Potion","Relic","Relic","Potion","Relic","Relic","Relic","Relic","Relic","Relic","Card","Relic","Relic","Relic","Relic","Relic","Relic"],"build_version":"2020-12-22","purchased_purges":23,"victory":true,"max_hp_per_floor":[224,227,234,234,252,252,255,255,256,374,374,382,390,391,391,418,418,427,436,436,437,437,446,446,458,459,462,467,467,484,491,491,510,510,519,520,536,536,546,546,546,546,547,547,560,575,583,584,584,594,594,594,613,620,662],"card_choices":[{"not_picked":["Chen:Flit+1","MokouMod:Scorch+1","AdministrixMod:CrackingPangu+1"],"picked":"Singing Bowl","floor":0},{"not_picked":["SashWhip+1","KamiSacrifice:ReiMu+1","DiffusionOfMisfortune+1"],"picked":"Singing Bowl","floor":0},{"not_picked":["Noxious Fumes","Magnetism","Cleave+1"],"picked":"Singing Bowl","floor":0},{"not_picked":["Intuition:ReiMu+1","Chen:MeditateFrenzy+1"],"picked":"Gensokyo:UnhurriedMind+1","floor":0},{"not_picked":["Electrodynamics","Poisoned Stab+1","ClowCardTheSilent+1"],"picked":"Singing Bowl","floor":0},{"not_picked":["Headbutt+1","RideBooker_Skill_1+1","Chen:Instinct+1"],"picked":"Singing Bowl","floor":1},{"not_picked":["FormRideBasshaa+1","NovaMod:FastGuidance","Underhanded Strike+1"],"picked":"Singing Bowl","floor":1},{"not_picked":["RainPray2:ReiMu+1","RideBooker_Skill_2+1"],"picked":"Grand Finale+1","floor":3},{"not_picked":["Koishi:CatchAndRose+1","Chen:Sidestep+1","Noxious Fumes"],"picked":"Singing Bowl","floor":3},{"not_picked":["MokouMod:Wildfire+1","Koishi:UnseenTerror+1","Decade_Dash2+1"],"picked":"Singing Bowl","floor":5},{"not_picked":["MokouMod:IndiscriminateIgnition+1","Chen:ResistTemptation+1","EmergencyTakeOff:ReiMu+1"],"picked":"Singing Bowl","floor":5},{"not_picked":["MokouMod:IcarusDive+1","Alleviate+1","Metamorphosis+1"],"picked":"Singing Bowl","floor":7},{"not_picked":["Crescendo","PanicButton","MokouMod:AdaptivePyromancy"],"picked":"Singing Bowl","floor":12},{"not_picked":["NovaMod:MonomolecularBlade","DarkRealmRedLine_purple","AdministrixMod:BloodlessSapphire"],"picked":"Singing Bowl","floor":12},{"not_picked":["FlurryOfBlows","EmptyBody","Trip"],"picked":"Singing Bowl","floor":13},{"not_picked":["Deflect","Coolheaded","MokouMod:SearingShot"],"picked":"Singing Bowl","floor":13},{"not_picked":["ClowCardTheDark","Koishi:FormlessExistence"],"picked":"testmod-TreasureHunter","floor":16},{"not_picked":["StateErode_purple","True Grit","KamenRideKabuto"],"picked":"Singing Bowl","floor":18},{"not_picked":["DarkRealmRedLine_purple","Consecrate"],"picked":"Gensokyo:SalamanderShield+1","floor":18},{"not_picked":["Acceleration","Enlightenment","testmod-RabbitOfFibonacci","AdministrixMod:CrackingPangu"],"picked":"Singing Bowl","floor":23},{"not_picked":["Wallop","AdministrixMod:SipOfSparks","Hibiki_Attack1","FormRideStorm"],"picked":"Singing Bowl","floor":25},{"not_picked":["testmod-ComboMaster","Chen:ShikigamiForm","NovaMod:Pollution","MokouMod:RisingSunBarrier"],"picked":"Singing Bowl","floor":27},{"not_picked":["Self Repair","DeepEcoloBomb","MokouMod:BurningDraft+1"],"picked":"Moondial","floor":28},{"not_picked":["DeepEcoloBomb","MokouMod:RetainTemperature+1","Hightail","AdministrixMod:FuneraryRites"],"picked":"Singing Bowl","floor":28},{"not_picked":["FormRideFlame","Sucker Punch","Chen:Sweep","JustLucky"],"picked":"Singing Bowl","floor":30},{"not_picked":["Koishi:BloodcurdlingScream","Blur","SafetyPray:ReiMu","Chen:CatPunch"],"picked":"Singing Bowl","floor":31},{"not_picked":["Chen:Recuperate","SpreadBorder2:ReiMu","Chen:Instinct","Warcry"],"picked":"Singing Bowl","floor":31},{"not_picked":["AdministrixMod:DeathByGlamour+1","Immolate","Multi-Cast","NovaMod:InfernalIgniter"],"picked":"Singing Bowl","floor":33},{"not_picked":["MokouMod:PhoenixFeathers","AdministrixMod:CrackingPangu+1","UnarmedAttack6","MokouMod:RisingSunBarrier+1"],"picked":"Singing Bowl","floor":35},{"not_picked":["WitchLeyline","JustLucky+1","OpenedBox_purple","FoulBorder2:ReiMu+1"],"picked":"Singing Bowl","floor":35},{"not_picked":["ClowCardTheSand+1","AdministrixMod:JustRewards","MokouMod:RoaringFlare","ClowCardTheLibra"],"picked":"Singing Bowl","floor":39},{"not_picked":["SuperPerseids+1","ClowCardTheWood+1","UnarmedAttack7+1","Intimidate+1"],"picked":"Singing Bowl","floor":39},{"not_picked":["UnarmedAttack1+1","NovaMod:WaitingGame","Koishi:JumpScare","ForeignInfluence"],"picked":"Singing Bowl","floor":45},{"not_picked":["Streamline+1","MoonPhase+1","Evolve+1","CareerPray:ReiMu"],"picked":"Singing Bowl","floor":46},{"not_picked":["NovaMod:Blink+1","TakeOff:ReiMu","Chen:Instinct+1","BarrageOfMoneybags:ReiMu"],"picked":"Singing Bowl","floor":46},{"not_picked":["Koishi:UnseenTerror","AdministrixMod:ImmortalGrace","NovaMod:Snipe","NightDance"],"picked":"Singing Bowl","floor":47},{"not_picked":["AdministrixMod:Transition","Chaos+1","Luminosity+1","WorldDissolvedintheRealm_purple+1"],"picked":"Singing Bowl","floor":47},{"not_picked":["AdministrixMod:CrackingPangu","ClowCardTheCloud","NovaMod:PulseGrenade"],"picked":"Gensokyo:BrilliantDragonBullet","floor":54}],"player_experience":608056,"relics_obtained":[{"floor":7,"key":"testmod-InfectionSource"},{"floor":9,"key":"Cables"},{"floor":16,"key":"Gensokyo:OccultBall"},{"floor":20,"key":"Enchiridion"},{"floor":21,"key":"Koishi:AHoleWhereASisterShouldBe"},{"floor":21,"key":"KSMOD_TeddyBear"},{"floor":23,"key":"War Paint"},{"floor":25,"key":"CrazyTorch:ReiMu"},{"floor":26,"key":"Koishi:BloodstainedWhiteRose"},{"floor":27,"key":"KSMOD_SwordJade"},{"floor":30,"key":"Gensokyo:OccultBall"},{"floor":30,"key":"Frozen Egg 2"},{"floor":33,"key":"Gensokyo:OccultBall"},{"floor":43,"key":"Tough Bandages"},{"floor":45,"key":"Ring of the Snake"},{"floor":54,"key":"Du-Vu Doll"}],"event_choices":[{"damage_healed":0,"gold_gain":0,"player_choice":"Obtained Book","damage_taken":21,"max_hp_gain":0,"max_hp_loss":0,"event_name":"Cursed Tome","floor":20,"gold_loss":0},{"damage_healed":0,"gold_gain":0,"cards_transformed":["Gensokyo:BlessingOfVigor"],"player_choice":"Transformed","damage_taken":0,"max_hp_gain":0,"max_hp_loss":0,"event_name":"Transmorgrifier","floor":36,"gold_loss":0,"cards_obtained":["testmod-Wormhole"]},{"damage_healed":0,"gold_gain":400,"player_choice":"Sell","damage_taken":0,"max_hp_gain":0,"max_hp_loss":0,"event_name":"恩洛斯的盘子","floor":48,"relics_lost":["testmod-TestBox"],"gold_loss":0}],"is_beta":false,"boss_relics":[{"not_picked":["SacredBark","Sozu"],"picked":"CrownOfHeavens:ReiMu"},{"not_picked":["Runic Cube","ScarletEmblem"],"picked":"ExperimentalFamiliar"}],"items_purged_floors":[0,0,0,0,0,0,0,0,0,0,0,0,0,0,0,0,0,0,19,22,37,38,41],"is_endless":false,"potions_floor_spawned":[1,3,5,7,12,13,16,18,23,25,27,28,30,31,33,35,39,45,46,47,54],"ascension_level":19}}