{"host":"bplbr8uekuotory4","time":1610800425,"event":{"mods":["Act Like it!","BaseMod","Custom Start","Gensokyo","GungeonMod","Hermit","KinomotoSakuraMod(木之本樱)","Koishi","Marisa（F雨　魔理沙）","Minty Spire (QoL Compilation)","Prisma Mod","Quick Restart","Reimu（博丽灵梦）","SOS（斯巴达之子）","Spicy Shops","StSLib","TestMod","The Alterego","The Blackbeard","The Cursed","The Marked","The Mystic","The Runesmith","The Saiyan","The Servant 0.9.4","Yuri Mod","[IsaacMod]以撒尖塔","vexMod"],"gold_per_floor":[120,127,148,148,176,202,202,234,234,234,246,322,104,126,126,231,897,916,916,565,592,599,599,627,639,639,655,655,655,655,580,580,681,681,698,715,736,743,73,73,73,88,88,10,410,460,460,489,489,489,489,489,94,130,144],"floor_reached":56,"language":"ZHS","playtime":1289,"items_purged":["TheCursedMod:Strike_TheCursed","TheCursedMod:Defend_TheCursed","TheCursedMod:Strike_TheCursed+1","TheCursedMod:Defend_TheCursed+1","TheCursedMod:Strike_TheCursed+1"],"score":1832,"play_id":"af17382e-dbbf-45df-8ffa-478576fab183","local_time":"20210116203345","is_ascension_mode":true,"campfire_choices":[{"data":"TheCursedMod:CursedWand","floor":7.0,"key":"SMITH"},{"data":"TheCursedMod:Stigma","floor":10.0,"key":"SMITH"},{"floor":15.0,"key":"RECALL"},{"floor":23.0,"key":"REST"},{"data":"TheCursedMod:Strike_TheCursed","floor":28.0,"key":"SMITH"},{"data":"TheCursedMod:Strike_TheCursed","floor":30.0,"key":"SMITH"},{"floor":32.0,"key":"REST"},{"data":"TheCursedMod:LuckyCharm","floor":40,"key":"SMITH"},{"floor":47,"key":"REST"},{"floor":49,"key":"REST"},{"floor":52,"key":"REST"}],"circlet_count":0,"master_deck":["TheCursedMod:Strike_TheCursed+1","TheCursedMod:Defend_TheCursed+1","TheCursedMod:CursedWand+1","TheCursedMod:CleanUpWorkshop+1","TheCursedMod:Dregs","TheCursedMod:Stigma+1","Regret","TheCursedMod:SurpriseAttack+1","TheCursedMod:Mangle+1","TheCursedMod:CursedMace+1","TheCursedMod:FleshFromBone+1","TheCursedMod:StunningStrike+1","TheCursedMod:CursedShiv+1","TheCursedMod:SpitefulStrike+1","TheCursedMod:BlessingInDisguise+1","TheCursedMod:SpreadPlague+1","TheCursedMod:ForbiddenAlchemy+1","CurseOfTheBell","TheCursedMod:LuckyCharm+1","TheCursedMod:AbyssShockwave+1","TheCursedMod:TroublousMinions+1","TheCursedMod:Torture+1","TheCursedMod:WearCloak+1"],"relics":["TheCursedMod:BlackMagic101","testmod-TestBox","HushsDoor","SalivaCoin","testmod-PortableAltar","DemoMod:WhiteGuonStone","Molten Egg 2","StrikeDummy","Toxic Egg 2","Meat on the Bone","DemoMod:SuperHotWatch","Ancient Tea Set","DemoMod:GlassGuonStoneRelic","vexMod:RockOfEvil","vexMod:Dragonfruit","Anchor","War Paint","RuthlessExorcism:ReiMu","Calling Bell","Bag of Marbles","DemoMod:MeltedRock","testmod-EqualTreatment","GuppysHairball","testmod-IndustrialRevolution","testmod-Alchemist","yuri:PortableGlitches","DemoMod:ResourcefulSack","BlankCard","testmod-Hope","DemoMod:Metronome"],"acts_visited":["Exordium","TheCity","TheBeyond","TheEnding"],"potions_floor_usage":[50,55,55,55,55,55,55,55,55,55,55,55,55,55,55,55,55,55,55],"damage_taken":[{"damage":1.0,"enemies":"Jaw Worm","floor":1.0,"turns":1.0},{"damage":1.0,"enemies":"Small Slimes","floor":3.0,"turns":1.0},{"damage":0.0,"enemies":"Gremlin Nob","floor":6.0,"turns":1.0},{"damage":1.0,"enemies":"Lagavulin","floor":8.0,"turns":2.0},{"damage":0.0,"enemies":"Cultist","floor":11.0,"turns":2.0},{"damage":19.0,"enemies":"3 Sentries","floor":12.0,"turns":5.0},{"damage":3.0,"enemies":"Blue Slaver","floor":14.0,"turns":2.0},{"damage":0.0,"enemies":"Slime Boss","floor":16.0,"turns":1.0},{"damage":5.0,"enemies":"Spheric Guardian","floor":18.0,"turns":2.0},{"damage":4.0,"enemies":"3 Byrds","floor":21.0,"turns":2.0},{"damage":0.0,"enemies":"Slavers","floor":24.0,"turns":3.0},{"damage":0.0,"enemies":"Centurion and Healer","floor":25.0,"turns":2.0},{"damage":0.0,"enemies":"Snake Plant","floor":27.0,"turns":1.0},{"damage":0.0,"enemies":"Automaton","floor":33.0,"turns":5.0},{"damage":0.0,"enemies":"3 Darklings","floor":35.0,"turns":1.0},{"damage":0.0,"enemies":"Orb Walker","floor":36.0,"turns":2.0},{"damage":4.0,"enemies":"Writhing Mass","floor":37.0,"turns":2.0},{"damage":0,"enemies":"Jaw Worm Horde","floor":42,"turns":1},{"damage":0,"enemies":"Mind Bloom Boss Battle","floor":46,"turns":1},{"damage":0,"enemies":"Reptomancer","floor":48,"turns":3},{"damage":0,"enemies":"Awakened One","floor":50,"turns":8},{"damage":6,"enemies":"Shield and Spear","floor":54,"turns":3},{"damage":2,"enemies":"The Heart","floor":55,"turns":4}],"seed_played":"-7987227748471650356","potions_obtained":[{"floor":1.0,"key":"GamblersBrew"},{"floor":11.0,"key":"Fruit Juice"},{"floor":12.0,"key":"DistilledChaos"},{"floor":24.0,"key":"SneckoOil"},{"floor":33.0,"key":"ColorlessPotion"},{"floor":42,"key":"Weak Potion"},{"floor":54,"key":"Strength Potion"}],"is_trial":false,"path_per_floor":["M","?","M","?","?","E","R","E","T","R","M","E","$","M","R","B",null,"M","?","$","M","?","R","E","M","T","M","R","?","R","?","R","B",null,"M","M","M","?","$","R","$","M","T","$","?","?","R","E","R","B",null,"R","$","E","B",null],"character_chosen":"THE_CURSED","items_purchased":["Ancient Tea Set","vexMod:Dragonfruit","GuppysHairball","TheCursedMod:LuckyCharm","testmod-Alchemist","yuri:PortableGlitches","TheCursedMod:TroublousMinions+1","testmod-Hope"],"campfire_rested":5,"item_purchase_floors":[13,20,34,34,39,39,44,53],"current_hp_per_floor":[73,58,57,57,39,39,39,38,38,38,43,36,36,45,45,45,63,57,118,123,119,107,123,122,121,120,119,118,117,116,115,114,113,94,93,92,87,72,72,72,72,72,72,72,72,72,81,80,79,78,77,76,75,68,66],"gold":144,"neow_bonus":"THREE_ENEMY_KILL","is_daily":false,"chose_seed":false,"campfire_upgraded":5,"win_rate":0.0,"timestamp":1610800425,"path_taken":["M","?","?","?","?","E","R","E","T","R","M","E","$","M","R","BOSS","M","?","$","?","?","R","E","M","T","M","R","?","R","?","R","BOSS","M","M","?","?","?","R","$","M","T","$","?","?","R","E","R","BOSS","R","$","E","BOSS"],"items_purchased_type":["Relic","Relic","Relic","Card","Relic","Relic","Card","Relic"],"build_version":"2020-12-22","purchased_purges":5,"victory":true,"max_hp_per_floor":[74,73,72,71,70,69,68,67,66,65,69,68,67,66,65,64,63,62,122,126,125,124,123,122,121,120,119,118,117,116,115,114,113,94,93,92,91,90,89,88,87,86,85,84,83,82,81,80,79,78,77,76,75,74,73],"card_choices":[{"not_picked":[],"picked":"ChaosCard","floor":0.0},{"not_picked":["TheCursedMod:RapidMovement","TheCursedMod:BlessingInDisguise"],"picked":"TheCursedMod:Stigma","floor":1.0},{"not_picked":["TheCursedMod:ManaCirculation","TheCursedMod:Mangle","TheCursedMod:ManaBullet"],"picked":"SKIP","floor":3.0},{"not_picked":["TheCursedMod:DarkBarrier","TheCursedMod:CursedMace+1"],"picked":"TheCursedMod:SurpriseAttack+1","floor":6.0},{"not_picked":["TheCursedMod:SoulReap+1","TheCursedMod:Stigma+1"],"picked":"TheCursedMod:Mangle+1","floor":8.0},{"not_picked":["TheCursedMod:CollectTribute","TheCursedMod:AshesToAshes+1"],"picked":"TheCursedMod:CursedMace+1","floor":11.0},{"not_picked":["TheCursedMod:CursedShiv+1","TheCursedMod:SurpriseAttack+1"],"picked":"Bomb","floor":12.0},{"not_picked":["TheCursedMod:Wield+1","TheCursedMod:SurpriseAttack+1"],"picked":"TheCursedMod:FleshFromBone+1","floor":14.0},{"not_picked":["TheCursedMod:VoidForm","TheCursedMod:ParallelWorld+1"],"picked":"TheCursedMod:StunningStrike+1","floor":16.0},{"not_picked":["TheCursedMod:SpitefulPlan","TheCursedMod:SpitefulPray+1"],"picked":"TheCursedMod:CursedShiv+1","floor":18.0},{"not_picked":["TheCursedMod:CircleOfCorruption+1","TheCursedMod:CursedSpellbook+1"],"picked":"TheCursedMod:SpitefulStrike+1","floor":21.0},{"not_picked":["TheCursedMod:CursedBlade+1","TheCursedMod:CursedBoomerang+1"],"picked":"TheCursedMod:BlessingInDisguise+1","floor":24.0},{"not_picked":["TheCursedMod:CursedMace+1","TheCursedMod:CircleOfFocus+1","TheCursedMod:SpitefulStrike+1"],"picked":"SKIP","floor":25.0},{"not_picked":["TheCursedMod:CursedMace+1","TheCursedMod:CircleOfFocus+1","TheCursedMod:SpitefulStrike+1"],"picked":"SKIP","floor":25.0},{"not_picked":["TheCursedMod:CircleOfAmplification+1","TheCursedMod:SaltUponWound+1"],"picked":"TheCursedMod:SpreadPlague+1","floor":27.0},{"not_picked":["TheCursedMod:DarkBarrier+1","TheCursedMod:CursedRelics+1"],"picked":"TheCursedMod:ForbiddenAlchemy+1","floor":33.0},{"not_picked":["TheCursedMod:WearCloak+1","TheCursedMod:RavingStaff+1"],"picked":"TheCursedMod:AbyssShockwave+1","floor":35.0},{"not_picked":["TheCursedMod:CircleOfCorruption+1","TheCursedMod:SmokeScreen+1","TheCursedMod:SpitefulStrike+1"],"picked":"SKIP","floor":36.0},{"not_picked":["TheCursedMod:Stigma+1","TheCursedMod:EmpowerCircles+1","TheCursedMod:SpitefulStrike+1"],"picked":"SKIP","floor":37.0},{"not_picked":["TheCursedMod:PrepareRite+1","TheCursedMod:HellsGateOpen+1","TheCursedMod:CursedBlade+1"],"picked":"SKIP","floor":42},{"not_picked":["TheCursedMod:SoulCrush+1","TheCursedMod:RavingStaff+1"],"picked":"TheCursedMod:Torture+1","floor":46},{"not_picked":["TheCursedMod:ReleasedKnowledge+1","TheCursedMod:SmokeScreen+1","TheCursedMod:Obscuration+1"],"picked":"SKIP","floor":48},{"not_picked":["TheCursedMod:Stigma+1","TheCursedMod:SurpriseAttack+1"],"picked":"TheCursedMod:WearCloak+1","floor":54}],"player_experience":1208444,"relics_obtained":[{"floor":6.0,"key":"StrikeDummy"},{"floor":8.0,"key":"Toxic Egg 2"},{"floor":9.0,"key":"Meat on the Bone"},{"floor":12.0,"key":"DemoMod:SuperHotWatch"},{"floor":24.0,"key":"War Paint"},{"floor":26.0,"key":"RuthlessExorcism:ReiMu"},{"floor":34.0,"key":"Bag of Marbles"},{"floor":34.0,"key":"DemoMod:MeltedRock"},{"floor":34.0,"key":"testmod-EqualTreatment"},{"floor":46,"key":"DemoMod:ResourcefulSack"},{"floor":48,"key":"BlankCard"},{"floor":54,"key":"DemoMod:Metronome"}],"event_choices":[{"damage_healed":0.0,"max_hp_gain":0.0,"max_hp_loss":0.0,"gold_gain":0.0,"event_name":"Shining Light","player_choice":"Entered Light","floor":2.0,"gold_loss":0.0,"damage_taken":15.0,"cards_upgraded":["TheCursedMod:Strike_TheCursed","TheCursedMod:CleanUpWorkshop"]},{"damage_healed":0.0,"max_hp_gain":0.0,"max_hp_loss":0.0,"gold_gain":0.0,"event_name":"Big Fish","player_choice":"Box","floor":4.0,"gold_loss":0.0,"damage_taken":0.0,"relics_obtained":["DemoMod:WhiteGuonStone"],"cards_obtained":["Regret"]},{"damage_healed":0.0,"max_hp_gain":0.0,"max_hp_loss":0.0,"gold_gain":0.0,"event_name":"Scrap Ooze","player_choice":"Success","floor":5.0,"gold_loss":0.0,"damage_taken":18.0,"relics_obtained":["Molten Egg 2"]},{"damage_healed":0.0,"max_hp_gain":0.0,"max_hp_loss":0.0,"gold_gain":0.0,"event_name":"给自己的盒子","player_choice":"Swap Relic","floor":19.0,"relics_lost":["testmod-HarvestTotem"],"gold_loss":0.0,"damage_taken":0.0,"relics_obtained":["testmod-HarvestTotem"]},{"damage_healed":0.0,"max_hp_gain":0.0,"max_hp_loss":0.0,"gold_gain":0.0,"event_name":"blackbeard:ShipwreckEvent","player_choice":"Anchor","floor":22.0,"gold_loss":0.0,"damage_taken":0.0,"relics_obtained":["Anchor"]},{"damage_healed":0.0,"max_hp_gain":0.0,"max_hp_loss":0.0,"gold_gain":0.0,"event_name":"Ghosts","player_choice":"Ignored","floor":29.0,"gold_loss":0.0,"damage_taken":0.0},{"cards_removed":["TheCursedMod:Defend_TheCursed"],"damage_healed":0.0,"max_hp_gain":0.0,"max_hp_loss":0.0,"gold_gain":0.0,"event_name":"Beggar","player_choice":"Gave Gold","floor":31.0,"gold_loss":75.0,"damage_taken":0.0},{"damage_healed":0,"gold_gain":400,"player_choice":"Sell","damage_taken":0,"max_hp_gain":0,"max_hp_loss":0,"event_name":"恩洛斯的盘子","floor":45,"relics_lost":["NeowsBlessing"],"gold_loss":0},{"damage_healed":0,"gold_gain":0,"player_choice":"Fight","damage_taken":0,"max_hp_gain":0,"max_hp_loss":0,"event_name":"MindBloom","floor":46,"gold_loss":0}],"is_beta":false,"boss_relics":[{"not_picked":["Runesmith:UraniumAnvil","Runic Dome"],"picked":"vexMod:RockOfEvil"},{"not_picked":[]},{"not_picked":["Black Star","testmod-Fanaticism"],"picked":"Calling Bell"},{"not_picked":[]}],"items_purged_floors":[13,20,34,39,53],"is_endless":false,"potions_floor_spawned":[1,11,12,14,24,33,36,42,46,54],"ascension_level":2}}