{"host":"9tzam4717zt8ei1o","time":1610796733,"event":{"mods":["BaseMod","Colored Map","Keyboard Shortcuts","Minty Spire (QoL Compilation)","Quick Restart","StSLib","SuperFastMode"],"gold_per_floor":[116,37,37,57,57,84,84,109,132,159,30,41,41,41,41,141,141,152,168,168,180,130,160,160,177,177,177,4,37,37,62,62,167,167,186,65,77,77,27,62,62,92,119,119,133,83,83,97,97,97],"floor_reached":51,"language":"KOR","playtime":1072,"items_purged":["Strike_G","Bouncing Flask+1","Choke+1","Poisoned Stab+1","Defend_G","Defend_G"],"score":932,"play_id":"2bfef619-c64c-423c-a7a3-204894c74229","local_time":"20210116203213","is_ascension_mode":true,"campfire_choices":[{"data":"Crippling Poison","floor":7.0,"key":"SMITH"},{"data":"Bouncing Flask","floor":13.0,"key":"SMITH"},{"data":"Flechettes","floor":15.0,"key":"SMITH"},{"floor":24.0,"key":"REST"},{"data":"Night Terror","floor":27.0,"key":"SMITH"},{"floor":30.0,"key":"REST"},{"floor":32.0,"key":"REST"},{"data":"Burst","floor":41,"key":"SMITH"},{"data":"Calculated Gamble","floor":44,"key":"SMITH"},{"data":"Well Laid Plans","floor":49,"key":"SMITH"}],"circlet_count":0,"master_deck":["Defend_G","Defend_G","Defend_G","Survivor","Neutralize+1","Noxious Fumes+1","Heel Hook","Crippling Poison+1","Venomology","Bouncing Flask+1","Acrobatics","Night Terror+1","Blur","Acrobatics","Escape Plan","Well Laid Plans+1","Catalyst","Burst+1","Calculated Gamble+1","Blur+1","Catalyst","Tactician+1"],"relics":["Ring of the Snake","NeowsBlessing","Snake Skull","Matryoshka","Strawberry","Smiling Mask","PreservedInsect","Astrolabe","Nunchaku","Bag of Preparation","Art of War","Bag of Marbles","Dream Catcher","HoveringKite","Blood Vial","Centennial Puzzle"],"acts_visited":["Exordium","TheCity","TheBeyond"],"potions_floor_usage":[35,37,42,45,45,45,45,48,50,50],"damage_taken":[{"damage":0.0,"enemies":"Small Slimes","floor":1.0,"turns":1.0},{"damage":0.0,"enemies":"Cultist","floor":4.0,"turns":1.0},{"damage":0.0,"enemies":"Gremlin Nob","floor":6.0,"turns":1.0},{"damage":3.0,"enemies":"Lagavulin","floor":8.0,"turns":6.0},{"damage":21.0,"enemies":"3 Sentries","floor":10.0,"turns":6.0},{"damage":0.0,"enemies":"2 Louse","floor":12.0,"turns":2.0},{"damage":8.0,"enemies":"The Guardian","floor":16.0,"turns":6.0},{"damage":8.0,"enemies":"Chosen","floor":18.0,"turns":3.0},{"damage":11.0,"enemies":"Spheric Guardian","floor":19.0,"turns":3.0},{"damage":34.0,"enemies":"Centurion and Healer","floor":21.0,"turns":5.0},{"damage":20.0,"enemies":"Slavers","floor":23.0,"turns":4.0},{"damage":7.0,"enemies":"Snecko","floor":25.0,"turns":4.0},{"damage":12.0,"enemies":"Book of Stabbing","floor":29.0,"turns":4.0},{"damage":10.0,"enemies":"Gremlin Leader","floor":31.0,"turns":4.0},{"damage":19.0,"enemies":"Collector","floor":33.0,"turns":5.0},{"damage":54,"enemies":"3 Darklings","floor":35,"turns":8},{"damage":3,"enemies":"3 Shapes","floor":37,"turns":4},{"damage":0,"enemies":"Giant Head","floor":40,"turns":5},{"damage":26,"enemies":"Reptomancer","floor":42,"turns":3},{"damage":10,"enemies":"Writhing Mass","floor":45,"turns":2},{"damage":13,"enemies":"Transient","floor":48,"turns":5},{"damage":19,"enemies":"Donu and Deca","floor":50,"turns":5}],"seed_played":"-6279397572240685675","potions_obtained":[{"floor":4.0,"key":"Fire Potion"},{"floor":6.0,"key":"Strength Potion"},{"floor":8.0,"key":"Energy Potion"},{"floor":10.0,"key":"Fire Potion"},{"floor":29.0,"key":"Fire Potion"},{"floor":42,"key":"Fire Potion"},{"floor":45,"key":"Swift Potion"},{"floor":48,"key":"Regen Potion"}],"is_trial":false,"path_per_floor":["M","$","?","M","?","E","R","E","T","E","$","M","R","?","R","B",null,"M","M","?","M","$","E","R","M","T","R","$","E","R","E","R","B",null,"M","$","M","?","$","E","R","E","T","R","M","$","?","M","R","B",null],"character_chosen":"THE_SILENT","items_purchased":["Heel Hook","Bouncing Flask","Fruit Juice","Acrobatics","Calculated Gamble"],"campfire_rested":3,"item_purchase_floors":[2,11,28,28,36],"current_hp_per_floor":[70,70,56,56,56,56,56,53,60,39,39,39,39,39,39,31,77,69,58,58,24,24,4,27,20,20,20,25,13,37,27,51,32,82,28,28,25,82,82,82,82,65,65,65,57,57,57,46,46,43],"gold":97,"neow_bonus":"THREE_ENEMY_KILL","is_daily":false,"chose_seed":false,"campfire_upgraded":7,"win_rate":0.0,"timestamp":1610796733,"path_taken":["M","$","?","M","?","E","R","E","T","E","$","?","R","?","R","BOSS","M","M","?","?","?","E","R","M","T","R","$","E","R","E","R","BOSS","M","$","?","?","?","E","R","E","T","R","M","$","?","M","R","BOSS"],"items_purchased_type":["Card","Card","Potion","Card","Card"],"build_version":"2020-12-22","purchased_purges":6,"victory":true,"max_hp_per_floor":[70,70,70,70,70,70,70,70,77,77,77,77,77,77,77,77,77,77,77,77,77,77,77,77,77,77,77,82,82,82,82,82,82,82,82,82,82,82,82,82,82,82,82,82,82,82,78,78,78,78],"card_choices":[{"not_picked":["Underhanded Strike","Crippling Poison"],"picked":"Noxious Fumes","floor":1.0},{"not_picked":["Skewer","Masterful Stab","Dodge and Roll"],"picked":"SKIP","floor":4.0},{"not_picked":["Terror","Infinite Blades"],"picked":"Crippling Poison","floor":6.0},{"not_picked":["Deadly Poison","Choke"],"picked":"Flechettes","floor":8.0},{"not_picked":["Underhanded Strike","Outmaneuver"],"picked":"Venomology","floor":10.0},{"not_picked":["Riddle With Holes","Outmaneuver"],"picked":"Acrobatics","floor":12.0},{"not_picked":["A Thousand Cuts","Envenom"],"picked":"Night Terror","floor":16.0},{"not_picked":["Slice","Flying Knee","Backflip"],"picked":"SKIP","floor":18.0},{"not_picked":["Acrobatics","Bane","Deadly Poison"],"picked":"SKIP","floor":19.0},{"not_picked":["Flechettes","Dagger Throw","Backflip"],"picked":"SKIP","floor":21.0},{"not_picked":["Deflect","Phantasmal Killer","Sucker Punch"],"picked":"SKIP","floor":23.0},{"not_picked":["Slice","Caltrops+1"],"picked":"Blur","floor":25.0},{"not_picked":["Dodge and Roll","Phantasmal Killer"],"picked":"Escape Plan","floor":29.0},{"not_picked":["Riddle With Holes","Poisoned Stab"],"picked":"Well Laid Plans","floor":31.0},{"not_picked":["Setup","Acrobatics+1"],"picked":"Catalyst","floor":32.0},{"not_picked":["Storm of Steel","Bullet Time"],"picked":"Burst","floor":33.0},{"not_picked":["Skewer+1","Bane","Acrobatics"],"picked":"SKIP","floor":35},{"not_picked":["All Out Attack","Bane+1"],"picked":"Blur+1","floor":37},{"not_picked":["PiercingWail","Acrobatics"],"picked":"Catalyst","floor":40},{"not_picked":["Night Terror","Outmaneuver","Quick Slash+1"],"picked":"SKIP","floor":42},{"not_picked":["Catalyst+1","Flying Knee","All Out Attack"],"picked":"SKIP","floor":45},{"not_picked":["Endless Agony+1","Outmaneuver"],"picked":"Tactician+1","floor":48}],"player_experience":74061,"relics_obtained":[{"floor":6.0,"key":"Snake Skull"},{"floor":8.0,"key":"Matryoshka"},{"floor":9.0,"key":"Strawberry"},{"floor":9.0,"key":"Smiling Mask"},{"floor":10.0,"key":"PreservedInsect"},{"floor":23.0,"key":"Nunchaku"},{"floor":26.0,"key":"Bag of Preparation"},{"floor":26.0,"key":"Art of War"},{"floor":29.0,"key":"Bag of Marbles"},{"floor":31.0,"key":"Dream Catcher"},{"floor":40,"key":"Blood Vial"},{"floor":42,"key":"Centennial Puzzle"}],"event_choices":[{"damage_healed":0.0,"max_hp_gain":0.0,"max_hp_loss":0.0,"gold_gain":0.0,"event_name":"Shining Light","player_choice":"Entered Light","floor":3.0,"gold_loss":0.0,"damage_taken":14.0,"cards_upgraded":["Strike_G","Neutralize"]},{"damage_healed":0.0,"max_hp_gain":0.0,"max_hp_loss":0.0,"gold_gain":0.0,"event_name":"Accursed Blacksmith","player_choice":"Forge","floor":5.0,"gold_loss":0.0,"damage_taken":0.0,"cards_upgraded":["Noxious Fumes"]},{"cards_removed":["Strike_G"],"damage_healed":0.0,"max_hp_gain":0.0,"max_hp_loss":0.0,"gold_gain":0.0,"event_name":"Living Wall","player_choice":"Forget","floor":14.0,"gold_loss":0.0,"damage_taken":0.0},{"damage_healed":0.0,"max_hp_gain":0.0,"max_hp_loss":0.0,"gold_gain":0.0,"event_name":"The Woman in Blue","player_choice":"Bought 0 Potions","floor":20.0,"gold_loss":0.0,"damage_taken":0.0},{"cards_removed":["Flechettes"],"damage_healed":57,"gold_gain":0,"player_choice":"Offered Uncommon","damage_taken":0,"max_hp_gain":0,"max_hp_loss":0,"event_name":"Bonfire Elementals","floor":38,"gold_loss":0},{"damage_healed":0,"gold_gain":0,"player_choice":"Max HP","damage_taken":0,"max_hp_gain":0,"max_hp_loss":4,"event_name":"Winding Halls","floor":47,"gold_loss":0}],"is_beta":false,"boss_relics":[{"not_picked":["WristBlade","Ring of the Serpent"],"picked":"Astrolabe"},{"not_picked":["Sozu","Fusion Hammer"],"picked":"HoveringKite"}],"items_purged_floors":[11,22,28,36,39,46],"is_endless":false,"potions_floor_spawned":[4,6,8,10,18,29,33,42,45,48],"ascension_level":2}}