{"host":"d61fcf2p3sjwe6yo","time":1610809673,"event":{"mods":["AchievementEnabler","BaseMod","Colored Map","Downfall","Minty Spire (QoL Compilation)","StSLib","SuperFastMode"],"gold_per_floor":[99,112,123,143,207,107,107,282,282,432,450,475,475,575,586,586,586],"floor_reached":16,"language":"ENG","playtime":565,"items_purged":[],"score":131,"play_id":"6805b317-e91c-4090-9380-202370aa9dd8","local_time":"20210116180753","is_ascension_mode":true,"campfire_choices":[{"floor":1,"key":"RECALL"},{"data":"bronze:Flail","floor":6,"key":"SMITH"},{"data":"bronze:Branch","floor":9,"key":"SMITH"},{"data":"bronze:Format","floor":13,"key":"SMITH"}],"circlet_count":0,"master_deck":["bronze:Strike","bronze:Strike","bronze:Strike","bronze:Strike","bronze:Defend","bronze:Defend","bronze:Defend","bronze:Defend","bronze:Replicate","bronze:Goto","bronze:Branch+1","bronze:Flail+1","bronze:Frontload","Doubt","downfall:Icky","bronze:Format+1","bronze:Branch"],"relics":["bronze:BronzeCore","Anchor","downfall:HeartBlessingRed","CaptainsWheel","Letter Opener"],"acts_visited":["Exordium"],"potions_floor_usage":[],"damage_taken":[{"damage":0,"enemies":"Small Slimes","floor":2,"turns":3},{"damage":0,"enemies":"2 Louse","floor":3,"turns":2},{"damage":6,"enemies":"Cultist","floor":4,"turns":3},{"damage":22,"enemies":"3 Sentries","floor":5,"turns":7},{"damage":0,"enemies":"Lots of Slimes","floor":11,"turns":4},{"damage":0,"enemies":"Gremlin Nob","floor":12,"turns":4},{"damage":0,"enemies":"3 Louse","floor":15,"turns":1},{"damage":15,"enemies":"DF_ARCHETYPE_STREAMLINE","floor":16,"turns":9}],"seed_played":"-7404797437210513413","potions_obtained":[{"floor":2,"key":"SmokeBomb"},{"floor":12,"key":"DuplicationPotion"}],"is_trial":false,"path_per_floor":["R","M","M","M","?","R","T","?","R","?","M","E","R","?","M","B"],"character_chosen":"THE_AUTOMATON","items_purchased":[],"campfire_rested":0,"item_purchase_floors":[],"current_hp_per_floor":[70,70,70,64,42,42,42,42,42,42,42,42,42,42,42,27,27],"gold":586,"neow_bonus":"RANDOM_COMMON_RELIC","is_daily":false,"chose_seed":false,"campfire_upgraded":3,"win_rate":0.0,"timestamp":1610809673,"path_taken":["R","M","M","M","?","R","T","?","R","?","M","E","R","?","M","BOSS"],"items_purchased_type":[],"build_version":"2020-12-22","purchased_purges":0,"victory":false,"max_hp_per_floor":[70,70,70,70,70,70,70,70,70,70,70,70,70,70,70,70,70],"card_choices":[{"not_picked":["bronze:Backtrace","bronze:DelayedSlice"],"picked":"bronze:Branch","floor":2},{"not_picked":["bronze:Optimize","bronze:Overheat"],"picked":"bronze:Flail","floor":3},{"not_picked":["bronze:Branch","bronze:DelayedGuard"],"picked":"bronze:Frontload","floor":4},{"not_picked":["bronze:Constructor","bronze:Separator"],"picked":"bronze:Format","floor":11},{"not_picked":["bronze:Constructor","bronze:BitShift"],"picked":"bronze:Branch","floor":12},{"not_picked":["bronze:MaxOutput","bronze:CloningBeam","bronze:Philosophize"],"picked":"SKIP","floor":15}],"player_experience":557340,"relics_obtained":[{"floor":7,"key":"CaptainsWheel"},{"floor":12,"key":"Letter Opener"}],"event_choices":[],"is_beta":false,"boss_relics":[],"items_purged_floors":[],"is_endless":false,"potions_floor_spawned":[2,12],"killed_by":"DF_ARCHETYPE_STREAMLINE","ascension_level":1}}