{"host":"o5jvvi5yapo90aia","time":1610814638,"event":{"mods":["BaseMod","CapriCore","Minty Spire (QoL Compilation)","MostiFishMod","Prisma Mod","Spicy Shops","StSLib","TestMod","The Immortal","Yakumo Yukari mod","【人物mod】游戏王New YuGiOh mod","【功能Mod】Neow奖励"],"gold_per_floor":[116,516,562,575,585,616,616,651,651,676,690,707,707,737,737,846,846,859,859,19,19,19,161,161,404,404,314,314,339,376,376,376,1796,1796,2433,1334,1334,1334,2548,2592,3217,3861,3861,3861,3861,3861,3861,4502,4502,5136,5136,5136,3180,3223,3274],"floor_reached":56,"language":"ZHS","playtime":6583,"items_purged":["PrismaMod:ChloeCommonDefend","PrismaMod:ChloeCheapAttack"],"score":2116,"play_id":"045ca16b-78b0-4088-b9b8-89bb375dd229","local_time":"20210117003038","is_ascension_mode":true,"campfire_choices":[{"data":"PrismaMod:ChloeCommonAttack","floor":7,"key":"PURGE"},{"data":"PrismaMod:ChloeCommonAttack","floor":13,"key":"PURGE"},{"data":"PrismaMod:ChloeCommonAttack","floor":15,"key":"PURGE"},{"data":"PrismaMod:ChloeCommonAttack+1","floor":24,"key":"PURGE"},{"data":"PrismaMod:ChloeCommonDefend","floor":28,"key":"PURGE"},{"data":"PrismaMod:ChloeUnlimitedBladeWorks","floor":32,"key":"PURGE"},{"floor":47,"key":"RECALL"},{"data":"PrismaMod:ChloeCommonDefend","floor":49,"key":"PURGE"},{"data":"PrismaMod:ChloeAnyRareTrace","floor":52,"key":"SMITH"}],"circlet_count":0,"master_deck":["PrismaMod:ChloeCommonDefend+1","PrismaMod:ChloeCheapDefend","MostiFishMod:Neptune+1","MostiFishMod:TheEndOfMoonlight","MostiFishMod:SparklingWater","MostiFishMod:FantasySummer","MostiFishMod:NightSea","PrismaMod:ChloeCaladbolg","PrismaMod:ChloeChristmas","PrismaMod:ChloeAnyRareTrace+1","PrismaMod:ChloeAnyPowerTrace","MostiFishMod:PerfectForm"],"relics":["testmod-TestBox","MoonlightInvasionPlan","MetatronsCube","testmod-ObsoleteBoomerang","SynthV:TestCard","testmod-OneHitWonder","testmod-Antiphasic","Whetstone","Happy Flower","Singing Bowl","testmod-Acrobat","Philosopher\u0027s Stone","FaceOfCleric","Sundial","TheAbacus","DianPoetry","Juzu Bracelet","Meat on the Bone","Bottled Lightning","testmod-AssaultLearning","GreenFoldingFan","Medical Kit","testmod-IndustrialRevolution","Lantern","PreservedInsect","Blue Candle","Cauldron","Ancient Tea Set","Kunai","Pantograph","Potion Belt","ClockworkSouvenir","testmod-ArcanaOfDestiny","Blood Vial","Boot","Ornamental Fan","Strange Spoon","DaCapo"],"acts_visited":["Exordium","TheCity","TheBeyond","TheEnding"],"potions_floor_usage":[14,36,43,55,55,55,55],"damage_taken":[{"damage":0,"enemies":"Small Slimes","floor":1,"turns":2},{"damage":0,"enemies":"Jaw Worm","floor":4,"turns":2},{"damage":0,"enemies":"Cultist","floor":5,"turns":2},{"damage":0,"enemies":"Gremlin Nob","floor":6,"turns":1},{"damage":0,"enemies":"Lagavulin","floor":8,"turns":2},{"damage":0,"enemies":"Gremlin Nob","floor":10,"turns":2},{"damage":0,"enemies":"Gremlin Gang","floor":11,"turns":1},{"damage":0,"enemies":"3 Louse","floor":12,"turns":2},{"damage":0,"enemies":"Lagavulin","floor":14,"turns":1},{"damage":5,"enemies":"Hexaghost","floor":16,"turns":2},{"damage":0,"enemies":"Chosen","floor":18,"turns":1},{"damage":5,"enemies":"Slavers","floor":23,"turns":2},{"damage":0,"enemies":"Book of Stabbing","floor":25,"turns":2},{"damage":0,"enemies":"Spheric Guardian","floor":29,"turns":1},{"damage":0,"enemies":"Gremlin Leader","floor":30,"turns":2},{"damage":5,"enemies":"Champ","floor":33,"turns":6},{"damage":9,"enemies":"3 Shapes","floor":35,"turns":2},{"damage":17,"enemies":"3 Darklings","floor":39,"turns":6},{"damage":7,"enemies":"Nemesis","floor":40,"turns":1},{"damage":9,"enemies":"Writhing Mass","floor":41,"turns":2},{"damage":9,"enemies":"Giant Head","floor":42,"turns":2},{"damage":4,"enemies":"Reptomancer","floor":48,"turns":2},{"damage":7,"enemies":"Time Eater","floor":50,"turns":5},{"damage":2,"enemies":"Shield and Spear","floor":54,"turns":1},{"damage":2,"enemies":"The Heart","floor":55,"turns":15}],"seed_played":"-382799952357411353","potions_obtained":[{"floor":5,"key":"Swift Potion"},{"floor":6,"key":"Strength Potion"},{"floor":8,"key":"Dexterity Potion"},{"floor":12,"key":"Fruit Juice"},{"floor":14,"key":"Block Potion"},{"floor":29,"key":"LiquidMemories"},{"floor":36,"key":"testmod-SpacePotion"},{"floor":36,"key":"DuplicationPotion"},{"floor":36,"key":"testmod-TimePotion"},{"floor":41,"key":"Weak Potion"},{"floor":42,"key":"testmod-SpacePotion"}],"is_trial":false,"path_per_floor":["M","?","T","M","M","E","R","E","T","E","M","M","R","E","R","B",null,"M","?","$","?","?","E","R","E","T","?","R","M","E","?","R","B",null,"M","$","?","?","M","E","M","E","T","?","?","?","R","E","R","B",null,"R","$","E","B",null],"character_chosen":"CHLOE","items_purchased":["Sundial","TheAbacus","DianPoetry","Juzu Bracelet","Medical Kit","testmod-IndustrialRevolution","Lantern","PreservedInsect","Blue Candle","Cauldron","ClockworkSouvenir","testmod-ArcanaOfDestiny","Blood Vial","Boot","Ornamental Fan","Strange Spoon","PowerPotion","MostiFishMod:PerfectForm","BlessingOfTheForge","testmod-TimePotion","Energy Potion"],"campfire_rested":0,"item_purchase_floors":[20,20,20,20,36,36,36,36,36,36,53,53,53,53,53,53,53,53,53,53,53],"current_hp_per_floor":[75,75,75,75,75,75,75,75,75,77,79,81,81,88,88,83,88,90,90,90,90,90,88,88,89,89,89,89,94,99,99,99,98,103,106,106,102,102,100,108,114,118,118,107,107,115,115,126,126,130,130,130,130,133,134],"gold":3274,"neow_bonus":"BOSS_RELIC","is_daily":false,"chose_seed":false,"campfire_upgraded":1,"win_rate":0.0,"timestamp":1610814638,"path_taken":["M","?","?","M","?","E","R","E","T","E","M","?","R","E","R","BOSS","M","?","$","?","?","E","R","E","T","?","R","M","E","?","R","BOSS","M","$","?","?","M","E","M","E","T","?","?","?","R","E","R","BOSS","R","$","E","BOSS"],"items_purchased_type":["Relic","Relic","Relic","Relic","Relic","Relic","Relic","Relic","Relic","Relic","Relic","Relic","Relic","Relic","Relic","Relic","Potion","Card","Potion","Potion","Potion"],"build_version":"2020-12-22","purchased_purges":2,"victory":true,"max_hp_per_floor":[75,75,75,75,75,75,75,75,75,77,79,81,81,88,88,88,88,90,90,90,90,90,93,93,94,94,94,94,97,100,100,100,103,103,106,106,112,106,109,112,115,118,118,118,118,126,126,129,129,130,130,130,130,133,134],"card_choices":[{"not_picked":["PrismaMod:ChloeCheapAttackTwo","PrismaMod:ChloeRhongomyniad","PrismaMod:ChloeCheapDefendTwo"],"picked":"SKIP","floor":1},{"not_picked":["PrismaMod:ChloeCheapAttackTwo","PrismaMod:ChloeCheapAttack","PrismaMod:ChloeExhaustOne","PrismaMod:ChloeCommonAOEAttack"],"picked":"PrismaMod:ChloeCaladbolg","floor":4},{"not_picked":["PrismaMod:ChloeCaladbolg","PrismaMod:ChloeCheapDefendTwo","PrismaMod:ChloeCheapAttackTwo","PrismaMod:ChloeRuleBreaker","PrismaMod:ChloeCheapAttack"],"picked":"SKIP","floor":5},{"not_picked":["PrismaMod:ChloeExcalibur","PrismaMod:ChloeCheapAttackTwo","PrismaMod:ChloeGaeBolg","PrismaMod:ChloeRuleBreaker"],"picked":"PrismaMod:ChloeBetterTracePools","floor":6},{"not_picked":["PrismaMod:ChloeCheapDefendTwo","PrismaMod:ChloeExhaustTwo","PrismaMod:ChloeCarnivalDefend","PrismaMod:ChloeCheapDefend"],"picked":"PrismaMod:ChloeChristmas","floor":8},{"not_picked":["PrismaMod:ChloeEyeOfTheEuryale","PrismaMod:ChloeDoubleRelicSpeed","PrismaMod:ChloeCheapAttackTwo","PrismaMod:ChloeDiscardRecovery","PrismaMod:ChloeCheapDefendTwo"],"picked":"Singing Bowl","floor":10},{"not_picked":["PrismaMod:ChloeBetterTracePools","PrismaMod:ChloeUncommonAttack","PrismaMod:ChloeDiscardRecovery","PrismaMod:ChloeExcalibur","PrismaMod:ChloeCarnivalAOEAttack"],"picked":"Singing Bowl","floor":11},{"not_picked":["PrismaMod:ChloeUncommonDefend","PrismaMod:ChloeExhaustOne","PrismaMod:ChloeExcalibur","PrismaMod:ChloeDiscardRecovery","PrismaMod:ChloeCheapDefend"],"picked":"Singing Bowl","floor":12},{"not_picked":["PrismaMod:ChloeCommonAOEAttack","PrismaMod:ChloeUncommonAttack","PrismaMod:ChloeDemonicTutor","PrismaMod:ChloeCheapDefendTwo","PrismaMod:ChloeDiscardRecovery"],"picked":"Singing Bowl","floor":14},{"not_picked":["PrismaMod:ChloeCarnivalAttack","PrismaMod:ChloeCarnivalDefend","PrismaMod:ChloeAnyUncommonTrace","PrismaMod:ChloeDoubleRelicSpeed"],"picked":"PrismaMod:ChloeAnyRareTrace","floor":16},{"not_picked":["PrismaMod:ChloeCheapAttackTwo+1","PrismaMod:ChloeRuleBreaker","PrismaMod:ChloeDemonicTutor","PrismaMod:ChloeGaeBolg","PrismaMod:ChloeCheapDefendTwo"],"picked":"Singing Bowl","floor":18},{"not_picked":["PrismaMod:ChloeDemonicTutor+1","PrismaMod:ChloeCheapAttackTwo","PrismaMod:ChloeRitsuka","PrismaMod:ChloeCaladbolg","PrismaMod:ChloeCommonAOEAttack"],"picked":"Singing Bowl","floor":23},{"not_picked":["PrismaMod:ChloeCheapAttack","PrismaMod:ChloeExhaustOne","PrismaMod:ChloeCheapAttackTwo+1","PrismaMod:ChloeExcalibur"],"picked":"PrismaMod:ChloeUnlimitedBladeWorks","floor":25},{"not_picked":["PrismaMod:ChloeCheapDefendTwo","PrismaMod:ChloeCheapDefend","PrismaMod:ChloeGaeBolg","PrismaMod:ChloeExhaustOne","PrismaMod:ChloeMaid+1"],"picked":"Singing Bowl","floor":29},{"not_picked":["PrismaMod:ChloeCheapDefendTwo","PrismaMod:ChloeCommonAOEAttack","PrismaMod:ChloeMaid","PrismaMod:ChloeUncommonDefend","PrismaMod:ChloeDoubleRelicSpeed"],"picked":"Singing Bowl","floor":30},{"not_picked":["PrismaMod:ChloeAnyUncommonTrace","PrismaMod:ChloeExhaustThree","PrismaMod:ChloeHalloween","PrismaMod:ChloeAnyAttackTrace","PrismaMod:ChloeUnlimitedBladeWorks"],"picked":"Singing Bowl","floor":33},{"not_picked":["PrismaMod:ChloeChristmas+1","PrismaMod:ChloeCheapAttackTwo","PrismaMod:ChloeExhaustOne+1","PrismaMod:ChloeMaid+1","PrismaMod:ChloeCheapAttack"],"picked":"Singing Bowl","floor":35},{"not_picked":["testmod-DisillusionmentEcho","Deep Breath","testmod-PowerStrike","testmod-HeadAttack","testmod-EnhanceArmerment"],"picked":"Singing Bowl","floor":37},{"not_picked":["MostiFishMod:ButterFly","Violence","Transmutation","testmod-DeathImprint","testmod-Arrangement"],"picked":"Singing Bowl","floor":37},{"not_picked":["testmod-ConditionedReflex","testmod-Recap","testmod-RabbitOfFibonacci","testmod-Automaton","Jack Of All Trades"],"picked":"Singing Bowl","floor":37},{"not_picked":["PrismaMod:ChloeCheapDefendTwo","PrismaMod:ChloeBetterTracePools","PrismaMod:ChloeDemonicTutor","PrismaMod:ChloeCheapAttackTwo+1","PrismaMod:ChloeExhaustOne"],"picked":"Singing Bowl","floor":39},{"not_picked":["PrismaMod:ChloeChristmas","PrismaMod:ChloeCheapDefend","PrismaMod:ChloeDiscardRecovery","PrismaMod:ChloeRhongomyniad","PrismaMod:ChloeUncommonDefend"],"picked":"Singing Bowl","floor":40},{"not_picked":["PrismaMod:ChloeDiscardRecovery","PrismaMod:ChloeCheapDefendTwo+1","PrismaMod:ChloeCheapAttackTwo","PrismaMod:ChloeAnyUncommonTrace","PrismaMod:ChloeExhaustTwo"],"picked":"Singing Bowl","floor":41},{"not_picked":["PrismaMod:ChloeAnyCommonTrace","PrismaMod:ChloeDiscardRecovery+1","PrismaMod:ChloeRitsuka+1","PrismaMod:ChloeCarnivalAOEAttack","PrismaMod:ChloeDemonicTutor+1"],"picked":"Singing Bowl","floor":42},{"not_picked":["PrismaMod:ChloeExhaustOne+1","PrismaMod:ChloeCheapAttackTwo","PrismaMod:ChloeCheapDefendTwo","PrismaMod:ChloeDiscardRecovery","PrismaMod:ChloeUncommonDefend"],"picked":"Singing Bowl","floor":46},{"not_picked":["PrismaMod:ChloeDiscardRecovery","PrismaMod:ChloeUncommonDefend+1","PrismaMod:ChloeCheapDefendTwo+1","PrismaMod:ChloeExhaustTwo+1","PrismaMod:ChloeBetterTracePools"],"picked":"Singing Bowl","floor":46},{"not_picked":["PrismaMod:ChloeCheapAttackTwo","PrismaMod:ChloeMaid+1","PrismaMod:ChloeCheapDefend","PrismaMod:ChloeExhaustOne+1"],"picked":"PrismaMod:ChloeAnyPowerTrace","floor":46},{"not_picked":["PrismaMod:ChloeCheapDefend+1","PrismaMod:ChloeRuleBreaker","PrismaMod:ChloeDiscardRecovery","PrismaMod:ChloeCheapAttackTwo+1","PrismaMod:ChloeBetterTracePools+1"],"picked":"Singing Bowl","floor":46},{"not_picked":["PrismaMod:ChloeEyeOfTheEuryale","PrismaMod:ChloeRhongomyniad+1","PrismaMod:ChloeRuleBreaker","PrismaMod:ChloeChristmas","PrismaMod:ChloeCommonAOEAttack"],"picked":"Singing Bowl","floor":46},{"not_picked":["PrismaMod:ChloeUncommonAOEAttack","PrismaMod:ChloeAnyAttackTrace","PrismaMod:ChloeCheapAttackTwo","PrismaMod:ChloeCommonAOEAttack+1","PrismaMod:ChloeEyeOfTheEuryale"],"picked":"Singing Bowl","floor":48},{"not_picked":["PrismaMod:ChloeCheapDefendTwo","PrismaMod:ChloeExhaustOne+1","PrismaMod:ChloeRitsuka","PrismaMod:ChloeExhaustThree","PrismaMod:ChloeCommonAOEAttack+1"],"picked":"Singing Bowl","floor":54}],"player_experience":1447455,"relics_obtained":[{"floor":1,"key":"SynthV:TestCard"},{"floor":3,"key":"testmod-OneHitWonder"},{"floor":6,"key":"testmod-Antiphasic"},{"floor":8,"key":"Whetstone"},{"floor":9,"key":"Happy Flower"},{"floor":10,"key":"Singing Bowl"},{"floor":14,"key":"testmod-Acrobat"},{"floor":23,"key":"Meat on the Bone"},{"floor":25,"key":"Bottled Lightning"},{"floor":30,"key":"testmod-AssaultLearning"},{"floor":40,"key":"Ancient Tea Set"},{"floor":42,"key":"Kunai"},{"floor":43,"key":"Pantograph"},{"floor":48,"key":"Potion Belt"},{"floor":54,"key":"DaCapo"}],"event_choices":[{"damage_healed":0,"gold_gain":400,"player_choice":"Sell","damage_taken":0,"max_hp_gain":0,"max_hp_loss":0,"event_name":"恩洛斯的盘子","floor":2,"relics_lost":["DaveBox"],"gold_loss":0},{"damage_healed":0,"gold_gain":0,"player_choice":"Trade","damage_taken":0,"relics_obtained":["FaceOfCleric"],"max_hp_gain":0,"max_hp_loss":0,"event_name":"FaceTrader","floor":19,"gold_loss":0},{"cards_removed":["PrismaMod:ChloeCommonAttack"],"damage_healed":0,"gold_gain":0,"player_choice":"Elegance","damage_taken":0,"max_hp_gain":0,"max_hp_loss":0,"event_name":"Back to Basics","floor":21,"gold_loss":0},{"damage_healed":0,"gold_gain":0,"player_choice":"Ignored","damage_taken":0,"max_hp_gain":0,"max_hp_loss":0,"event_name":"Vampires","floor":22,"gold_loss":0},{"cards_removed":["PrismaMod:ChloeCommonDefend"],"damage_healed":0,"gold_gain":0,"player_choice":"Upgrade and Remove","damage_taken":0,"max_hp_gain":0,"max_hp_loss":0,"event_name":"Designer","floor":27,"gold_loss":90,"cards_upgraded":["PrismaMod:ChloeCommonDefend"]},{"damage_healed":0,"gold_gain":0,"player_choice":"Ignored","damage_taken":0,"max_hp_gain":0,"max_hp_loss":0,"event_name":"Ghosts","floor":31,"gold_loss":0},{"damage_healed":0,"gold_gain":0,"player_choice":"Memory 3","damage_taken":10,"max_hp_gain":0,"max_hp_loss":0,"event_name":"SensoryStone","floor":37,"gold_loss":0},{"damage_healed":0,"gold_gain":0,"player_choice":"Max HP","damage_taken":0,"max_hp_gain":0,"max_hp_loss":6,"event_name":"Winding Halls","floor":38,"gold_loss":0},{"damage_healed":0,"gold_gain":0,"player_choice":"Damaged","damage_taken":11,"max_hp_gain":0,"max_hp_loss":0,"event_name":"Wheel of Change","floor":44,"gold_loss":0},{"cards_removed":["PrismaMod:ChloeBetterTracePools"],"damage_healed":0,"gold_gain":0,"player_choice":"Removed Power","damage_taken":0,"max_hp_gain":0,"max_hp_loss":0,"event_name":"Falling","floor":45,"gold_loss":0},{"damage_healed":0,"gold_gain":0,"player_choice":"Swap Relic","damage_taken":0,"relics_obtained":["Orrery"],"max_hp_gain":0,"max_hp_loss":0,"event_name":"给自己的盒子","floor":46,"relics_lost":["Orrery"],"gold_loss":0}],"is_beta":false,"boss_relics":[{"not_picked":["Sozu","BloodWine"],"picked":"Philosopher\u0027s Stone"},{"not_picked":["testmod-Fanaticism","testmod-EnergyCheck"],"picked":"GreenFoldingFan"}],"items_purged_floors":[36,53],"is_endless":false,"potions_floor_spawned":[5,6,8,12,14,18,29,35,41,42,54],"ascension_level":1}}