{"host":"x2bb8tnu3h3a650h","time":1610826351,"event":{"mods":["AchievementEnabler","Aspiration","BaseMod","BetterRewards","Colored Map","Conspire","Defuse TimeMaze Blight","Energized Spire","Halation","Hermit","Hubris","Infinite Spire","Mimic Mod","Minty Spire (QoL Compilation)","Rare Cards Sparkle","Replay The Spire","Shop Mod","Spicy Shops","StSLib","The Jungle","The Servant 0.9.4","Wandering Minibosses","vexMod"],"gold_per_floor":[361,380,54,54,65,95,95,128,152,152,28,40,59,59,59,59,161,161,178,208,208,208],"floor_reached":21,"language":"ENG","playtime":903,"items_purged":["hermit:Defend_Hermit","Parasite"],"score":198,"play_id":"99ac80d4-97b6-43b5-9f2b-9a44bc797664","local_time":"20210116194551","is_ascension_mode":true,"campfire_choices":[{"floor":7.0,"key":"REST"},{"floor":10.0,"key":"REST"},{"floor":15.0,"key":"REST"}],"circlet_count":0,"master_deck":["hermit:Strike_Hermit","hermit:Strike_Hermit","hermit:Strike_Hermit","hermit:Strike_Hermit","hermit:Defend_Hermit","hermit:Defend_Hermit","hermit:Defend_Hermit","hermit:Snapshot","hermit:Covet","hermit:Maintenance+1","hermit:Snipe","hermit:Desperado","Replay:BasicMightCard+1","hermit:DeadOrAlive","hermit:GoldenBullet","hermit:EyeOfTheStorm+1"],"relics":["hermit:Momento","MerchantsRug","GremlinMask","Chemical X","conspire:RoyalGoblet"],"acts_visited":["Exordium","TheCity"],"potions_floor_usage":[20],"damage_taken":[{"damage":6.0,"enemies":"Jaw Worm","floor":1.0,"turns":3.0},{"damage":4.0,"enemies":"Cultist","floor":2.0,"turns":4.0},{"damage":0.0,"enemies":"Small Slimes","floor":5.0,"turns":3.0},{"damage":38.0,"enemies":"3 Sentries","floor":6.0,"turns":9.0},{"damage":19.0,"enemies":"Lagavulin","floor":8.0,"turns":8.0},{"damage":2.0,"enemies":"Looter","floor":12.0,"turns":2.0},{"damage":22.0,"enemies":"Blue Slaver","floor":13.0,"turns":4.0},{"damage":6.0,"enemies":"The Guardian","floor":17.0,"turns":13.0},{"damage":12,"enemies":"Spheric Guardian","floor":19,"turns":4},{"damage":0,"enemies":"Shell Parasite","floor":20,"turns":2},{"damage":62,"enemies":"3 Cultists","floor":21,"turns":6}],"seed_played":"4819330376263175649","potions_obtained":[{"floor":2.0,"key":"Ancient Potion"},{"floor":6.0,"key":"FearPotion"},{"floor":13.0,"key":"Elixir"},{"floor":17.0,"key":"Strength Potion"}],"is_trial":false,"path_per_floor":["M","M","$","?","M","E","R","E","T","R","$","M","M","?","R","R_BF","B",null,"M","M","M"],"character_chosen":"HERMIT","items_purchased":["MerchantsRug","Chemical X","Replay:BasicMightCard"],"campfire_rested":3,"item_purchase_floors":[3,11,11],"current_hp_per_floor":[69,65,65,65,65,27,48,29,29,50,50,48,26,26,26,47,41,72,60,60,0,0],"gold":208,"neow_bonus":"TWO_FIFTY_GOLD","is_daily":false,"chose_seed":false,"campfire_upgraded":0,"win_rate":0.0,"timestamp":1610826351,"path_taken":["M","M","$","?","?","E","R","E","T","R","$","M","M","?","R","R_BF","BOSS","M","M","M"],"items_purchased_type":["Relic","Relic","Card"],"build_version":"2020-12-22","purchased_purges":2,"victory":false,"max_hp_per_floor":[75,75,72,72,72,72,72,72,72,72,72,72,72,72,72,72,72,72,72,72,72,72],"card_choices":[{"not_picked":["hermit:BodyArmor","hermit:Dive"],"picked":"hermit:Maintenance","floor":1.0},{"not_picked":["hermit:Dive","hermit:Scavenge"],"picked":"hermit:Snipe","floor":2.0},{"not_picked":["hermit:Misfire","hermit:BodyArmor"],"picked":"hermit:Desperado","floor":5.0},{"not_picked":["hermit:SprayPray","hermit:Roulette","hermit:Quickdraw"],"picked":"SKIP","floor":6.0},{"not_picked":["hermit:BodyArmor","hermit:FlashPowder","hermit:Horror"],"picked":"SKIP","floor":8.0},{"not_picked":["hermit:Misfire","hermit:Headshot","hermit:Feint"],"picked":"SKIP","floor":12.0},{"not_picked":["hermit:SprayPray","hermit:LowProfile","hermit:ItchyTrigger"],"picked":"SKIP","floor":13.0},{"not_picked":["hermit:HighNoon","hermit:EternalForm"],"picked":"hermit:DeadOrAlive","floor":17.0},{"not_picked":["hermit:DeadMansHand+1","hermit:SprayPray+1"],"picked":"hermit:GoldenBullet","floor":19},{"not_picked":["hermit:CursedWeapon","hermit:FullyLoaded"],"picked":"hermit:EyeOfTheStorm+1","floor":20}],"player_experience":582783,"relics_obtained":[{"floor":6.0,"key":"hermit:RyeStalk"},{"floor":8.0,"key":"Pocketwatch"},{"floor":9.0,"key":"infinitespire:Lucky Rock"}],"event_choices":[{"damage_healed":0.0,"max_hp_gain":0.0,"max_hp_loss":0.0,"gold_gain":0.0,"event_name":"FaceTrader","player_choice":"Trade","floor":4.0,"gold_loss":0.0,"damage_taken":0.0,"relics_obtained":["GremlinMask"]},{"damage_healed":0.0,"max_hp_gain":0.0,"max_hp_loss":0.0,"gold_gain":0.0,"event_name":"Living Wall","player_choice":"Grow","floor":14.0,"gold_loss":0.0,"damage_taken":0.0,"cards_upgraded":["hermit:Maintenance"]}],"is_beta":false,"boss_relics":[{"not_picked":["Calling Bell","infinitespire:Cupcake"],"picked":"conspire:RoyalGoblet"}],"items_purged_floors":[3,3],"is_endless":false,"potions_floor_spawned":[2,6,13,17],"killed_by":"3 Cultists","ascension_level":1}}