{"host":"xsuxkwaivmtd234a","time":1610818636,"event":{"mods":["BaseMod","Colored Map","Filter the Spire","Minty Spire (QoL Compilation)","Relic Stats","StSLib"],"gold_per_floor":[117,127,127,147,165,165,200,200,277,311,32,88,99,99,99,199,199,212,122,134,149,149,175,194,220,220,255,266,266,295,306,306,405,405,416,1415,1467,1480,1494,1494,1520,1532,1568,1580,1617,1629,1660,1123,1123,1123,1123,1123,14,47,47,47],"floor_reached":55,"language":"ENG","playtime":3747,"items_purged":["Normality","Normality"],"score":1069,"play_id":"b40dee7f-a8d8-4495-baec-06e57d221b8c","local_time":"20210116123716","is_ascension_mode":true,"campfire_choices":[{"data":"Poisoned Stab","floor":6,"key":"SMITH"},{"data":"Neutralize","floor":8,"key":"SMITH"},{"floor":15,"key":"REST"},{"floor":29,"key":"REST"},{"data":"Catalyst","floor":32,"key":"SMITH"},{"data":"Bouncing Flask","floor":40,"key":"SMITH"},{"floor":42,"key":"REST"},{"data":"Bullet Time","floor":44,"key":"SMITH"},{"floor":46,"key":"RECALL"},{"data":"Caltrops","floor":49,"key":"SMITH"},{"data":"Storm of Steel","floor":52,"key":"SMITH"}],"circlet_count":0,"master_deck":["Strike_G","Strike_G+1","Defend_G","Defend_G","Defend_G","Defend_G","Defend_G","Survivor","Neutralize+1","CurseOfTheBell","Escape Plan","All Out Attack","Poisoned Stab+1","Calculated Gamble","Caltrops+1","Bouncing Flask+1","Heel Hook+1","Corpse Explosion","Deadly Poison","Infinite Blades","Bane+1","Bullet Time+1","Blade Dance+1","Deadly Poison+1","Backstab+1","Finisher+1","Acrobatics","Blade Dance+1","Dagger Spray+1","PiercingWail","Dash+1","Noxious Fumes","Catalyst+1","Accuracy+1","Venomology","Catalyst+1","Footwork+1","Blade Dance+1","Dodge and Roll+1","Backflip+1","Storm of Steel+1","Prepared+1","Dash+1","PiercingWail","Noxious Fumes","Sadistic Nature","Leg Sweep","Adrenaline"],"relics":["Calling Bell","Strawberry","Sundial","Prayer Wheel","Dead Branch","PreservedInsect","Molten Egg 2","White Beast Statue","Bag of Preparation","Black Star","Potion Belt","Happy Flower","Boot","Thread and Needle","Centennial Puzzle","Blue Candle","Shuriken","Blood Vial","Pen Nib","Empty Cage","Calipers","Darkstone Periapt","MawBank","Juzu Bracelet","Pantograph","Anchor","TheAbacus","The Specimen","Oddly Smooth Stone","ClockworkSouvenir","Lantern","Pear"],"acts_visited":["Exordium","TheCity","TheBeyond","TheEnding"],"potions_floor_usage":[7,10,12,14,14,14,23,25,30,30,31,33,33,38,39,41,41,45,50,50,50,50,55,55,55],"damage_taken":[{"damage":5,"enemies":"Jaw Worm","floor":1,"turns":7},{"damage":0,"enemies":"2 Louse","floor":2,"turns":3},{"damage":4,"enemies":"Cultist","floor":4,"turns":3},{"damage":9,"enemies":"Exordium Wildlife","floor":5,"turns":3},{"damage":32,"enemies":"Lagavulin","floor":7,"turns":9},{"damage":15,"enemies":"Gremlin Nob","floor":10,"turns":4},{"damage":0,"enemies":"3 Sentries","floor":12,"turns":1},{"damage":0,"enemies":"Red Slaver","floor":13,"turns":2},{"damage":0,"enemies":"3 Sentries","floor":14,"turns":2},{"damage":7,"enemies":"Hexaghost","floor":16,"turns":7},{"damage":12,"enemies":"Spheric Guardian","floor":18,"turns":4},{"damage":12,"enemies":"2 Thieves","floor":20,"turns":3},{"damage":0,"enemies":"Snake Plant","floor":21,"turns":2},{"damage":15,"enemies":"Book of Stabbing","floor":23,"turns":3},{"damage":2,"enemies":"Chosen and Byrds","floor":24,"turns":3},{"damage":7,"enemies":"Slavers","floor":25,"turns":3},{"damage":8,"enemies":"Book of Stabbing","floor":27,"turns":2},{"damage":0,"enemies":"Centurion and Healer","floor":28,"turns":1},{"damage":0,"enemies":"Gremlin Leader","floor":30,"turns":3},{"damage":0,"enemies":"Sentry and Sphere","floor":31,"turns":3},{"damage":36,"enemies":"Champ","floor":33,"turns":8},{"damage":1,"enemies":"Orb Walker","floor":35,"turns":2},{"damage":15,"enemies":"2 Orb Walkers","floor":37,"turns":3},{"damage":23,"enemies":"3 Darklings","floor":38,"turns":3},{"damage":0,"enemies":"Sphere and 2 Shapes","floor":39,"turns":2},{"damage":2,"enemies":"Reptomancer","floor":41,"turns":2},{"damage":0,"enemies":"Nemesis","floor":45,"turns":1},{"damage":24,"enemies":"Maw","floor":47,"turns":5},{"damage":64,"enemies":"Time Eater","floor":50,"turns":8},{"damage":3,"enemies":"Shield and Spear","floor":54,"turns":4},{"damage":90,"enemies":"The Heart","floor":55,"turns":5}],"seed_played":"-2073557402405685777","potions_obtained":[{"floor":1,"key":"Weak Potion"},{"floor":7,"key":"EssenceOfSteel"},{"floor":10,"key":"SkillPotion"},{"floor":12,"key":"PowerPotion"},{"floor":13,"key":"EssenceOfSteel"},{"floor":16,"key":"LiquidBronze"},{"floor":18,"key":"LiquidBronze"},{"floor":20,"key":"LiquidMemories"},{"floor":23,"key":"CunningPotion"},{"floor":24,"key":"Fire Potion"},{"floor":25,"key":"PowerPotion"},{"floor":27,"key":"Explosive Potion"},{"floor":28,"key":"Regen Potion"},{"floor":30,"key":"AttackPotion"},{"floor":31,"key":"SpeedPotion"},{"floor":33,"key":"AttackPotion"},{"floor":35,"key":"BlessingOfTheForge"},{"floor":38,"key":"Energy Potion"},{"floor":41,"key":"DuplicationPotion"},{"floor":45,"key":"AttackPotion"},{"floor":47,"key":"Regen Potion"},{"floor":54,"key":"CultistPotion"}],"is_trial":false,"path_per_floor":["M","M","?","M","M","R","E","R","T","E","$","?","M","E","R","B",null,"M","?","M","M","?","E","M","E","T","E","M","R","E","M","R","B",null,"M","?","?","M","M","R","E","R","T","R","E","R","M","$","R","B",null,"R","$","E","B"],"character_chosen":"THE_SILENT","items_purchased":["Heel Hook+1","SmokeBomb","Corpse Explosion","Anchor","TheAbacus","Dash+1","PiercingWail","Noxious Fumes","The Specimen","Oddly Smooth Stone","ClockworkSouvenir","Sadistic Nature","FearPotion","Fire Potion","ColorlessPotion","Leg Sweep"],"campfire_rested":3,"item_purchase_floors":[11,11,11,48,48,48,48,48,53,53,53,53,53,53,53,53],"current_hp_per_floor":[72,72,65,61,52,52,20,20,20,5,5,5,5,5,28,21,77,65,65,53,53,53,38,36,29,29,21,21,44,56,58,58,24,77,76,76,62,41,43,43,43,66,66,66,68,68,46,46,46,22,77,77,77,84,0,0],"gold":47,"neow_bonus":"BOSS_RELIC","is_daily":false,"chose_seed":false,"campfire_upgraded":7,"win_rate":0.0,"timestamp":1610818636,"path_taken":["M","M","?","M","M","R","E","R","T","E","$","?","M","E","R","BOSS","M","?","?","M","?","E","?","E","T","E","M","R","E","M","R","BOSS","M","?","?","M","M","R","E","R","T","R","E","R","M","$","R","BOSS","R","$","E","BOSS"],"items_purchased_type":["Card","Potion","Card","Relic","Relic","Card","Card","Card","Relic","Relic","Relic","Card","Potion","Potion","Potion","Card"],"build_version":"2020-12-22","purchased_purges":2,"victory":false,"max_hp_per_floor":[77,77,77,77,77,77,77,77,77,77,77,77,77,77,77,77,77,77,77,77,77,77,77,77,77,77,77,77,77,77,77,77,77,77,77,77,77,77,77,77,77,77,77,77,77,77,77,77,77,77,77,77,77,87,87,87],"relic_stats":{"Darkstone Periapt":0,"Happy Flower":[19],"counters":[31,111],"Dead Branch":[266],"Blue Candle":[8],"PreservedInsect":420,"Pen Nib":[19],"Bag of Preparation":[48],"Juzu Bracelet":0,"Boot":[41],"MawBank":84,"Blood Vial":17,"Centennial Puzzle":[30],"TheAbacus":[6],"Sundial":[8],"Shuriken":[55],"Pantograph":28,"Prayer Wheel":15,"Black Star":7,"obtain_stats":[{"Darkstone Periapt":41,"Lantern":54,"Calipers":37,"Bag of Preparation":12,"Juzu Bracelet":45,"Boot":25,"Empty Cage":34,"ClockworkSouvenir":53,"Blood Vial":30,"Centennial Puzzle":26,"TheAbacus":48,"Sundial":0,"Strawberry":0,"Pantograph":45,"Prayer Wheel":0,"Ring of the Snake":0,"Potion Belt":23,"Pear":54,"Happy Flower":23,"The Specimen":53,"Dead Branch":3,"Blue Candle":27,"Oddly Smooth Stone":53,"Thread and Needle":25,"PreservedInsect":7,"Pen Nib":30,"MawBank":41,"White Beast Statue":10,"Calling Bell":0,"Anchor":48,"Shuriken":27,"Molten Egg 2":9,"Black Star":17},{"Darkstone Periapt":26,"Lantern":30,"Calipers":23,"Bag of Preparation":7,"Juzu Bracelet":27,"Boot":16,"Empty Cage":21,"ClockworkSouvenir":29,"Blood Vial":19,"Centennial Puzzle":16,"TheAbacus":28,"Sundial":0,"Strawberry":0,"Pantograph":27,"Prayer Wheel":0,"Ring of the Snake":0,"Potion Belt":14,"Pear":30,"Happy Flower":14,"The Specimen":29,"Dead Branch":2,"Blue Candle":17,"Oddly Smooth Stone":29,"Thread and Needle":16,"PreservedInsect":5,"Pen Nib":19,"MawBank":26,"White Beast Statue":6,"Calling Bell":0,"Anchor":28,"Shuriken":17,"Molten Egg 2":5,"Black Star":10},{"Darkstone Periapt":88,"Lantern":106,"Calipers":81,"Bag of Preparation":30,"Juzu Bracelet":89,"Boot":59,"Empty Cage":76,"ClockworkSouvenir":102,"Blood Vial":65,"Centennial Puzzle":59,"TheAbacus":94,"Sundial":0,"Strawberry":0,"Pantograph":89,"Prayer Wheel":0,"Ring of the Snake":0,"Potion Belt":53,"Pear":106,"Happy Flower":53,"The Specimen":102,"Dead Branch":10,"Blue Candle":61,"Oddly Smooth Stone":102,"Thread and Needle":59,"PreservedInsect":25,"Pen Nib":65,"MawBank":88,"White Beast Statue":29,"Calling Bell":0,"Anchor":94,"Shuriken":61,"Molten Egg 2":25,"Black Star":41}]},"card_choices":[{"not_picked":["Prepared","Backflip"],"picked":"Escape Plan","floor":1},{"not_picked":["Outmaneuver","Expertise","Acrobatics"],"picked":"SKIP","floor":1},{"not_picked":["Heel Hook","Caltrops"],"picked":"All Out Attack","floor":2},{"not_picked":["Dash","Tools of the Trade"],"picked":"Poisoned Stab","floor":2},{"not_picked":["Outmaneuver","Concentrate"],"picked":"Calculated Gamble","floor":4},{"not_picked":["Heel Hook","Flechettes","Quick Slash"],"picked":"SKIP","floor":4},{"not_picked":["Outmaneuver","Calculated Gamble","Dodge and Roll"],"picked":"SKIP","floor":5},{"not_picked":["Calculated Gamble","Expertise","Underhanded Strike"],"picked":"SKIP","floor":5},{"not_picked":["Cloak And Dagger","Bane"],"picked":"Caltrops","floor":7},{"not_picked":["Flechettes+1","Bane+1"],"picked":"Bouncing Flask","floor":10},{"not_picked":["Dagger Throw+1","Burst"],"picked":"Deadly Poison","floor":12},{"not_picked":["Backflip","Dodge and Roll"],"picked":"Infinite Blades","floor":13},{"not_picked":["Acrobatics","Flying Knee+1"],"picked":"Bane+1","floor":13},{"not_picked":["Adrenaline","Envenom"],"picked":"Bullet Time","floor":16},{"not_picked":["Calculated Gamble","Acrobatics"],"picked":"Blade Dance+1","floor":18},{"not_picked":["Dagger Throw+1","Heel Hook+1","Escape Plan"],"picked":"SKIP","floor":18},{"not_picked":["Prepared","Dodge and Roll"],"picked":"Deadly Poison+1","floor":20},{"not_picked":["Prepared","Deadly Poison"],"picked":"Backstab+1","floor":20},{"not_picked":["Blade Dance","Doppelganger"],"picked":"Finisher+1","floor":21},{"not_picked":["Bane+1","Dodge and Roll"],"picked":"Acrobatics","floor":21},{"not_picked":["Prepared","Cloak And Dagger","Flechettes+1"],"picked":"SKIP","floor":23},{"not_picked":["Flechettes+1","Flying Knee+1"],"picked":"Dagger Spray+1","floor":24},{"not_picked":["Underhanded Strike+1","Concentrate"],"picked":"PiercingWail","floor":24},{"not_picked":["Sucker Punch+1","Poisoned Stab+1","All Out Attack+1"],"picked":"SKIP","floor":25},{"not_picked":["Quick Slash+1","Caltrops","Predator+1"],"picked":"SKIP","floor":27},{"not_picked":["Acrobatics","Tactician"],"picked":"Dash+1","floor":28},{"not_picked":["Finisher+1","Prepared"],"picked":"Noxious Fumes","floor":28},{"not_picked":["Tools of the Trade","Underhanded Strike+1"],"picked":"Catalyst","floor":30},{"not_picked":["Acrobatics+1","Backflip"],"picked":"Accuracy+1","floor":31},{"not_picked":["Slice+1","Dodge and Roll","Masterful Stab+1"],"picked":"SKIP","floor":31},{"not_picked":["Phantasmal Killer","Envenom"],"picked":"Venomology","floor":33},{"not_picked":["Cloak And Dagger+1","Terror+1"],"picked":"Catalyst+1","floor":35},{"not_picked":["Bane+1","Deadly Poison+1"],"picked":"Footwork+1","floor":35},{"not_picked":["Poisoned Stab+1","Acrobatics","Terror+1"],"picked":"SKIP","floor":38},{"not_picked":["Poisoned Stab+1","Dagger Throw+1","Flying Knee+1"],"picked":"SKIP","floor":38},{"not_picked":["Poisoned Stab+1","Quick Slash+1"],"picked":"Blade Dance+1","floor":39},{"not_picked":["Endless Agony+1","Predator+1"],"picked":"Dodge and Roll+1","floor":39},{"not_picked":["Calculated Gamble+1","Cloak And Dagger"],"picked":"Backflip+1","floor":41},{"not_picked":["Acrobatics","Tools of the Trade"],"picked":"Storm of Steel","floor":45},{"not_picked":["Dagger Throw+1","Doppelganger"],"picked":"Prepared+1","floor":47},{"not_picked":["Dodge and Roll+1","Poisoned Stab+1","Finisher+1"],"picked":"SKIP","floor":47},{"not_picked":["Flying Knee+1","Distraction"],"picked":"Adrenaline","floor":54}],"player_experience":1174879,"relics_obtained":[{"floor":0,"key":"Strawberry"},{"floor":0,"key":"Sundial"},{"floor":0,"key":"Prayer Wheel"},{"floor":7,"key":"PreservedInsect"},{"floor":9,"key":"Molten Egg 2"},{"floor":10,"key":"White Beast Statue"},{"floor":12,"key":"Bag of Preparation"},{"floor":23,"key":"Potion Belt"},{"floor":23,"key":"Happy Flower"},{"floor":25,"key":"Boot"},{"floor":25,"key":"Thread and Needle"},{"floor":26,"key":"Centennial Puzzle"},{"floor":27,"key":"Blue Candle"},{"floor":27,"key":"Shuriken"},{"floor":30,"key":"Blood Vial"},{"floor":30,"key":"Pen Nib"},{"floor":37,"key":"Calipers"},{"floor":41,"key":"Darkstone Periapt"},{"floor":41,"key":"MawBank"},{"floor":45,"key":"Juzu Bracelet"},{"floor":45,"key":"Pantograph"},{"floor":54,"key":"Lantern"},{"floor":54,"key":"Pear"}],"event_choices":[{"damage_healed":0,"gold_gain":0,"player_choice":"Success","damage_taken":7,"relics_obtained":["Dead Branch"],"max_hp_gain":0,"max_hp_loss":0,"event_name":"Scrap Ooze","floor":3,"gold_loss":0},{"damage_healed":0,"gold_gain":0,"player_choice":"Searched \u00271\u0027 times","damage_taken":0,"max_hp_gain":0,"max_hp_loss":0,"event_name":"Dead Adventurer","floor":12,"gold_loss":0},{"cards_removed":["Strike_G"],"damage_healed":0,"gold_gain":0,"player_choice":"Upgrade and Remove","damage_taken":0,"max_hp_gain":0,"max_hp_loss":0,"event_name":"Designer","floor":19,"gold_loss":90,"cards_upgraded":["Strike_G"]},{"damage_healed":0,"gold_gain":0,"player_choice":"Copied","damage_taken":0,"max_hp_gain":0,"max_hp_loss":0,"event_name":"Duplicator","floor":22,"gold_loss":0,"cards_obtained":["Blade Dance"]},{"damage_healed":0,"gold_gain":999,"player_choice":"Gold","damage_taken":0,"max_hp_gain":0,"max_hp_loss":0,"event_name":"MindBloom","floor":36,"gold_loss":0,"cards_obtained":["Normality","Normality"]},{"damage_healed":0,"gold_gain":0,"player_choice":"Fight","damage_taken":0,"max_hp_gain":0,"max_hp_loss":0,"event_name":"Mysterious Sphere","floor":37,"gold_loss":0}],"is_beta":false,"boss_relics":[{"not_picked":["Velvet Choker","SacredBark"],"picked":"Black Star"},{"not_picked":["Runic Dome","WristBlade"],"picked":"Empty Cage"}],"items_purged_floors":[48,53],"is_endless":false,"potions_floor_spawned":[1,7,10,12,13,14,16,18,20,21,23,24,25,27,28,30,31,33,35,37,38,39,41,45,47,54],"killed_by":"The Heart","ascension_level":1}}