{"host":"w9yruvs4bqht6bhw","time":1610831132,"event":{"mods":["BaseMod","Colored Powertips","Minty Spire (QoL Compilation)"],"gold_per_floor":[112,123,123,123,123,123,166,179,204,248,261,284,284,297,297,297,297],"floor_reached":16,"language":"ENG","playtime":396,"items_purged":[],"score":219,"play_id":"81615be2-6bf1-4309-924f-223c8d5a002c","local_time":"20210116160532","is_ascension_mode":true,"campfire_choices":[{"data":"Sentinel","floor":6,"key":"SMITH"},{"data":"Pommel Strike","floor":13,"key":"SMITH"},{"floor":15,"key":"REST"}],"circlet_count":0,"master_deck":["AscendersBane","Strike_R","Strike_R","Strike_R","Strike_R","Strike_R","Defend_R","Defend_R","Defend_R","Defend_R","Bash","Immolate","Sentinel+1","True Grit","Shrug It Off","Pommel Strike+1"],"relics":["Burning Blood","Golden Idol","Tiny Chest","MealTicket","Juzu Bracelet"],"acts_visited":["Exordium"],"potions_floor_usage":[10,12,14,16,16],"damage_taken":[{"damage":6,"enemies":"Cultist","floor":1,"turns":3},{"damage":0,"enemies":"Small Slimes","floor":2,"turns":2},{"damage":33,"enemies":"Gremlin Nob","floor":7,"turns":5},{"damage":7,"enemies":"Jaw Worm","floor":8,"turns":3},{"damage":0,"enemies":"3 Sentries","floor":10,"turns":2},{"damage":0,"enemies":"Exordium Wildlife","floor":11,"turns":3},{"damage":13,"enemies":"2 Fungi Beasts","floor":12,"turns":4},{"damage":6,"enemies":"Blue Slaver","floor":14,"turns":2},{"damage":65,"enemies":"Hexaghost","floor":16,"turns":11}],"seed_played":"6362510805976703859","potions_obtained":[{"floor":8,"key":"LiquidMemories"},{"floor":10,"key":"Block Potion"},{"floor":11,"key":"EntropicBrew"}],"is_trial":false,"path_per_floor":["M","M","?","?","$","R","E","M","T","E","M","M","R","M","R","B"],"character_chosen":"IRONCLAD","items_purchased":[],"campfire_rested":1,"item_purchase_floors":[],"current_hp_per_floor":[72,78,58,63,63,63,36,35,35,41,47,40,40,40,65,0,0],"gold":297,"neow_bonus":"ONE_RANDOM_RARE_CARD","is_daily":false,"chose_seed":false,"campfire_upgraded":2,"win_rate":0.0,"timestamp":1610831132,"path_taken":["M","?","?","?","?","R","E","?","T","E","M","M","R","M","R","BOSS"],"items_purchased_type":[],"build_version":"2020-12-22","purchased_purges":0,"victory":false,"max_hp_per_floor":[80,80,80,85,85,85,85,85,85,85,85,85,85,85,85,85,85],"card_choices":[{"not_picked":["Perfected Strike","Power Through"],"picked":"Sentinel","floor":1},{"not_picked":["Entrench","Blood for Blood","Dropkick"],"picked":"SKIP","floor":2},{"not_picked":["Sword Boomerang","Heavy Blade","Rupture"],"picked":"SKIP","floor":7},{"not_picked":["Anger","Flex"],"picked":"True Grit","floor":8},{"not_picked":["Armaments","Battle Trance"],"picked":"Shrug It Off","floor":10},{"not_picked":["Rupture","Bludgeon","Sever Soul"],"picked":"SKIP","floor":11},{"not_picked":["Heavy Blade","Searing Blow"],"picked":"Pommel Strike","floor":12},{"not_picked":["Wild Strike","Sword Boomerang","Iron Wave"],"picked":"SKIP","floor":14}],"player_experience":410355,"relics_obtained":[{"floor":7,"key":"Tiny Chest"},{"floor":9,"key":"MealTicket"},{"floor":10,"key":"Juzu Bracelet"}],"event_choices":[{"damage_healed":0,"gold_gain":0,"player_choice":"Take Damage","damage_taken":20,"relics_obtained":["Golden Idol"],"max_hp_gain":0,"max_hp_loss":0,"event_name":"Golden Idol","floor":3,"gold_loss":0},{"damage_healed":0,"gold_gain":0,"player_choice":"Donut","damage_taken":0,"max_hp_gain":5,"max_hp_loss":0,"event_name":"Big Fish","floor":4,"gold_loss":0}],"is_beta":false,"boss_relics":[],"items_purged_floors":[],"is_endless":false,"potions_floor_spawned":[8,10,11],"killed_by":"Hexaghost","ascension_level":12}}