{"host":"wkcoec525dnrk4jw","time":1610811983,"event":{"mods":["ATMod(°¢èªMod)","Aspiration","BaseMod","Challenge The Spire","Conspire","Energized Spire","Minty Spire (QoL Compilation)","Quick Restart","Replay The Spire","Shop Mod","Spicy Shops","StSLib","TestMod","[IsaacMod]ÒÔÈö¼âËþ","vexMod","¡¾ÒÅÎï¿¨ÅÆ¡¿REMEMod"],"gold_per_floor":[118,293,293,293,305,305,333,349,349,377,32,66,66,94,94,205,205,219,219,234,270,43,78,78,102,102,143,143,165,223,265,265,382,382,403,428,455,4379,4412,4412,4458,4458,4458,4471,4471,4485,4485,4516,4516,4516],"floor_reached":51,"language":"ZHS","playtime":1976,"items_purged":["Regret","Defend_B"],"score":1626,"play_id":"c0aadbb0-29d6-4aba-b343-b9ab3616b5d6","local_time":"20210116234623","is_ascension_mode":true,"campfire_choices":[{"data":"AT_FamilyPortrait","floor":6.0,"key":"SMITH"},{"floor":13.0,"key":"REST"},{"floor":15.0,"key":"REST"},{"data":"Hyperbeam","floor":24,"key":"SMITH"},{"data":"Buffer","floor":28,"key":"SMITH"},{"data":"Sunder","floor":32,"key":"SMITH"},{"data":"ElectricPowerLearning","floor":40,"key":"SMITH"},{"data":"Hyperbeam","floor":47,"key":"SMITH"},{"data":"Ball Lightning","floor":49,"key":"SMITH"}],"circlet_count":0,"master_deck":["Strike_B","Strike_B","Strike_B","Strike_B","Defend_B","Defend_B","Defend_B","Zap","Dualcast","DoctorFetus","Adrenaline","Pride","testmod-Lust","testmod-Wrath","testmod-Sloth","testmod-Envy","testmod-Greed","testmod-Gluttony","testmod-Gluttony","AT_FamilyPortrait+1","ReplayTheSpireMod:Restless Dread","testmod-Gluttony","Mayhem+1","Conserve Battery","Doubt","testmod-Gluttony","testmod-Gluttony","Undo","Pot Of Greed","Pot Of Greed","Pot Of Greed","Ball Lightning+1","REME_Compress+1","AT_RightCognition+1","Decay","testmod-Gluttony","Pride","testmod-Gluttony","Mind Blast","Hyperbeam+1","Sunder","Buffer+1","Reinforced Body","Redo+1","AT_DarkMatter+1","testmod-Gluttony","Sunder+1","Conserve Battery","Panic Button","Redo+1","ReplayTheSpireMod:Calculation Training","REME_DataAnalysis+1","Sweeping Beam","Reinforced Body","Hyperbeam","Barrage+1","ReplayTheSpireMod:GoodbyeWorld+1","Conserve Battery","ElectricPowerLearning+1","Sweeping Beam","White Noise","ReplayTheSpireMod:IOU","testmod-Gluttony","ReplayTheSpireMod:IOU","testmod-Gluttony","ReplayTheSpireMod:IOU","testmod-Gluttony","ReplayTheSpireMod:IOU","testmod-Gluttony","ReplayTheSpireMod:IOU","testmod-Gluttony","ReplayTheSpireMod:IOU","testmod-Gluttony","ReplayTheSpireMod:IOU","testmod-Gluttony","ReplayTheSpireMod:IOU","testmod-Gluttony","ReplayTheSpireMod:IOU","testmod-Gluttony","ReplayTheSpireMod:IOU","testmod-Gluttony","ReplayTheSpireMod:IOU","testmod-Gluttony","ReplayTheSpireMod:IOU","testmod-Gluttony","ReplayTheSpireMod:IOU","testmod-Gluttony","ReplayTheSpireMod:IOU","testmod-Gluttony","ReplayTheSpireMod:IOU","testmod-Gluttony","ReplayTheSpireMod:IOU","testmod-Gluttony","ReplayTheSpireMod:IOU","testmod-Gluttony","ReplayTheSpireMod:IOU","testmod-Gluttony","ReplayTheSpireMod:IOU","testmod-Gluttony","ReplayTheSpireMod:IOU","testmod-Gluttony","ReplayTheSpireMod:IOU","testmod-Gluttony","ReplayTheSpireMod:IOU","testmod-Gluttony","ReplayTheSpireMod:IOU","testmod-Gluttony","ReplayTheSpireMod:IOU","testmod-Gluttony","ReplayTheSpireMod:IOU","testmod-Gluttony","ReplayTheSpireMod:IOU","testmod-Gluttony","ReplayTheSpireMod:IOU","testmod-Gluttony","ReplayTheSpireMod:IOU","testmod-Gluttony","ReplayTheSpireMod:IOU","testmod-Gluttony","ReplayTheSpireMod:IOU","testmod-Gluttony","ReplayTheSpireMod:IOU","testmod-Gluttony","ReplayTheSpireMod:IOU","testmod-Gluttony","ReplayTheSpireMod:IOU","testmod-Gluttony","ReplayTheSpireMod:IOU","testmod-Gluttony","ReplayTheSpireMod:IOU","testmod-Gluttony","ReplayTheSpireMod:IOU","testmod-Gluttony","ReplayTheSpireMod:IOU","testmod-Gluttony","ReplayTheSpireMod:IOU","testmod-Gluttony","ReplayTheSpireMod:IOU","testmod-Gluttony","ReplayTheSpireMod:IOU","testmod-Gluttony","Leap","Reinforced Body","Streamline","Go for the Eyes","BettingIsNotGood","Thinking Ahead","REME_SelfUpgrade","ReplayTheSpireMod:IOU","testmod-Gluttony","ReplayTheSpireMod:IOU","testmod-Gluttony","ReplayTheSpireMod:IOU","testmod-Gluttony","ReplayTheSpireMod:IOU","testmod-Gluttony","ReplayTheSpireMod:IOU","testmod-Gluttony","ReplayTheSpireMod:IOU","testmod-Gluttony","ReplayTheSpireMod:IOU","testmod-Gluttony","ReplayTheSpireMod:IOU","testmod-Gluttony","ReplayTheSpireMod:IOU","testmod-Gluttony","ReplayTheSpireMod:IOU","testmod-Gluttony","ReplayTheSpireMod:IOU","testmod-Gluttony","ReplayTheSpireMod:IOU","testmod-Gluttony","ReplayTheSpireMod:IOU","testmod-Gluttony","ReplayTheSpireMod:IOU","testmod-Gluttony","ReplayTheSpireMod:IOU","testmod-Gluttony","ReplayTheSpireMod:IOU","testmod-Gluttony","ReplayTheSpireMod:IOU","testmod-Gluttony","ReplayTheSpireMod:IOU","testmod-Gluttony","ReplayTheSpireMod:IOU","testmod-Gluttony","testmod-Gluttony","testmod-Gluttony","testmod-Gluttony","testmod-Gluttony","testmod-Gluttony","testmod-Gluttony","Leap+1","aspiration:Polymerization","ReplayTheSpireMod:Splinters","testmod-Gluttony","AT_HeatAcrobatics+1","testmod-Gluttony","Stack+1","testmod-Gluttony","testmod-Gluttony","testmod-Gluttony","testmod-Gluttony","testmod-Gluttony","testmod-Gluttony","testmod-Gluttony","testmod-Gluttony","testmod-Gluttony","testmod-Gluttony","testmod-Gluttony","Hyperbeam+1","Beam Cell+1","Pain","testmod-Gluttony","testmod-Gluttony","testmod-Gluttony","testmod-Gluttony","Undo+1","Rebound+1","testmod-Gluttony","testmod-Gluttony","testmod-Gluttony","testmod-Gluttony","testmod-Gluttony","ReplayTheSpireMod:Calculation Training+1","testmod-Gluttony","testmod-Gluttony"],"relics":["Cracked Core","HushsDoor","testmod-SevenDeadlySins","Du-Vu Doll","Darkstone Periapt","Blue Candle","Void","Lantern","Pocketwatch","Replay:Bandana","REME_CardOfGreed","testmod-OneHitWonder","Prayer Wheel","SlaversCollar","AT_TrinityForce","Iron Hammer","Nunchaku","Lee\u0027s Waffle","testmod-AssaultLearning","Happy Flower","DeathBook","testmod-Hope","conspire:SeveredTorchhead","BelialBook","testmod-IndustrialRevolution","Incense Burner","Guide Book","testmod-Charity","Akabeko","Kunai","Cables","WarpedTongs"],"acts_visited":["Exordium","TheCity","TheBeyond"],"potions_floor_usage":[16],"damage_taken":[{"damage":6.0,"enemies":"2 Louse","floor":1.0,"turns":2.0},{"damage":10.0,"enemies":"Jaw Worm","floor":5.0,"turns":3.0},{"damage":22.0,"enemies":"Gremlin Nob","floor":7.0,"turns":3.0},{"damage":13.0,"enemies":"Small Slimes","floor":8.0,"turns":2.0},{"damage":33.0,"enemies":"Lagavulin","floor":10.0,"turns":5.0},{"damage":37.0,"enemies":"Gremlin Nob","floor":12.0,"turns":4.0},{"damage":4.0,"enemies":"Gremlin Gang","floor":14.0,"turns":2.0},{"damage":92,"enemies":"Hexaghost","floor":16,"turns":6},{"damage":0,"enemies":"Spheric Guardian","floor":18,"turns":1},{"damage":0,"enemies":"Shell Parasite","floor":20,"turns":1},{"damage":0,"enemies":"conspire:MimicChest","floor":21,"turns":1},{"damage":0,"enemies":"Book of Stabbing","floor":23,"turns":1},{"damage":0,"enemies":"Centurion and Healer","floor":25,"turns":1},{"damage":0,"enemies":"Slavers","floor":27,"turns":1},{"damage":0,"enemies":"Snake Plant","floor":29,"turns":1},{"damage":1,"enemies":"Hiden Room Battle","floor":30,"turns":2},{"damage":0,"enemies":"Gremlin Leader","floor":31,"turns":1},{"damage":36,"enemies":"Champ","floor":33,"turns":3},{"damage":0,"enemies":"3 Shapes","floor":35,"turns":1},{"damage":0,"enemies":"3 Darklings","floor":36,"turns":1},{"damage":0,"enemies":"Jaw Worm Horde","floor":37,"turns":1},{"damage":28,"enemies":"4 Shapes","floor":39,"turns":2},{"damage":0,"enemies":"Transient","floor":44,"turns":1},{"damage":0,"enemies":"Maw","floor":46,"turns":1},{"damage":0,"enemies":"Giant Head","floor":48,"turns":1},{"damage":58,"enemies":"Donu and Deca","floor":50,"turns":6}],"seed_played":"222188806296429996","potions_obtained":[{"floor":5.0,"key":"AttackPotion"},{"floor":10.0,"key":"ColorlessPotion"},{"floor":14.0,"key":"SteroidPotion"},{"floor":20,"key":"Cursed Concoction"},{"floor":23,"key":"AttackPotion"},{"floor":27,"key":"ColorlessPotion"},{"floor":36,"key":"Fire Potion"}],"is_trial":false,"path_per_floor":["M","?","?","?","M","R","E","M","T","E","$","E","R","M","R","B",null,"M","T","M","?","$","E","R","M","T","E","R","M","?","E","R","B",null,"M","M","M","$","M","R","?","T","T","M","?","M","R","E","R","B",null],"character_chosen":"DEFECT","items_purchased":["ReplayTheSpireMod:CursedCoin","ReplayTheSpireMod:Fabricate Wheel","Replay:Bandana","REME_CardOfGreed","Mind Blast","Lee\u0027s Waffle","Sunder","BelialBook","FairyPotion","Leap","Reinforced Body","Streamline","Go for the Eyes","BettingIsNotGood","Thinking Ahead","testmod-IndustrialRevolution","Incense Burner","Guide Book","testmod-Charity","Akabeko","TheBean","REME_SelfUpgrade","MerchantsRug"],"campfire_rested":2,"item_purchase_floors":[11,11,11,11,11,22,22,34,34,38,38,38,38,38,38,38,38,38,38,38,38,38,38],"current_hp_per_floor":[122,134,134,146,136,136,114,101,101,68,92,55,109,105,159,92,160,160,160,160,160,196,196,196,196,196,196,196,196,195,195,195,159,176,176,176,176,903,951,951,970,970,970,1047,1059,1080,1080,1115,1115,1129],"gold":4516,"neow_bonus":"RANDOM_COLORLESS_2","is_daily":false,"chose_seed":false,"campfire_upgraded":7,"win_rate":0.0,"timestamp":1610811983,"path_taken":["M","?","?","?","?","R","E","M","T","E","$","E","R","?","R","BOSS","M","?","M","?","$","E","R","M","T","E","R","M","?","E","R","BOSS","M","M","M","$","M","R","?","?","T","?","?","M","R","E","R","BOSS"],"items_purchased_type":["Relic","Card","Relic","Relic","Card","Relic","Card","Relic","Potion","Card","Card","Card","Card","Card","Card","Relic","Relic","Relic","Relic","Relic","Relic","Card","Relic"],"build_version":"2020-12-22","purchased_purges":2,"victory":true,"max_hp_per_floor":[135,147,147,159,159,159,159,159,159,159,183,183,183,183,183,183,183,183,183,183,183,196,196,196,196,196,196,196,196,196,196,196,196,182,182,182,182,909,951,951,970,970,970,1047,1059,1080,1080,1115,1115,1129],"card_choices":[{"not_picked":[],"picked":"DoctorFetus","floor":0.0},{"not_picked":["testmod-Librarian","testmod-Recap"],"picked":"Mayhem","floor":0.0},{"not_picked":["conspire:Rain","Rip and Tear"],"picked":"Conserve Battery","floor":1.0},{"not_picked":["Cold Snap","Conserve Battery"],"picked":"Undo","floor":5.0},{"not_picked":["Gash","REME_SelfUpgrade"],"picked":"Ball Lightning","floor":7.0},{"not_picked":["Rebound","AT_HeatAcrobatics"],"picked":"REME_Compress","floor":8.0},{"not_picked":["Stack","Coolheaded"],"picked":"AT_RightCognition","floor":10.0},{"not_picked":["Stack","Gash"],"picked":"Hyperbeam","floor":12.0},{"not_picked":["Conserve Battery","Darkness"],"picked":"Sunder","floor":14.0},{"not_picked":["ReplayRNGCard","REME_Shoggoth"],"picked":"Buffer","floor":16},{"not_picked":["Undo+1","Gash"],"picked":"Reinforced Body","floor":18},{"not_picked":["Chill","Barrage"],"picked":"Redo+1","floor":18},{"not_picked":["Melter","Capacitor+1"],"picked":"AT_DarkMatter+1","floor":20},{"not_picked":["Leap","Rebound","BasicCrystalCard"],"picked":"SKIP","floor":20},{"not_picked":["Stack","ReplayTheSpireMod:System Scan"],"picked":"Conserve Battery","floor":23},{"not_picked":["Compile Driver","Barrage"],"picked":"Panic Button","floor":25},{"not_picked":["BasicCrystalCard","Crystallizer"],"picked":"Redo+1","floor":25},{"not_picked":["Coolheaded","Storm","Thunder Strike"],"picked":"SKIP","floor":27},{"not_picked":["Conserve Battery","Stack"],"picked":"ReplayTheSpireMod:Calculation Training","floor":29},{"not_picked":["Steam","Compile Driver+1"],"picked":"REME_DataAnalysis+1","floor":29},{"not_picked":["REME_DataAnalysis","Darkness"],"picked":"Sweeping Beam","floor":30},{"not_picked":["Stack","Barrage"],"picked":"Reinforced Body","floor":31},{"not_picked":["Creative AI","Buffer"],"picked":"Hyperbeam","floor":33},{"not_picked":["Coolheaded","AT_HeatAcrobatics"],"picked":"Barrage+1","floor":35},{"not_picked":["Streamline","Beam Cell+1"],"picked":"ReplayTheSpireMod:GoodbyeWorld+1","floor":35},{"not_picked":["Coolheaded","Leap"],"picked":"Conserve Battery","floor":36},{"not_picked":["ReplaySolidLightProjector","Reprogram"],"picked":"ElectricPowerLearning","floor":36},{"not_picked":["ReplaySort+1","Hologram"],"picked":"Sweeping Beam","floor":37},{"not_picked":["Compile Driver","Redo"],"picked":"White Noise","floor":37},{"not_picked":["Beam Cell+1","Cold Snap"],"picked":"Leap+1","floor":39},{"not_picked":["Streamline","Reprogram"],"picked":"aspiration:Polymerization","floor":39},{"not_picked":["Go for the Eyes","Static Discharge"],"picked":"AT_HeatAcrobatics+1","floor":41},{"not_picked":["Barrage+1","ReplayTheSpireMod:System Scan"],"picked":"Stack+1","floor":41},{"not_picked":["AT_HeatAcrobatics","Sweeping Beam+1"],"picked":"Hyperbeam","floor":44},{"not_picked":["Rip and Tear","Redo+1"],"picked":"Beam Cell+1","floor":44},{"not_picked":["Sweeping Beam","FIFO Queue+1"],"picked":"Undo+1","floor":46},{"not_picked":["REME_DataAnalysis+1","conspire:Rain"],"picked":"Rebound+1","floor":46},{"not_picked":["AT_DarkMatter+1","Go for the Eyes+1"],"picked":"ReplayTheSpireMod:Calculation Training+1","floor":48}],"player_experience":225727,"relics_obtained":[{"floor":7.0,"key":"Grinning Jar"},{"floor":9.0,"key":"Pocketwatch"},{"floor":10.0,"key":"testmod-IntensifyImprint"},{"floor":12.0,"key":"testmod-OneHitWonder"},{"floor":19,"key":"Iron Hammer"},{"floor":21,"key":"Nunchaku"},{"floor":23,"key":"testmod-AssaultLearning"},{"floor":26,"key":"Replay:Antivirus Software"},{"floor":27,"key":"Happy Flower"},{"floor":30,"key":"DeathBook"},{"floor":30,"key":"Replay:Wax Seal"},{"floor":31,"key":"testmod-Hope"},{"floor":41,"key":"Kunai"},{"floor":42,"key":"Cables"},{"floor":48,"key":"testmod-Acrobat"}],"event_choices":[{"damage_healed":0.0,"max_hp_gain":0.0,"max_hp_loss":0.0,"gold_gain":175.0,"event_name":"Liars Game","player_choice":"AGREE","floor":2.0,"gold_loss":0.0,"damage_taken":0.0,"cards_obtained":["Doubt"]},{"damage_healed":0.0,"max_hp_gain":0.0,"max_hp_loss":0.0,"gold_gain":0.0,"event_name":"conspire:LoneGhost","player_choice":"Disagree","floor":3.0,"gold_loss":0.0,"damage_taken":0.0},{"damage_healed":0.0,"max_hp_gain":0.0,"max_hp_loss":0.0,"gold_gain":0.0,"event_name":"Big Fish","player_choice":"Box","floor":4.0,"gold_loss":0.0,"damage_taken":0.0,"relics_obtained":["Lantern"],"cards_obtained":["Regret"]},{"damage_healed":0,"gold_gain":0,"player_choice":"Fight","damage_taken":0,"max_hp_gain":0,"max_hp_loss":0,"event_name":"HidenRoomEvent","floor":30,"gold_loss":0},{"damage_healed":0,"gold_gain":0,"player_choice":"Rummage","damage_taken":0,"relics_obtained":["WarpedTongs"],"max_hp_gain":0,"max_hp_loss":0,"event_name":"Accursed Blacksmith","floor":45,"gold_loss":0,"cards_obtained":["Pain"]}],"is_beta":false,"boss_relics":[{"not_picked":["Runic Pyramid","MagicMushroom"],"picked":"AT_TrinityForce"},{"not_picked":[]},{"not_picked":["aspiration:IroncladSkillbook","Astrolabe"],"picked":"conspire:SeveredTorchhead"},{"not_picked":[]}],"items_purged_floors":[11,38],"is_endless":false,"potions_floor_spawned":[5,10,14,20,23,27,29,30,36,39,44],"ascension_level":9}}