{"host":"y4sghvfd0ewtcchd","time":1610788801,"event":{"mods":["Aspiration","BaseMod","Better Debug","Better Note","Better Third Choice","BetterRewards","Block Reminder","Colored Map","Colored Powertips","Highlight Path","Hubris","Infinite Spire","Minty Spire (QoL Compilation)","Relic Sorter","Relic Stats","Replay The Spire","Robot Space Explorer","Shop Mod","Spicy Shops","StSLib","The Jungle","The Saiyan"],"gold_per_floor":[112,112,127,127,16,16,31,12,12,12,29,57,57,86,86,163,163,174,192,192,206,226,226,244,244,244,172,186,186,186,220,220,296,296,311,327,347,184,184,211,211,211,222,249,249,277,295,315,334,362,362,362,362,362,362,536,571,571],"floor_reached":59,"language":"ENG","playtime":3738,"items_purged":["Defend_B","Defend_B"],"score":3653,"play_id":"2ca3ffdf-781a-4314-977d-8f743fe58bfc","local_time":"20210116122001","is_ascension_mode":true,"campfire_choices":[{"data":"hubris:PowerSurge","floor":6,"key":"SMITH"},{"data":"hubris:PowerSurge","floor":10,"key":"SMITH"},{"floor":13,"key":"REST"},{"floor":15,"key":"RECALL"},{"data":"Capacitor","floor":23,"key":"SMITH"},{"data":"Storm","floor":25,"key":"SMITH"},{"data":"Hello World","floor":32,"key":"SMITH"},{"data":"Seek","floor":51,"key":"SMITH"},{"data":"Chill","floor":55,"key":"SMITH"}],"circlet_count":0,"master_deck":["AscendersBane","Strike_B+1","Strike_B","Defend_B","Defend_B+1","Zap","Dualcast","hubris:Ukulele+1","hubris:EnhanceAbility+1","hubris:PowerSurge+1","hubris:DuctTapeCard+2","ReplayUltimateDefense","Ball Lightning","Defragment","Cold Snap","Barrage","ReplayTheSpireMod:Calculation Training","Heatsinks","Storm+1","hubris:PowerSurge+1","Leap","Self Repair","Capacitor+1","Storm+1","Hello World+1","Glacier","Tempest","Panic Button","Electrodynamics","Ball Lightning","Cold Snap","Aggregate","Reinforced Body+1","Conserve Battery","Rebound","ReplayTheSpireMod:Repulse","FTL","Reboot","Seek+1","Chill+1","Turbo","Buffer","Defragment","Turbo+1","Consume+1","Heatsinks+1","Barrage","Stack","Echo Form","hubris:PowerSurge","Sunder","Compile Driver"],"relics":["Cracked Core","Lizard Tail","hubris:MysteriousPyramids","infinitespire:Satchel","Runic Dome","aspiration:HummingbirdHeart","hubris:BallOfYels","hubris:TerracottaHorce","Gremlin Horn","Iron Hammer","aspiration:RunicSpoon","Raider\u0027s Mask","aspiration:FaultyCoupler","Replay:Frozen Program","Membership Card","hubris:SphereOfDissonance","hubris:TenFootPole","Unceasing Top","hubris:DuctTape","Guide Book","Bottled Tornado","Cables","Orrery","DollysMirror","MealTicket","ReplayTheSpireMod:CursedCoin","Replay:Bottled Snecko","hubris:ToyBattleship","Replay:Baseball","Simple Rune","Bag of Marbles","Pet Ghost","hubris:NiceRug","aspiration:StickyExplosives_weak","Chameleon Ring","Du-Vu Doll","Cauldron","Replay:Bandana"],"acts_visited":["Exordium","TheCity","TheBeyond","TheEnding"],"potions_floor_usage":[5,14,49,58,58],"damage_taken":[{"damage":0,"enemies":"2 Louse","floor":1,"turns":2},{"damage":0,"enemies":"Small Slimes","floor":3,"turns":1},{"damage":0,"enemies":"Jaw Worm","floor":7,"turns":2},{"damage":0,"enemies":"Red Slaver","floor":11,"turns":2},{"damage":0,"enemies":"Gremlin Nob","floor":12,"turns":2},{"damage":0,"enemies":"3 Sentries","floor":14,"turns":3},{"damage":0,"enemies":"The Guardian","floor":16,"turns":3},{"damage":0,"enemies":"Shell Parasite","floor":18,"turns":2},{"damage":0,"enemies":"Chosen","floor":19,"turns":2},{"damage":0,"enemies":"Centurion and Healer","floor":21,"turns":3},{"damage":0,"enemies":"Snake Plant","floor":22,"turns":2},{"damage":0,"enemies":"Snecko","floor":24,"turns":2},{"damage":0,"enemies":"Shelled Parasite and Fungi","floor":28,"turns":2},{"damage":0,"enemies":"Gremlin Leader","floor":31,"turns":2},{"damage":0,"enemies":"Automaton","floor":33,"turns":3},{"damage":0,"enemies":"3 Shapes","floor":35,"turns":1},{"damage":0,"enemies":"Orb Walker","floor":36,"turns":1},{"damage":0,"enemies":"3 Darklings","floor":37,"turns":1},{"damage":0,"enemies":"Nightmare","floor":40,"turns":3},{"damage":0,"enemies":"Jaw Worm Horde","floor":43,"turns":1},{"damage":0,"enemies":"Reptomancer","floor":44,"turns":2},{"damage":0,"enemies":"R_Hoarder","floor":46,"turns":2},{"damage":0,"enemies":"Writhing Mass","floor":47,"turns":2},{"damage":0,"enemies":"Sphere and 2 Shapes","floor":48,"turns":1},{"damage":0,"enemies":"Transient","floor":49,"turns":4},{"damage":0,"enemies":"Giant Head","floor":50,"turns":3},{"damage":0,"enemies":"Donu and Deca","floor":52,"turns":3},{"damage":5,"enemies":"Replay:Hell Engine","floor":53,"turns":3},{"damage":0,"enemies":"hubris:Merchant","floor":56,"turns":2},{"damage":0,"enemies":"Shield and Spear","floor":57,"turns":2},{"damage":10,"enemies":"The Heart","floor":58,"turns":4}],"seed_played":"-6517985953163261929","potions_obtained":[{"floor":1,"key":"Strength Potion"},{"floor":3,"key":"AttackPotion"},{"floor":16,"key":"SpeedPotion"},{"floor":18,"key":"LiquidBronze"},{"floor":19,"key":"CultistPotion"},{"floor":31,"key":"Regen Potion"},{"floor":43,"key":"FocusPotion"},{"floor":56,"key":"PowerPotion"}],"is_trial":false,"path_per_floor":["M","?","M","?","$","R","M","$","T","R","M","E","R","E","R","B",null,"M","M","?","M","M","R","M","R","T","$","M","AVR","?","E","R","B",null,"M","M","M","$","?","NM","PTL","PTL","M","E","T","E","M","M","M","E","R","B","B",null,"R","$","E","B",null],"character_chosen":"DEFECT","items_purchased":["Raider\u0027s Mask","Creative AI","aspiration:FaultyCoupler","Replay:Frozen Program","hubris:Ukulele+1","hubris:EnhanceAbility","Membership Card","hubris:PowerSurge","hubris:SphereOfDissonance","Crystallizer","hubris:TenFootPole","Unceasing Top","hubris:DuctTape","Guide Book","ReplayUltimateDefense","Bottled Tornado","Ball Lightning","Cables","Defragment","Orrery","Storm","DollysMirror","MealTicket","Capacitor","Fruit Juice","ReplayTheSpireMod:CursedCoin","Lizard Tail","Hello World","hubris:BallOfYels","Replay:Baseball","Buffer","hubris:PowerSurge"],"campfire_rested":1,"item_purchase_floors":[0,0,0,0,0,0,0,0,0,0,0,0,0,0,0,0,0,0,0,0,0,0,0,5,5,8,8,8,27,38,38,56],"current_hp_per_floor":[22,22,22,22,44,44,44,59,59,59,59,59,78,78,78,78,78,78,78,78,78,78,78,78,78,78,78,78,78,78,78,78,78,78,78,78,78,78,78,78,78,78,78,78,78,78,78,78,78,78,78,78,73,77,77,78,78,75],"gold":571,"neow_bonus":"","is_daily":false,"chose_seed":false,"campfire_upgraded":7,"win_rate":0.0,"timestamp":1610788801,"path_taken":["M","?","M","?","$","R","M","$","T","R","M","E","R","E","R","BOSS","M","M","?","M","?","R","M","R","T","$","M","AVR","?","E","R","BOSS","M","M","M","$","?","NM","PTL","PTL","M","E","T","E","M","?","M","E","R","BOSS","BOSS","R","$","E","BOSS"],"items_purchased_type":["Relic","Card","Relic","Relic","Card","Card","Relic","Card","Relic","Card","Relic","Relic","Relic","Relic","Card","Relic","Card","Relic","Card","Relic","Card","Relic","Relic","Card","Potion","Relic","Relic","Card","Relic","Relic","Card","Card"],"build_version":"2020-12-22","purchased_purges":2,"victory":true,"max_hp_per_floor":[71,71,71,71,78,78,78,78,78,78,78,78,78,78,78,78,78,78,78,78,78,78,78,78,78,78,78,78,78,78,78,78,78,78,78,78,78,78,78,78,78,78,78,78,78,78,78,78,78,78,78,78,78,78,78,78,78,78],"relic_stats":{"Lizard Tail":0,"Gremlin Horn":[8,8],"counters":[337,1135],"aspiration:RunicSpoon":[51],"MealTicket":31,"obtain_stats":[{"Replay:Accelerometer":49,"aspiration:PoetsPen_weak":17,"hubris:MysteriousPyramids":44,"Sling":45,"Blood Vial":0,"hubris:AstralHammer":38,"Replay:Bronze Core":17,"Fusion Hammer":34,"hubris:RGBLights":12,"Replay:Bottled Steam":23,"aspiration:FaultyCoupler":12,"Velvet Choker":34,"Eternal Feather":20,"ReplayTheSpireMod:SealedPack":20,"Pen Nib":53,"Cables":44,"infinitespire:EvilPickle":33,"infinitespire:Lychee Nut":0,"Bird Faced Urn":30,"aspiration:MysteriousAuxiliaryCore":38,"Unceasing Top":0,"hubris:Reverence":24,"Solar Panel":0,"Carrot":0,"Singing Bowl":26,"Torii":0,"hubris:EmptyBottle":38,"Pet Ghost":50,"hubris:BlackHole":17,"hubris:Backtick":17,"Toolbox":54,"infinitespire:Eraser":54,"Replay:Bottled Eggs":17,"InkBottle":54,"aspiration:ChemicalBlood":0,"Potion Belt":29,"Lee\u0027s Waffle":0,"NeowsBlessing":0,"Golden Idol":7,"PreservedInsect":0,"infinitespire:Lucky Rock":54,"hubris:Towel":13,"Replay:Arrowhead":23,"Ornamental Fan":47,"Garlic":16,"Art of War":48,"hubris:BottledRain":26,"Ice Cream":31,"Tiny House":44,"Calipers":0,"Gremlin Horn":40,"aspiration:Stabinomicon":25,"Runic Capacitor":50,"Raider\u0027s Mask":0,"hubris:TerracottaHorce":17,"Sozu":12,"Centennial Puzzle":27,"infinitespire:SolderingIron":43,"Philosopher\u0027s Stone":17,"Prayer Wheel":37,"Iron Hammer":29,"Girya":26,"hubris:DuctTape":34,"ReplayTheSpireMod:CursedCoin":0,"hubris:SoftwareUpdate":41,"Replay:Grab Bag":17,"aspiration:HiddenCompartment":53,"Du-Vu Doll":24,"hubris:PeanutButter":0,"Onion Ring":26,"Mirror":0,"Symbiotic Virus":43,"aspiration:TomeofQuesting":10,"Juzu Bracelet":47,"Replay:Mystery Machine":7,"aspiration:StickyExplosives_weak":30,"Nunchaku":25,"Emotion Chip":38,"Dream Catcher":42,"Chameleon Ring":45,"hubris:Icosahedron":48,"TheAbacus":53,"hubris:Stopwatch":17,"Replay:Bottled Snecko":9,"Replay:Antivirus Software":7,"Guide Book":53,"aspiration:RunicSpoon":34,"RobotSpaceExplorer:RoboCore":0,"Replay:WaspNest":53,"infinitespire:FocusingShard":0,"Odd Mushroom":13,"Calling Bell":17,"Strange Spoon":46,"Cauldron":56,"DataDisk":27,"Pondfish Scales":43,"infinitespire:Satchel":17,"hubris:BundleOfHerbs":0,"Bag of Marbles":0,"Membership Card":0,"ReplayTheSpireMod:ShopPack":21,"infinitespire:BottledMercury":11,"hubris:BallOfYels":29,"Golden Egg":11,"Whetstone":27,"Ginger":17,"Bottled Tornado":0,"Boot":54,"Old Coin":45,"Replay:Ringing Soul":40,"aspiration:EnhancedActuators":53,"MealTicket":0,"hubris:DeckOfHolding":53,"Kunai":40,"hubris:TinFlute":23,"Pear":43,"hubris:SphereOfDissonance":0,"aspiration:IroncladSkillbook":34,"Runic Dome":17,"Pandora\u0027s Box":17,"hubris:TenFootPole":0,"infinitespire:PuzzleCube":28,"aspiration:Lifesprig":9,"hubris:Metronome":17,"Lantern":19,"Blue Doll":46,"Painkiller Herb":17,"Replay:Multitool":41,"Bag of Preparation":45,"Replay:Rubber Ducky":53,"BranchBurnRelic":30,"Matryoshka":0,"WingedGreaves":20,"hubris:FunFungus":46,"Inserter":48,"The Courier":24,"infinitespire:Joker Card":44,"Geode":30,"Omamori":46,"Frozen Egg 2":13,"Busted Crown":17,"Orrery":48,"Turnip":45,"Bottled Lightning":12,"ReplayTheSpireMod:Lightbulb":40,"Toy Ornithopter":31,"infinitespire:Freezer":55,"Lizard Tail":8,"Replay:Frozen Program":0,"DollysMirror":53,"Strawberry":14,"aspiration:ArtOfWarUpgrade":52,"Toxic Egg 2":5,"Happy Flower":0,"aspiration:Nostalgia":53,"Astrolabe":34,"Dead Branch":25,"Oddly Smooth Stone":0,"infinitespire:Beetle Shell":48,"Replay:Kaleidoscope":43,"Question Card":47,"Replay:Baseball":45,"ReplayTheSpireMod:Shallot":48,"Shuriken":43,"Bronze Scales":0,"Simple Rune":9,"Molten Egg 2":43,"ReplayTheSpireMod:TigerMarble":23,"Black Star":22,"hubris:ToyBattleship":31,"Meat on the Bone":0,"ReplayFunnel":44,"Darkstone Periapt":10,"SacredBark":17,"hubris:SlimyHat":43,"Incense Burner":34,"ClockworkSouvenir":23,"Replay:Bandana":0,"Tiny Chest":7,"Cracked Core":0,"Replay:Drink Me":21,"hubris:DisguiseKit":46,"BargainBundle":0,"Replay:Towering Pillar of Hats":30,"aspiration:FetidBarrel":47,"aspiration:HummingbirdHeart":0,"Orichalcum":56,"White Beast Statue":20,"CaptainsWheel":0,"Anchor":0,"infinitespire:WardingShard":42,"ChewingGum":34,"hubris:GrandSneckoEye":36,"Snack Pack":31,"PureWater":53,"hubris:Potato":31,"TungstenRod":17,"hubris:NiceRug":53},{"Replay:Accelerometer":97,"aspiration:PoetsPen_weak":194,"hubris:MysteriousPyramids":178,"Sling":153,"Blood Vial":0,"hubris:AstralHammer":294,"Replay:Bronze Core":7,"Fusion Hammer":42,"hubris:RGBLights":248,"Replay:Bottled Steam":114,"aspiration:FaultyCoupler":164,"Velvet Choker":14,"Eternal Feather":8,"ReplayTheSpireMod:SealedPack":32,"Pen Nib":132,"Cables":95,"infinitespire:EvilPickle":62,"infinitespire:Lychee Nut":273,"Bird Faced Urn":40,"aspiration:MysteriousAuxiliaryCore":65,"Unceasing Top":306,"hubris:Reverence":288,"Solar Panel":22,"Carrot":0,"Singing Bowl":59,"Torii":273,"hubris:EmptyBottle":232,"Pet Ghost":332,"hubris:BlackHole":219,"hubris:Backtick":139,"Toolbox":304,"infinitespire:Eraser":133,"Replay:Bottled Eggs":251,"InkBottle":304,"aspiration:ChemicalBlood":46,"Potion Belt":227,"Lee\u0027s Waffle":0,"NeowsBlessing":0,"Golden Idol":50,"PreservedInsect":134,"infinitespire:Lucky Rock":72,"hubris:Towel":138,"Replay:Arrowhead":170,"Ornamental Fan":96,"Garlic":80,"Art of War":269,"hubris:BottledRain":9,"Ice Cream":228,"Tiny House":95,"Calipers":159,"Gremlin Horn":325,"aspiration:Stabinomicon":35,"Runic Capacitor":97,"Raider\u0027s Mask":306,"hubris:TerracottaHorce":283,"Sozu":280,"Centennial Puzzle":10,"infinitespire:SolderingIron":68,"Philosopher\u0027s Stone":7,"Prayer Wheel":44,"Iron Hammer":199,"Girya":197,"hubris:DuctTape":172,"ReplayTheSpireMod:CursedCoin":46,"hubris:SoftwareUpdate":67,"Replay:Grab Bag":7,"aspiration:HiddenCompartment":132,"Du-Vu Doll":9,"hubris:PeanutButter":73,"Onion Ring":116,"Mirror":185,"Symbiotic Virus":266,"aspiration:TomeofQuesting":5,"Juzu Bracelet":300,"Replay:Mystery Machine":4,"aspiration:StickyExplosives_weak":40,"Nunchaku":116,"Emotion Chip":149,"Dream Catcher":235,"Chameleon Ring":19,"hubris:Icosahedron":69,"TheAbacus":271,"hubris:Stopwatch":283,"Replay:Bottled Snecko":309,"Replay:Antivirus Software":279,"Guide Book":157,"aspiration:RunicSpoon":321,"RobotSpaceExplorer:RoboCore":273,"Replay:WaspNest":211,"infinitespire:FocusingShard":273,"Odd Mushroom":249,"Calling Bell":166,"Strange Spoon":268,"Cauldron":335,"DataDisk":86,"Pondfish Scales":206,"infinitespire:Satchel":166,"hubris:BundleOfHerbs":159,"Bag of Marbles":213,"Membership Card":100,"ReplayTheSpireMod:ShopPack":8,"infinitespire:BottledMercury":105,"hubris:BallOfYels":118,"Golden Egg":247,"Whetstone":36,"Ginger":166,"Bottled Tornado":100,"Boot":184,"Old Coin":298,"Replay:Ringing Soul":234,"aspiration:EnhancedActuators":71,"MealTicket":22,"hubris:DeckOfHolding":71,"Kunai":125,"hubris:TinFlute":142,"Pear":126,"hubris:SphereOfDissonance":306,"aspiration:IroncladSkillbook":147,"Runic Dome":313,"Pandora\u0027s Box":30,"hubris:TenFootPole":100,"infinitespire:PuzzleCube":86,"aspiration:Lifesprig":26,"hubris:Metronome":166,"Lantern":167,"Blue Doll":268,"Painkiller Herb":283,"Replay:Multitool":45,"Bag of Preparation":95,"Replay:Rubber Ducky":157,"BranchBurnRelic":289,"Matryoshka":100,"WingedGreaves":32,"hubris:FunFungus":268,"Inserter":21,"The Courier":170,"infinitespire:Joker Card":207,"Geode":12,"Omamori":237,"Frozen Egg 2":53,"Busted Crown":109,"Orrery":21,"Turnip":127,"Bottled Lightning":28,"ReplayTheSpireMod:Lightbulb":44,"Toy Ornithopter":41,"infinitespire:Freezer":98,"Lizard Tail":309,"Replay:Frozen Program":306,"DollysMirror":71,"Strawberry":79,"aspiration:ArtOfWarUpgrade":270,"Toxic Egg 2":3,"Happy Flower":46,"aspiration:Nostalgia":211,"Astrolabe":120,"Dead Branch":288,"Oddly Smooth Stone":22,"infinitespire:Beetle Shell":181,"Replay:Kaleidoscope":178,"Question Card":21,"Replay:Baseball":153,"ReplayTheSpireMod:Shallot":155,"Shuriken":152,"Bronze Scales":46,"Simple Rune":104,"Molten Egg 2":235,"ReplayTheSpireMod:TigerMarble":59,"Black Star":223,"hubris:ToyBattleship":320,"Meat on the Bone":134,"ReplayFunnel":178,"Darkstone Periapt":247,"SacredBark":7,"hubris:SlimyHat":17,"Incense Burner":291,"ClockworkSouvenir":9,"Replay:Bandana":46,"Tiny Chest":162,"Cracked Core":0,"Replay:Drink Me":8,"hubris:DisguiseKit":128,"BargainBundle":22,"Replay:Towering Pillar of Hats":259,"aspiration:FetidBarrel":269,"aspiration:HummingbirdHeart":273,"Orichalcum":99,"White Beast Statue":196,"CaptainsWheel":46,"Anchor":241,"infinitespire:WardingShard":126,"ChewingGum":62,"hubris:GrandSneckoEye":90,"Snack Pack":290,"PureWater":211,"hubris:Potato":61,"TungstenRod":251,"hubris:NiceRug":71},{"Replay:Accelerometer":396,"aspiration:PoetsPen_weak":711,"hubris:MysteriousPyramids":659,"Sling":564,"Blood Vial":0,"hubris:AstralHammer":1035,"Replay:Bronze Core":30,"Fusion Hammer":182,"hubris:RGBLights":878,"Replay:Bottled Steam":441,"aspiration:FaultyCoupler":609,"Velvet Choker":72,"Eternal Feather":33,"ReplayTheSpireMod:SealedPack":147,"Pen Nib":481,"Cables":384,"infinitespire:EvilPickle":245,"infinitespire:Lychee Nut":972,"Bird Faced Urn":173,"aspiration:MysteriousAuxiliaryCore":252,"Unceasing Top":1067,"hubris:Reverence":1017,"Solar Panel":111,"Carrot":0,"Singing Bowl":235,"Torii":972,"hubris:EmptyBottle":835,"Pet Ghost":1121,"hubris:BlackHole":796,"hubris:Backtick":507,"Toolbox":1061,"infinitespire:Eraser":482,"Replay:Bottled Eggs":895,"InkBottle":1061,"aspiration:ChemicalBlood":195,"Potion Belt":822,"Lee\u0027s Waffle":0,"NeowsBlessing":0,"Golden Idol":205,"PreservedInsect":485,"infinitespire:Lucky Rock":276,"hubris:Towel":497,"Replay:Arrowhead":636,"Ornamental Fan":391,"Garlic":302,"Art of War":955,"hubris:BottledRain":37,"Ice Cream":825,"Tiny House":384,"Calipers":592,"Gremlin Horn":1106,"aspiration:Stabinomicon":156,"Runic Capacitor":396,"Raider\u0027s Mask":1067,"hubris:TerracottaHorce":1002,"Sozu":991,"Centennial Puzzle":42,"infinitespire:SolderingIron":262,"Philosopher\u0027s Stone":30,"Prayer Wheel":188,"Iron Hammer":728,"Girya":720,"hubris:DuctTape":646,"ReplayTheSpireMod:CursedCoin":195,"hubris:SoftwareUpdate":260,"Replay:Grab Bag":30,"aspiration:HiddenCompartment":481,"Du-Vu Doll":37,"hubris:PeanutButter":281,"Onion Ring":447,"Mirror":684,"Symbiotic Virus":942,"aspiration:TomeofQuesting":17,"Juzu Bracelet":1051,"Replay:Mystery Machine":13,"aspiration:StickyExplosives_weak":173,"Nunchaku":447,"Emotion Chip":545,"Dream Catcher":843,"Chameleon Ring":98,"hubris:Icosahedron":265,"TheAbacus":962,"hubris:Stopwatch":1002,"Replay:Bottled Snecko":1072,"Replay:Antivirus Software":989,"Guide Book":582,"aspiration:RunicSpoon":1100,"RobotSpaceExplorer:RoboCore":972,"Replay:WaspNest":767,"infinitespire:FocusingShard":972,"Odd Mushroom":881,"Calling Bell":622,"Strange Spoon":950,"Cauldron":1129,"DataDisk":338,"Pondfish Scales":752,"infinitespire:Satchel":622,"hubris:BundleOfHerbs":592,"Bag of Marbles":773,"Membership Card":415,"ReplayTheSpireMod:ShopPack":33,"infinitespire:BottledMercury":423,"hubris:BallOfYels":451,"Golden Egg":876,"Whetstone":160,"Ginger":622,"Bottled Tornado":415,"Boot":680,"Old Coin":1045,"Replay:Ringing Soul":841,"aspiration:EnhancedActuators":274,"MealTicket":111,"hubris:DeckOfHolding":274,"Kunai":462,"hubris:TinFlute":518,"Pear":466,"hubris:SphereOfDissonance":1067,"aspiration:IroncladSkillbook":539,"Runic Dome":1082,"Pandora\u0027s Box":140,"hubris:TenFootPole":415,"infinitespire:PuzzleCube":338,"aspiration:Lifesprig":124,"hubris:Metronome":622,"Lantern":627,"Blue Doll":950,"Painkiller Herb":1002,"Replay:Multitool":193,"Bag of Preparation":384,"Replay:Rubber Ducky":582,"BranchBurnRelic":1018,"Matryoshka":415,"WingedGreaves":147,"hubris:FunFungus":950,"Inserter":104,"The Courier":636,"infinitespire:Joker Card":755,"Geode":57,"Omamori":850,"Frozen Egg 2":214,"Busted Crown":433,"Orrery":104,"Turnip":468,"Bottled Lightning":131,"ReplayTheSpireMod:Lightbulb":189,"Toy Ornithopter":176,"infinitespire:Freezer":404,"Lizard Tail":1072,"Replay:Frozen Program":1067,"DollysMirror":274,"Strawberry":299,"aspiration:ArtOfWarUpgrade":959,"Toxic Egg 2":7,"Happy Flower":195,"aspiration:Nostalgia":767,"Astrolabe":454,"Dead Branch":1017,"Oddly Smooth Stone":111,"infinitespire:Beetle Shell":669,"Replay:Kaleidoscope":659,"Question Card":104,"Replay:Baseball":564,"ReplayTheSpireMod:Shallot":573,"Shuriken":560,"Bronze Scales":195,"Simple Rune":422,"Molten Egg 2":843,"ReplayTheSpireMod:TigerMarble":235,"Black Star":810,"hubris:ToyBattleship":1097,"Meat on the Bone":485,"ReplayFunnel":659,"Darkstone Periapt":876,"SacredBark":30,"hubris:SlimyHat":85,"Incense Burner":1026,"ClockworkSouvenir":37,"Replay:Bandana":195,"Tiny Chest":603,"Cracked Core":0,"Replay:Drink Me":33,"hubris:DisguiseKit":471,"BargainBundle":111,"Replay:Towering Pillar of Hats":917,"aspiration:FetidBarrel":955,"aspiration:HummingbirdHeart":972,"Orichalcum":408,"White Beast Statue":717,"CaptainsWheel":195,"Anchor":861,"infinitespire:WardingShard":466,"ChewingGum":245,"hubris:GrandSneckoEye":356,"Snack Pack":1021,"PureWater":767,"hubris:Potato":241,"TungstenRod":895,"hubris:NiceRug":274}],"Unceasing Top":[0],"Cables":[41,40,1,0,0]},"card_choices":[{"not_picked":["Chaos","Redo"],"picked":"Cold Snap","floor":0},{"not_picked":["ReplaySolidLightProjector","Time Bomb"],"picked":"Barrage","floor":0},{"not_picked":["Ball Lightning","Time Bomb"],"picked":"ReplayTheSpireMod:Calculation Training","floor":0},{"not_picked":["Go for the Eyes","Stack"],"picked":"Heatsinks","floor":0},{"not_picked":["Gash","Streamline"],"picked":"Leap","floor":1},{"not_picked":["Conserve Battery","Core Surge"],"picked":"Self Repair","floor":3},{"not_picked":["Lockon","BasicCrystalCard"],"picked":"Storm","floor":7},{"not_picked":["Streamline","Time Bomb"],"picked":"Glacier","floor":11},{"not_picked":["Gash","Go for the Eyes"],"picked":"Tempest","floor":12},{"not_picked":["Hyperbeam","ReplayTheSpireMod:Repulse"],"picked":"Panic Button","floor":14},{"not_picked":["Echo Form","hubris:DoWhile"],"picked":"Electrodynamics","floor":16},{"not_picked":["Cold Snap","Genetic Algorithm"],"picked":"Ball Lightning","floor":18},{"not_picked":["Recycle","Steam"],"picked":"Cold Snap","floor":19},{"not_picked":["Beam Cell","Go for the Eyes"],"picked":"Aggregate","floor":21},{"not_picked":["aspiration:Polymerization","Skim"],"picked":"Reinforced Body+1","floor":22},{"not_picked":["BasicCrystalCard","Rebound"],"picked":"Conserve Battery","floor":24},{"not_picked":["Streamline","Crystallizer"],"picked":"Rebound","floor":28},{"not_picked":["Conserve Battery","Darkness"],"picked":"Reboot","floor":31},{"not_picked":["hubris:SpecializedCircuitry","hubris:DoWhile"],"picked":"Seek","floor":33},{"not_picked":["BasicCrystalCard","Conserve Battery"],"picked":"Chill","floor":35},{"not_picked":["ReplayGash","Rebound+1","Stack"],"picked":"SKIP","floor":36},{"not_picked":["Rebound","Aggregate"],"picked":"Turbo","floor":37},{"not_picked":["Coolheaded+1","Cold Snap"],"picked":"Turbo+1","floor":40},{"not_picked":["Rebound","Chaos","Scrape"],"picked":"SKIP","floor":43},{"not_picked":["Stack","Go for the Eyes"],"picked":"Consume+1","floor":44},{"not_picked":["Beam Cell","Steam+1","Cold Snap"],"picked":"SKIP","floor":46},{"not_picked":["Rebound","Redo"],"picked":"Heatsinks+1","floor":47},{"not_picked":["Coolheaded","BasicCrystalCard"],"picked":"Barrage","floor":48},{"not_picked":["Beam Cell","Barrage"],"picked":"Stack","floor":49},{"not_picked":["Beam Cell","Reprogram"],"picked":"Echo Form","floor":50},{"not_picked":[],"picked":"Sunder","floor":56},{"not_picked":["Go for the Eyes"],"picked":"SKIP","floor":56},{"not_picked":["Stack"],"picked":"SKIP","floor":56},{"not_picked":["Conserve Battery"],"picked":"SKIP","floor":56},{"not_picked":["Blind"],"picked":"SKIP","floor":56},{"not_picked":["Midas Touch"],"picked":"SKIP","floor":56},{"not_picked":["Go for the Eyes","Heatsinks"],"picked":"Compile Driver","floor":57}],"player_experience":607619,"relics_obtained":[{"floor":9,"key":"Replay:Bottled Snecko"},{"floor":12,"key":"hubris:MysteriousPyramids"},{"floor":14,"key":"infinitespire:Satchel"},{"floor":26,"key":"aspiration:HummingbirdHeart"},{"floor":31,"key":"hubris:ToyBattleship"},{"floor":40,"key":"Gremlin Horn"},{"floor":44,"key":"Simple Rune"},{"floor":46,"key":"Bag of Marbles"},{"floor":50,"key":"Pet Ghost"},{"floor":56,"key":"aspiration:StickyExplosives_weak"},{"floor":56,"key":"Chameleon Ring"},{"floor":56,"key":"Du-Vu Doll"},{"floor":56,"key":"Cauldron"},{"floor":57,"key":"Replay:Bandana"}],"event_choices":[{"damage_healed":0,"gold_gain":0,"player_choice":"Leave","damage_taken":0,"max_hp_gain":0,"max_hp_loss":0,"event_name":"The Cleric","floor":4,"gold_loss":0},{"cards_removed":["hubris:Envy"],"damage_healed":0,"gold_gain":0,"player_choice":"Purged","damage_taken":0,"max_hp_gain":0,"max_hp_loss":0,"event_name":"Purifier","floor":20,"gold_loss":0},{"damage_healed":0,"gold_gain":0,"cards_transformed":["Strike_B","Strike_B"],"player_choice":"Became Test Subject","damage_taken":0,"max_hp_gain":0,"max_hp_loss":0,"event_name":"Drug Dealer","floor":30,"gold_loss":0,"cards_obtained":["ReplayTheSpireMod:Repulse","FTL"]},{"damage_healed":0,"gold_gain":0,"player_choice":"1 cards matched","damage_taken":0,"max_hp_gain":0,"max_hp_loss":0,"event_name":"Match and Keep!","floor":39,"gold_loss":0,"cards_obtained":["Defragment"]}],"is_beta":false,"boss_relics":[{"not_picked":["hubris:HollowSoul","Snecko Eye"],"picked":"Runic Dome"},{"not_picked":["aspiration:Stellarator","aspiration:IroncladSkillbook"],"picked":"aspiration:RunicSpoon"}],"items_purged_floors":[56,56],"is_endless":false,"potions_floor_spawned":[1,3,16,18,19,28,31,36,37,43,47,48,57],"ascension_level":20}}