{"host":"iymac52lby91rdnn","time":1610778078,"event":{"mods":["AchievementEnabler","Act Like it!","BaseMod","Colored Powertips","GifTheSpireLib","Minty Spire (QoL Compilation)","Permanent Neow","Quick Restart","Rare Cards Sparkle","Relic Filter","Relic Stats","StSLib","The IronCluck","slay the spire mod where everything is the same but ironclad has a cowboy hat"],"gold_per_floor":[118,43,59,59,134,161,161,188,188,188,221,247,279,298,298,396,396,413,15,28,28,41,68,68,102,102,27,27,37,37,37,37],"floor_reached":31,"language":"DEU","playtime":1491,"items_purged":["Strike_B","Strike_B"],"score":444,"play_id":"3e6001f5-b445-48ce-9b8e-86b261ba6c73","local_time":"20210116002118","is_ascension_mode":true,"campfire_choices":[{"floor":7,"key":"REST"},{"floor":15,"key":"REST"},{"floor":24,"key":"RECALL"},{"floor":30,"key":"REST"}],"circlet_count":0,"master_deck":["Strike_B","Defend_B","Defend_B","Zap","Dualcast","Seek","Conserve Battery","Doom and Gloom","Gash","Darkness","Gash","Gash","Compile Driver","Darkness+1","Compile Driver+1","Capacitor","Chaos"],"relics":["FrozenCore","Bag of Marbles","Strawberry","Symbiotic Virus","Oddly Smooth Stone","Omamori","Pen Nib","Akabeko","Anchor","Ornamental Fan","White Beast Statue"],"acts_visited":["Exordium","TheCity"],"potions_floor_usage":[11,16,23,25],"damage_taken":[{"damage":0,"enemies":"2 Louse","floor":1,"turns":2},{"damage":0,"enemies":"Small Slimes","floor":3,"turns":3},{"damage":23,"enemies":"3 Sentries","floor":6,"turns":6},{"damage":7,"enemies":"Gremlin Nob","floor":8,"turns":3},{"damage":18,"enemies":"Lagavulin","floor":11,"turns":6},{"damage":16,"enemies":"3 Sentries","floor":13,"turns":4},{"damage":4,"enemies":"Jaw Worm","floor":14,"turns":2},{"damage":19,"enemies":"The Guardian","floor":16,"turns":7},{"damage":17,"enemies":"2 Thieves","floor":18,"turns":4},{"damage":9,"enemies":"Spheric Guardian","floor":20,"turns":3},{"damage":10,"enemies":"Cultist and Chosen","floor":22,"turns":4},{"damage":30,"enemies":"Book of Stabbing","floor":23,"turns":4},{"damage":25,"enemies":"Slavers","floor":25,"turns":4},{"damage":0,"enemies":"Snecko","floor":29,"turns":3},{"damage":0,"enemies":"Gremlin Leader","floor":31,"turns":1}],"seed_played":"5069310504958393394","potions_obtained":[{"floor":3,"key":"Block Potion"},{"floor":6,"key":"Fire Potion"},{"floor":8,"key":"EntropicBrew"},{"floor":13,"key":"Weak Potion"},{"floor":23,"key":"FocusPotion"},{"floor":25,"key":"Regen Potion"},{"floor":29,"key":"Explosive Potion"}],"is_trial":false,"path_per_floor":["M","$","M","?","?","E","R","E","T","?","E","T","E","M","R","B",null,"M","$","M","?","M","E","R","E","T","?","$","M","R","E"],"character_chosen":"DEFECT","items_purchased":["Pen Nib","Akabeko"],"campfire_rested":3,"item_purchase_floors":[19,19],"current_hp_per_floor":[68,68,68,68,57,34,56,56,56,61,43,43,27,23,49,30,73,56,56,47,97,87,57,57,32,32,32,32,32,61,61,61],"gold":37,"neow_bonus":"TRANSFORM_CARD","is_daily":false,"chose_seed":false,"campfire_upgraded":0,"win_rate":0.0,"timestamp":1610778078,"path_taken":["M","$","M","?","?","E","R","E","T","?","E","?","E","M","R","BOSS","M","$","M","?","?","E","R","E","T","?","?","M","R","E"],"items_purchased_type":["Relic","Relic"],"build_version":"2020-12-22","purchased_purges":2,"victory":false,"max_hp_per_floor":[75,75,75,75,75,75,75,82,82,87,87,87,87,87,87,87,87,87,87,87,97,97,97,97,97,97,97,97,97,97,97,97],"relic_stats":{"counters":[15,56],"Ornamental Fan":[4],"Pen Nib":[4],"obtain_stats":[{"Anchor":23,"Ornamental Fan":25,"Strawberry":8,"Oddly Smooth Stone":12,"Pen Nib":19,"Bag of Marbles":6,"Omamori":13,"Cracked Core":0,"Symbiotic Virus":11,"Akabeko":19,"White Beast Statue":26,"FrozenCore":17},{"Anchor":12,"Ornamental Fan":13,"Strawberry":4,"Oddly Smooth Stone":5,"Pen Nib":9,"Bag of Marbles":3,"Omamori":6,"Cracked Core":0,"Symbiotic Virus":5,"Akabeko":9,"White Beast Statue":13,"FrozenCore":8},{"Anchor":48,"Ornamental Fan":52,"Strawberry":14,"Oddly Smooth Stone":20,"Pen Nib":37,"Bag of Marbles":11,"Omamori":24,"Cracked Core":0,"Symbiotic Virus":20,"Akabeko":37,"White Beast Statue":52,"FrozenCore":33}],"FrozenCore":[6]},"card_choices":[{"not_picked":["Turbo","Cold Snap"],"picked":"Conserve Battery","floor":1},{"not_picked":["Streamline","FTL"],"picked":"Doom and Gloom","floor":3},{"not_picked":["Beam Cell","Reinforced Body"],"picked":"Gash","floor":6},{"not_picked":["Redo","Skim"],"picked":"Darkness","floor":8},{"not_picked":["Streamline","Electrodynamics"],"picked":"Gash","floor":11},{"not_picked":["Sunder","Blizzard"],"picked":"Gash","floor":13},{"not_picked":["Reprogram","Sunder","Sweeping Beam"],"picked":"SKIP","floor":14},{"not_picked":["Creative AI","Amplify"],"picked":"Core Surge","floor":16},{"not_picked":["Barrage","Storm"],"picked":"Compile Driver","floor":18},{"not_picked":["Force Field","Turbo"],"picked":"Darkness+1","floor":20},{"not_picked":["Aggregate","Rebound"],"picked":"Compile Driver+1","floor":22},{"not_picked":["Reprogram","Force Field+1"],"picked":"Capacitor","floor":23},{"not_picked":["Leap","Thunder Strike"],"picked":"Chaos","floor":25},{"not_picked":["Aggregate","Redo","Storm+1"],"picked":"SKIP","floor":29}],"player_experience":851920,"relics_obtained":[{"floor":6,"key":"Bag of Marbles"},{"floor":8,"key":"Strawberry"},{"floor":11,"key":"Symbiotic Virus"},{"floor":12,"key":"Oddly Smooth Stone"},{"floor":13,"key":"Omamori"},{"floor":23,"key":"Anchor"},{"floor":25,"key":"Ornamental Fan"},{"floor":26,"key":"White Beast Statue"}],"event_choices":[{"cards_removed":["Defend_B"],"damage_healed":0,"gold_gain":0,"player_choice":"Forget","damage_taken":0,"max_hp_gain":0,"max_hp_loss":0,"event_name":"Living Wall","floor":4,"gold_loss":0},{"damage_healed":0,"gold_gain":75,"player_choice":"Gather Gold","damage_taken":11,"max_hp_gain":0,"max_hp_loss":0,"event_name":"World of Goop","floor":5,"gold_loss":0},{"damage_healed":0,"gold_gain":0,"player_choice":"Donut","damage_taken":0,"max_hp_gain":5,"max_hp_loss":0,"event_name":"Big Fish","floor":10,"gold_loss":0},{"cards_removed":["Core Surge"],"damage_healed":40,"gold_gain":0,"player_choice":"Offered Rare","damage_taken":0,"max_hp_gain":10,"max_hp_loss":0,"event_name":"Bonfire Elementals","floor":21,"gold_loss":0},{"cards_removed":["Strike_B"],"damage_healed":0,"gold_gain":0,"player_choice":"Gave Gold","damage_taken":0,"max_hp_gain":0,"max_hp_loss":0,"event_name":"Beggar","floor":27,"gold_loss":75}],"is_beta":false,"boss_relics":[{"not_picked":["Snecko Eye","Sozu"],"picked":"FrozenCore"}],"items_purged_floors":[2,19],"is_endless":false,"potions_floor_spawned":[3,6,8,13,23,25,29],"killed_by":"Gremlin Leader","ascension_level":8}}