{"host":"fdn1l3zxrtmz275b","time":1610810812,"event":{"mods":["BaseMod","Downfall","GifTheSpireLib","Minty Spire (QoL Compilation)","StSLib"],"gold_per_floor":[99,111,129,148,160,160,185,185,196,296,232,280,280,298,314,314,314,314],"floor_reached":16,"language":"RUS","playtime":1170,"items_purged":[],"score":119,"play_id":"b33cd92b-4854-443f-a315-ef49d2e7280b","local_time":"20210116182652","is_ascension_mode":false,"campfire_choices":[{"data":"Guardian:CurlUp","floor":1,"key":"SMITH"},{"data":"Guardian:DonusPower","floor":13,"key":"SMITH"}],"circlet_count":0,"master_deck":["Guardian:Strike_Guardian","Guardian:Strike_Guardian","Guardian:Strike_Guardian","Guardian:Strike_Guardian","Guardian:Defend_Guardian","Guardian:Defend_Guardian","Guardian:Defend_Guardian","Guardian:Defend_Guardian","Guardian:CurlUp+1","Guardian:TwinSlam","Guardian:SpikerProtocol","Guardian:DonusPower+1","Guardian:SentryBeam","Guardian:TemporalStrike","Guardian:PiercingHide","Guardian:SphericShield","Guardian:Emergency","Guardian:Gem_Orange"],"relics":["Guardian:ModeShifter","Strawberry","Oddly Smooth Stone"],"acts_visited":["Exordium"],"potions_floor_usage":[4,14,16],"damage_taken":[{"damage":6,"enemies":"Cultist","floor":2,"turns":4},{"damage":6,"enemies":"Jaw Worm","floor":3,"turns":4},{"damage":4,"enemies":"Small Slimes","floor":4,"turns":4},{"damage":10,"enemies":"Exordium Wildlife","floor":5,"turns":6},{"damage":0,"enemies":"Blue Slaver","floor":9,"turns":5},{"damage":0,"enemies":"downfall:FleeingMerchant","floor":11,"turns":4},{"damage":0,"enemies":"Lots of Slimes","floor":14,"turns":4},{"damage":0,"enemies":"Large Slime","floor":15,"turns":5},{"damage":82,"enemies":"SI_SHIV_ARCHETYPE","floor":16,"turns":13}],"seed_played":"-6411758450764614900","potions_obtained":[{"floor":2,"key":"BlessingOfTheForge"},{"floor":3,"key":"Block Potion"},{"floor":4,"key":"Dexterity Potion"},{"floor":8,"key":"GamblersBrew"},{"floor":8,"key":"DistilledChaos"}],"is_trial":false,"path_per_floor":["R","M","M","M","M","?","T","?","M","?","$","T","R","M","M","B"],"character_chosen":"GUARDIAN","items_purchased":["Guardian:Gem_Green"],"campfire_rested":0,"item_purchase_floors":[11],"current_hp_per_floor":[88,82,76,72,62,67,74,74,74,74,74,74,74,74,74,0,0,0],"gold":314,"neow_bonus":"TEN_PERCENT_HP_BONUS","is_daily":false,"chose_seed":false,"campfire_upgraded":2,"win_rate":0.0,"timestamp":1610810812,"path_taken":["R","M","M","M","?","?","T","?","?","?","?","?","R","M","M","BOSS"],"items_purchased_type":["Card"],"build_version":"2020-12-22","purchased_purges":0,"victory":false,"max_hp_per_floor":[88,88,88,88,88,93,100,100,100,100,100,100,100,100,100,100,100,100],"card_choices":[{"not_picked":["Guardian:PrismaticBeam","Guardian:Harden"],"picked":"Guardian:SpikerProtocol","floor":2},{"not_picked":["Guardian:TimeCapacitor","Guardian:ShieldSpikes"],"picked":"Guardian:DonusPower","floor":3},{"not_picked":["Guardian:PrimingBeam","Guardian:Reroute"],"picked":"Guardian:SentryBeam","floor":4},{"not_picked":["Guardian:TimeBomb","Guardian:DecasProtection"],"picked":"Guardian:TemporalStrike","floor":5},{"not_picked":["Guardian:RollAttack","Guardian:Incinerate"],"picked":"Guardian:PiercingHide","floor":9},{"not_picked":["Guardian:Gem_Cyan","Guardian:PrismaticBeam"],"picked":"Guardian:SphericShield","floor":11},{"not_picked":["Guardian:ShieldCharger","Guardian:Reroute"],"picked":"Guardian:Emergency","floor":14},{"not_picked":["Guardian:Suspension","Guardian:ChargeCore"],"picked":"Guardian:Gem_Orange","floor":15}],"player_experience":114275,"relics_obtained":[{"floor":7,"key":"Strawberry"},{"floor":12,"key":"Oddly Smooth Stone"}],"event_choices":[{"damage_healed":0,"gold_gain":0,"player_choice":"Donut","damage_taken":0,"max_hp_gain":5,"max_hp_loss":0,"event_name":"Big Fish","floor":6,"gold_loss":0},{"damage_healed":0,"gold_gain":0,"player_choice":"Got Potions","damage_taken":0,"max_hp_gain":0,"max_hp_loss":0,"event_name":"Lab","floor":8,"gold_loss":0}],"is_beta":false,"boss_relics":[],"items_purged_floors":[],"is_endless":false,"potions_floor_spawned":[2,3,4],"killed_by":"SI_SHIV_ARCHETYPE","ascension_level":0}}