{"host":"ied4ms9juizrl48v","time":1610819716,"event":{"mods":["BaseMod","Block Reminder","Colored Map","Colored Powertips","DeckTracker","Highlight Path","Minty Spire (QoL Compilation)","Quick Restart","Random Character Button","StSLib","SuperFastMode"],"gold_per_floor":[119,44,44,60,72,72,48,48,48,48,48,48,76,76,76,76,76],"floor_reached":16,"language":"JPN","playtime":346,"items_purged":[],"score":192,"play_id":"2db555de-41b9-4bf3-8e83-79a70f8ecb22","local_time":"20210117025516","is_ascension_mode":true,"campfire_choices":[{"data":"Skewer","floor":6,"key":"SMITH"},{"data":"Neutralize","floor":8,"key":"SMITH"},{"data":"Deadly Poison","floor":12,"key":"SMITH"},{"data":"Survivor","floor":15,"key":"SMITH"}],"circlet_count":0,"master_deck":["AscendersBane","Strike_G","Strike_G","Strike_G","Strike_G+1","Defend_G","Defend_G","Defend_G","Defend_G","Survivor+1","Neutralize+1","Backflip+1","Quick Slash","Skewer+1","Masterful Stab","Deadly Poison+1","Endless Agony+1"],"relics":["Ring of the Snake","MealTicket","Molten Egg 2","WingedGreaves"],"acts_visited":["Exordium"],"potions_floor_usage":[16],"damage_taken":[{"damage":2,"enemies":"Jaw Worm","floor":1,"turns":5},{"damage":0,"enemies":"Cultist","floor":4,"turns":5},{"damage":1,"enemies":"2 Louse","floor":5,"turns":3},{"damage":16,"enemies":"Lagavulin","floor":13,"turns":7},{"damage":45,"enemies":"Hexaghost","floor":16,"turns":9}],"seed_played":"7358615314145930997","potions_obtained":[{"floor":13,"key":"Dexterity Potion"}],"is_trial":false,"path_per_floor":["M","?","?","M","M","R","$","R","T","?","$","R","E","?","R","B"],"character_chosen":"THE_SILENT","items_purchased":["Deadly Poison"],"campfire_rested":0,"item_purchase_floors":[7],"current_hp_per_floor":[57,57,57,57,56,56,66,66,66,46,61,61,45,45,45,0,0],"gold":76,"neow_bonus":"RANDOM_COMMON_RELIC","is_daily":false,"chose_seed":false,"campfire_upgraded":4,"win_rate":0.0,"timestamp":1610819716,"path_taken":["M","?","?","?","M","R","$","R","T","?","$","R","E","?","R","BOSS"],"items_purchased_type":["Card"],"build_version":"2020-12-22","purchased_purges":0,"victory":false,"max_hp_per_floor":[66,66,66,66,66,66,66,66,66,66,66,66,66,66,66,66,66],"card_choices":[{"not_picked":["Flying Knee","Outmaneuver"],"picked":"Backflip","floor":1},{"not_picked":["Bane","Dagger Throw"],"picked":"Skewer","floor":4},{"not_picked":["Flying Knee","Quick Slash"],"picked":"Masterful Stab","floor":5},{"not_picked":["Blade Dance","Underhanded Strike+1"],"picked":"Endless Agony+1","floor":13}],"player_experience":9199,"relics_obtained":[{"floor":9,"key":"Molten Egg 2"},{"floor":13,"key":"WingedGreaves"}],"event_choices":[{"cards_removed":["Defend_G"],"damage_healed":0,"gold_gain":0,"player_choice":"Card Removal","damage_taken":0,"max_hp_gain":0,"max_hp_loss":0,"event_name":"The Cleric","floor":2,"gold_loss":75},{"damage_healed":0,"gold_gain":0,"cards_transformed":["Strike_G"],"player_choice":"Transformed","damage_taken":0,"max_hp_gain":0,"max_hp_loss":0,"event_name":"Transmorgrifier","floor":3,"gold_loss":0,"cards_obtained":["Quick Slash"]},{"damage_healed":0,"gold_gain":0,"player_choice":"Entered Light","damage_taken":20,"max_hp_gain":0,"max_hp_loss":0,"event_name":"Shining Light","floor":10,"gold_loss":0,"cards_upgraded":["Strike_G","Backflip"]},{"damage_healed":0,"gold_gain":0,"player_choice":"Ignored","damage_taken":0,"max_hp_gain":0,"max_hp_loss":0,"event_name":"Liars Game","floor":14,"gold_loss":0}],"is_beta":false,"boss_relics":[],"items_purged_floors":[],"is_endless":false,"potions_floor_spawned":[13],"killed_by":"Hexaghost","ascension_level":20}}