{"host":"d61fcf2p3sjwe6yo","time":1610809046,"event":{"mods":["AchievementEnabler","BaseMod","Colored Map","Downfall","Minty Spire (QoL Compilation)","StSLib","SuperFastMode"],"gold_per_floor":[199,213,313,463,463,363,363,363,378,396,426,443,455,484,498,498,498],"floor_reached":16,"language":"ENG","playtime":653,"items_purged":[],"score":144,"play_id":"96e76019-7d03-415e-a9a2-e014c8a4b9b3","local_time":"20210116175726","is_ascension_mode":true,"campfire_choices":[{"floor":1,"key":"RECALL"},{"data":"bronze:Overheat","floor":6,"key":"SMITH"},{"data":"bronze:Replicate","floor":8,"key":"SMITH"}],"circlet_count":0,"master_deck":["bronze:Strike","bronze:Strike","bronze:Strike","bronze:Strike","bronze:Defend","bronze:Defend","bronze:Defend","bronze:Defend","bronze:Replicate+1","bronze:Goto","downfall:Icky","bronze:Overheat+1","bronze:Repulsor","bronze:Separator","bronze:GetLatest","bronze:OilSpill","bronze:Frontload"],"relics":["bronze:BronzeCore","downfall:HeartBlessingRed","Eternal Feather","Bag of Marbles","Bird Faced Urn"],"acts_visited":["Exordium"],"potions_floor_usage":[11,16,16],"damage_taken":[{"damage":6,"enemies":"Jaw Worm","floor":2,"turns":3},{"damage":6,"enemies":"2 Louse","floor":9,"turns":2},{"damage":0,"enemies":"Cultist","floor":10,"turns":4},{"damage":36,"enemies":"3 Sentries","floor":11,"turns":6},{"damage":0,"enemies":"3 Louse","floor":12,"turns":1},{"damage":2,"enemies":"Blue Slaver","floor":13,"turns":2},{"damage":0,"enemies":"Lagavulin","floor":14,"turns":4},{"damage":1,"enemies":"2 Fungi Beasts","floor":15,"turns":4},{"damage":29,"enemies":"DF_ARCHETYPE_STREAMLINE","floor":16,"turns":6}],"seed_played":"-8530738844891813741","potions_obtained":[{"floor":9,"key":"DuplicationPotion"},{"floor":10,"key":"AttackPotion"},{"floor":13,"key":"Block Potion"},{"floor":14,"key":"Fire Potion"}],"is_trial":false,"path_per_floor":["R","M","?","?","?","R","T","R","M","M","E","M","M","E","M","B"],"character_chosen":"THE_AUTOMATON","items_purchased":[],"campfire_rested":0,"item_purchase_floors":[],"current_hp_per_floor":[70,64,64,64,64,64,64,70,64,64,28,28,26,26,27,0,0],"gold":498,"neow_bonus":"HUNDRED_GOLD","is_daily":false,"chose_seed":false,"campfire_upgraded":2,"win_rate":0.0,"timestamp":1610809046,"path_taken":["R","M","?","?","?","R","T","R","M","M","E","M","?","E","M","BOSS"],"items_purchased_type":[],"build_version":"2020-12-22","purchased_purges":0,"victory":false,"max_hp_per_floor":[70,70,70,70,70,70,70,70,70,70,70,70,70,70,70,70,70],"card_choices":[{"not_picked":["bronze:BitShift","bronze:CutThrough","bronze:ForceShield"],"picked":"SKIP","floor":2},{"not_picked":["bronze:WildBeam","bronze:ChildClass"],"picked":"bronze:Repulsor","floor":9},{"not_picked":["bronze:BuggyMess","bronze:Safeguard"],"picked":"bronze:Separator","floor":10},{"not_picked":["bronze:FollowUp","bronze:BitShift"],"picked":"bronze:GetLatest","floor":11},{"not_picked":["bronze:Iterate","bronze:DarkDash","bronze:BuggyMess"],"picked":"SKIP","floor":12},{"not_picked":["bronze:NullPointer","bronze:FollowUp"],"picked":"bronze:OilSpill","floor":13},{"not_picked":["bronze:ChosenStrike","bronze:Branch"],"picked":"bronze:Frontload","floor":14},{"not_picked":["bronze:FineTuning","bronze:CutThrough","bronze:BugBarrage"],"picked":"SKIP","floor":15}],"player_experience":556687,"relics_obtained":[{"floor":7,"key":"Eternal Feather"},{"floor":11,"key":"Bag of Marbles"},{"floor":14,"key":"Bird Faced Urn"}],"event_choices":[],"is_beta":false,"boss_relics":[],"items_purged_floors":[],"is_endless":false,"potions_floor_spawned":[9,10,13,14],"killed_by":"DF_ARCHETYPE_STREAMLINE","ascension_level":1}}