{"host":"BK","time":1610776569,"event":{"mods":["BaseMod","Highlight Path","Minty Spire (QoL Compilation)","StSLib"],"gold_per_floor":[117,117,117,11,29,60,80,121,121,121,121,140,180,199,199,292,292,305,175,175,175,175],"floor_reached":21,"language":"ENG","playtime":855,"items_purged":[],"score":444,"play_id":"eb7ea9e9-f54a-40a6-a594-b495a5ae908e","local_time":"20210115225609","is_ascension_mode":true,"campfire_choices":[{"data":"Zap","floor":10,"key":"SMITH"},{"floor":15,"key":"REST"}],"circlet_count":0,"master_deck":["AscendersBane","Strike_B","Strike_B","Defend_B","Defend_B","Defend_B","Defend_B","Zap+1","Dualcast","Steam","Flash of Steel","Streamline","Machine Learning","Glacier","Reinforced Body","Sweeping Beam","All For One","Force Field+1","Genetic Algorithm","Fission","Consume"],"relics":["Cracked Core","NeowsBlessing","Golden Idol","Letter Opener","Frozen Egg 2","The Courier","Blood Vial","Anchor","SlaversCollar","Orrery"],"acts_visited":["Exordium","TheCity"],"potions_floor_usage":[12,16,18],"damage_taken":[{"damage":0,"enemies":"Cultist","floor":1,"turns":1},{"damage":0,"enemies":"Small Slimes","floor":5,"turns":1},{"damage":0,"enemies":"Gremlin Nob","floor":6,"turns":1},{"damage":3,"enemies":"Jaw Worm","floor":7,"turns":4},{"damage":9,"enemies":"Lagavulin","floor":8,"turns":8},{"damage":8,"enemies":"Lots of Slimes","floor":12,"turns":3},{"damage":8,"enemies":"3 Sentries","floor":13,"turns":10},{"damage":0,"enemies":"3 Louse","floor":14,"turns":2},{"damage":31,"enemies":"The Guardian","floor":16,"turns":15},{"damage":30,"enemies":"3 Byrds","floor":18,"turns":7},{"damage":26,"enemies":"Shell Parasite","floor":21,"turns":3}],"seed_played":"1119796969189220979","potions_obtained":[{"floor":5,"key":"Energy Potion"},{"floor":8,"key":"DuplicationPotion"},{"floor":13,"key":"DuplicationPotion"},{"floor":18,"key":"FocusPotion"}],"is_trial":false,"path_per_floor":["M","?","?","$","M","E","M","E","T","R","?","M","E","M","R","B",null,"M","$","?","M"],"character_chosen":"DEFECT","items_purchased":["Flash of Steel","Orrery"],"campfire_rested":1,"item_purchase_floors":[4,19],"current_hp_per_floor":[64,64,57,57,57,57,54,45,45,45,34,28,22,24,43,14,52,24,24,24,0,0],"gold":175,"neow_bonus":"THREE_ENEMY_KILL","is_daily":false,"chose_seed":false,"campfire_upgraded":1,"win_rate":0.0,"timestamp":1610776569,"path_taken":["M","?","?","$","M","E","M","E","T","R","?","M","E","?","R","BOSS","M","?","?","M"],"items_purchased_type":["Card","Relic"],"build_version":"2020-12-18","purchased_purges":0,"victory":false,"max_hp_per_floor":[71,64,64,64,64,64,64,64,64,64,64,64,64,64,64,64,64,64,64,64,64,64],"card_choices":[{"not_picked":["Beam Cell","Self Repair"],"picked":"Steam","floor":1},{"not_picked":["Force Field","Redo"],"picked":"Streamline","floor":5},{"not_picked":["Chaos","Redo"],"picked":"Machine Learning","floor":6},{"not_picked":["Coolheaded","Sweeping Beam"],"picked":"Glacier","floor":7},{"not_picked":["Conserve Battery","BootSequence"],"picked":"Reinforced Body","floor":8},{"not_picked":["Streamline","Redo","Reprogram"],"picked":"SKIP","floor":12},{"not_picked":["Darkness","Turbo","Rebound"],"picked":"SKIP","floor":13},{"not_picked":["Hello World+1","Storm+1"],"picked":"Sweeping Beam","floor":14},{"not_picked":["Multi-Cast","Rainbow"],"picked":"All For One","floor":16},{"not_picked":["Redo","Static Discharge+1"],"picked":"Force Field+1","floor":18},{"not_picked":["Tempest","Auto Shields"],"picked":"Genetic Algorithm","floor":19},{"not_picked":["Streamline","Storm+1"],"picked":"Fission","floor":19},{"not_picked":["Streamline","Skim"],"picked":"Consume","floor":19}],"player_experience":2505350,"relics_obtained":[{"floor":6,"key":"Letter Opener"},{"floor":8,"key":"Frozen Egg 2"},{"floor":9,"key":"The Courier"},{"floor":13,"key":"Anchor"}],"event_choices":[{"damage_healed":0,"gold_gain":0,"player_choice":"Lose Max HP","damage_taken":0,"relics_obtained":["Golden Idol"],"max_hp_gain":0,"max_hp_loss":7,"event_name":"Golden Idol","floor":2,"gold_loss":0},{"cards_removed":["Strike_B"],"damage_healed":0,"gold_gain":0,"player_choice":"Card Removal","damage_taken":7,"max_hp_gain":0,"max_hp_loss":0,"event_name":"Golden Wing","floor":3,"gold_loss":0},{"damage_healed":0,"gold_gain":0,"player_choice":"Success","damage_taken":11,"relics_obtained":["Blood Vial"],"max_hp_gain":0,"max_hp_loss":0,"event_name":"Scrap Ooze","floor":11,"gold_loss":0},{"cards_removed":["Strike_B"],"damage_healed":0,"gold_gain":0,"player_choice":"Purged","damage_taken":0,"max_hp_gain":0,"max_hp_loss":0,"event_name":"Purifier","floor":20,"gold_loss":0}],"is_beta":true,"boss_relics":[{"not_picked":["Busted Crown","Runic Dome"],"picked":"SlaversCollar"}],"items_purged_floors":[],"is_endless":false,"potions_floor_spawned":[5,8,13,18],"killed_by":"Shell Parasite","ascension_level":20}}