{"host":"u7y6mp3waw4jt65j","time":1610801843,"event":{"mods":["ATMod(阿瑾Mod)","Aspiration","BaseMod","Conspire","Dota2Spire","Minty Spire (QoL Compilation)","Replay The Spire","StSLib","【功能Mod】聪明的最终Boss","【遗物卡牌】REMEMod"],"gold_per_floor":[112,112,112,84,84,115,134,134,134,134,148,158,168,184,184,280,280,300,300,323,323,336,362,362,397,397,408,27,27,27,27,27,130,130,149,169,169,169],"floor_reached":39,"language":"ZHS","playtime":2192,"items_purged":["Pain"],"score":849,"play_id":"c25ec599-6d05-4de7-a3a6-0326c69c02ca","local_time":"20210116205723","is_ascension_mode":true,"campfire_choices":[{"data":"Ragnarok","floor":10.0,"key":"SMITH"},{"floor":15.0,"key":"DIG"},{"floor":24,"key":"REST"},{"floor":32,"key":"REST"}],"circlet_count":0,"master_deck":["Strike_B","Strike_B","Strike_B","Strike_B","Defend_B","Defend_B","Defend_B","Defend_B","Zap","Dualcast","Ragnarok+1","AT_EssenceShift+1","Scorching Beam","Whirlwind","Turbo","Sunder","Stack","Barricade","Seeing Red","Chaos","AT_WaterDrop","Self Repair","ReplayTheSpireMod:Calculation Training+1","Auto Shields","Whirlwind","Decay","CurseOfTheBell","Glacier","Coolheaded"],"relics":["Cracked Core","AT_ATBox","REME_ComplimentaryCards","aspiration:Nostalgia","Iron Core","Blue Doll","Spirit Poop","Lantern","Mummified Hand","Replay:Wax Seal","Nuclear Battery","MutagenicStrength","AT_ArcaneBoots","WarpedTongs","Dota2Spire:UrnOfShadows","Singing Bowl","Kunai","DataDisk","Chemical X","Calling Bell","Blood Vial","Ornamental Fan","aspiration:AnachronicSnailShell"],"acts_visited":["Exordium","TheCity","TheBeyond"],"potions_floor_usage":[33,33,38,38,38],"damage_taken":[{"damage":15.0,"enemies":"conspire:RoseBush","floor":1.0,"turns":1.0},{"damage":16.0,"enemies":"Gremlin Nob","floor":6.0,"turns":3.0},{"damage":0.0,"enemies":"2 Louse","floor":7.0,"turns":2.0},{"damage":0.0,"enemies":"Cultist","floor":11.0,"turns":2.0},{"damage":30.0,"enemies":"conspire:2 RoseBushes","floor":12.0,"turns":1.0},{"damage":0.0,"enemies":"Red Slaver","floor":13.0,"turns":1.0},{"damage":0.0,"enemies":"Exordium Thugs","floor":14.0,"turns":3.0},{"damage":0.0,"enemies":"Slime Boss","floor":16.0,"turns":10.0},{"damage":5.0,"enemies":"2 Thieves","floor":18.0,"turns":2.0},{"damage":18.0,"enemies":"Shell Parasite","floor":22.0,"turns":3.0},{"damage":48,"enemies":"Book of Stabbing","floor":23,"turns":6},{"damage":2,"enemies":"conspire:Head Lice","floor":25,"turns":4},{"damage":19,"enemies":"Centurion and Healer","floor":27,"turns":2},{"damage":65,"enemies":"Automaton","floor":33,"turns":7},{"damage":36,"enemies":"3 Shapes","floor":35,"turns":2},{"damage":0,"enemies":"Orb Walker","floor":36,"turns":3},{"damage":41,"enemies":"Time Eater","floor":38,"turns":38}],"seed_played":"3044787898339688040","potions_obtained":[{"floor":1.0,"key":"EssenceOfSteel"},{"floor":7.0,"key":"Block Potion"},{"floor":13.0,"key":"Block Potion"},{"floor":14.0,"key":"GamblersBrew"},{"floor":16.0,"key":"Swift Potion"},{"floor":18.0,"key":"Weak Potion"},{"floor":22.0,"key":"FocusPotion"},{"floor":35,"key":"Block Potion"},{"floor":36,"key":"Dexterity Potion"}],"is_trial":false,"path_per_floor":["M","$","?","$","?","E","M","?","T","R","M","M","M","M","R","B",null,"M","?","T","?","M","E","R","E","T","M","$","?","?","?","R","B",null,"M","M","?","B",null],"character_chosen":"DEFECT","items_purchased":["Whirlwind","DataDisk","Chemical X"],"campfire_rested":2,"item_purchase_floors":[4,28,28],"current_hp_per_floor":[60,60,60,60,60,44,44,44,44,44,44,14,14,14,14,14,75,70,70,70,70,62,21,43,49,49,30,30,30,38,38,61,14,79,53,55,55,41],"gold":169,"neow_bonus":"NOSTALGIA","is_daily":false,"chose_seed":false,"campfire_upgraded":1,"win_rate":0.0,"timestamp":1610801843,"path_taken":["M","$","?","$","?","E","?","?","T","R","M","?","M","M","R","BOSS","M","?","?","?","?","E","R","E","T","M","$","?","?","?","R","BOSS","M","?","?","BOSS"],"items_purchased_type":["Card","Relic","Relic"],"build_version":"2020-12-22","purchased_purges":1,"victory":true,"max_hp_per_floor":[75,75,75,75,75,75,75,75,75,75,75,75,75,75,75,75,75,75,75,75,75,75,75,75,77,77,77,77,77,77,77,77,79,79,79,79,79,79],"card_choices":[{"not_picked":["ReplayGash","Auto Shields"],"picked":"Scorching Beam","floor":1.0},{"not_picked":["Gash","REME_ForAll"],"picked":"Turbo","floor":6.0},{"not_picked":["Turbo","Cold Snap"],"picked":"Sunder","floor":7.0},{"not_picked":["Barrage","Leap"],"picked":"Stack","floor":11.0},{"not_picked":["Steam Power","Hologram"],"picked":"Barricade","floor":12.0},{"not_picked":["Rip and Tear","Consume"],"picked":"Seeing Red","floor":13.0},{"not_picked":["Heavy Blade","BootSequence"],"picked":"Chaos","floor":14.0},{"not_picked":["ReplayTheSpireMod:Omega Cannon","Firewall"],"picked":"AT_WaterDrop","floor":16.0},{"not_picked":["Stack","Barrage"],"picked":"Self Repair","floor":18.0},{"not_picked":["ReplaySort","Hologram"],"picked":"ReplayTheSpireMod:Calculation Training+1","floor":22.0},{"not_picked":["AT_HeatAcrobatics+1","Leap"],"picked":"Auto Shields","floor":23},{"not_picked":["All For One","Chaos+1","Headbutt"],"picked":"Singing Bowl","floor":25},{"not_picked":["conspire:SharedLibrary","Coolheaded"],"picked":"Whirlwind","floor":27},{"not_picked":["Hyperbeam","Barricade","Biased Cognition"],"picked":"Singing Bowl","floor":33},{"not_picked":["Barrage","Self Repair+1"],"picked":"Glacier","floor":35},{"not_picked":["Ball Lightning","Compile Driver+1"],"picked":"Coolheaded","floor":36}],"player_experience":127891,"relics_obtained":[{"floor":6.0,"key":"Lantern"},{"floor":9.0,"key":"Mummified Hand"},{"floor":15.0,"key":"Replay:Wax Seal"},{"floor":20.0,"key":"AT_SpeedBoots"},{"floor":23,"key":"Dota2Spire:UrnOfShadows"},{"floor":25,"key":"Singing Bowl"},{"floor":26,"key":"Kunai"},{"floor":34,"key":"Blood Vial"},{"floor":34,"key":"Ornamental Fan"},{"floor":34,"key":"aspiration:AnachronicSnailShell"}],"event_choices":[{"damage_healed":0.0,"max_hp_gain":0.0,"max_hp_loss":0.0,"gold_gain":0.0,"event_name":"Big Fish","player_choice":"Box","floor":3.0,"gold_loss":0.0,"damage_taken":0.0,"relics_obtained":["Blue Doll"],"cards_obtained":["Regret"]},{"cards_removed":["Regret"],"damage_healed":0.0,"max_hp_gain":0.0,"max_hp_loss":0.0,"gold_gain":0.0,"event_name":"Bonfire Elementals","player_choice":"Offered Curse","floor":5.0,"gold_loss":0.0,"damage_taken":0.0,"relics_obtained":["Spirit Poop"]},{"damage_healed":0.0,"max_hp_gain":0.0,"max_hp_loss":0.0,"gold_gain":0.0,"event_name":"Upgrade Shrine","player_choice":"Upgraded","floor":8.0,"gold_loss":0.0,"damage_taken":0.0,"cards_upgraded":["AT_EssenceShift"]},{"damage_healed":0.0,"max_hp_gain":0.0,"max_hp_loss":0.0,"gold_gain":0.0,"event_name":"Drug Dealer","player_choice":"Inject Mutagens","floor":19.0,"gold_loss":0.0,"damage_taken":0.0,"relics_obtained":["MutagenicStrength"]},{"damage_healed":0.0,"max_hp_gain":0.0,"max_hp_loss":0.0,"gold_gain":0.0,"event_name":"Accursed Blacksmith","player_choice":"Rummage","floor":21.0,"gold_loss":0.0,"damage_taken":0.0,"relics_obtained":["WarpedTongs"],"cards_obtained":["Pain"]},{"damage_healed":0,"gold_gain":0,"player_choice":"Leave","damage_taken":0,"max_hp_gain":0,"max_hp_loss":0,"event_name":"conspire:Investor","floor":29,"gold_loss":0},{"damage_healed":0,"gold_gain":0,"player_choice":"Cursed","damage_taken":0,"max_hp_gain":0,"max_hp_loss":0,"event_name":"Wheel of Change","floor":31,"gold_loss":0,"cards_obtained":["Decay"]},{"damage_healed":0,"gold_gain":0,"player_choice":"Took Portal","damage_taken":0,"max_hp_gain":0,"max_hp_loss":0,"event_name":"SecretPortal","floor":37,"gold_loss":0}],"is_beta":false,"boss_relics":[{"not_picked":["Astrolabe","Sozu"],"picked":"Nuclear Battery"},{"not_picked":["Dota2Spire:Bloodstone","Abe\u0027s Treasure"],"picked":"Calling Bell"}],"items_purged_floors":[28],"is_endless":false,"potions_floor_spawned":[1,7,13,14,16,18,22,23,35,36],"ascension_level":4}}