{"host":"oigynbtg272c19pw","time":1610804839,"event":{"mods":["BaseMod","Colored Map","Minty Spire (QoL Compilation)","Relic Stats","Slay the Relics Exporter","StSLib"],"gold_per_floor":[112,26,101,101,23,23,49,59,59,59,90,90,105,119,119,194,194,214,194,194,36,59,59,94,94,94,111,111,129,152,152,152],"floor_reached":31,"playtime":1459,"items_purged":["Strike_R"],"score":622,"play_id":"c66261a1-79f5-4a88-a4d3-d7bb1b1ead72","local_time":"20210116144719","is_ascension_mode":true,"campfire_choices":[{"data":"Feed","floor":6.0,"key":"SMITH"},{"data":"Perfected Strike","floor":12.0,"key":"SMITH"},{"data":"Armaments","floor":15.0,"key":"SMITH"},{"data":"Perfected Strike","floor":23.0,"key":"SMITH"},{"data":"Exhume","floor":25.0,"key":"SMITH"},{"data":"Defend_R","floor":28.0,"key":"PURGE"}],"circlet_count":0,"master_deck":["AscendersBane","Strike_R","Strike_R","Strike_R","Strike_R+1","Defend_R","Defend_R+1","Defend_R+1","Bash+1","Perfected Strike+1","Feed+1","Flame Barrier","Perfected Strike+1","Shrug It Off","Armaments+1","Immolate","Rupture+1","Bloodletting","Exhume+1","Inflame+1","Twin Strike"],"relics":["Burning Blood","NeowsBlessing","Tiny Chest","InkBottle","Nunchaku","Champion Belt","Mark of Pain","Nilry\u0027s Codex","Smiling Mask","Bag of Preparation","Peace Pipe","War Paint"],"acts_visited":["Exordium","TheCity"],"potions_floor_usage":[],"damage_taken":[{"damage":0.0,"enemies":"2 Louse","floor":1.0,"turns":1.0},{"damage":0.0,"enemies":"Gremlin Nob","floor":7.0,"turns":1.0},{"damage":0.0,"enemies":"Jaw Worm","floor":8.0,"turns":1.0},{"damage":52.0,"enemies":"Lagavulin","floor":11.0,"turns":7.0},{"damage":0.0,"enemies":"Small Slimes","floor":13.0,"turns":3.0},{"damage":12.0,"enemies":"Red Slaver","floor":14.0,"turns":5.0},{"damage":23.0,"enemies":"The Guardian","floor":16.0,"turns":19.0},{"damage":21.0,"enemies":"Spheric Guardian","floor":18.0,"turns":5.0},{"damage":7.0,"enemies":"2 Thieves","floor":19.0,"turns":4.0},{"damage":11.0,"enemies":"Gremlin Leader","floor":24.0,"turns":5.0},{"damage":10.0,"enemies":"Snake Plant","floor":27.0,"turns":3.0},{"damage":33.0,"enemies":"Chosen and Byrds","floor":29.0,"turns":4.0},{"damage":27,"enemies":"Snecko","floor":31,"turns":5}],"seed_played":"8615200200664448608","potions_obtained":[{"floor":7.0,"key":"Dexterity Potion"},{"floor":14.0,"key":"EssenceOfSteel"},{"floor":18.0,"key":"Energy Potion"}],"is_trial":false,"path_per_floor":["M","$","?","?","$","R","E","M","T","?","E","R","M","M","R","B",null,"M","M","?","$","T","R","E","R","T","M","R","M","T","M"],"character_chosen":"IRONCLAD","items_purchased":["Feed","Flame Barrier","Bloodletting"],"campfire_rested":0,"item_purchase_floors":[2,5,21],"current_hp_per_floor":[74,74,63,40,40,40,50,60,60,60,18,18,28,26,26,13,78,63,66,45,45,45,45,44,44,44,40,40,17,17,0,0],"gold":152,"neow_bonus":"THREE_ENEMY_KILL","is_daily":false,"chose_seed":false,"campfire_upgraded":5,"win_rate":0.0,"timestamp":1610804839,"path_taken":["M","$","?","?","$","R","E","M","T","?","E","R","?","M","R","BOSS","M","M","?","$","?","R","E","R","T","M","R","M","?","M"],"items_purchased_type":["Card","Card","Card"],"build_version":"2020-12-13","purchased_purges":1,"victory":false,"max_hp_per_floor":[75,75,75,75,75,75,79,83,83,83,87,87,91,95,95,99,99,99,103,103,103,103,103,107,107,107,107,107,111,111,111,111],"relic_stats":{"Peace Pipe":1,"Nunchaku":[8],"counters":[13,63],"Tiny Chest":1,"Bag of Preparation":[6],"Champion Belt":[7],"War Paint":["Defend_R","Defend_R"],"Smiling Mask":0,"obtain_stats":[{"Peace Pipe":26,"Nunchaku":10,"NeowsBlessing":0,"Nilry\u0027s Codex":20,"Tiny Chest":7,"Mark of Pain":17,"Bag of Preparation":24,"Champion Belt":11,"War Paint":30,"Smiling Mask":22,"Burning Blood":0,"InkBottle":9},{"Peace Pipe":10,"Nunchaku":3,"NeowsBlessing":0,"Nilry\u0027s Codex":9,"Tiny Chest":2,"Mark of Pain":7,"Bag of Preparation":10,"Champion Belt":4,"War Paint":12,"Smiling Mask":9,"Burning Blood":0,"InkBottle":3},{"Peace Pipe":51,"Nunchaku":3,"NeowsBlessing":0,"Nilry\u0027s Codex":46,"Tiny Chest":2,"Mark of Pain":37,"Bag of Preparation":51,"Champion Belt":10,"War Paint":58,"Smiling Mask":46,"Burning Blood":0,"InkBottle":3}],"Burning Blood":72,"InkBottle":[15]},"card_choices":[{"not_picked":["Evolve","Twin Strike"],"picked":"Perfected Strike","floor":1.0},{"not_picked":["Iron Wave","Sever Soul"],"picked":"Perfected Strike","floor":7.0},{"not_picked":["Wild Strike","Thunderclap"],"picked":"Perfected Strike","floor":8.0},{"not_picked":["Metallicize","Headbutt"],"picked":"Shrug It Off","floor":11.0},{"not_picked":["Wild Strike","Perfected Strike"],"picked":"Armaments","floor":13.0},{"not_picked":["Flex","Heavy Blade","Inflame"],"picked":"SKIP","floor":14.0},{"not_picked":["Demon Form","Reaper"],"picked":"Immolate","floor":16.0},{"not_picked":["Rampage","Combust","Anger"],"picked":"SKIP","floor":18.0},{"not_picked":["Clothesline","Thunderclap"],"picked":"Rupture+1","floor":19.0},{"not_picked":["Cleave","Double Tap"],"picked":"Exhume","floor":24.0},{"not_picked":["Intimidate","Ghostly Armor"],"picked":"Inflame+1","floor":27.0},{"not_picked":["Whirlwind","Rupture"],"picked":"Twin Strike","floor":29.0}],"player_experience":1411142,"relics_obtained":[{"floor":7.0,"key":"Tiny Chest"},{"floor":9.0,"key":"InkBottle"},{"floor":11.0,"key":"Champion Belt"},{"floor":20.0,"key":"Nilry\u0027s Codex"},{"floor":22.0,"key":"Smiling Mask"},{"floor":24.0,"key":"Bag of Preparation"},{"floor":26.0,"key":"Peace Pipe"},{"floor":30.0,"key":"War Paint"}],"event_choices":[{"damage_healed":0.0,"max_hp_gain":0.0,"max_hp_loss":0.0,"gold_gain":75.0,"event_name":"World of Goop","player_choice":"Gather Gold","floor":3.0,"gold_loss":0.0,"damage_taken":11.0},{"damage_healed":0.0,"max_hp_gain":0.0,"max_hp_loss":0.0,"gold_gain":0.0,"event_name":"Shining Light","player_choice":"Entered Light","floor":4.0,"gold_loss":0.0,"damage_taken":23.0,"cards_upgraded":["Bash","Strike_R"]},{"cards_removed":["Perfected Strike"],"damage_healed":0.0,"max_hp_gain":0.0,"max_hp_loss":0.0,"gold_gain":0.0,"event_name":"WeMeetAgain","player_choice":"Gave Card","floor":10.0,"gold_loss":0.0,"damage_taken":0.0,"relics_obtained":["Nunchaku"]},{"damage_healed":0.0,"max_hp_gain":0.0,"max_hp_loss":0.0,"gold_gain":0.0,"event_name":"Cursed Tome","player_choice":"Obtained Book","floor":20.0,"gold_loss":0.0,"damage_taken":21.0}],"is_beta":false,"boss_relics":[{"not_picked":["Busted Crown","Black Blood"],"picked":"Mark of Pain"}],"items_purged_floors":[21],"is_endless":false,"potions_floor_spawned":[7,14,16,18],"killed_by":"Snecko","ascension_level":20}}