{"host":"pgqkv8mh62pnrbci","time":1610798492,"event":{"mods":["2.2 Compatiblity","AchievementEnabler","BaseMod","Custom Start","DeckTracker","Minty Spire (QoL Compilation)","Replay The Spire","StSLib","SuperFastMode","¡¼?Úª?ø«¡½REMEMod"],"gold_per_floor":[111,161,12,24,24,24,74,92,92,110,110,129,162,162,162,162,162],"floor_reached":16,"language":"KOR","playtime":448,"items_purged":["Strike_G"],"score":195,"play_id":"d33eae2a-3749-4aaf-bb96-d8d77c2b5411","local_time":"20210116210132","is_ascension_mode":true,"campfire_choices":[{"data":"REME_BattleFury","floor":6.0,"key":"SMITH"},{"data":"A Thousand Cuts","floor":11.0,"key":"SMITH"},{"floor":15.0,"key":"REST"}],"circlet_count":0,"master_deck":["AscendersBane","Strike_G+1","Strike_G+1","Strike_G+1","Strike_G+1","Defend_G","Defend_G","Defend_G","Defend_G","Survivor","Neutralize","REME_BattleFury+1","PiercingWail","Noxious Fumes","Hidden Blade","ReplayTheSpireMod:Scrap Shanks","Sneak Up","A Thousand Cuts+1","Prepared","Reflex"],"relics":["Ring of the Snake","REME_ComplimentaryCards","Quantum Egg","Prayer Wheel","Replay:Bottled Eggs"],"acts_visited":["Exordium"],"potions_floor_usage":[],"damage_taken":[{"damage":2.0,"enemies":"Small Slimes","floor":1.0,"turns":3.0},{"damage":1.0,"enemies":"Cultist","floor":4.0,"turns":5.0},{"damage":2.0,"enemies":"Jaw Worm","floor":8.0,"turns":4.0},{"damage":1.0,"enemies":"Looter","floor":10.0,"turns":5.0},{"damage":0.0,"enemies":"Gremlin Gang","floor":12.0,"turns":4.0},{"damage":43.0,"enemies":"Gremlin Nob","floor":13.0,"turns":5.0},{"damage":24,"enemies":"The Guardian","floor":16,"turns":8}],"seed_played":"-6179465838691022508","potions_obtained":[{"floor":1.0,"key":"CunningPotion"},{"floor":10.0,"key":"Block Potion"}],"is_trial":true,"path_per_floor":["M","?","$","M","?","R","?","M","T","M","R","M","E","?","R","B"],"character_chosen":"THE_SILENT","items_purchased":["Noxious Fumes"],"campfire_rested":1,"item_purchase_floors":[3],"current_hp_per_floor":[57,57,57,56,56,56,50,48,48,47,47,47,4,4,23,0,0],"gold":162,"neow_bonus":"","is_daily":false,"chose_seed":false,"campfire_upgraded":2,"win_rate":0.0,"timestamp":1610798492,"path_taken":["M","?","?","M","?","R","?","?","T","M","R","M","E","?","R","BOSS"],"items_purchased_type":["Card"],"build_version":"2020-12-22","purchased_purges":1,"victory":false,"max_hp_per_floor":[66,66,66,66,66,66,66,66,66,66,66,66,66,66,66,66,66],"card_choices":[{"not_picked":["Deadly Poison","Underhanded Strike"],"picked":"PiercingWail","floor":1.0},{"not_picked":["Dagger Throw","Slice"],"picked":"Hidden Blade","floor":4.0},{"not_picked":["Deflect","Deadly Poison"],"picked":"Sneak Up","floor":8.0},{"not_picked":["Toxin Wave","Dagger Spray"],"picked":"A Thousand Cuts","floor":10.0},{"not_picked":["Dagger Spray","Dagger Throw"],"picked":"Prepared","floor":10.0},{"not_picked":["Well Laid Plans","Deadly Poison"],"picked":"Reflex","floor":12.0},{"not_picked":["Quick Slash","Sucker Punch","Bane"],"picked":"SKIP","floor":12.0},{"not_picked":["Deadly Poison","Outmaneuver","All Out Attack"],"picked":"SKIP","floor":13.0}],"player_experience":640255,"relics_obtained":[{"floor":9.0,"key":"Prayer Wheel"},{"floor":13.0,"key":"Replay:Bottled Eggs"}],"event_choices":[{"damage_healed":0.0,"max_hp_gain":0.0,"max_hp_loss":0.0,"gold_gain":50.0,"event_name":"Golden Shrine","player_choice":"Pray","floor":2.0,"gold_loss":0.0,"damage_taken":0.0},{"damage_healed":0.0,"max_hp_gain":0.0,"max_hp_loss":0.0,"gold_gain":0.0,"cards_transformed":["Defend_G"],"event_name":"Living Wall","player_choice":"Change","floor":5.0,"gold_loss":0.0,"damage_taken":0.0,"cards_obtained":["ReplayTheSpireMod:Scrap Shanks"]},{"damage_healed":0.0,"max_hp_gain":0.0,"max_hp_loss":0.0,"gold_gain":50.0,"event_name":"FaceTrader","player_choice":"Touch","floor":7.0,"gold_loss":0.0,"damage_taken":6.0},{"damage_healed":0.0,"max_hp_gain":0.0,"max_hp_loss":0.0,"gold_gain":0.0,"event_name":"Liars Game","player_choice":"Ignored","floor":14.0,"gold_loss":0.0,"damage_taken":0.0}],"is_beta":false,"boss_relics":[],"items_purged_floors":[3],"is_endless":false,"potions_floor_spawned":[1,10],"killed_by":"The Guardian","ascension_level":19}}