{"host":"8dhn6p16jorj0i1s","time":1610840202,"event":{"mods":["BaseMod","Colored Map","DeckTracker","Minty Spire (QoL Compilation)","Permanent Neow","Quick Restart"],"gold_per_floor":[12,24,41,59,79,104,104,131,155,155,169,204,56,91,91,191,191,203,103,33,33,48,78,91,91,91,104,104,118,136,136,136],"floor_reached":31,"language":"ENG","playtime":2464,"items_purged":["Strike_P","Strike_P"],"score":424,"play_id":"78a7d4df-15a1-4c3b-a6ff-2b65089595b5","local_time":"20210117003642","is_ascension_mode":true,"campfire_choices":[{"data":"Eruption","floor":7,"key":"SMITH"},{"data":"SandsOfTime","floor":10,"key":"SMITH"},{"data":"CrushJoints","floor":15,"key":"SMITH"},{"data":"Ragnarok","floor":25,"key":"SMITH"},{"data":"Secret Weapon","floor":28,"key":"SMITH"}],"circlet_count":0,"master_deck":["Strike_P","Strike_P","Defend_P","Defend_P","Defend_P","Defend_P","Eruption+1","Vigilance","Secret Weapon+1","SashWhip","SandsOfTime+1","Prostrate","SpiritShield","FollowUp","Conclude","CrushJoints+1","Devotion","TalkToTheHand","Prostrate","Brilliance","Wallop","Ragnarok+1","Worship","FollowUp","Prostrate+1","Devotion","DeceiveReality","Perseverance"],"relics":["PureWater","Bottled Flame","Shuriken","Pen Nib","Centennial Puzzle","Nunchaku","SlaversCollar","Blue Candle","Frozen Egg 2"],"acts_visited":["Exordium","TheCity"],"potions_floor_usage":[6,14,16,16,24,24,27],"damage_taken":[{"damage":0,"enemies":"Cultist","floor":1,"turns":2},{"damage":0,"enemies":"Jaw Worm","floor":2,"turns":3},{"damage":1,"enemies":"2 Louse","floor":3,"turns":2},{"damage":0,"enemies":"2 Fungi Beasts","floor":4,"turns":2},{"damage":0,"enemies":"Blue Slaver","floor":5,"turns":2},{"damage":0,"enemies":"Lagavulin","floor":6,"turns":4},{"damage":5,"enemies":"3 Sentries","floor":8,"turns":4},{"damage":0,"enemies":"Looter","floor":11,"turns":2},{"damage":6,"enemies":"Gremlin Nob","floor":12,"turns":3},{"damage":2,"enemies":"Lagavulin","floor":14,"turns":5},{"damage":14,"enemies":"Hexaghost","floor":16,"turns":5},{"damage":8,"enemies":"Spheric Guardian","floor":18,"turns":4},{"damage":0,"enemies":"Chosen","floor":22,"turns":3},{"damage":10,"enemies":"Gremlin Leader","floor":23,"turns":4},{"damage":0,"enemies":"Snecko","floor":24,"turns":2},{"damage":8,"enemies":"Snake Plant","floor":27,"turns":4},{"damage":7,"enemies":"3 Cultists","floor":29,"turns":3},{"damage":15,"enemies":"Centurion and Healer","floor":30,"turns":5},{"damage":25,"enemies":"Slavers","floor":31,"turns":3}],"seed_played":"5677077108237888289","potions_obtained":[{"floor":2,"key":"BottledMiracle"},{"floor":4,"key":"ColorlessPotion"},{"floor":5,"key":"Block Potion"},{"floor":12,"key":"EssenceOfSteel"},{"floor":14,"key":"Fruit Juice"},{"floor":16,"key":"Fire Potion"},{"floor":23,"key":"Strength Potion"},{"floor":24,"key":"Weak Potion"},{"floor":27,"key":"Ancient Potion"}],"is_trial":false,"path_per_floor":["M","M","M","M","M","E","R","E","T","R","M","E","$","E","R","B",null,"M","$","$","?","M","E","M","R","T","M","R","M","M","E"],"character_chosen":"WATCHER","items_purchased":["TalkToTheHand","Ragnarok"],"campfire_rested":0,"item_purchase_floors":[13,20],"current_hp_per_floor":[72,72,71,71,71,71,71,66,66,66,66,60,60,58,58,49,70,62,62,62,62,62,52,52,52,52,44,44,37,22,0,0],"gold":136,"neow_bonus":"RANDOM_COLORLESS_2","is_daily":false,"chose_seed":false,"campfire_upgraded":5,"win_rate":0.0,"timestamp":1610840202,"path_taken":["M","M","M","M","M","E","R","E","T","R","M","E","$","E","R","BOSS","M","?","$","?","M","E","M","R","T","M","R","M","M","E"],"items_purchased_type":["Card","Card"],"build_version":"2020-12-22","purchased_purges":2,"victory":false,"max_hp_per_floor":[72,72,72,72,72,72,72,72,72,72,72,72,72,72,72,77,77,77,77,77,77,77,77,77,77,77,77,77,77,77,77,77],"card_choices":[{"not_picked":["Secret Technique","Thinking Ahead"],"picked":"Secret Weapon","floor":0},{"not_picked":["EmptyBody","EmptyMind"],"picked":"SashWhip","floor":1},{"not_picked":["EmptyFist","JustLucky"],"picked":"SandsOfTime","floor":2},{"not_picked":["Tantrum","PathToVictory"],"picked":"Prostrate","floor":3},{"not_picked":["BattleHymn","Tantrum"],"picked":"SpiritShield","floor":4},{"not_picked":["CarveReality","ClearTheMind"],"picked":"FollowUp","floor":5},{"not_picked":["ThirdEye","Sanctity","LikeWater"],"picked":"SKIP","floor":6},{"not_picked":["Crescendo","Prostrate"],"picked":"Conclude","floor":8},{"not_picked":["ThirdEye","Perseverance"],"picked":"CrushJoints","floor":11},{"not_picked":["Pray","Protect"],"picked":"Devotion","floor":12},{"not_picked":["WreathOfFlame","Halt"],"picked":"Prostrate","floor":14},{"not_picked":["ConjureBlade","Devotion"],"picked":"Brilliance","floor":16},{"not_picked":["MentalFortress","ThirdEye+1"],"picked":"Wallop","floor":18},{"not_picked":["PathToVictory","FearNoEvil"],"picked":"FollowUp","floor":22},{"not_picked":["LikeWater+1","JustLucky+1"],"picked":"Prostrate+1","floor":23},{"not_picked":["ThirdEye","JustLucky"],"picked":"Devotion","floor":24},{"not_picked":["EmptyBody","Crescendo"],"picked":"DeceiveReality","floor":27},{"not_picked":["JustLucky","PathToVictory","WaveOfTheHand"],"picked":"SKIP","floor":29},{"not_picked":["FlurryOfBlows","JustLucky"],"picked":"Perseverance","floor":30}],"player_experience":404443,"relics_obtained":[{"floor":6,"key":"Bottled Flame"},{"floor":8,"key":"Shuriken"},{"floor":9,"key":"Pen Nib"},{"floor":12,"key":"Centennial Puzzle"},{"floor":14,"key":"Nunchaku"},{"floor":23,"key":"Blue Candle"},{"floor":26,"key":"Frozen Egg 2"}],"event_choices":[{"damage_healed":0,"gold_gain":0,"player_choice":"Read","damage_taken":0,"max_hp_gain":0,"max_hp_loss":0,"event_name":"The Library","floor":21,"gold_loss":0,"cards_obtained":["Worship"]}],"is_beta":false,"boss_relics":[{"not_picked":["Runic Dome","Ectoplasm"],"picked":"SlaversCollar"}],"items_purged_floors":[13,19],"is_endless":false,"potions_floor_spawned":[2,4,5,12,14,16,23,24,27],"killed_by":"Slavers","ascension_level":5}}