{"host":"obbn5gje3893ci3z","time":1610782662,"event":{"mods":["BaseMod","CapriCore","Colored Powertips","Minty Spire (QoL Compilation)","StSLib","The Immortal"],"gold_per_floor":[112,130,130,148,162,162,237,237,237,81,97,108,135,135,135,135,135,135],"floor_reached":16,"language":"ZHS","playtime":1107,"items_purged":["MokouMod:Strike"],"score":107,"play_id":"43ff6c67-042c-45ba-b01b-b3d820adb9bd","local_time":"20210116153742","is_ascension_mode":true,"campfire_choices":[{"data":"MokouMod:Wildfire","floor":6.0,"key":"SMITH"},{"floor":8.0,"key":"REST"},{"data":"MokouMod:PhoenixForm","floor":15,"key":"SMITH"}],"circlet_count":0,"master_deck":["MokouMod:Strike","MokouMod:Strike","MokouMod:Defend","MokouMod:Defend","MokouMod:Defend","MokouMod:HeatSpark","MokouMod:Wildfire+1","MokouMod:ResonanceReactor","MokouMod:PhoenixForm+1","MokouMod:ScorchingColumn"],"relics":["MokouMod:PhoenixFeather","FossilizedHelix","Calipers"],"acts_visited":["Exordium"],"potions_floor_usage":[13,13],"damage_taken":[{"damage":4.0,"enemies":"Cultist","floor":1.0,"turns":4.0},{"damage":2.0,"enemies":"2 Louse","floor":2.0,"turns":3.0},{"damage":9.0,"enemies":"Small Slimes","floor":4.0,"turns":4.0},{"damage":17.0,"enemies":"3 Louse","floor":5.0,"turns":4.0},{"damage":7.0,"enemies":"Large Slime","floor":11.0,"turns":6.0},{"damage":3.0,"enemies":"Red Slaver","floor":12.0,"turns":5.0},{"damage":30,"enemies":"3 Sentries","floor":13,"turns":10},{"damage":64,"enemies":"Hexaghost","floor":16,"turns":12}],"seed_played":"-4168807831880950383","potions_obtained":[{"floor":1.0,"key":"Regen Potion"},{"floor":2.0,"key":"Ancient Potion"},{"floor":5.0,"key":"Block Potion"}],"is_trial":false,"path_per_floor":["M","M","?","M","M","R","?","R","T","$","M","M","E","?","R","B"],"character_chosen":"MKU","items_purchased":["MokouMod:ResonanceReactor"],"campfire_rested":1,"item_purchase_floors":[10],"current_hp_per_floor":[50,48,48,39,22,22,11,33,33,33,26,23,7,7,7,2,2,2],"gold":135,"neow_bonus":"REMOVE_TWO","is_daily":false,"chose_seed":false,"campfire_upgraded":2,"win_rate":0.0,"timestamp":1610782662,"path_taken":["M","M","?","?","M","R","?","R","T","$","M","M","E","?","R","BOSS"],"items_purchased_type":["Card"],"build_version":"2020-12-22","purchased_purges":1,"victory":false,"max_hp_per_floor":[75,75,75,75,75,75,75,75,75,75,75,75,75,75,75,75,75,75],"card_choices":[{"not_picked":["MokouMod:WarmUp","MokouMod:SearingShot","MokouMod:Singe"],"picked":"SKIP","floor":1.0},{"not_picked":["MokouMod:ThermalPressure","MokouMod:HeatCyclone","MokouMod:SearingShot"],"picked":"SKIP","floor":2.0},{"not_picked":["MokouMod:IndiscriminateIgnition","MokouMod:BlazingComet","MokouMod:Singe"],"picked":"SKIP","floor":4.0},{"not_picked":["MokouMod:RoaringFlare","MokouMod:BurningDraft"],"picked":"MokouMod:Wildfire","floor":5.0},{"not_picked":["MokouMod:WarmUp","MokouMod:Overheat"],"picked":"MokouMod:PhoenixForm","floor":11.0},{"not_picked":["MokouMod:Firecracker","MokouMod:HeatTransfer","MokouMod:Fireball"],"picked":"SKIP","floor":12.0},{"not_picked":["MokouMod:Fireball","MokouMod:EternalBurstReactor"],"picked":"MokouMod:ScorchingColumn","floor":13}],"player_experience":39595,"relics_obtained":[{"floor":9.0,"key":"FossilizedHelix"},{"floor":13,"key":"Calipers"}],"event_choices":[{"cards_removed":["MokouMod:Strike"],"damage_healed":0.0,"max_hp_gain":0.0,"max_hp_loss":0.0,"gold_gain":0.0,"event_name":"Bonfire Elementals","player_choice":"Offered Basic","floor":3.0,"gold_loss":0.0,"damage_taken":0.0},{"damage_healed":0.0,"max_hp_gain":0.0,"max_hp_loss":0.0,"gold_gain":75.0,"event_name":"World of Goop","player_choice":"Gather Gold","floor":7.0,"gold_loss":0.0,"damage_taken":11.0},{"damage_healed":0,"gold_gain":0,"player_choice":"Ignored","damage_taken":0,"max_hp_gain":0,"max_hp_loss":0,"event_name":"Golden Idol","floor":14,"gold_loss":0}],"is_beta":false,"boss_relics":[],"items_purged_floors":[10],"is_endless":false,"potions_floor_spawned":[1,2,5,11],"killed_by":"Hexaghost","ascension_level":1}}