{"host":"bw00wb7p5bw58om7","time":1610805201,"event":{"mods":["Act Like it!","BaseMod","Downfall","Gensokyo","Koishi","KomeijiMod","Marisa????????","Minty Spire (QoL Compilation)","Onozuka Komachi Mod","Permanent Neow","Prisma Mod","Reimu??????","Remilia??????","StSLib","The Senshi","The Servant 0.9.4"],"gold_per_floor":[116,133,133,133,61,111,111,145,216,216,236,249,249,300,300,455,455,487,49,84,84,84,84,132,147,198,211,55,55,80,100,100,195,195,214,233,233,243,243,271,271,299,326,326,357,357,373,401,401,421,421,421,94,109,109],"floor_reached":56,"language":"ENG","playtime":3077,"items_purged":[],"score":1830,"play_id":"030110ee-cace-4f7d-8ece-eaf602a064d9","local_time":"20210116135321","is_ascension_mode":true,"campfire_choices":[{"data":"DemonKingCradle","floor":7,"key":"SMITH"},{"data":"TransientEternity","floor":10,"key":"SMITH"},{"data":"RedMoon","floor":15,"key":"SMITH"},{"floor":23,"key":"RECALL"},{"data":"BatForm","floor":29,"key":"SMITH"},{"data":"UnderTheZenith","floor":32,"key":"SMITH"},{"data":"CharismaGuard","floor":44,"key":"SMITH"},{"floor":46,"key":"REST"},{"data":"ScarletMeister","floor":49,"key":"SMITH"},{"data":"MastersStateliness","floor":52,"key":"SMITH"}],"circlet_count":0,"master_deck":["Strike_RM","Strike_RM+1","Strike_RM","Strike_RM","Defend_RM","Defend_RM+1","Defend_RM","Defend_RM","RedMoon+1","ScarletShoot+1","DemonKingCradle+1","CharismaGuard+1","RedRainbow","FavorOfDestiny","DiffusionOfMisfortune","EternalNight","UnderTheZenith+1","UnderTheZenith+1","AfternoonTea+1","Stigmanizer","Injury","ReincarnationDial+1","ReincarnationDial+1","ScarletCoffin","Apotheosis+1","DiffusionOfMisfortune+1","BatForm+1","ReincarnationDial+1","Maim+1","Maim+1","ScarletDream+1","UnderTheZenith+1","AfternoonTea+1","BloodHunter+1","RedRainbow","ChaoticDestiny+1","ScarletMeister+1","MastersStateliness+1","Stigmanizer+1","BloodHunter+1","NightLord","Stigmanizer+1","UnstableMagic+1","VampireFantasy+1","BloodHunter+1","ScarletImprint+1"],"relics":["ScarletHat","Gensokyo:CelestialsFlawlessClothing","Boot","Happy Flower","Toxic Egg 2","Calipers","Mummified Hand","Black Star","MawBank","Bottled Tornado","War Paint","Bag of Preparation","Pen Nib","Orrery","HornCleat","theSenshi:FeatherClipsRelic","MealTicket","theSenshi:MoonKaleidoScopeRelic","AntiCross","Question Card","Gungnir","Strawberry","Bottled Flame","StoneCalendar","Omamori","CrazyTorch:ReiMu","Blood Vial","theSenshi:SailorFukuRelic","Oddly Smooth Stone","The Courier","Pear","Mastiff:ReiMu","Ornamental Fan","Pantograph"],"acts_visited":["Gensokyo:Gensokyo","Gensokyo:Gensokyoer","Gensokyo:Gensokyoest","TheEnding"],"potions_floor_usage":[8,8],"damage_taken":[{"damage":4,"enemies":"Gensokyo:Gryphon","floor":1,"turns":5},{"damage":8,"enemies":"Gensokyo:3_Fairies","floor":2,"turns":7},{"damage":92,"enemies":"Gensokyo:Cirno","floor":6,"turns":11},{"damage":2,"enemies":"Gensokyo:Aya","floor":8,"turns":4},{"damage":0,"enemies":"Gensokyo:2_Kodama","floor":11,"turns":3},{"damage":0,"enemies":"Gensokyo:Kitsune","floor":12,"turns":4},{"damage":20,"enemies":"Gensokyo:Mamizou","floor":14,"turns":8},{"damage":0,"enemies":"Gensokyo:Reimu","floor":16,"turns":7},{"damage":0,"enemies":"Gensokyo:2_Gloops","floor":18,"turns":3},{"damage":42,"enemies":"Gensokyo:CosmicMonolith","floor":20,"turns":3},{"damage":0,"enemies":"Gensokyo:Koishi","floor":24,"turns":7},{"damage":0,"enemies":"Gensokyo:Swordslinger","floor":25,"turns":3},{"damage":0,"enemies":"Gensokyo:Wraith","floor":27,"turns":2},{"damage":0,"enemies":"Gensokyo:Reisen","floor":30,"turns":3},{"damage":0,"enemies":"Gensokyo:3_Gloops","floor":31,"turns":4},{"damage":9,"enemies":"Gensokyo:Kaguya","floor":33,"turns":5},{"damage":10,"enemies":"Gensokyo:3_Boulders","floor":35,"turns":4},{"damage":0,"enemies":"Gensokyo:3_Bats","floor":36,"turns":5},{"damage":0,"enemies":"Gensokyo:Sharpion","floor":38,"turns":1},{"damage":23,"enemies":"Gensokyo:Doremy","floor":40,"turns":3},{"damage":10,"enemies":"Gensokyo:Kasen","floor":42,"turns":5},{"damage":52,"enemies":"Gensokyo:Doremy","floor":45,"turns":4},{"damage":0,"enemies":"Gensokyo:Rafflesia","floor":47,"turns":2},{"damage":26,"enemies":"Gensokyo:Kasen","floor":48,"turns":5},{"damage":0,"enemies":"Gensokyo:Scarlet_Devils","floor":50,"turns":7},{"damage":0,"enemies":"Shield and Spear","floor":54,"turns":5},{"damage":98,"enemies":"The Heart","floor":55,"turns":7}],"seed_played":"-7618726062927089152","potions_obtained":[{"floor":1,"key":"DestinyDice"},{"floor":6,"key":"AttackPotion"},{"floor":8,"key":"Explosive Potion"},{"floor":11,"key":"Dexterity Potion"},{"floor":11,"key":"LiquidBronze"},{"floor":12,"key":"SteroidPotion"}],"is_trial":false,"path_per_floor":["M","M","?","?","$","E","R","E","T","R","M","M","?","E","R","B",null,"M","$","M","$","T","R","E","M","T","M","COS","R","E","M","R","B",null,"M","M","?","M","?","E","T","E","T","R","E","R","M","E","R","B",null,"R","$","E","B",null],"character_chosen":"REMILIA","items_purchased":["EternalNight","Bottled Tornado","Apotheosis+1","Pear","Mastiff:ReiMu"],"campfire_rested":1,"item_purchase_floors":[5,19,19,53,53],"current_hp_per_floor":[71,63,63,45,45,66,66,64,64,64,64,64,64,44,44,44,75,75,75,33,33,33,33,37,37,37,37,37,37,45,55,55,66,75,75,75,75,75,45,49,49,54,54,54,10,34,63,47,47,79,82,82,92,92,25],"gold":109,"neow_bonus":"ONE_RANDOM_RARE_CARD","is_daily":false,"chose_seed":false,"campfire_upgraded":8,"win_rate":0.0,"timestamp":1610805201,"path_taken":["M","M","?","?","?","E","R","E","T","R","M","?","?","E","R","BOSS","M","$","M","?","?","R","E","M","T","M","COS","R","E","M","R","BOSS","M","M","?","M","?","E","?","E","T","R","E","R","M","E","R","BOSS","R","$","E","BOSS"],"items_purchased_type":["Card","Relic","Card","Relic","Relic"],"build_version":"2020-12-22","purchased_purges":0,"victory":true,"max_hp_per_floor":[75,75,75,75,75,75,75,75,75,75,75,75,75,75,75,75,75,75,75,75,75,75,75,75,75,75,75,75,75,75,75,75,75,75,75,75,75,75,75,82,82,82,82,82,82,82,82,82,82,82,82,82,92,92,92],"card_choices":[{"not_picked":["GlobalNightmare","RedRainbow"],"picked":"CharismaGuard","floor":1},{"not_picked":["LeisurelyOfLord","BloodHunter"],"picked":"RedRainbow","floor":2},{"not_picked":["BloodHunter","VampireSweep"],"picked":"FavorOfDestiny","floor":3},{"not_picked":["UnderTheZenith","EmergencyRegeneration"],"picked":"DiffusionOfMisfortune","floor":3},{"not_picked":["EmergencyRegeneration","DemonKingCradle"],"picked":"UnderTheZenith","floor":6},{"not_picked":["EternalNight","RedRainbow"],"picked":"TransientEternity","floor":8},{"not_picked":["EndlessAdversity","RedRainbow"],"picked":"UnderTheZenith","floor":8},{"not_picked":["DevilSight+1","EndlessAdversity"],"picked":"AfternoonTea+1","floor":11},{"not_picked":["BlasphemousPunishment+1","UltimateOffering"],"picked":"Stigmanizer","floor":12},{"not_picked":["BlasphemousPunishment+1","UnstableMagic+1"],"picked":"ReincarnationDial+1","floor":14},{"not_picked":["EndlessAdversity","BloodyTrap+1"],"picked":"ReincarnationDial+1","floor":14},{"not_picked":["HellCatastrophe","BloodyHallows+1"],"picked":"ScarletCoffin","floor":16},{"not_picked":["VampireSweep","RedRainbow+1"],"picked":"CharismaGuard","floor":18},{"not_picked":["MastersStateliness","EmergencyRegeneration+1"],"picked":"DiffusionOfMisfortune+1","floor":20},{"not_picked":["FavorOfDestiny+1","DiffusionOfMisfortune"],"picked":"BatForm","floor":24},{"not_picked":["EndlessAdversity+1","BlasphemousPunishment+1"],"picked":"ReincarnationDial+1","floor":25},{"not_picked":["GlobalNightmare+1","UnderTheZenith+1"],"picked":"Maim+1","floor":27},{"not_picked":["UltimateOffering","BloodAndWine+1"],"picked":"Maim+1","floor":28},{"not_picked":["Ultimatum+1","NightLord"],"picked":"ScarletDream+1","floor":28},{"not_picked":["BlasphemousPunishment+1","RedRainbow"],"picked":"UnderTheZenith+1","floor":28},{"not_picked":["FavorOfDestiny+1","Stigmanizer"],"picked":"AfternoonTea+1","floor":28},{"not_picked":["Stigmanizer+1","ScarletGensokyo+1"],"picked":"BloodHunter+1","floor":28},{"not_picked":["BlasphemousPunishment+1","EmergencyRegeneration+1"],"picked":"RedRainbow","floor":30},{"not_picked":["UltimateOffering+1","ScarletImprint"],"picked":"ChaoticDestiny+1","floor":31},{"not_picked":["BloodySeventeenLaser","EquivalentExchange"],"picked":"ScarletMeister","floor":33},{"not_picked":["BlasphemousPunishment+1","UnderTheZenith+1"],"picked":"MastersStateliness","floor":35},{"not_picked":["EndlessAdversity+1","RedRainbow"],"picked":"Stigmanizer+1","floor":36},{"not_picked":["FavorOfDestiny+1","NightLord+1","MastersStateliness"],"picked":"BloodHunter+1","floor":38},{"not_picked":["UnderTheZenith+1","DiffusionOfMisfortune","Maim+1"],"picked":"NightLord","floor":40},{"not_picked":["FavorOfDestiny+1","ScarletMeister","UltimateOffering+1"],"picked":"Stigmanizer+1","floor":42},{"not_picked":["EndlessAdversity","ScarletMeister","DiffusionOfMisfortune"],"picked":"UnstableMagic+1","floor":45},{"not_picked":["LeisurelyOfLord+1","BlasphemousPunishment+1","BloodHunter+1"],"picked":"VampireFantasy+1","floor":47},{"not_picked":["BloodyHallows+1","RedRainbow+1","FavorOfDestiny+1"],"picked":"BloodHunter+1","floor":48},{"not_picked":["BloodHunter+1","EndlessAdversity","ScarletSymphony+1"],"picked":"ScarletImprint+1","floor":54}],"player_experience":245058,"relics_obtained":[{"floor":6,"key":"Boot"},{"floor":8,"key":"Happy Flower"},{"floor":9,"key":"Toxic Egg 2"},{"floor":14,"key":"Mummified Hand"},{"floor":18,"key":"MawBank"},{"floor":24,"key":"War Paint"},{"floor":24,"key":"Bag of Preparation"},{"floor":26,"key":"Pen Nib"},{"floor":30,"key":"HornCleat"},{"floor":30,"key":"theSenshi:FeatherClipsRelic"},{"floor":31,"key":"MealTicket"},{"floor":35,"key":"AntiCross"},{"floor":36,"key":"Question Card"},{"floor":40,"key":"Strawberry"},{"floor":40,"key":"Bottled Flame"},{"floor":41,"key":"StoneCalendar"},{"floor":42,"key":"Omamori"},{"floor":42,"key":"CrazyTorch:ReiMu"},{"floor":43,"key":"Blood Vial"},{"floor":45,"key":"theSenshi:SailorFukuRelic"},{"floor":48,"key":"Oddly Smooth Stone"},{"floor":48,"key":"The Courier"},{"floor":54,"key":"Ornamental Fan"},{"floor":54,"key":"Pantograph"}],"event_choices":[],"is_beta":false,"boss_relics":[{"not_picked":["bronze:MakeshiftBattery","Busted Crown"],"picked":"Black Star"},{"not_picked":["Snecko Eye","Astrolabe"],"picked":"theSenshi:MoonKaleidoScopeRelic"}],"items_purged_floors":[],"is_endless":false,"potions_floor_spawned":[1,8,11,18,20,27,31,35,36,40,54],"ascension_level":1}}