{"host":"2se5dq1do2gp0x9k","time":1610765516,"event":{"mods":["AchievementEnabler","BaseMod","Block Reminder","Colored Map","Colored Powertips","Minty Spire (QoL Compilation)","Relic Stats","StSLib","SuperFastMode"],"gold_per_floor":[109,23,42,69,39,39,54,54,125,160,160,85,112,122,122,195,195,213,228,238,438,448,474,493,493,493],"floor_reached":25,"language":"ENG","playtime":909,"items_purged":["Strike_P"],"score":538,"play_id":"5f837899-6efd-4ed0-86e1-fef910ecfe88","local_time":"20210115185156","is_ascension_mode":true,"campfire_choices":[{"data":"WheelKick","floor":6,"key":"SMITH"},{"data":"Crescendo","floor":8,"key":"SMITH"},{"data":"Scrawl","floor":11,"key":"SMITH"},{"data":"Conclude","floor":15,"key":"SMITH"}],"circlet_count":0,"master_deck":["AscendersBane","Strike_P","Strike_P","Strike_P","Defend_P","Defend_P","Defend_P","Defend_P","Eruption","Vigilance","Scrawl+1","Conclude+1","WheelKick+1","ReachHeaven","Crescendo+1","Evaluate","Wireheading","FearNoEvil","Blasphemy","Vengeance+1"],"relics":["HolyWater","Blood Vial","Pear","Orichalcum","Calipers","Tiny Chest"],"acts_visited":["Exordium","TheCity"],"potions_floor_usage":[10,23,24],"damage_taken":[{"damage":0,"enemies":"Cultist","floor":1,"turns":2},{"damage":0,"enemies":"2 Louse","floor":3,"turns":2},{"damage":11,"enemies":"Small Slimes","floor":7,"turns":5},{"damage":32,"enemies":"Lagavulin","floor":10,"turns":6},{"damage":9,"enemies":"3 Sentries","floor":13,"turns":4},{"damage":4,"enemies":"Red Slaver","floor":14,"turns":3},{"damage":0,"enemies":"Slime Boss","floor":16,"turns":4},{"damage":0,"enemies":"2 Thieves","floor":18,"turns":1},{"damage":0,"enemies":"Spheric Guardian","floor":19,"turns":2},{"damage":18,"enemies":"Snake Plant","floor":20,"turns":2},{"damage":10,"enemies":"Centurion and Healer","floor":22,"turns":3},{"damage":41,"enemies":"Slavers","floor":23,"turns":5},{"damage":3,"enemies":"Shelled Parasite and Fungi","floor":24,"turns":2},{"damage":0,"enemies":"Gremlin Leader","floor":25,"turns":3}],"seed_played":"-8103240031156217504","potions_obtained":[{"floor":3,"key":"BottledMiracle"},{"floor":5,"key":"Regen Potion"},{"floor":13,"key":"Energy Potion"},{"floor":22,"key":"PowerPotion"}],"is_trial":false,"path_per_floor":["M","$","M","T","?","R","M","R","T","E","R","$","E","M","R","B",null,"M","M","M","?","M","E","M","E"],"character_chosen":"WATCHER","items_purchased":["WheelKick"],"campfire_rested":0,"item_purchase_floors":[2],"current_hp_per_floor":[61,61,61,61,61,61,52,52,62,44,44,44,37,35,35,37,68,70,72,56,56,48,9,8,10,10],"gold":493,"neow_bonus":"ONE_RANDOM_RARE_CARD","is_daily":false,"chose_seed":false,"campfire_upgraded":4,"win_rate":0.0,"timestamp":1610765516,"path_taken":["M","$","M","?","?","R","M","R","T","E","R","$","E","?","R","BOSS","M","?","M","?","M","E","?","E"],"items_purchased_type":["Card"],"build_version":"2020-12-22","purchased_purges":1,"victory":false,"max_hp_per_floor":[68,68,68,68,68,68,68,68,78,78,78,78,78,78,78,78,78,78,78,78,78,78,78,78,78,78],"relic_stats":{"Blood Vial":24,"counters":[14,44],"Tiny Chest":0,"Orichalcum":[48],"obtain_stats":[{"Blood Vial":4,"Pear":9,"Calipers":13,"HolyWater":17,"Tiny Chest":23,"PureWater":0,"Orichalcum":10},{"Blood Vial":2,"Pear":3,"Calipers":5,"HolyWater":7,"Tiny Chest":12,"PureWater":0,"Orichalcum":4},{"Blood Vial":4,"Pear":9,"Calipers":19,"HolyWater":26,"Tiny Chest":39,"PureWater":0,"Orichalcum":15}]},"card_choices":[{"not_picked":["ClearTheMind","FlurryOfBlows"],"picked":"Conclude","floor":1},{"not_picked":["Evaluate","EmptyFist"],"picked":"ReachHeaven","floor":3},{"not_picked":["Conclude","JustLucky"],"picked":"Crescendo","floor":7},{"not_picked":["Protect","CarveReality"],"picked":"Evaluate","floor":10},{"not_picked":["SignatureMove","Pray"],"picked":"Wireheading","floor":13},{"not_picked":["Evaluate","Wish"],"picked":"FearNoEvil","floor":14},{"not_picked":["Establishment","Alpha"],"picked":"Blasphemy","floor":16},{"not_picked":["EmptyBody","Study","Halt"],"picked":"SKIP","floor":18},{"not_picked":["Meditate","Wireheading","Tantrum"],"picked":"SKIP","floor":19},{"not_picked":["SignatureMove+1","Meditate","Protect"],"picked":"SKIP","floor":20},{"not_picked":["PathToVictory","Halt","BowlingBash"],"picked":"SKIP","floor":22},{"not_picked":["LessonLearned","WreathOfFlame"],"picked":"Vengeance+1","floor":23},{"not_picked":["Conclude","Weave","Vengeance"],"picked":"SKIP","floor":24}],"player_experience":3869050,"relics_obtained":[{"floor":4,"key":"Blood Vial"},{"floor":9,"key":"Pear"},{"floor":10,"key":"Orichalcum"},{"floor":13,"key":"Calipers"},{"floor":23,"key":"Tiny Chest"}],"event_choices":[{"damage_healed":0,"gold_gain":0,"player_choice":"Bought 2 Potions","damage_taken":0,"max_hp_gain":0,"max_hp_loss":0,"event_name":"The Woman in Blue","floor":5,"gold_loss":0},{"damage_healed":0,"gold_gain":250,"player_choice":"Bet on Owner","damage_taken":0,"max_hp_gain":0,"max_hp_loss":0,"event_name":"The Joust","floor":21,"gold_loss":50}],"is_beta":false,"boss_relics":[{"not_picked":["Coffee Dripper","Fusion Hammer"],"picked":"HolyWater"}],"items_purged_floors":[12],"is_endless":false,"potions_floor_spawned":[3,13,18,22],"killed_by":"Gremlin Leader","ascension_level":18}}