{"host":"qgrlfjrqk9z96gfi","time":1610820776,"event":{"mods":["BaseMod","Block Reminder","Colored Map","Custom Start","DeckTracker","Minty Spire (QoL Compilation)"],"gold_per_floor":[418,418,196,210,210,251,263,275,287,299,311,359,386,423,435,536,548,579,614,644,680,713,725,737,789,801,813,846,881,843,882,882,976,976,999,1017,1033,916,932,932,966,966,966,916,916,941,941,966,966,966,966],"floor_reached":52,"language":"ENG","playtime":1862,"items_purged":["Backstab","Phantasmal Killer","Terror","Infinite Blades"],"score":2753,"play_id":"29ccc9ce-a5e6-4da5-843d-4b311a354b7d","local_time":"20210116081256","is_ascension_mode":true,"campfire_choices":[{"data":"Apotheosis","floor":7,"key":"SMITH"},{"data":"1","floor":11,"key":"LIFT"},{"data":"2","floor":15,"key":"LIFT"},{"data":"3","floor":23,"key":"LIFT"},{"data":"Accuracy","floor":27,"key":"SMITH"},{"data":"Adrenaline","floor":32,"key":"SMITH"},{"data":"Finisher","floor":40,"key":"SMITH"},{"data":"After Image","floor":42,"key":"SMITH"},{"data":"Blade Dance","floor":47,"key":"SMITH"},{"data":"Cloak And Dagger","floor":49,"key":"SMITH"}],"circlet_count":0,"master_deck":["Apotheosis+1","Accuracy+1","Infinite Blades","After Image+1","Adrenaline+1","Cloak And Dagger+1","Cloak And Dagger+1","Blade Dance+1","Blade Dance+1","Finisher+1","Dagger Spray+1","Backstab+1","Endless Agony+1","Adrenaline+1","Die Die Die+1","Cloak And Dagger+1","Slice+1","Skewer+1","Phantasmal Killer+1","Leg Sweep+1","Malaise+1","Acrobatics+1","Terror+1","Blade Dance+1","Blur+1","Backflip+1","PiercingWail+1","Calculated Gamble+1","After Image"],"relics":["Ring of the Snake","Akabeko","Anchor","Ancient Tea Set","Bag of Marbles","Bag of Preparation","Bird Faced Urn","Black Star","Blood Vial","Bronze Scales","Calipers","CaptainsWheel","Centennial Puzzle","ClockworkSouvenir","Cursed Key","Darkstone Periapt","Du-Vu Doll","Eternal Feather","FossilizedHelix","Ginger","Girya","HandDrill","Happy Flower","HornCleat","Incense Burner","InkBottle","Kunai","Lantern","Lee\u0027s Waffle","Letter Opener","Lizard Tail","Mango","Matryoshka","MealTicket","Meat on the Bone","Membership Card","Mercury Hourglass","Molten Egg 2","Mummified Hand","Ninja Scroll","Nunchaku","Oddly Smooth Stone","Old Coin","Omamori","OrangePellets","Orichalcum","Ornamental Fan","Pantograph","Paper Crane","Pear","Pen Nib","Philosopher\u0027s Stone","Potion Belt","PreservedInsect","Regal Pillow","Runic Pyramid","Shovel","Shuriken","Singing Bowl","SlaversCollar","Sling","Smiling Mask","Strawberry","StrikeDummy","TheAbacus","Boot","The Courier","Thread and Needle","Tingsha","Tough Bandages","Toxic Egg 2","TungstenRod","TwistedFunnel","Toy Ornithopter","Turnip","Vajra","WristBlade","Golden Idol","War Paint","MawBank","Question Card","Dream Catcher","Bottled Lightning","Bottled Flame","Snake Skull","DollysMirror","Whetstone"],"acts_visited":["Exordium","TheCity","TheBeyond"],"potions_floor_usage":[51],"damage_taken":[{"damage":0,"enemies":"Small Slimes","floor":1,"turns":1},{"damage":0,"enemies":"Jaw Worm","floor":4,"turns":1},{"damage":0,"enemies":"Gremlin Nob","floor":6,"turns":1},{"damage":0,"enemies":"3 Sentries","floor":12,"turns":1},{"damage":0,"enemies":"Cultist","floor":13,"turns":1},{"damage":0,"enemies":"Looter","floor":14,"turns":1},{"damage":0,"enemies":"Hexaghost","floor":16,"turns":1},{"damage":0,"enemies":"2 Thieves","floor":18,"turns":1},{"damage":0,"enemies":"Shell Parasite","floor":19,"turns":1},{"damage":0,"enemies":"3 Cultists","floor":20,"turns":1},{"damage":0,"enemies":"Centurion and Healer","floor":21,"turns":1},{"damage":0,"enemies":"Snake Plant","floor":22,"turns":1},{"damage":0,"enemies":"Book of Stabbing","floor":25,"turns":1},{"damage":0,"enemies":"Chosen and Byrds","floor":28,"turns":1},{"damage":0,"enemies":"Snecko","floor":29,"turns":1},{"damage":0,"enemies":"Gremlin Leader","floor":31,"turns":1},{"damage":0,"enemies":"Champ","floor":33,"turns":2},{"damage":0,"enemies":"Orb Walker","floor":35,"turns":1},{"damage":0,"enemies":"3 Darklings","floor":36,"turns":1},{"damage":0,"enemies":"4 Shapes","floor":37,"turns":1},{"damage":0,"enemies":"Sphere and 2 Shapes","floor":39,"turns":1},{"damage":0,"enemies":"Nemesis","floor":41,"turns":1},{"damage":0,"enemies":"Giant Head","floor":45,"turns":1},{"damage":0,"enemies":"3 Darklings","floor":46,"turns":1},{"damage":0,"enemies":"Spire Growth","floor":48,"turns":1},{"damage":0,"enemies":"Donu and Deca","floor":50,"turns":2},{"damage":0,"enemies":"Awakened One","floor":51,"turns":3}],"seed_played":"-8705667329543267383","potions_obtained":[{"floor":4,"key":"Ancient Potion"},{"floor":6,"key":"Explosive Potion"},{"floor":19,"key":"Fire Potion"},{"floor":20,"key":"Swift Potion"},{"floor":24,"key":"CultistPotion"},{"floor":29,"key":"Fruit Juice"}],"is_trial":true,"path_per_floor":["M","?","$","M","?","E","R","?","T","?","R","E","M","M","R","B",null,"M","M","M","M","M","R","?","E","T","R","M","M","$","E","R","B",null,"M","M","M","$","M","R","E","R","T","$","E","M","R","M","R","B","B",null],"character_chosen":"THE_SILENT","items_purchased":["Adrenaline+1","Die Die Die+1","Cloak And Dagger+1","Infinite Blades","DollysMirror"],"campfire_rested":0,"item_purchase_floors":[3,3,3,3,38],"current_hp_per_floor":[104,104,104,104,94,94,94,94,94,94,94,94,96,96,96,96,96,96,98,100,100,100,100,100,100,100,100,102,102,102,104,104,106,106,106,106,108,108,110,110,112,112,112,112,114,116,116,118,118,118,123],"gold":966,"neow_bonus":"","is_daily":false,"chose_seed":false,"campfire_upgraded":7,"win_rate":0.0,"timestamp":1610820776,"path_taken":["M","?","$","M","?","E","R","?","T","?","R","E","M","?","R","BOSS","M","M","M","M","M","R","?","E","T","R","M","?","$","E","R","BOSS","M","M","M","$","M","R","E","R","T","$","E","M","R","M","R","BOSS","BOSS"],"items_purchased_type":["Card","Card","Card","Card","Relic"],"build_version":"2020-12-22","purchased_purges":4,"victory":true,"max_hp_per_floor":[104,104,104,104,94,94,94,94,94,94,94,94,96,96,96,96,96,96,98,100,100,100,100,100,100,100,100,102,102,102,104,104,106,106,106,106,108,108,110,110,112,112,112,112,114,116,116,118,118,118,123],"card_choices":[{"not_picked":["Bane+1","Well Laid Plans"],"picked":"Endless Agony+1","floor":1},{"not_picked":["Deadly Poison+1","Bane+1"],"picked":"Slice+1","floor":4},{"not_picked":["Bane+1","Eviscerate+1"],"picked":"Skewer+1","floor":6},{"not_picked":["Well Laid Plans","Reflex+1"],"picked":"Phantasmal Killer+1","floor":12},{"not_picked":["Flying Knee+1","Quick Slash+1","Deflect+1","Flechettes+1"],"picked":"Singing Bowl","floor":13},{"not_picked":["Prepared+1","Calculated Gamble+1","Poisoned Stab+1"],"picked":"Leg Sweep+1","floor":14},{"not_picked":["Storm of Steel+1","Venomology+1","Envenom"],"picked":"Malaise+1","floor":16},{"not_picked":["Prepared+1","Outmaneuver+1","Dagger Spray+1"],"picked":"Acrobatics+1","floor":18},{"not_picked":["Poisoned Stab+1","Acrobatics+1","Dodge and Roll+1","Bane+1"],"picked":"Singing Bowl","floor":19},{"not_picked":["A Thousand Cuts","Underhanded Strike+1","Flying Knee+1","Cloak And Dagger+1"],"picked":"Singing Bowl","floor":20},{"not_picked":["Choke+1","Underhanded Strike+1","Bane+1"],"picked":"Terror+1","floor":21},{"not_picked":["Crippling Poison+1","Poisoned Stab+1","Prepared+1"],"picked":"Blade Dance+1","floor":22},{"not_picked":["Infinite Blades+1","Prepared+1","Flying Knee+1"],"picked":"Blur+1","floor":25},{"not_picked":["Flechettes+1","Quick Slash+1","Prepared+1","Catalyst+1"],"picked":"Singing Bowl","floor":28},{"not_picked":["Caltrops","Catalyst+1","Leg Sweep+1"],"picked":"Backflip+1","floor":29},{"not_picked":["Caltrops","Skewer+1","Tactician+1","Quick Slash+1"],"picked":"Singing Bowl","floor":31},{"not_picked":["Night Terror+1","Wraith Form v2","Corpse Explosion+1","Doppelganger+1"],"picked":"Singing Bowl","floor":33},{"not_picked":["Tactician+1","Outmaneuver+1","All Out Attack+1"],"picked":"PiercingWail+1","floor":35},{"not_picked":["Dagger Throw+1","Quick Slash+1","Prepared+1"],"picked":"Calculated Gamble+1","floor":36},{"not_picked":["Dagger Throw+1","Terror+1","Quick Slash+1","Backstab+1"],"picked":"Singing Bowl","floor":37},{"not_picked":["Dagger Spray+1","Sucker Punch+1","Expertise+1","Backflip+1"],"picked":"Singing Bowl","floor":39},{"not_picked":["Noxious Fumes","Dagger Throw+1","Storm of Steel+1","Corpse Explosion+1"],"picked":"Singing Bowl","floor":41},{"not_picked":["Leg Sweep+1","Reflex+1","Blur+1","Slice+1"],"picked":"Singing Bowl","floor":45},{"not_picked":["PiercingWail+1","Backflip+1","Outmaneuver+1","Backstab+1"],"picked":"Singing Bowl","floor":46},{"not_picked":["Reflex+1","Noxious Fumes","Concentrate+1","Setup+1"],"picked":"Singing Bowl","floor":48}],"player_experience":1013182,"relics_obtained":[{"floor":6,"key":"War Paint"},{"floor":6,"key":"MawBank"},{"floor":12,"key":"Question Card"},{"floor":12,"key":"Dream Catcher"},{"floor":25,"key":"Bottled Lightning"},{"floor":25,"key":"Bottled Flame"},{"floor":31,"key":"Snake Skull"},{"floor":41,"key":"Whetstone"}],"event_choices":[{"damage_healed":0,"gold_gain":0,"player_choice":"Fled","damage_taken":0,"max_hp_gain":0,"max_hp_loss":0,"event_name":"Scrap Ooze","floor":2,"gold_loss":0},{"damage_healed":0,"gold_gain":0,"player_choice":"Lose Max HP","damage_taken":0,"relics_obtained":["Golden Idol"],"max_hp_gain":0,"max_hp_loss":10,"event_name":"Golden Idol","floor":5,"gold_loss":0},{"damage_healed":0,"gold_gain":0,"player_choice":"Ignored","damage_taken":0,"max_hp_gain":0,"max_hp_loss":0,"event_name":"Liars Game","floor":8,"gold_loss":0},{"cards_removed":["Endless Agony"],"damage_healed":0,"gold_gain":0,"player_choice":"Purged","damage_taken":0,"max_hp_gain":0,"max_hp_loss":0,"event_name":"Purifier","floor":10,"gold_loss":0},{"damage_healed":0,"gold_gain":0,"player_choice":"Got Potions","damage_taken":0,"max_hp_gain":0,"max_hp_loss":0,"event_name":"Lab","floor":24,"gold_loss":0}],"is_beta":false,"boss_relics":[{"not_picked":["SlaversCollar","Calling Bell","WristBlade"]},{"not_picked":["Sozu","Ring of the Serpent","SacredBark"]}],"items_purged_floors":[3,30,38,44],"is_endless":false,"potions_floor_spawned":[4,6,12,19,20,21,22,29,36,45,48],"ascension_level":20}}