{"host":"11728qvdvolffudn","time":1610835162,"event":{"mods":["BaseMod","Block Reminder","Colored Powertips","Curses Come First","Custom Start","Displayed Cursed Tome","Highlight Path","Minty Spire (QoL Compilation)","Permanent Neow","Quick Restart","Rare Cards Sparkle","Relic Stats","StSLib"],"gold_per_floor":[117,217,68,81,101,101,127,141,164,164,89,89,89,36,36,134,134,144,144,161,181,193,193,226,126,151,151,151,168,1,15,15,110,110,124,134,149,167,167,167,178,178,202,214,236,262,290,12,12,12],"floor_reached":51,"language":"ENG","playtime":5373,"items_purged":["Strike_B","Pain"],"score":621,"play_id":"506fb84b-8d97-4f44-a490-536a837e40c0","local_time":"20210116221242","is_ascension_mode":false,"campfire_choices":[{"data":"Chill","floor":6,"key":"SMITH"},{"data":"Defragment","floor":13,"key":"SMITH"},{"data":"Seek","floor":15,"key":"SMITH"},{"data":"Defragment","floor":23,"key":"SMITH"},{"data":"Zap","floor":28,"key":"SMITH"},{"data":"Apotheosis","floor":32,"key":"SMITH"},{"data":"Seek","floor":40,"key":"SMITH"},{"data":"Go for the Eyes","floor":42,"key":"SMITH"},{"data":"Chaos","floor":44,"key":"SMITH"},{"data":"Capacitor","floor":49,"key":"SMITH"}],"circlet_count":0,"master_deck":["Strike_B","Strike_B","Defend_B","Defend_B","Defend_B","Defend_B","Zap+1","Dualcast","Seek+1","Defragment+1","Reboot","Self Repair","Go for the Eyes+1","Melter","Chill+1","Melter","BootSequence","Coolheaded","Reboot","Defragment+1","Chaos+1","Apotheosis+1","Seek+1","White Noise+1","Chaos+1","Leap+1","Capacitor+1","Amplify"],"relics":["FrozenCore","Orrery","Happy Flower","Ancient Tea Set","Centennial Puzzle","Mercury Hourglass","Velvet Choker","WarpedTongs","Tiny Chest","PreservedInsect","Blood Vial","MawBank"],"acts_visited":["Exordium","TheCity","TheBeyond"],"potions_floor_usage":[7,7,33,38,46,50,50],"damage_taken":[{"damage":3,"enemies":"Small Slimes","floor":1,"turns":4},{"damage":2,"enemies":"Cultist","floor":4,"turns":4},{"damage":6,"enemies":"Jaw Worm","floor":5,"turns":4},{"damage":8,"enemies":"Lagavulin","floor":7,"turns":7},{"damage":2,"enemies":"Blue Slaver","floor":8,"turns":4},{"damage":17,"enemies":"The Guardian","floor":16,"turns":11},{"damage":0,"enemies":"3 Byrds","floor":18,"turns":8},{"damage":5,"enemies":"Shell Parasite","floor":20,"turns":3},{"damage":15,"enemies":"Shelled Parasite and Fungi","floor":21,"turns":4},{"damage":4,"enemies":"Snake Plant","floor":22,"turns":4},{"damage":19,"enemies":"Book of Stabbing","floor":24,"turns":7},{"damage":2,"enemies":"Snecko","floor":29,"turns":5},{"damage":0,"enemies":"Shelled Parasite and Fungi","floor":31,"turns":6},{"damage":27,"enemies":"Automaton","floor":33,"turns":11},{"damage":0,"enemies":"3 Darklings","floor":35,"turns":7},{"damage":15,"enemies":"3 Shapes","floor":36,"turns":5},{"damage":16,"enemies":"Writhing Mass","floor":37,"turns":7},{"damage":11,"enemies":"3 Darklings","floor":38,"turns":6},{"damage":8,"enemies":"Sphere and 2 Shapes","floor":41,"turns":4},{"damage":15,"enemies":"Spire Growth","floor":45,"turns":7},{"damage":0,"enemies":"Transient","floor":46,"turns":5},{"damage":1,"enemies":"Jaw Worm Horde","floor":47,"turns":6},{"damage":84,"enemies":"Awakened One","floor":50,"turns":21}],"seed_played":"-9027988773394494540","potions_obtained":[{"floor":1,"key":"Dexterity Potion"},{"floor":4,"key":"FearPotion"},{"floor":24,"key":"Fire Potion"},{"floor":29,"key":"Explosive Potion"},{"floor":31,"key":"ColorlessPotion"},{"floor":35,"key":"DistilledChaos"},{"floor":36,"key":"SteroidPotion"},{"floor":38,"key":"GamblersBrew"},{"floor":46,"key":"FocusPotion"},{"floor":47,"key":"FairyPotion"}],"is_trial":false,"path_per_floor":["M","?","$","M","M","R","E","M","T","?","$","T","R","$","R","B",null,"M","?","M","M","M","R","E","$","T","?","R","M","$","M","R","B",null,"M","M","M","M","$","R","M","R","T","R","M","M","M","$","R","B",null],"character_chosen":"DEFECT","items_purchased":["Orrery","Coolheaded","Apotheosis","Capacitor","Amplify","Ancient Potion"],"campfire_rested":0,"item_purchase_floors":[3,14,30,48,48,48],"current_hp_per_floor":[72,72,72,75,75,75,74,75,75,68,68,68,68,68,68,51,75,75,75,70,62,65,65,53,53,53,53,53,60,60,72,72,54,75,75,70,63,64,64,64,68,68,68,68,62,64,72,72,72,23],"gold":12,"neow_bonus":"TRANSFORM_CARD","is_daily":false,"chose_seed":false,"campfire_upgraded":10,"win_rate":0.0,"timestamp":1610835162,"path_taken":["M","?","$","?","?","R","E","M","T","?","?","?","R","$","R","BOSS","M","?","M","M","?","R","E","$","T","?","R","M","$","M","R","BOSS","M","M","M","M","$","R","M","R","T","R","M","M","M","$","R","BOSS"],"items_purchased_type":["Relic","Card","Card","Card","Card","Potion"],"build_version":"2020-12-22","purchased_purges":2,"victory":true,"max_hp_per_floor":[75,75,75,75,75,75,75,75,75,75,75,75,75,75,75,75,75,75,75,75,75,75,75,75,75,75,75,75,75,75,75,75,75,75,75,75,75,75,75,75,75,75,75,75,75,75,75,75,75,75],"relic_stats":{"Blood Vial":20,"Centennial Puzzle":[42],"Happy Flower":[43],"counters":[23,149],"Tiny Chest":0,"PreservedInsect":0,"MawBank":60,"obtain_stats":[{"Happy Flower":7,"Velvet Choker":17,"PreservedInsect":26,"Ancient Tea Set":9,"MawBank":43,"Mercury Hourglass":12,"WarpedTongs":19,"FrozenCore":34,"Blood Vial":27,"Centennial Puzzle":10,"Orrery":3,"Tiny Chest":24,"Cracked Core":0},{"Happy Flower":4,"Velvet Choker":6,"PreservedInsect":11,"Ancient Tea Set":5,"MawBank":19,"Mercury Hourglass":5,"WarpedTongs":7,"FrozenCore":14,"Blood Vial":11,"Centennial Puzzle":5,"Orrery":1,"Tiny Chest":11,"Cracked Core":0},{"Happy Flower":19,"Velvet Choker":34,"PreservedInsect":59,"Ancient Tea Set":23,"MawBank":110,"Mercury Hourglass":23,"WarpedTongs":41,"FrozenCore":81,"Blood Vial":59,"Centennial Puzzle":23,"Orrery":4,"Tiny Chest":59,"Cracked Core":0}],"FrozenCore":[8],"Mercury Hourglass":[488],"WarpedTongs":[47]},"card_choices":[{"not_picked":["Steam Power","Fusion"],"picked":"Defragment","floor":1},{"not_picked":["Skim","Blizzard"],"picked":"Reboot","floor":3},{"not_picked":["Beam Cell","Fusion"],"picked":"Self Repair","floor":3},{"not_picked":["Steam Power","Auto Shields"],"picked":"Go for the Eyes","floor":3},{"not_picked":["Leap","Conserve Battery"],"picked":"Melter","floor":4},{"not_picked":["Buffer","Rebound"],"picked":"Chill","floor":5},{"not_picked":["Sunder","Rip and Tear"],"picked":"Melter","floor":7},{"not_picked":["Streamline","Doom and Gloom"],"picked":"BootSequence","floor":8},{"not_picked":["Creative AI","Multi-Cast"],"picked":"Reboot","floor":16},{"not_picked":["Go for the Eyes","Hologram+1","Streamline"],"picked":"SKIP","floor":18},{"not_picked":["Coolheaded","Go for the Eyes+1","Hologram+1"],"picked":"SKIP","floor":20},{"not_picked":["Cold Snap","Redo"],"picked":"Defragment","floor":21},{"not_picked":["Rainbow","Darkness","Stack+1"],"picked":"SKIP","floor":22},{"not_picked":["Doom and Gloom","Core Surge"],"picked":"Chaos","floor":24},{"not_picked":["Beam Cell","Redo","Go for the Eyes"],"picked":"SKIP","floor":29},{"not_picked":["Steam","Hologram","Turbo+1"],"picked":"SKIP","floor":31},{"not_picked":["Multi-Cast","Fission"],"picked":"Seek","floor":33},{"not_picked":["Coolheaded+1","Blizzard"],"picked":"White Noise+1","floor":35},{"not_picked":["Beam Cell+1","Blizzard","Rebound"],"picked":"SKIP","floor":36},{"not_picked":["Tempest","Sweeping Beam+1","Hello World+1"],"picked":"SKIP","floor":37},{"not_picked":["Stack+1","Amplify"],"picked":"Chaos+1","floor":38},{"not_picked":["Heatsinks+1","BootSequence+1","Scrape"],"picked":"SKIP","floor":41},{"not_picked":["Go for the Eyes+1","Reprogram","Barrage"],"picked":"SKIP","floor":45},{"not_picked":["Gash+1","Coolheaded+1"],"picked":"Leap+1","floor":46},{"not_picked":["Gash","Stack","Compile Driver+1"],"picked":"SKIP","floor":47}],"player_experience":124280,"relics_obtained":[{"floor":7,"key":"Happy Flower"},{"floor":9,"key":"Ancient Tea Set"},{"floor":12,"key":"Mercury Hourglass"},{"floor":24,"key":"Tiny Chest"},{"floor":26,"key":"PreservedInsect"},{"floor":43,"key":"MawBank"}],"event_choices":[{"damage_healed":0,"gold_gain":100,"player_choice":"Pray","damage_taken":0,"max_hp_gain":0,"max_hp_loss":0,"event_name":"Golden Shrine","floor":2,"gold_loss":0},{"damage_healed":0,"gold_gain":0,"player_choice":"Success","damage_taken":7,"relics_obtained":["Centennial Puzzle"],"max_hp_gain":0,"max_hp_loss":0,"event_name":"Scrap Ooze","floor":10,"gold_loss":0},{"damage_healed":0,"gold_gain":0,"player_choice":"Rummage","damage_taken":0,"relics_obtained":["WarpedTongs"],"max_hp_gain":0,"max_hp_loss":0,"event_name":"Accursed Blacksmith","floor":19,"gold_loss":0,"cards_obtained":["Pain"]},{"damage_healed":0,"gold_gain":0,"player_choice":"Gave Potion","damage_taken":0,"relics_obtained":["Blood Vial"],"max_hp_gain":0,"max_hp_loss":0,"event_name":"WeMeetAgain","floor":27,"gold_loss":0}],"is_beta":false,"boss_relics":[{"not_picked":["Astrolabe","Black Star"],"picked":"Velvet Choker"},{"not_picked":["SacredBark","Busted Crown"],"picked":"FrozenCore"}],"items_purged_floors":[11,25],"is_endless":false,"potions_floor_spawned":[1,4,24,29,31,35,36,38,46,47],"ascension_level":0}}