{"host":"sian7qp8a9pc9xwd","time":1610783013,"event":{"mods":["BaseMod","Minty Spire (QoL Compilation)","StSLib","SuperFastMode"],"gold_per_floor":[112,132,57,57,57,91,91,106,106,120,138,57,57,138,138,242,292,312,332,347,363,56,56,72,104,104,203,68,100,100,100],"floor_reached":30,"language":"ENG","playtime":1218,"items_purged":["Defend_R"],"score":498,"play_id":"04e28cd2-8b17-4390-8f31-3c2a29a73631","local_time":"20210116024333","is_ascension_mode":true,"campfire_choices":[{"data":"Feed","floor":7.0,"key":"SMITH"},{"data":"Perfected Strike","floor":13.0,"key":"SMITH"},{"data":"Bash","floor":15.0,"key":"SMITH"},{"floor":23.0,"key":"REST"}],"circlet_count":0,"master_deck":["Strike_R","Strike_R","Strike_R","Strike_R","Strike_R","Defend_R","Defend_R","Defend_R","Bash+1","Perfected Strike+1","Armaments+1","Feed+1","Wild Strike","Shrug It Off+1","Disarm","Battle Trance","Berserk+1","Uppercut","Shrug It Off","Wild Strike","Inflame+1","Evolve+1","Perfected Strike","Wild Strike+1","Impervious","Dual Wield"],"relics":["Sozu","Frozen Egg 2","Ginger","Paper Frog","Tiny House","Lantern","Sling","Bottled Lightning","InkBottle","Ancient Tea Set"],"acts_visited":["Exordium","TheCity"],"potions_floor_usage":[],"damage_taken":[{"damage":4.0,"enemies":"Small Slimes","floor":1.0,"turns":3.0},{"damage":0.0,"enemies":"2 Louse","floor":2.0,"turns":2.0},{"damage":30.0,"enemies":"Gremlin Nob","floor":6.0,"turns":4.0},{"damage":1.0,"enemies":"Jaw Worm","floor":8.0,"turns":5.0},{"damage":8.0,"enemies":"Exordium Thugs","floor":10.0,"turns":5.0},{"damage":5.0,"enemies":"Gremlin Gang","floor":11.0,"turns":4.0},{"damage":0.0,"enemies":"Slime Boss","floor":16.0,"turns":6.0},{"damage":5.0,"enemies":"3 Byrds","floor":18.0,"turns":6.0},{"damage":36.0,"enemies":"2 Thieves","floor":19.0,"turns":4.0},{"damage":16.0,"enemies":"Sentry and Sphere","floor":20.0,"turns":4.0},{"damage":4.0,"enemies":"Centurion and Healer","floor":21.0,"turns":4.0},{"damage":14.0,"enemies":"Snake Plant","floor":24.0,"turns":3.0},{"damage":39.0,"enemies":"Gremlin Leader","floor":25.0,"turns":6.0},{"damage":11.0,"enemies":"Slavers","floor":29.0,"turns":5.0},{"damage":10,"enemies":"Cultist and Chosen","floor":30,"turns":4}],"seed_played":"-6710469506824824109","potions_obtained":[],"is_trial":false,"path_per_floor":["M","M","$","?","?","E","R","M","T","M","M","$","R","T","R","B",null,"M","M","M","M","$","R","M","E","T","?","$","E","M"],"character_chosen":"IRONCLAD","items_purchased":["Battle Trance","Lantern","Sling","Impervious"],"campfire_rested":1,"item_purchase_floors":[12,22,22,28],"current_hp_per_floor":[68,68,68,68,73,43,43,46,46,42,41,41,41,41,41,41,88,87,55,39,35,35,68,54,15,15,15,15,4,0,0],"gold":100,"neow_bonus":"BOSS_RELIC","is_daily":false,"chose_seed":false,"campfire_upgraded":3,"win_rate":0.0,"timestamp":1610783013,"path_taken":["M","M","$","?","?","E","R","?","T","M","M","$","R","?","R","BOSS","M","?","M","M","$","R","M","E","T","?","$","E","M"],"items_purchased_type":["Card","Relic","Relic","Card"],"build_version":"2020-12-22","purchased_purges":1,"victory":false,"max_hp_per_floor":[80,80,80,80,85,85,85,89,89,93,97,97,97,97,97,97,102,106,110,110,110,110,110,110,110,110,110,110,110,114,114],"card_choices":[{"not_picked":["Infernal Blade","Sword Boomerang"],"picked":"Perfected Strike","floor":1.0},{"not_picked":["Feel No Pain","Shockwave"],"picked":"Armaments","floor":2.0},{"not_picked":["Combust+1","Fire Breathing+1"],"picked":"Feed","floor":6.0},{"not_picked":["Hemokinesis","Havoc"],"picked":"Wild Strike","floor":8.0},{"not_picked":["Body Slam","Clothesline"],"picked":"Shrug It Off","floor":10.0},{"not_picked":["Clothesline","Body Slam"],"picked":"Disarm","floor":11.0},{"not_picked":["Corruption+1","Impervious"],"picked":"Berserk+1","floor":16.0},{"not_picked":["Heavy Blade","True Grit"],"picked":"Uppercut","floor":17.0},{"not_picked":["Battle Trance","Spot Weakness"],"picked":"Shrug It Off","floor":18.0},{"not_picked":["Clothesline","Twin Strike"],"picked":"Wild Strike","floor":19.0},{"not_picked":["Flex","Body Slam"],"picked":"Inflame+1","floor":20.0},{"not_picked":["Havoc","Cleave+1"],"picked":"Evolve+1","floor":21.0},{"not_picked":["Feel No Pain+1","Headbutt"],"picked":"Perfected Strike","floor":24.0},{"not_picked":["Brutality+1","Cleave"],"picked":"Wild Strike+1","floor":25.0},{"not_picked":["Twin Strike","Perfected Strike"],"picked":"Dual Wield","floor":29.0}],"player_experience":716445,"relics_obtained":[{"floor":6.0,"key":"Frozen Egg 2"},{"floor":9.0,"key":"Ginger"},{"floor":14.0,"key":"Paper Frog"},{"floor":25.0,"key":"Bottled Lightning"},{"floor":26.0,"key":"InkBottle"},{"floor":29.0,"key":"Ancient Tea Set"}],"event_choices":[{"damage_healed":0.0,"max_hp_gain":0.0,"max_hp_loss":0.0,"gold_gain":0.0,"event_name":"Living Wall","player_choice":"Grow","floor":4.0,"gold_loss":0.0,"damage_taken":0.0,"cards_upgraded":["Armaments"]},{"damage_healed":0.0,"max_hp_gain":5.0,"max_hp_loss":0.0,"gold_gain":0.0,"event_name":"Big Fish","player_choice":"Donut","floor":5.0,"gold_loss":0.0,"damage_taken":0.0},{"damage_healed":0.0,"max_hp_gain":0.0,"max_hp_loss":0.0,"gold_gain":99.0,"event_name":"Nest","player_choice":"Stole From Cult","floor":27.0,"gold_loss":0.0,"damage_taken":0.0}],"is_beta":false,"boss_relics":[{"not_picked":["Fusion Hammer","Velvet Choker"],"picked":"Tiny House"}],"items_purged_floors":[3],"is_endless":false,"potions_floor_spawned":[6,8,10,11,19,20,21,29],"killed_by":"Cultist and Chosen","ascension_level":8}}