{"host":"fghh6uc8siqeqraf","time":1610785502,"event":{"mods":["AchievementEnabler","BaseMod","Colored Powertips","Googly Eyes","Hermit","Lobotomy","Minty Spire (QoL Compilation)","Replay The Spire","Shop Mod","StSLib","The Cursed","The Hierophant"],"gold_per_floor":[109,123,136,136,156,81,95,95,95,110,120,140,158,192,192,295,295,309,384,401,416,416,416],"floor_reached":22,"language":"ZHS","playtime":1509,"items_purged":["Strike_R"],"score":219,"play_id":"093f09f2-f879-4efc-a8a2-237d145dfef9","local_time":"20210116162502","is_ascension_mode":false,"campfire_choices":[{"floor":15,"key":"REST"}],"circlet_count":0,"master_deck":["Strike_R","Strike_R","Strike_R","Strike_R","Defend_R","Defend_R","Defend_R","Defend_R","Bash","OldLady","True Grit","Mercenary","Combust","QueenBee","Combust","OSAHOGD","Shrug It Off","LittleHelper","Cleave","Alriune","Dual Wield","Porccubus","Cleave","SpiderBud","Armaments","Variant","Run Through","Scarecrow","Immolate","AbeCurse","Rudolta","ReplayTheSpireMod:Stacked+1","WallGazer","Whirlwind","BlackSwan","Sword Boomerang+1"],"relics":["Burning Blood","CogitoBucket","Kunai","AdjustmentMirror","Iron Hammer","Abe\u0027s Treasure","BackwardClock"],"acts_visited":["Exordium","TheCity"],"potions_floor_usage":[14,16,22,22],"damage_taken":[{"damage":0,"enemies":"Small Slimes","floor":1,"turns":3},{"damage":3,"enemies":"Cultist","floor":2,"turns":4},{"damage":1,"enemies":"2 Louse","floor":3,"turns":2},{"damage":21,"enemies":"Large Slime","floor":5,"turns":5},{"damage":0,"enemies":"Lots of Slimes","floor":7,"turns":1},{"damage":24,"enemies":"Blue Slaver","floor":10,"turns":5},{"damage":13,"enemies":"Gremlin Gang","floor":11,"turns":2},{"damage":4,"enemies":"2 Fungi Beasts","floor":12,"turns":3},{"damage":3,"enemies":"3 Louse","floor":13,"turns":3},{"damage":16,"enemies":"3 Sentries","floor":14,"turns":3},{"damage":33,"enemies":"Slime Boss","floor":16,"turns":7},{"damage":40,"enemies":"2 Thieves","floor":18,"turns":3},{"damage":31,"enemies":"Shell Parasite","floor":20,"turns":5},{"damage":19,"enemies":"Snecko","floor":21,"turns":4},{"damage":17,"enemies":"Snake Plant","floor":22,"turns":1}],"seed_played":"-1223060786740421334","potions_obtained":[{"floor":1,"key":"DuplicationPotion"},{"floor":11,"key":"SkillPotion"},{"floor":12,"key":"SteroidPotion"},{"floor":14,"key":"Reflective Coating"},{"floor":16,"key":"Energy Potion"}],"is_trial":false,"path_per_floor":["M","M","M","?","M","$","M","?","T","M","M","M","M","E","R","B",null,"M","?","M","M","M"],"character_chosen":"IRONCLAD","items_purchased":[],"campfire_rested":1,"item_purchase_floors":[],"current_hp_per_floor":[80,80,80,72,57,57,63,63,63,45,38,40,43,33,57,30,80,50,42,25,12,0,0],"gold":416,"neow_bonus":"","is_daily":false,"chose_seed":false,"campfire_upgraded":0,"win_rate":0.0,"timestamp":1610785502,"path_taken":["M","M","M","?","M","?","M","?","T","M","M","M","M","E","R","BOSS","M","?","M","M","?"],"items_purchased_type":[],"build_version":"2020-12-22","purchased_purges":1,"victory":false,"max_hp_per_floor":[80,80,80,80,80,80,80,80,80,80,80,80,80,80,80,80,80,80,80,80,80,80,80],"card_choices":[{"not_picked":["CherryBlossoms","OSAHOGD"],"picked":"OldLady","floor":1},{"not_picked":["Sword Boomerang","Massacre"],"picked":"True Grit","floor":1},{"not_picked":["MHz","CherryBlossoms"],"picked":"Mercenary","floor":2},{"not_picked":["Blood for Blood","Clash"],"picked":"Combust","floor":2},{"not_picked":["Murderer","OSAHOGD"],"picked":"QueenBee","floor":3},{"not_picked":["Heavy Blade","Replay:Undeath\u0027s Touch"],"picked":"Combust","floor":3},{"not_picked":["MHz","Scorched"],"picked":"OSAHOGD","floor":5},{"not_picked":["Perfected Strike","Clothesline"],"picked":"Shrug It Off","floor":5},{"not_picked":["MeatLantern","UniverseFragment"],"picked":"Rudolta","floor":7},{"not_picked":["Pommel Strike","True Grit"],"picked":"Warcry","floor":7},{"not_picked":["BigBadWolf","SpiderBud"],"picked":"LittleHelper","floor":10},{"not_picked":["Wild Strike","Rampage"],"picked":"Cleave","floor":10},{"not_picked":["QueenOfHatred","BeautyBeast"],"picked":"Alriune","floor":11},{"not_picked":["Ghostly Armor","Demonic Infusion"],"picked":"Dual Wield","floor":11},{"not_picked":["LaLuna","PunishingBird"],"picked":"Porccubus","floor":12},{"not_picked":["Wild Strike","Replay:Undeath\u0027s Touch"],"picked":"Cleave","floor":12},{"not_picked":["HappyTeddy","PunishingBird"],"picked":"SpiderBud","floor":13},{"not_picked":["Replay:Undeath\u0027s Touch","ReplayTheSpireMod:Strike From Hell"],"picked":"Armaments","floor":13},{"not_picked":["RedShoes","Wellcheers"],"picked":"Variant","floor":14},{"not_picked":["Feel No Pain","Ghostly Armor"],"picked":"Run Through","floor":14},{"not_picked":["Funeral","Murderer"],"picked":"Scarecrow","floor":16},{"not_picked":["Corruption","Demon Form"],"picked":"Immolate","floor":16},{"not_picked":["CherryBlossoms","Funeral"],"picked":"Rudolta","floor":18},{"not_picked":["Dropkick","Reckless Charge"],"picked":"ReplayTheSpireMod:Stacked+1","floor":18},{"not_picked":["UniverseFragment","Murderer"],"picked":"WallGazer","floor":20},{"not_picked":["Intimidate","Carnage"],"picked":"Whirlwind","floor":20},{"not_picked":["FairyFestival","BeautyBeast"],"picked":"BlackSwan","floor":21},{"not_picked":["Defy Death","ReplayReversal"],"picked":"Sword Boomerang+1","floor":21}],"player_experience":106390,"relics_obtained":[{"floor":9,"key":"Kunai"},{"floor":14,"key":"Iron Hammer"}],"event_choices":[{"damage_healed":0,"gold_gain":0,"player_choice":"Damaged","damage_taken":8,"max_hp_gain":0,"max_hp_loss":0,"event_name":"Wheel of Change","floor":4,"gold_loss":0},{"damage_healed":0,"gold_gain":75,"player_choice":"Touch","damage_taken":8,"max_hp_gain":0,"max_hp_loss":0,"event_name":"FaceTrader","floor":19,"gold_loss":0}],"is_beta":false,"boss_relics":[{"not_picked":["ChewingGum","Runic Dome"],"picked":"Abe\u0027s Treasure"}],"items_purged_floors":[6],"is_endless":false,"potions_floor_spawned":[1,11,12,14,16],"killed_by":"Snake Plant","ascension_level":0}}