{"host":"ymn6un3ro3vi042j","time":1610770469,"event":{"mods":["AchievementEnabler","Act Like it!","BaseMod","Bestiary","Better Third Choice","BetterRewards","Colored Map","Colored Powertips","Curses Come First","Dark Map","DeckTracker","Downfall","Highlight Path","Minty Spire (QoL Compilation)","Poor People Problems","Rare Cards Sparkle","StSLib","everything is the same but u backflip on backflip"],"gold_per_floor":[119,132,132,102,102,102,24,24,102,102,0,0,0,10,10,111,111,130,130,130,96,11,11,31,31,31,44,79,93,93,103,103,103,103],"floor_reached":33,"language":"ENG","playtime":1934,"items_purged":[],"score":303,"play_id":"e0ca8b5d-bb50-4bd8-8a17-f8cbb9418957","local_time":"20210115201429","is_ascension_mode":false,"campfire_choices":[{"floor":6,"key":"REST"},{"data":"Secret Weapon","floor":8,"key":"SMITH"},{"data":"Predator","floor":10,"key":"SMITH"},{"data":"Enlightenment","floor":12,"key":"SMITH"},{"data":"Infinite Blades","floor":15,"key":"SMITH"},{"data":"Ghostly","floor":23,"key":"SMITH"},{"data":"RitualDagger","floor":25,"key":"SMITH"},{"data":"Ghostly","floor":32,"key":"SMITH"}],"circlet_count":0,"master_deck":["Strike_G","Strike_G","Strike_G","Strike_G","Strike_G","Defend_G","Defend_G","Defend_G","Defend_G","Defend_G","Survivor","Neutralize","Secret Weapon+1","Terror+1","Predator+1","Burn","Accuracy","Enlightenment+1","Infinite Blades+1","After Image","CurseOfTheBell","Deflect","RitualDagger+1","Ghostly","Ghostly","Ghostly","Ghostly+1","Ghostly+1","Cloak And Dagger","Flying Knee","Predator","Footwork","Blade Dance"],"relics":["Ring of the Snake","betterThird:SlimedRelic","Darkstone Periapt","Calling Bell","Dream Catcher","Meat on the Bone","TungstenRod","Bag of Marbles","Mummified Hand","Happy Flower"],"acts_visited":["Exordium","TheCity"],"potions_floor_usage":[16,18,27,33,33],"damage_taken":[{"damage":5,"enemies":"Small Slimes","floor":1,"turns":5},{"damage":8,"enemies":"Jaw Worm","floor":2,"turns":2},{"damage":0,"enemies":"2 Louse","floor":14,"turns":2},{"damage":33,"enemies":"The Guardian","floor":16,"turns":7},{"damage":33,"enemies":"Spheric Guardian","floor":18,"turns":6},{"damage":0,"enemies":"2 Thieves","floor":21,"turns":5},{"damage":7,"enemies":"Centurion and Healer","floor":24,"turns":8},{"damage":12,"enemies":"Snake Plant","floor":27,"turns":7},{"damage":0,"enemies":"Book of Stabbing","floor":28,"turns":7},{"damage":0,"enemies":"3 Cultists","floor":29,"turns":7},{"damage":7,"enemies":"Shelled Parasite and Fungi","floor":31,"turns":6},{"damage":44,"enemies":"Automaton","floor":33,"turns":6}],"seed_played":"7180891934609102920","potions_obtained":[{"floor":1,"key":"ColorlessPotion"},{"floor":16,"key":"bronze:BurnAndBuffPotion"},{"floor":21,"key":"Swift Potion"},{"floor":24,"key":"Regen Potion"},{"floor":28,"key":"Fire Potion"},{"floor":29,"key":"SkillPotion"}],"is_trial":false,"path_per_floor":["M","M","?","?","?","R","$","R","T","R","?","R","$","M","R","B",null,"M","?","?","M","?","R","M","R","T","M","E","M","?","M","R","B"],"character_chosen":"THE_SILENT","items_purchased":["Accuracy"],"campfire_rested":1,"item_purchase_floors":[7],"current_hp_per_floor":[58,50,50,39,39,57,57,57,57,57,63,63,63,63,63,30,75,42,37,37,37,37,37,30,30,30,32,32,32,37,30,30,0,0],"gold":103,"neow_bonus":"RANDOM_COLORLESS_2","is_daily":false,"chose_seed":false,"campfire_upgraded":7,"win_rate":0.0,"timestamp":1610770469,"path_taken":["M","M","?","?","?","R","?","R","T","R","?","R","?","M","R","BOSS","M","?","?","M","?","R","M","R","T","M","E","M","?","?","R","BOSS"],"items_purchased_type":["Card"],"build_version":"2020-12-22","purchased_purges":0,"victory":false,"max_hp_per_floor":[63,63,63,63,63,63,63,63,63,63,69,69,69,69,69,69,75,75,75,37,37,37,37,37,37,37,37,37,37,37,37,37,37,37],"card_choices":[{"not_picked":["Chrysalis","Transmutation"],"picked":"Secret Weapon","floor":0},{"not_picked":["Skewer","Distraction"],"picked":"Terror","floor":1},{"not_picked":["Outmaneuver","Quick Slash"],"picked":"Predator","floor":2},{"not_picked":["Slice","Reflex"],"picked":"Infinite Blades","floor":14},{"not_picked":["Die Die Die","Tools of the Trade"],"picked":"After Image","floor":16},{"not_picked":["Masterful Stab","Bane"],"picked":"Deflect","floor":18},{"not_picked":["Backstab","Reflex"],"picked":"Cloak And Dagger","floor":21},{"not_picked":["Sucker Punch","Riddle With Holes"],"picked":"Flying Knee","floor":24},{"not_picked":["Prepared","Dagger Throw"],"picked":"Predator","floor":27},{"not_picked":["Bullet Time","Tools of the Trade"],"picked":"Footwork","floor":28},{"not_picked":["Bane","Expertise"],"picked":"Leg Sweep","floor":29},{"not_picked":["Underhanded Strike+1","Dodge and Roll"],"picked":"Blade Dance","floor":31}],"player_experience":31705,"relics_obtained":[{"floor":9,"key":"Darkstone Periapt"},{"floor":17,"key":"Dream Catcher"},{"floor":17,"key":"Meat on the Bone"},{"floor":17,"key":"TungstenRod"},{"floor":26,"key":"Mummified Hand"},{"floor":28,"key":"Happy Flower"}],"event_choices":[{"damage_healed":50,"gold_gain":0,"player_choice":"Embrace Burn","damage_taken":0,"max_hp_gain":0,"max_hp_loss":63,"event_name":"betterThird:BetterShining","floor":3,"gold_loss":0},{"damage_healed":0,"gold_gain":0,"player_choice":"Slimed","damage_taken":11,"max_hp_gain":0,"max_hp_loss":0,"event_name":"betterThird:BetterGoop","floor":4,"gold_loss":30},{"damage_healed":0,"gold_gain":0,"player_choice":"Grow","damage_taken":0,"max_hp_gain":0,"max_hp_loss":0,"event_name":"Living Wall","floor":5,"gold_loss":0,"cards_upgraded":["Terror"]},{"damage_healed":0,"gold_gain":0,"player_choice":"RENOUNCE","damage_taken":102,"max_hp_gain":0,"max_hp_loss":0,"event_name":"betterThird:BetterSerpent","floor":11,"gold_loss":102,"cards_obtained":["Enlightenment"]},{"damage_healed":0,"gold_gain":0,"player_choice":"Dagger","damage_taken":6,"max_hp_gain":0,"max_hp_loss":0,"event_name":"betterThird:BetterNest","floor":19,"gold_loss":0,"cards_obtained":["RitualDagger"]},{"damage_healed":0,"gold_gain":0,"player_choice":"Became a Ghost","damage_taken":0,"max_hp_gain":0,"max_hp_loss":38,"event_name":"Ghosts","floor":20,"gold_loss":0,"cards_obtained":["Ghostly","Ghostly","Ghostly","Ghostly","Ghostly"]},{"damage_healed":0,"gold_gain":0,"player_choice":"Obtained Relic","damage_taken":0,"relics_obtained":["Bag of Marbles"],"max_hp_gain":0,"max_hp_loss":0,"event_name":"Addict","floor":22,"gold_loss":85},{"cards_removed":["Leg Sweep"],"damage_healed":5,"gold_gain":0,"player_choice":"Offered Uncommon","damage_taken":0,"max_hp_gain":0,"max_hp_loss":0,"event_name":"Bonfire Elementals","floor":30,"gold_loss":0}],"is_beta":false,"boss_relics":[{"not_picked":["Philosopher\u0027s Stone","Snecko Eye"],"picked":"Calling Bell"}],"items_purged_floors":[],"is_endless":false,"potions_floor_spawned":[1,16,21,24,28,29],"killed_by":"Automaton","ascension_level":0}}