{"host":"6r3ioyv75hs1gp74","time":1610784715,"event":{"mods":["AchievementEnabler","Act Like it!","BaseMod","Better Sensory Stone","Better Third Choice","Block Reminder","Colored Map","Colored Powertips","Curses Come First","Minty Spire (QoL Compilation)","StSLib"],"gold_per_floor":[111,131,131,57,76,121,121,156,182,7,24,36,63,63,63,159,159,170,181,280,355,19,45,45,58,58,58,11,40,40,51,51,148,148,161,176,176,195,1194,1194,1194],"floor_reached":40,"language":"ENG","playtime":3592,"items_purged":["Strike_G"],"score":516,"play_id":"cd8b78cd-d954-470f-9ee1-729bc8de7e53","local_time":"20210116081155","is_ascension_mode":true,"campfire_choices":[{"data":"Infinite Blades","floor":7,"key":"SMITH"},{"data":"Neutralize","floor":15,"key":"SMITH"},{"floor":24,"key":"REST"},{"data":"Flying Knee","floor":27,"key":"SMITH"},{"floor":30,"key":"RECALL"},{"data":"Catalyst","floor":32,"key":"SMITH"}],"circlet_count":0,"master_deck":["Strike_G","Strike_G","Strike_G+1","Strike_G","Defend_G","Defend_G","Defend_G","Defend_G","Defend_G","Survivor","Neutralize+1","Envenom+1","Poisoned Stab+1","Poisoned Stab","Dodge and Roll","Flying Knee+1","Endless Agony","Infinite Blades+1","Finisher","Slice","Catalyst+1","Backflip","Dagger Throw","Corpse Explosion","Poisoned Stab","Well Laid Plans+1","Accuracy","Glass Knife","Flying Knee+1","Dagger Spray","Good Instincts","Envenom","Bane","Bandage Up","Discovery","Backflip+1","Normality","Normality"],"relics":["Ring of the Snake","Whetstone","Strawberry","Centennial Puzzle","Eternal Feather","HoveringKite","Membership Card","Pen Nib","Bottled Flame","Art of War","Meat on the Bone","SacredBark"],"acts_visited":["Exordium","TheCity","TheBeyond"],"potions_floor_usage":[6,8,11,13,18,29,33,36,40],"damage_taken":[{"damage":12,"enemies":"Jaw Worm","floor":1,"turns":5},{"damage":0,"enemies":"2 Louse","floor":2,"turns":3},{"damage":0,"enemies":"Small Slimes","floor":5,"turns":3},{"damage":3,"enemies":"Gremlin Nob","floor":6,"turns":4},{"damage":18,"enemies":"Lagavulin","floor":8,"turns":5},{"damage":4,"enemies":"Gremlin Gang","floor":11,"turns":2},{"damage":7,"enemies":"Large Slime","floor":12,"turns":3},{"damage":14,"enemies":"3 Sentries","floor":13,"turns":5},{"damage":19,"enemies":"Slime Boss","floor":16,"turns":10},{"damage":8,"enemies":"3 Byrds","floor":18,"turns":3},{"damage":18,"enemies":"Spheric Guardian","floor":19,"turns":5},{"damage":30,"enemies":"Gremlin Leader","floor":23,"turns":5},{"damage":10,"enemies":"Cultist and Chosen","floor":25,"turns":3},{"damage":33,"enemies":"Book of Stabbing","floor":29,"turns":5},{"damage":13,"enemies":"3 Cultists","floor":31,"turns":3},{"damage":39,"enemies":"Champ","floor":33,"turns":8},{"damage":23,"enemies":"3 Darklings","floor":35,"turns":5},{"damage":22,"enemies":"Orb Walker","floor":36,"turns":4},{"damage":18,"enemies":"4 Shapes","floor":38,"turns":3},{"damage":82,"enemies":"Giant Head","floor":40,"turns":7}],"seed_played":"4639146996096542139","potions_obtained":[{"floor":1,"key":"Poison Potion"},{"floor":5,"key":"ColorlessPotion"},{"floor":6,"key":"EssenceOfSteel"},{"floor":8,"key":"DistilledChaos"},{"floor":16,"key":"LiquidBronze"},{"floor":23,"key":"BlessingOfTheForge"},{"floor":25,"key":"Weak Potion"},{"floor":35,"key":"Regen Potion"},{"floor":38,"key":"SteroidPotion"}],"is_trial":false,"path_per_floor":["M","M","?","$","M","E","R","E","T","$","M","M","E","?","R","B",null,"M","M","?","?","$","E","R","M","T","R","$","E","R","M","R","B",null,"M","M","?","M","?","E"],"character_chosen":"THE_SILENT","items_purchased":["Dodge and Roll","Flying Knee","Centennial Puzzle","Slice","Membership Card","Accuracy","Pen Nib","Glass Knife","Good Instincts"],"campfire_rested":1,"item_purchase_floors":[4,4,10,10,22,22,22,22,28],"current_hp_per_floor":[51,51,51,51,51,48,48,37,37,37,33,26,12,35,47,28,70,62,44,44,37,37,7,43,33,33,51,51,18,36,35,53,26,70,47,59,59,45,45,0,0],"gold":1194,"neow_bonus":"THREE_RARE_CARDS","is_daily":false,"chose_seed":false,"campfire_upgraded":4,"win_rate":0.0,"timestamp":1610784715,"path_taken":["M","M","?","$","M","E","R","E","T","$","M","M","E","?","R","BOSS","M","M","?","?","$","E","R","M","T","R","$","E","R","M","R","BOSS","M","?","?","M","?","E"],"items_purchased_type":["Card","Card","Relic","Card","Relic","Card","Relic","Card","Card"],"build_version":"2020-12-22","purchased_purges":1,"victory":false,"max_hp_per_floor":[63,63,63,63,63,63,63,70,70,70,70,70,70,70,70,70,70,70,70,70,70,70,70,70,70,70,70,70,70,70,70,70,70,70,70,70,70,70,70,70,70],"card_choices":[{"not_picked":["Doppelganger","Wraith Form v2"],"picked":"Envenom","floor":0},{"not_picked":["Eviscerate","Riddle With Holes"],"picked":"Poisoned Stab","floor":1},{"not_picked":["Flying Knee","Deflect"],"picked":"Poisoned Stab","floor":2},{"not_picked":["Deflect","Riddle With Holes"],"picked":"Endless Agony","floor":5},{"not_picked":["All Out Attack","Blur"],"picked":"Infinite Blades","floor":6},{"not_picked":["Skewer","Underhanded Strike"],"picked":"Finisher","floor":8},{"not_picked":["Terror","Footwork"],"picked":"Catalyst","floor":11},{"not_picked":["Prepared","Deadly Poison"],"picked":"Backflip","floor":12},{"not_picked":["Catalyst","Riddle With Holes"],"picked":"Dagger Throw","floor":13},{"not_picked":["Envenom","A Thousand Cuts"],"picked":"Corpse Explosion","floor":16},{"not_picked":["Tactician","Quick Slash"],"picked":"Poisoned Stab","floor":18},{"not_picked":["Reflex","Leg Sweep+1"],"picked":"Well Laid Plans+1","floor":19},{"not_picked":["Tactician+1","Choke"],"picked":"Flying Knee+1","floor":23},{"not_picked":["Underhanded Strike","Prepared"],"picked":"Dagger Spray","floor":25},{"not_picked":["Glass Knife","Deadly Poison+1","Infinite Blades"],"picked":"SKIP","floor":29},{"not_picked":["Heel Hook","Crippling Poison+1","Poisoned Stab+1"],"picked":"SKIP","floor":31},{"not_picked":["Bullet Time","Night Terror"],"picked":"Envenom","floor":33},{"not_picked":["Flying Knee","Eviscerate"],"picked":"Bane","floor":35},{"not_picked":["Sucker Punch+1","Slice","Poisoned Stab+1"],"picked":"SKIP","floor":36},{"not_picked":["Mind Blast","Madness"],"picked":"Bandage Up","floor":37},{"not_picked":["Mayhem","The Bomb"],"picked":"Discovery","floor":37},{"not_picked":["Heel Hook+1","Crippling Poison+1"],"picked":"Backflip+1","floor":38}],"player_experience":83641,"relics_obtained":[{"floor":6,"key":"Whetstone"},{"floor":8,"key":"Strawberry"},{"floor":13,"key":"Eternal Feather"},{"floor":23,"key":"Bottled Flame"},{"floor":26,"key":"Art of War"},{"floor":29,"key":"Meat on the Bone"}],"event_choices":[{"damage_healed":0,"gold_gain":0,"player_choice":"Grow","damage_taken":0,"max_hp_gain":0,"max_hp_loss":0,"event_name":"Living Wall","floor":3,"gold_loss":0,"cards_upgraded":["Envenom"]},{"damage_healed":23,"gold_gain":0,"player_choice":"Banana","damage_taken":0,"max_hp_gain":0,"max_hp_loss":0,"event_name":"Big Fish","floor":14,"gold_loss":0},{"damage_healed":0,"gold_gain":99,"player_choice":"Steal","damage_taken":0,"max_hp_gain":0,"max_hp_loss":0,"event_name":"betterThird:BetterNest","floor":20,"gold_loss":0},{"damage_healed":0,"gold_gain":75,"player_choice":"Touch","damage_taken":7,"max_hp_gain":0,"max_hp_loss":0,"event_name":"FaceTrader","floor":21,"gold_loss":0},{"damage_healed":0,"gold_gain":3,"player_choice":"1","damage_taken":0,"max_hp_gain":0,"max_hp_loss":0,"event_name":"betterStone:BetterStone","floor":37,"gold_loss":0},{"damage_healed":0,"gold_gain":999,"player_choice":"Gold","damage_taken":0,"max_hp_gain":0,"max_hp_loss":0,"event_name":"MindBloom","floor":39,"gold_loss":0,"cards_obtained":["Normality","Normality"]}],"is_beta":false,"boss_relics":[{"not_picked":["Pandora\u0027s Box","Snecko Eye"],"picked":"HoveringKite"},{"not_picked":["Empty Cage","Runic Pyramid"],"picked":"SacredBark"}],"items_purged_floors":[22],"is_endless":false,"potions_floor_spawned":[1,5,6,8,16,23,25,35,38],"killed_by":"Giant Head","ascension_level":1}}