{"host":"s3s7xsmblwiz356v","time":1610810850,"event":{"mods":["AchievementEnabler","BaseMod","Block Reminder","Colored Map","Colored Powertips","Minty Spire (QoL Compilation)"],"gold_per_floor":[113,129,141,141,19,54,54,82,82,98,98,118,118,147,147,222,222,238,176,193,203,219,247,264,23,23,52,52,52,71,101,101,101,101],"floor_reached":33,"language":"ENG","playtime":2299,"items_purged":["Strike_G"],"score":660,"play_id":"50c50ad0-bc12-4aef-a911-323d6ef77c0c","local_time":"20210116102730","is_ascension_mode":true,"campfire_choices":[{"data":"Dash","floor":7.0,"key":"SMITH"},{"data":"Neutralize","floor":13,"key":"SMITH"},{"data":"A Thousand Cuts","floor":15,"key":"SMITH"},{"data":"Adrenaline","floor":28,"key":"SMITH"},{"data":"Ghostly","floor":32,"key":"SMITH"}],"circlet_count":0,"master_deck":["AscendersBane","Strike_G","Strike_G","Strike_G","Defend_G","Defend_G","Defend_G","Defend_G","Defend_G","Survivor","Neutralize+1","Dash+1","All Out Attack","Dagger Spray+1","Terror","Backflip","Dagger Spray+1","Endless Agony+1","A Thousand Cuts+1","PiercingWail","Sucker Punch+1","Adrenaline+1","Well Laid Plans","Dagger Throw+1","Backstab+1","Blade Dance","Good Instincts","Leg Sweep","Ghostly","Ghostly+1","Ghostly","Cloak And Dagger","Bullet Time"],"relics":["Ring of the Snake","NeowsBlessing","Molten Egg 2","Question Card","Meat on the Bone","Pen Nib","SlaversCollar","Omamori","Ninja Scroll","The Specimen","Nunchaku","Kunai"],"acts_visited":["Exordium","TheCity"],"potions_floor_usage":[16,22,23,27],"damage_taken":[{"damage":0.0,"enemies":"2 Louse","floor":1.0,"turns":1.0},{"damage":0.0,"enemies":"Small Slimes","floor":2.0,"turns":1.0},{"damage":0.0,"enemies":"Cultist","floor":3.0,"turns":1.0},{"damage":2.0,"enemies":"Lagavulin","floor":6.0,"turns":6.0},{"damage":0.0,"enemies":"3 Sentries","floor":8.0,"turns":5.0},{"damage":0,"enemies":"Lots of Slimes","floor":10,"turns":1},{"damage":0,"enemies":"Large Slime","floor":12,"turns":5},{"damage":11,"enemies":"Lagavulin","floor":14,"turns":7},{"damage":19,"enemies":"Hexaghost","floor":16,"turns":9},{"damage":0,"enemies":"2 Thieves","floor":18,"turns":3},{"damage":0,"enemies":"3 Byrds","floor":20,"turns":3},{"damage":31,"enemies":"Shelled Parasite and Fungi","floor":21,"turns":4},{"damage":7,"enemies":"Snecko","floor":22,"turns":6},{"damage":0,"enemies":"Gremlin Leader","floor":23,"turns":5},{"damage":0,"enemies":"Sentry and Sphere","floor":24,"turns":3},{"damage":8,"enemies":"Book of Stabbing","floor":27,"turns":4},{"damage":11,"enemies":"Snake Plant","floor":30,"turns":6},{"damage":19,"enemies":"Slavers","floor":31,"turns":5},{"damage":16,"enemies":"Collector","floor":33,"turns":3}],"seed_played":"-8641394884896703889","potions_obtained":[{"floor":2.0,"key":"DistilledChaos"},{"floor":6.0,"key":"Energy Potion"},{"floor":8.0,"key":"Explosive Potion"},{"floor":12,"key":"Poison Potion"},{"floor":21,"key":"DistilledChaos"},{"floor":22,"key":"PowerPotion"},{"floor":27,"key":"Energy Potion"}],"is_trial":false,"path_per_floor":["M","M","M","?","$","E","R","E","T","M","?","M","R","E","R","B",null,"M","?","M","M","M","E","M","$","T","E","R","?","M","E","R","B"],"character_chosen":"THE_SILENT","items_purchased":["Dagger Spray+1","Terror","Good Instincts","Leg Sweep"],"campfire_rested":0,"item_purchase_floors":[5,5,25,25],"current_hp_per_floor":[59,59,59,54,54,52,52,52,52,52,52,52,52,41,41,34,58,58,58,58,39,44,44,44,44,44,36,36,33,22,15,15,0,0],"gold":101,"neow_bonus":"THREE_ENEMY_KILL","is_daily":false,"chose_seed":false,"campfire_upgraded":5,"win_rate":0.0,"timestamp":1610810850,"path_taken":["M","M","M","?","$","E","R","E","T","M","?","M","R","E","R","BOSS","M","?","M","M","M","E","?","$","T","E","R","?","M","E","R","BOSS"],"items_purchased_type":["Card","Card","Card","Card"],"build_version":"2020-12-22","purchased_purges":1,"victory":false,"max_hp_per_floor":[66,66,66,66,66,66,66,66,66,66,66,66,66,66,66,66,66,66,66,66,66,66,66,66,66,66,66,66,33,33,33,33,33,33],"card_choices":[{"not_picked":["Prepared","Bane","Finisher"],"picked":"SKIP","floor":1.0},{"not_picked":["Heel Hook","Deflect"],"picked":"Dash","floor":2.0},{"not_picked":["Concentrate","Slice"],"picked":"All Out Attack","floor":3.0},{"not_picked":["Dagger Throw+1","Outmaneuver"],"picked":"Backflip","floor":6.0},{"not_picked":["Finisher+1","Underhanded Strike+1","Poisoned Stab+1"],"picked":"Dagger Spray+1","floor":8.0},{"not_picked":["Dash+1","Underhanded Strike+1","Choke+1"],"picked":"Endless Agony+1","floor":10},{"not_picked":["Deflect","Caltrops","Skewer+1"],"picked":"PiercingWail","floor":12},{"not_picked":["Dagger Spray+1","Backflip","Dodge and Roll"],"picked":"Sucker Punch+1","floor":14},{"not_picked":["A Thousand Cuts","Glass Knife+1","Envenom"],"picked":"Adrenaline","floor":16},{"not_picked":["PiercingWail","Flying Knee+1","Acrobatics"],"picked":"Well Laid Plans","floor":18},{"not_picked":["Bouncing Flask+1","Bane+1","Poisoned Stab+1","Flying Knee+1"],"picked":"SKIP","floor":20},{"not_picked":["Poisoned Stab+1","Finisher+1","Terror"],"picked":"Dagger Throw+1","floor":21},{"not_picked":["Poisoned Stab+1","Corpse Explosion","Flying Knee+1"],"picked":"Backstab+1","floor":22},{"not_picked":["Noxious Fumes","Endless Agony+1","Cloak And Dagger"],"picked":"Blade Dance","floor":23},{"not_picked":["Dagger Spray+1","Flying Knee+1","Flechettes+1","Dodge and Roll"],"picked":"SKIP","floor":24},{"not_picked":["Well Laid Plans","Dagger Spray+1","Accuracy","PiercingWail"],"picked":"SKIP","floor":27},{"not_picked":["Setup","Calculated Gamble","Blur"],"picked":"Cloak And Dagger","floor":30},{"not_picked":["Accuracy","Grand Finale+1","Bouncing Flask"],"picked":"Bullet Time","floor":31}],"player_experience":429704,"relics_obtained":[{"floor":6.0,"key":"Question Card"},{"floor":8.0,"key":"Meat on the Bone"},{"floor":14,"key":"Pen Nib"},{"floor":23,"key":"Ninja Scroll"},{"floor":26,"key":"The Specimen"},{"floor":27,"key":"Nunchaku"},{"floor":31,"key":"Kunai"}],"event_choices":[{"damage_healed":0.0,"max_hp_gain":0.0,"max_hp_loss":0.0,"gold_gain":0.0,"event_name":"Scrap Ooze","player_choice":"Success","floor":4.0,"gold_loss":0.0,"damage_taken":5.0,"relics_obtained":["Molten Egg 2"]},{"damage_healed":0,"gold_gain":0,"cards_transformed":["Strike_G"],"player_choice":"Transformed","damage_taken":0,"max_hp_gain":0,"max_hp_loss":0,"event_name":"Transmorgrifier","floor":11,"gold_loss":0,"cards_obtained":["A Thousand Cuts"]},{"damage_healed":0,"gold_gain":0,"player_choice":"Paid Gold","damage_taken":0,"relics_obtained":["Omamori"],"max_hp_gain":0,"max_hp_loss":0,"event_name":"WeMeetAgain","floor":19,"gold_loss":62},{"damage_healed":0,"gold_gain":0,"player_choice":"Became a Ghost","damage_taken":0,"max_hp_gain":0,"max_hp_loss":33,"event_name":"Ghosts","floor":29,"gold_loss":0,"cards_obtained":["Ghostly","Ghostly","Ghostly"]}],"is_beta":false,"boss_relics":[{"not_picked":["HoveringKite","WristBlade"],"picked":"SlaversCollar"}],"items_purged_floors":[25],"is_endless":false,"potions_floor_spawned":[2,6,8,12,21,22,27],"killed_by":"Collector","ascension_level":15}}