{"host":"fa35vd3kig5td25x","time":1610798890,"event":{"mods":["BaseMod","Colored Powertips","Minty Spire (QoL Compilation)","Relic Stats","Slay the Relics Exporter"],"gold_per_floor":[116,116,127,139,156,156,187,187,187,200,200,66,85,119,131,215,227,251,283,275,303,27,27,55,66,66,16,51,51,69,88,88,88,88,100,111,131,149,149,149,178,178,201,229,9,26,42,56,56,56,56,56,56,16,16,16],"floor_reached":55,"language":"ENG","playtime":3905,"items_purged":["Normality","Normality"],"score":2291,"play_id":"5237af7c-2c74-49be-89a0-4a7a2ab34f9e","local_time":"20210116130810","is_ascension_mode":true,"campfire_choices":[{"data":"Battle Trance","floor":6.0,"key":"SMITH"},{"data":"Spot Weakness","floor":8.0,"key":"SMITH"},{"data":"Pommel Strike","floor":11.0,"key":"SMITH"},{"data":"True Grit","floor":15.0,"key":"SMITH"},{"data":"Evolve","floor":23.0,"key":"SMITH"},{"floor":29.0,"key":"REST"},{"data":"Impervious","floor":32.0,"key":"SMITH"},{"data":"Impervious","floor":40,"key":"SMITH"},{"data":"Entrench","floor":42,"key":"SMITH"},{"floor":49,"key":"RECALL"},{"data":"Feel No Pain","floor":53,"key":"SMITH"}],"circlet_count":0,"master_deck":["AscendersBane","Strike_R","Strike_R","Defend_R","Defend_R","Defend_R","Defend_R","Bash+1","Pommel Strike+1","Cleave","Shrug It Off","Battle Trance+1","Spot Weakness+1","Impervious+1","Pommel Strike","Twin Strike","True Grit+1","Barricade+1","Power Through+1","Evolve+1","Impervious+1","Burning Pact","Parasite","Whirlwind+1","Entrench+1","Shockwave","Perfected Strike+1","Armaments+1","Flex+1","Dark Embrace","Feel No Pain+1","Shrug It Off","Headbutt+1","Shrug It Off+1","Shockwave"],"relics":["Cursed Key","Mercury Hourglass","Question Card","MawBank","Mark of Pain","Membership Card","Centennial Puzzle","Molten Egg 2","Nunchaku","Astrolabe","Bag of Marbles","PreservedInsect","Bag of Preparation","ClockworkSouvenir"],"acts_visited":["Exordium","TheCity","TheBeyond","TheEnding"],"potions_floor_usage":[38,44,51,55,55],"damage_taken":[{"damage":7.0,"enemies":"2 Louse","floor":1.0,"turns":3.0},{"damage":7.0,"enemies":"Small Slimes","floor":3.0,"turns":3.0},{"damage":0.0,"enemies":"Cultist","floor":4.0,"turns":2.0},{"damage":8.0,"enemies":"Blue Slaver","floor":5.0,"turns":4.0},{"damage":5.0,"enemies":"Lagavulin","floor":7.0,"turns":5.0},{"damage":5.0,"enemies":"Red Slaver","floor":10.0,"turns":3.0},{"damage":9.0,"enemies":"Exordium Thugs","floor":13.0,"turns":4.0},{"damage":4.0,"enemies":"3 Sentries","floor":14.0,"turns":5.0},{"damage":2.0,"enemies":"Hexaghost","floor":16.0,"turns":8.0},{"damage":6.0,"enemies":"Spheric Guardian","floor":18.0,"turns":3.0},{"damage":1.0,"enemies":"3 Byrds","floor":19.0,"turns":5.0},{"damage":11.0,"enemies":"Snake Plant","floor":21.0,"turns":4.0},{"damage":6.0,"enemies":"Book of Stabbing","floor":24.0,"turns":7.0},{"damage":0.0,"enemies":"Centurion and Healer","floor":25.0,"turns":6.0},{"damage":3.0,"enemies":"Slavers","floor":28.0,"turns":5.0},{"damage":0.0,"enemies":"Cultist and Chosen","floor":30.0,"turns":4.0},{"damage":12.0,"enemies":"Shelled Parasite and Fungi","floor":31.0,"turns":6.0},{"damage":0.0,"enemies":"Collector","floor":33.0,"turns":11.0},{"damage":0,"enemies":"3 Darklings","floor":35,"turns":3},{"damage":0,"enemies":"Orb Walker","floor":36,"turns":3},{"damage":0,"enemies":"Jaw Worm Horde","floor":37,"turns":5},{"damage":0,"enemies":"Writhing Mass","floor":38,"turns":9},{"damage":1,"enemies":"Giant Head","floor":41,"turns":10},{"damage":22,"enemies":"Reptomancer","floor":44,"turns":4},{"damage":0,"enemies":"Spire Growth","floor":46,"turns":8},{"damage":7,"enemies":"4 Shapes","floor":47,"turns":5},{"damage":0,"enemies":"Writhing Mass","floor":48,"turns":11},{"damage":0,"enemies":"Donu and Deca","floor":50,"turns":11},{"damage":0,"enemies":"Time Eater","floor":51,"turns":17},{"damage":77,"enemies":"Shield and Spear","floor":55,"turns":12}],"seed_played":"5353501238834289433","potions_obtained":[{"floor":1.0,"key":"BlessingOfTheForge"},{"floor":5.0,"key":"DistilledChaos"},{"floor":10.0,"key":"Regen Potion"},{"floor":16.0,"key":"SmokeBomb"},{"floor":18.0,"key":"Explosive Potion"},{"floor":20.0,"key":"GamblersBrew"},{"floor":24.0,"key":"LiquidMemories"},{"floor":31.0,"key":"Block Potion"},{"floor":41,"key":"Weak Potion"},{"floor":47,"key":"GamblersBrew"}],"is_trial":false,"path_per_floor":["M","?","M","M","M","R","E","R","T","M","R","$","M","E","R","B",null,"M","M","?","M","$","R","E","M","T","?","E","R","M","M","R","B",null,"M","M","M","M","?","R","E","R","T","E","$","M","M","M","R","B","B",null,"R","$","E"],"character_chosen":"IRONCLAD","items_purchased":["Pommel Strike","Membership Card","Burning Pact","Centennial Puzzle","DuplicationPotion","ClockworkSouvenir","Shockwave","LiquidMemories"],"campfire_rested":1,"item_purchase_floors":[12,22,22,22,45,45,45,54],"current_hp_per_floor":[61,61,54,54,46,46,41,41,41,36,36,36,39,35,35,33,65,59,58,58,47,47,47,41,41,41,41,38,60,60,48,48,48,68,68,68,68,68,68,68,67,67,67,45,45,45,38,38,38,38,38,66,66,66,0,0],"gold":16,"neow_bonus":"BOSS_RELIC","is_daily":false,"chose_seed":false,"campfire_upgraded":9,"win_rate":0.0,"timestamp":1610798890,"path_taken":["M","?","M","M","M","R","E","R","T","M","R","$","M","E","R","BOSS","M","M","?","M","$","R","E","?","T","?","E","R","M","M","R","BOSS","M","M","M","M","?","R","E","R","T","E","?","?","M","M","R","BOSS","BOSS","R","$","E"],"items_purchased_type":["Card","Relic","Card","Relic","Potion","Relic","Card","Potion"],"build_version":"2020-12-22","purchased_purges":2,"victory":false,"max_hp_per_floor":[75,75,75,75,75,75,75,75,75,75,75,75,75,75,75,75,75,75,75,75,75,75,75,75,75,75,75,75,75,75,75,75,75,75,75,75,75,75,75,75,75,75,75,75,75,75,75,75,75,75,75,75,75,75,75,75],"relic_stats":{"Centennial Puzzle":[21],"Nunchaku":[13],"counters":[30,185],"Astrolabe":["Perfected Strike","Armaments","Flex"],"PreservedInsect":139,"Bag of Preparation":[12],"Cursed Key":3,"Question Card":22,"MawBank":96,"obtain_stats":[{"Astrolabe":34,"PreservedInsect":43,"Bag of Preparation":44,"Cursed Key":0,"Question Card":9,"MawBank":14,"Burning Blood":0,"Mercury Hourglass":7,"ClockworkSouvenir":45,"Centennial Puzzle":22,"Nunchaku":28,"Molten Egg 2":24,"Mark of Pain":17,"Bag of Marbles":41,"Membership Card":22},{"Astrolabe":18,"PreservedInsect":23,"Bag of Preparation":24,"Cursed Key":0,"Question Card":5,"MawBank":8,"Burning Blood":0,"Mercury Hourglass":5,"ClockworkSouvenir":24,"Centennial Puzzle":12,"Nunchaku":15,"Molten Egg 2":13,"Mark of Pain":9,"Bag of Marbles":23,"Membership Card":12},{"Astrolabe":87,"PreservedInsect":117,"Bag of Preparation":121,"Cursed Key":0,"Question Card":17,"MawBank":28,"Burning Blood":0,"Mercury Hourglass":17,"ClockworkSouvenir":121,"Centennial Puzzle":48,"Nunchaku":66,"Molten Egg 2":55,"Mark of Pain":36,"Bag of Marbles":117,"Membership Card":48}],"Mercury Hourglass":[603]},"card_choices":[{"not_picked":["Combust","Wild Strike"],"picked":"Pommel Strike","floor":1.0},{"not_picked":["Pummel","Armaments"],"picked":"Cleave","floor":3.0},{"not_picked":["Headbutt","True Grit"],"picked":"Shrug It Off","floor":4.0},{"not_picked":["Wild Strike","Anger"],"picked":"Battle Trance","floor":5.0},{"not_picked":["Warcry","Power Through"],"picked":"Spot Weakness","floor":7.0},{"not_picked":["Bloodletting","Evolve","Rupture"],"picked":"Impervious","floor":10.0},{"not_picked":["Wild Strike","Power Through","Armaments"],"picked":"Twin Strike","floor":13.0},{"not_picked":["Clash","Sword Boomerang","Wild Strike"],"picked":"True Grit","floor":14.0},{"not_picked":["Corruption","Exhume","Demon Form"],"picked":"Barricade","floor":16.0},{"not_picked":["Warcry","Dropkick+1","Thunderclap+1"],"picked":"Power Through+1","floor":18.0},{"not_picked":["Cleave","Headbutt","Bloodletting"],"picked":"Evolve","floor":19.0},{"not_picked":["Flame Barrier","Flex","Shrug It Off"],"picked":"Impervious","floor":21.0},{"not_picked":["True Grit","Inflame","Ghostly Armor","Heavy Blade+1"],"picked":"SKIP","floor":24.0},{"not_picked":["Wild Strike+1","Intimidate","Perfected Strike+1","Rampage+1"],"picked":"SKIP","floor":25.0},{"not_picked":["Warcry","Intimidate","Reckless Charge+1"],"picked":"Whirlwind+1","floor":28.0},{"not_picked":["Perfected Strike+1","Shockwave","Sever Soul+1"],"picked":"Entrench","floor":30.0},{"not_picked":["Warcry","Spot Weakness","Iron Wave+1"],"picked":"Shockwave","floor":31.0},{"not_picked":["Anger+1","True Grit","Clothesline+1"],"picked":"Dark Embrace","floor":35},{"not_picked":["Evolve+1","Pommel Strike+1","Sword Boomerang+1"],"picked":"Feel No Pain","floor":36},{"not_picked":["Perfected Strike+1","Havoc","Heavy Blade+1"],"picked":"Shrug It Off","floor":37},{"not_picked":["Iron Wave+1","Wild Strike+1","Corruption","Warcry"],"picked":"SKIP","floor":38},{"not_picked":["Warcry","Perfected Strike+1","Double Tap"],"picked":"Headbutt+1","floor":41},{"not_picked":["Whirlwind+1","Heavy Blade+1","Clothesline+1"],"picked":"Shrug It Off+1","floor":44},{"not_picked":["Dark Embrace","Spot Weakness+1","Headbutt+1","Heavy Blade+1"],"picked":"SKIP","floor":46},{"not_picked":["Sword Boomerang+1","Anger+1","Hemokinesis+1","Cleave+1"],"picked":"SKIP","floor":47},{"not_picked":["Metallicize","Reckless Charge+1","Evolve","Heavy Blade+1"],"picked":"SKIP","floor":48}],"player_experience":2941217,"relics_obtained":[{"floor":7.0,"key":"Mercury Hourglass"},{"floor":9.0,"key":"Question Card"},{"floor":14.0,"key":"MawBank"},{"floor":24.0,"key":"Molten Egg 2"},{"floor":28.0,"key":"Nunchaku"},{"floor":41,"key":"Bag of Marbles"},{"floor":43,"key":"PreservedInsect"},{"floor":44,"key":"Bag of Preparation"}],"event_choices":[{"damage_healed":0.0,"max_hp_gain":0.0,"max_hp_loss":0.0,"gold_gain":0.0,"event_name":"Living Wall","player_choice":"Grow","floor":2.0,"gold_loss":0.0,"damage_taken":0.0,"cards_upgraded":["Bash"]},{"damage_healed":0.0,"max_hp_gain":0.0,"max_hp_loss":0.0,"gold_gain":0.0,"event_name":"The Woman in Blue","player_choice":"Bought 1 Potion","floor":20.0,"gold_loss":0.0,"damage_taken":0.0},{"damage_healed":0.0,"max_hp_gain":0.0,"max_hp_loss":0.0,"gold_gain":0.0,"event_name":"The Joust","player_choice":"Bet on Murderer","floor":27.0,"gold_loss":50.0,"damage_taken":0.0},{"damage_healed":0,"gold_gain":0,"player_choice":"Forge","damage_taken":0,"max_hp_gain":0,"max_hp_loss":0,"event_name":"Accursed Blacksmith","floor":39,"gold_loss":0,"cards_upgraded":["Barricade"]}],"is_beta":false,"boss_relics":[{"not_picked":["Ectoplasm","Coffee Dripper"],"picked":"Mark of Pain"},{"not_picked":["Fusion Hammer","Calling Bell"],"picked":"Astrolabe"}],"items_purged_floors":[12,45],"is_endless":false,"potions_floor_spawned":[1,5,10,16,18,24,31,33,35,36,37,41,47],"killed_by":"Shield and Spear","ascension_level":20}}