{"host":"baymyijz6sxaqj5s","time":1610788389,"event":{"mods":["AchievementEnabler","BaseMod","Colored Map","Colored Powertips","DeckTracker","Highlight Path","KOR Keyword Fix","Keyboard Shortcuts","Minty Spire (QoL Compilation)","Quick Restart","StSLib","SuperFastMode"],"gold_per_floor":[111,129,129,146,146,146,146,146,146,146,164,127,127,191,191,288,288,305,305,323,299,318,346,358,380,416,428,355,382,394,17,17,114,114,128,128,146,169,188,188,201,201,225,237,248,267,22,34,34,34],"floor_reached":51,"language":"KOR","playtime":1416,"items_purged":["Strike_R"],"score":866,"play_id":"86692939-12f5-4408-a85f-d1db9e6c4220","local_time":"20210116181309","is_ascension_mode":true,"campfire_choices":[{"data":"Armaments","floor":6,"key":"SMITH"},{"data":"Spot Weakness","floor":8,"key":"SMITH"},{"data":"Inflame","floor":10,"key":"SMITH"},{"data":"Flame Barrier","floor":15,"key":"SMITH"},{"floor":24,"key":"REST"},{"floor":30,"key":"REST"},{"data":"Whirlwind","floor":32,"key":"SMITH"},{"data":"Sword Boomerang","floor":40,"key":"SMITH"},{"data":"Demon Form","floor":42,"key":"SMITH"},{"floor":49,"key":"REST"}],"circlet_count":0,"master_deck":["Strike_R","Strike_R","Strike_R","Defend_R","Defend_R","Defend_R","Defend_R","Bash","Armaments+1","Inflame+1","Spot Weakness+1","Flame Barrier+1","Demon Form+1","Whirlwind+1","Sword Boomerang+1","Heavy Blade+1","Battle Trance+1","Double Tap"],"relics":["Burning Blood","Eternal Feather","Meat on the Bone","Singing Bowl","Philosopher\u0027s Stone","MawBank","Oddly Smooth Stone","MutagenicStrength","The Courier","Pantograph","Lantern","Black Star","Pen Nib","Smiling Mask","ClockworkSouvenir","Happy Flower"],"acts_visited":["Exordium","TheCity","TheBeyond"],"potions_floor_usage":[11,14,16,23,33,35,39,39,39,45,48,50,50],"damage_taken":[{"damage":5,"enemies":"Cultist","floor":1,"turns":4},{"damage":8,"enemies":"Jaw Worm","floor":2,"turns":3},{"damage":0,"enemies":"2 Louse","floor":4,"turns":4},{"damage":9,"enemies":"2 Fungi Beasts","floor":11,"turns":3},{"damage":18,"enemies":"Gremlin Nob","floor":14,"turns":4},{"damage":69,"enemies":"Hexaghost","floor":16,"turns":12},{"damage":29,"enemies":"Spheric Guardian","floor":18,"turns":6},{"damage":9,"enemies":"3 Byrds","floor":20,"turns":2},{"damage":9,"enemies":"Centurion and Healer","floor":22,"turns":9},{"damage":25,"enemies":"Book of Stabbing","floor":23,"turns":6},{"damage":55,"enemies":"Chosen and Byrds","floor":25,"turns":6},{"damage":34,"enemies":"3 Cultists","floor":29,"turns":4},{"damage":59,"enemies":"Collector","floor":33,"turns":9},{"damage":0,"enemies":"3 Darklings","floor":35,"turns":3},{"damage":0,"enemies":"Orb Walker","floor":37,"turns":2},{"damage":28,"enemies":"Sphere and 2 Shapes","floor":39,"turns":6},{"damage":27,"enemies":"4 Shapes","floor":41,"turns":1},{"damage":8,"enemies":"3 Darklings","floor":44,"turns":2},{"damage":30,"enemies":"Maw","floor":45,"turns":5},{"damage":35,"enemies":"Sphere and 2 Shapes","floor":46,"turns":4},{"damage":21,"enemies":"Transient","floor":48,"turns":5},{"damage":76,"enemies":"Time Eater","floor":50,"turns":8}],"seed_played":"-8726188961089603412","potions_obtained":[{"floor":2,"key":"SteroidPotion"},{"floor":4,"key":"Strength Potion"},{"floor":11,"key":"BloodPotion"},{"floor":20,"key":"SneckoOil"},{"floor":22,"key":"HeartOfIron"},{"floor":33,"key":"LiquidMemories"},{"floor":35,"key":"BlessingOfTheForge"},{"floor":36,"key":"EssenceOfSteel"},{"floor":36,"key":"FearPotion"},{"floor":41,"key":"ColorlessPotion"},{"floor":44,"key":"Strength Potion"},{"floor":46,"key":"SkillPotion"},{"floor":48,"key":"LiquidBronze"}],"is_trial":false,"path_per_floor":["M","M","?","M","$","R","?","R","T","R","M","$","?","?","R","B",null,"M","?","M","$","M","E","R","M","T","?","?","M","R","$","R","B",null,"M","?","M","T","M","R","M","R","T","M","M","M","$","M","R","B",null],"character_chosen":"IRONCLAD","items_purchased":["Flame Barrier","Sword Boomerang","Pantograph","Lantern","ClockworkSouvenir","Happy Flower"],"campfire_rested":3,"item_purchase_floors":[12,21,31,31,47,47],"current_hp_per_floor":[88,86,83,88,88,88,88,88,88,88,85,85,85,75,81,48,90,67,67,66,66,65,60,96,59,59,59,59,45,83,83,92,59,100,102,102,102,102,82,91,72,81,81,81,69,54,54,53,95,54],"gold":34,"neow_bonus":"TEN_PERCENT_HP_BONUS","is_daily":false,"chose_seed":false,"campfire_upgraded":7,"win_rate":0.0,"timestamp":1610788389,"path_taken":["M","M","?","M","$","R","?","R","T","R","?","?","?","?","R","BOSS","M","?","M","$","M","E","R","M","T","?","?","M","R","$","R","BOSS","M","?","?","?","?","R","M","R","T","M","M","M","$","M","R","BOSS"],"items_purchased_type":["Card","Card","Relic","Relic","Relic","Relic"],"build_version":"2020-12-22","purchased_purges":1,"victory":true,"max_hp_per_floor":[88,88,88,88,88,88,88,88,88,88,88,88,88,90,90,90,90,90,90,92,92,94,96,96,96,96,96,96,98,98,98,98,100,100,102,102,102,102,104,104,106,106,106,108,108,110,110,112,112,112],"card_choices":[{"not_picked":["Clash","Intimidate"],"picked":"Armaments","floor":1},{"not_picked":["Clothesline","Armaments"],"picked":"Inflame","floor":2},{"not_picked":["Twin Strike","Battle Trance"],"picked":"Spot Weakness","floor":4},{"not_picked":["Rampage","Sentinel","Second Wind"],"picked":"SKIP","floor":11},{"not_picked":["Reckless Charge","Sentinel","Fire Breathing"],"picked":"Singing Bowl","floor":14},{"not_picked":["Corruption","Immolate"],"picked":"Demon Form","floor":16},{"not_picked":["Fire Breathing","Combust+1"],"picked":"Whirlwind","floor":18},{"not_picked":["Inflame+1","Flex+1","Carnage"],"picked":"Singing Bowl","floor":20},{"not_picked":["Havoc","Flex","Evolve+1"],"picked":"Singing Bowl","floor":22},{"not_picked":["Anger","Inflame","Rage"],"picked":"Singing Bowl","floor":23},{"not_picked":["Clothesline","Pommel Strike+1"],"picked":"Heavy Blade+1","floor":25},{"not_picked":["Rupture","Inflame+1","Rage"],"picked":"Singing Bowl","floor":29},{"not_picked":["Bludgeon","Feed","Demon Form"],"picked":"Singing Bowl","floor":33},{"not_picked":["Searing Blow","Metallicize","Wild Strike"],"picked":"Singing Bowl","floor":35},{"not_picked":["Thunderclap+1","Second Wind"],"picked":"Battle Trance+1","floor":37},{"not_picked":["Heavy Blade","Wild Strike","Flex"],"picked":"Singing Bowl","floor":39},{"not_picked":["Wild Strike","Pommel Strike+1","Sword Boomerang"],"picked":"Singing Bowl","floor":41},{"not_picked":["Headbutt+1","Clash","Sword Boomerang+1"],"picked":"Singing Bowl","floor":44},{"not_picked":["Bloodletting+1","Shockwave+1"],"picked":"Double Tap","floor":45},{"not_picked":["True Grit","Hemokinesis","Clash+1"],"picked":"Singing Bowl","floor":46},{"not_picked":["Pommel Strike","Anger","Carnage"],"picked":"Singing Bowl","floor":48}],"player_experience":92717,"relics_obtained":[{"floor":9,"key":"Meat on the Bone"},{"floor":14,"key":"Singing Bowl"},{"floor":23,"key":"MawBank"},{"floor":26,"key":"Oddly Smooth Stone"},{"floor":38,"key":"Pen Nib"},{"floor":43,"key":"Smiling Mask"}],"event_choices":[{"damage_healed":0,"gold_gain":0,"player_choice":"Success","damage_taken":3,"relics_obtained":["Eternal Feather"],"max_hp_gain":0,"max_hp_loss":0,"event_name":"Scrap Ooze","floor":3,"gold_loss":0},{"cards_removed":["Strike_R"],"damage_healed":0,"gold_gain":0,"player_choice":"Offered Basic","damage_taken":0,"max_hp_gain":0,"max_hp_loss":0,"event_name":"Bonfire Elementals","floor":7,"gold_loss":0},{"damage_healed":0,"gold_gain":0,"player_choice":"Ignored","damage_taken":0,"max_hp_gain":0,"max_hp_loss":0,"event_name":"Liars Game","floor":13,"gold_loss":0},{"damage_healed":0,"gold_gain":0,"player_choice":"Searched \u00271\u0027 times","damage_taken":0,"max_hp_gain":0,"max_hp_loss":0,"event_name":"Dead Adventurer","floor":14,"gold_loss":0},{"damage_healed":0,"gold_gain":0,"player_choice":"Ignored","damage_taken":0,"max_hp_gain":0,"max_hp_loss":0,"event_name":"Ghosts","floor":19,"gold_loss":0},{"damage_healed":0,"gold_gain":0,"player_choice":"Inject Mutagens","damage_taken":0,"relics_obtained":["MutagenicStrength"],"max_hp_gain":0,"max_hp_loss":0,"event_name":"Drug Dealer","floor":27,"gold_loss":0},{"damage_healed":0,"gold_gain":0,"player_choice":"Obtained Relic","damage_taken":0,"relics_obtained":["The Courier"],"max_hp_gain":0,"max_hp_loss":0,"event_name":"Addict","floor":28,"gold_loss":85},{"damage_healed":0,"gold_gain":0,"player_choice":"Got Potions","damage_taken":0,"max_hp_gain":0,"max_hp_loss":0,"event_name":"Lab","floor":36,"gold_loss":0}],"is_beta":false,"boss_relics":[{"not_picked":["SlaversCollar","SacredBark"],"picked":"Philosopher\u0027s Stone"},{"not_picked":["Calling Bell","Astrolabe"],"picked":"Black Star"}],"items_purged_floors":[31],"is_endless":false,"potions_floor_spawned":[2,4,11,20,22,33,35,41,44,46,48],"ascension_level":1}}