{"host":"eeuhgv8goqdjv4ip","time":1610810934,"event":{"mods":["2.2 Compatiblity","AchievementEnabler","BaseMod","Better Match","Better Note","Better Skull","Challenge The Spire","Colored Map","Colored Powertips","Conspire","Custom Start","Dark Map","Hubris","Infinite Spire","Koishi","Marisa????????","Minty Spire (QoL Compilation)","Permanent Neow","Quick Restart","Replay The Spire","SIMod","StSLib","Td1madao Mod","The Animator","The Saiyan","The Servant 0.9.4","The Wild Card","TheSwordswoman"],"gold_per_floor":[131,206,206,219,230,244,244,264,264,264,264,294,294,17,17,129,129,142,194,194,19,31,31,45,61,84,84,84,84,104,124,124,124,124],"floor_reached":33,"language":"ENG","playtime":4309,"items_purged":["animator:Strike"],"score":287,"play_id":"fbafd0c9-9d5b-4712-a03a-46d50781b1f8","local_time":"20210116112854","is_ascension_mode":true,"campfire_choices":[{"data":"animator:IrohaTamaki","floor":7,"key":"SMITH"},{"floor":10,"key":"REST"},{"data":"animator:LizardPriest","floor":13,"key":"SMITH"},{"data":"animator:Kira","floor":15,"key":"SMITH"},{"data":"animator:LizardPriest","floor":23,"key":"SMITH"},{"floor":27,"key":"REST"},{"floor":29,"key":"REST"},{"floor":32,"key":"REST"}],"circlet_count":0,"master_deck":["animator:Strike_MadokaMagica","animator:Defend_MadokaMagica","animator:Strike","animator:Strike","animator:Defend","animator:Defend","animator:Defend","animator:IrohaTamaki+1","animator:YuiTsuruno+1","animator:HomuraAkemi","animator:YachiyoNanami","animator:YuukaKazami","animator:NagisaMomoe","animator:NagisaMomoe","animator:YukariYakumo+1","animator:LizardPriest+1","animator:Kira+1","animator:AliceMargatroid","animator:Kyubey","animator:SuzuneAmano","animator:SayakaMiki+1","animator:ReimuHakurei","animator:LizardPriest+1","animator:NagisaMomoe","animator:MamiTomoe+1","animator:IrohaTamaki","animator:KoishiKomeiji"],"relics":["animator:LivingPicture","hubris:Icosahedron","Singing Bowl","hubris:MobiusCoin","animator:HolyGrailRelic","Red Mask","Nloth\u0027s Gift","Gremlin Food","hubris:MysteriousPyramids"],"acts_visited":["Exordium","TheCity"],"potions_floor_usage":[12,16,16,19,33,33,33],"damage_taken":[{"damage":2,"enemies":"Jaw Worm","floor":1,"turns":4},{"damage":7,"enemies":"Small Slimes","floor":4,"turns":4},{"damage":1,"enemies":"Cultist","floor":5,"turns":4},{"damage":11,"enemies":"Exordium Wildlife","floor":6,"turns":4},{"damage":18,"enemies":"3 Louse","floor":8,"turns":5},{"damage":12,"enemies":"Large Slime","floor":12,"turns":6},{"damage":18,"enemies":"Hexaghost","floor":16,"turns":8},{"damage":6,"enemies":"Spheric Guardian","floor":18,"turns":3},{"damage":30,"enemies":"Masked Bandits","floor":19,"turns":6},{"damage":5,"enemies":"conspire:FuzzyDice","floor":22,"turns":6},{"damage":36,"enemies":"Centurion and Healer","floor":24,"turns":6},{"damage":5,"enemies":"conspire:HollyBat","floor":25,"turns":6},{"damage":32,"enemies":"Snake Plant","floor":30,"turns":7},{"damage":4,"enemies":"Cultist and Chosen","floor":31,"turns":7},{"damage":52,"enemies":"Automaton","floor":33,"turns":8}],"seed_played":"-1820028635896675577","potions_obtained":[{"floor":4,"key":"ColorlessPotion"},{"floor":6,"key":"LifebloodPotion"},{"floor":8,"key":"Energy Potion"},{"floor":12,"key":"Explosive Potion"},{"floor":25,"key":"SpeedPotion"},{"floor":30,"key":"SkillPotion"},{"floor":31,"key":"LifebloodPotion"}],"is_trial":false,"path_per_floor":["M","?","?","M","M","M","R","M","T","R","?","M","R","$","R_BF","B",null,"M","?","?","$","M","R","M","M","T","R","T","R","M","M","R","B"],"character_chosen":"THE_ANIMATOR","items_purchased":["animator:Kira","animator:AliceMargatroid","animator:ReimuHakurei","animator:LizardPriest"],"campfire_rested":4,"item_purchase_floors":[14,14,21,21],"current_hp_per_floor":[64,53,53,46,46,35,35,17,17,37,37,25,25,25,25,7,75,72,44,44,44,41,41,7,6,6,31,31,56,24,20,44,0,0],"gold":124,"neow_bonus":"ONE_RANDOM_RARE_CARD","is_daily":false,"chose_seed":true,"campfire_upgraded":4,"win_rate":0.0,"timestamp":1610810934,"path_taken":["M","?","?","M","?","M","R","M","T","R","?","M","R","$","R_BF","BOSS","M","?","?","$","?","R","M","M","T","R","?","R","M","M","R","BOSS"],"items_purchased_type":["Card","Card","Card","Card"],"build_version":"2020-12-22","purchased_purges":1,"victory":false,"max_hp_per_floor":[66,66,66,66,67,67,67,67,67,67,67,67,67,67,67,67,75,78,80,80,80,82,82,81,85,85,85,85,85,82,82,82,79,79],"card_choices":[{"not_picked":["animator:Verdia","animator:Genos"],"picked":"animator:YachiyoNanami","floor":1},{"not_picked":["animator:YuiTsuruno","animator:MumenRider"],"picked":"animator:YuukaKazami","floor":4},{"not_picked":["animator:YuiTsuruno","animator:Vanir"],"picked":"animator:NagisaMomoe","floor":5},{"not_picked":["animator:IrohaTamaki","animator:SayakaMiki"],"picked":"animator:NagisaMomoe","floor":6},{"not_picked":["animator:Assassin","animator:SuikaIbuki"],"picked":"animator:YukariYakumo","floor":8},{"not_picked":["animator:Berserker","animator:Mitsurugi"],"picked":"animator:LizardPriest","floor":12},{"not_picked":["animator:Greed","animator:Envy"],"picked":"animator:Kyubey","floor":16},{"not_picked":["animator:Tatsumaki","animator:MumenRider"],"picked":"animator:SuzuneAmano","floor":18},{"not_picked":["animator:Rider","animator:DwarfShaman"],"picked":"animator:SayakaMiki+1","floor":19},{"not_picked":["animator:Alexander+1","animator:Megumin"],"picked":"animator:NagisaMomoe","floor":22},{"not_picked":["animator:MarisaKirisame","animator:YachiyoNanami"],"picked":"animator:MamiTomoe","floor":24},{"not_picked":["animator:MarisaKirisame","animator:MamiTomoe","animator:SilverFang+1"],"picked":"Singing Bowl","floor":25},{"not_picked":["animator:Rider","animator:Alexander"],"picked":"animator:IrohaTamaki","floor":30},{"not_picked":["animator:MumenRider","animator:SayakaMiki+1"],"picked":"animator:KoishiKomeiji","floor":31}],"player_experience":505042,"relics_obtained":[{"floor":9,"key":"Singing Bowl"},{"floor":11,"key":"hubris:MobiusCoin"},{"floor":19,"key":"Red Mask"},{"floor":26,"key":"Gremlin Food"},{"floor":28,"key":"hubris:MysteriousPyramids"}],"event_choices":[{"damage_healed":0,"gold_gain":75,"player_choice":"Gather Gold","damage_taken":11,"max_hp_gain":0,"max_hp_loss":0,"event_name":"World of Goop","floor":2,"gold_loss":0},{"damage_healed":0,"gold_gain":0,"player_choice":"Fought Bandits","damage_taken":0,"max_hp_gain":0,"max_hp_loss":0,"event_name":"Masked Bandits","floor":19,"gold_loss":0},{"damage_healed":0,"gold_gain":0,"player_choice":"Traded Relic","damage_taken":0,"relics_obtained":["Nloth\u0027s Gift"],"max_hp_gain":0,"max_hp_loss":0,"event_name":"N\u0027loth","floor":20,"relics_lost":["animator:TheMissingPiece"],"gold_loss":0}],"is_beta":false,"boss_relics":[{"not_picked":["hubris:RunicObelisk","hubris:Backtick"],"picked":"animator:HolyGrailRelic"}],"items_purged_floors":[21],"is_endless":false,"potions_floor_spawned":[4,6,8,12,25,30,31],"killed_by":"Automaton","ascension_level":4}}