{"host":"jfbo3eu2ui08ej1u","time":1610819891,"event":{"mods":["2.2 Compatiblity","AchievementEnabler","Act Like it!","Aspiration","BaseMod","Better Altar","Better Match","Better Note","Better Sensory Stone","Better Skull","Better Third Choice","Block Reminder","Colored Map","Colored Powertips","Conspire","DeckTracker","Displayed Cursed Tome","Energized Spire","Fox Events","GifTheSpireLib","Hubris","Infinite Spire","Marked Mod","Minty Spire (QoL Compilation)","Pale of the Ancients","Quick Restart","Relic Filter","Reorder Act Four","Replay The Spire","Shop Mod","Spicy Shops","StSLib","Stuff the Spire","The Blue Laboratory","The Disciple","The Forsaken","The Hierophant","The Marked","Uncapped","Unceasing Turn Reminder","Wandering Minibosses"],"gold_per_floor":[114,131,145,172,247,247,259,294,294,319,329,329,66,78,78,150,150,166,80,80,93,143,168,185,200,227,256,256,269,83,111,111,186,186,201,251,251,265,290,290,320,367,421,554,554,573,600,616,616,616,616,635,654,654,20,20,35,35,35,35,35],"floor_reached":62,"language":"ENG","playtime":2496,"items_purged":["Pain","Strike_G","Strike_G"],"score":2812,"play_id":"758ceca5-17f4-4ca9-9ae4-4c070047d73d","local_time":"20210116125811","is_ascension_mode":true,"campfire_choices":[{"data":"conspire:PoisonWeapons","floor":6.0,"key":"SMITH"},{"floor":12.0,"key":"REST"},{"floor":15.0,"key":"REST"},{"data":"A Thousand Cuts","floor":32.0,"key":"SMITH"},{"data":"Well Laid Plans","floor":40.0,"key":"SMITH"},{"data":"Phantasmal Killer","floor":45,"key":"SMITH"},{"data":"Draining Mist","floor":49,"key":"SMITH"},{"data":"hubris:Ssssneak","floor":56,"key":"SMITH"},{"data":"Adrenaline","floor":58,"key":"SMITH"}],"circlet_count":0,"master_deck":["AscendersBane","Defend_G","Defend_G","Defend_G","Defend_G","Defend_G","Survivor","Neutralize","Backstab","Sucker Punch","Blade Dance","Poisoned Stab","conspire:PoisonWeapons+1","Blade Dance","Blade Dance","Quick Slash","Well Laid Plans+1","ReplayTheSpireMod:From All Sides","Calculated Gamble+1","Prepared","Hidden Blade","PiercingWail","ReplayTheSpireMod:Speed Training","Deflect","A Thousand Cuts+1","Adrenaline+1","AbeCurse","Deflect","Backstab","Phantasmal Killer+1","Prepared","Draining Mist+1","Leg Sweep","ReplayTheSpireMod:Brewmster","hubris:Ssssneak+1"],"relics":["Ring of the Serpent","infinitespire:PuzzleCube","Lizard Tail","ReplayTheSpireMod:Lightbulb","Lantern","Replay:Drink Me","Sling","Blue Candle","StuffTheSpire:GrapeVine","Red Mask","Happy Flower","aspiration:Lifesprig","Replay:Grab Bag","Abe\u0027s Treasure","Busted Crown","infinitespire:CheckeredPen","Tiny House","hubris:Icosahedron","wanderingMiniBosses:OtherGremlinHorn","StuffTheSpire:Expresso","infinitespire:EmpoweringShard","Dead Branch","Nunchaku","Bronze Scales","Replay:Rubber Ducky","paleoftheancients:Timepiece","Gremlin Horn","CultistMask","paleoftheancients:SoulOfTheShowman","Frozen Eye","StuffTheSpire:CocoNut","Art of War"],"acts_visited":["Exordium","TheCity","TheBeyond","paleoftheancients:PaleOfTheAncients"],"potions_floor_usage":[50,61,61,61,61,61],"damage_taken":[{"damage":0.0,"enemies":"2 Louse","floor":1.0,"turns":4.0},{"damage":1.0,"enemies":"Small Slimes","floor":2.0,"turns":4.0},{"damage":2.0,"enemies":"Jaw Worm","floor":3.0,"turns":5.0},{"damage":7.0,"enemies":"Looter","floor":7.0,"turns":5.0},{"damage":10.0,"enemies":"Gremlin Nob","floor":8.0,"turns":3.0},{"damage":17.0,"enemies":"Lagavulin","floor":10.0,"turns":6.0},{"damage":11.0,"enemies":"Lots of Slimes","floor":11.0,"turns":4.0},{"damage":16.0,"enemies":"Large Slime","floor":14.0,"turns":5.0},{"damage":4.0,"enemies":"Slime Boss","floor":16.0,"turns":7.0},{"damage":23.0,"enemies":"Shell Parasite","floor":18.0,"turns":6.0},{"damage":13.0,"enemies":"2 Thieves","floor":21.0,"turns":5.0},{"damage":11.0,"enemies":"Gremlin Leader","floor":23.0,"turns":5.0},{"damage":0.0,"enemies":"Chosen and Byrds","floor":24.0,"turns":4.0},{"damage":0.0,"enemies":"Snake Plant","floor":25.0,"turns":2.0},{"damage":0.0,"enemies":"Masked Bandits","floor":27.0,"turns":3.0},{"damage":18.0,"enemies":"Cultist and Chosen","floor":29.0,"turns":4.0},{"damage":8.0,"enemies":"Book of Stabbing","floor":31.0,"turns":4.0},{"damage":0.0,"enemies":"Automaton","floor":33.0,"turns":5.0},{"damage":1.0,"enemies":"3 Darklings","floor":35.0,"turns":4.0},{"damage":0.0,"enemies":"3 Shapes","floor":38.0,"turns":7.0},{"damage":1.0,"enemies":"Mind Bloom Boss Battle","floor":39.0,"turns":3.0},{"damage":0,"enemies":"Nemesis","floor":41,"turns":5},{"damage":0,"enemies":"2 Orb Walkers","floor":42,"turns":2},{"damage":1,"enemies":"R_Hoarder","floor":44,"turns":4},{"damage":1,"enemies":"Maw","floor":46,"turns":2},{"damage":2,"enemies":"Reptomancer","floor":47,"turns":2},{"damage":1,"enemies":"Transient","floor":48,"turns":5},{"damage":20,"enemies":"conspire:OrnateMirror","floor":50,"turns":6},{"damage":1,"enemies":"Replay:Hell Engine","floor":51,"turns":4},{"damage":2,"enemies":"Replay:Hell Engine","floor":52,"turns":6},{"damage":2,"enemies":"Replay:Hell Engine","floor":53,"turns":3},{"damage":1,"enemies":"Replay:Hell Engine","floor":57,"turns":2},{"damage":41,"enemies":"paleoftheancients:N","floor":61,"turns":8}],"seed_played":"8504522269299989470","potions_obtained":[{"floor":4.0,"key":"blueLaboratory:RecallPotion"},{"floor":7.0,"key":"blueLaboratory:FruitPunch"},{"floor":8.0,"key":"AttackPotion"},{"floor":10.0,"key":"SpeedPotion"},{"floor":11.0,"key":"blueLaboratory:NullPotion"},{"floor":25.0,"key":"SteroidPotion"},{"floor":27.0,"key":"blueLaboratory:NullPotion"},{"floor":31.0,"key":"DistilledChaos"},{"floor":33.0,"key":"Dexterity Potion"},{"floor":57,"key":"blueLaboratory:SuffocatingSmog"}],"is_trial":false,"path_per_floor":["M","M","M","?","?","R","M","E","T","E","M","R","$","M","R","B",null,"M","$","?","M","?","E","M","M","T","?","?","M","$","E","R","B",null,"M","AVR","?","M","?","R","E","?","T","E","R","M","E","M","R","B","B","M","M","?","$","R","M","R","T","?","B",null],"character_chosen":"THE_SILENT","items_purchased":["Well Laid Plans","Sling","Happy Flower","Deflect","Frozen Eye","ReplayTheSpireMod:Brewmster","StuffTheSpire:CocoNut","hubris:Ssssneak"],"campfire_rested":2,"item_purchase_floors":[13,19,30,30,55,55,55,55],"current_hp_per_floor":[65,64,62,62,51,51,44,36,36,19,8,30,30,14,36,32,50,27,27,27,14,14,3,3,3,3,3,3,28,28,20,20,20,47,46,51,51,51,50,50,50,50,50,54,54,53,51,50,50,30,54,57,59,59,66,66,67,67,67,67,48],"gold":35,"neow_bonus":"TEN_PERCENT_HP_BONUS","is_daily":false,"chose_seed":false,"campfire_upgraded":7,"win_rate":0.0,"timestamp":1610819891,"path_taken":["M","M","M","?","?","R","M","E","T","E","M","R","$","M","R","BOSS","M","$","?","M","?","E","?","M","T","?","?","M","?","E","R","BOSS","M","AVR","?","M","?","R","E","?","T","E","R","M","E","M","R","BOSS","BOSS","M","M","?","$","R","M","R","T","?","BOSS"],"items_purchased_type":["Card","Relic","Relic","Card","Relic","Card","Relic","Card"],"build_version":"2020-12-22","purchased_purges":3,"victory":true,"max_hp_per_floor":[72,72,72,72,72,72,72,74,74,74,74,74,74,74,74,74,56,56,56,56,56,56,56,56,56,56,56,56,56,56,56,56,56,56,56,61,61,61,61,61,61,61,61,62,62,62,62,62,62,62,62,62,62,62,69,69,69,69,69,69,69],"card_choices":[{"not_picked":["Sneak Up","Sucker Punch"],"picked":"Backstab","floor":1.0},{"not_picked":["StuffTheSpire:Injection","Well Laid Plans"],"picked":"Sucker Punch","floor":2.0},{"not_picked":["Sneak Up","Tactician"],"picked":"Blade Dance","floor":3.0},{"not_picked":["StuffTheSpire:ClusterCrunch","Deflect"],"picked":"Poisoned Stab","floor":4.0},{"not_picked":["Underhanded Strike","StuffTheSpire:Injection"],"picked":"conspire:PoisonWeapons","floor":4.0},{"not_picked":["Catalyst","ReplayTheSpireMod:The Works"],"picked":"Blade Dance","floor":7.0},{"not_picked":["Slice","Quick Slash"],"picked":"Blade Dance","floor":8.0},{"not_picked":["Grand Finale","Poisoned Stab"],"picked":"Quick Slash","floor":10.0},{"not_picked":["Blur","StuffTheSpire:Incursion","Endless Agony"],"picked":"SKIP","floor":11.0},{"not_picked":["hubris:SlightOfHand","Concentrate","StuffTheSpire:Injection"],"picked":"SKIP","floor":14.0},{"not_picked":["StuffTheSpire:FinalStruggle","Wraith Form v2"],"picked":"ReplayTheSpireMod:From All Sides","floor":16.0},{"not_picked":["Underhanded Strike","Poisoned Stab"],"picked":"Calculated Gamble","floor":18.0},{"not_picked":["Eviscerate+1","Predator+1","Bane"],"picked":"SKIP","floor":21.0},{"not_picked":["StuffTheSpire:Incursion","Distraction"],"picked":"Prepared","floor":23.0},{"not_picked":["Flying Knee","Sucker Punch"],"picked":"Hidden Blade","floor":24.0},{"not_picked":["Underhanded Strike+1","Draining Mist+1"],"picked":"PiercingWail","floor":25.0},{"not_picked":["Backflip","Deflect"],"picked":"ReplayTheSpireMod:Speed Training","floor":27.0},{"not_picked":["StuffTheSpire:ClusterCrunch","StuffTheSpire:BumpUp","Dodge and Roll"],"picked":"SKIP","floor":29.0},{"not_picked":["Underhanded Strike","Bane"],"picked":"A Thousand Cuts","floor":31.0},{"not_picked":["Poison Darts","Tools of the Trade"],"picked":"Adrenaline","floor":33.0},{"not_picked":[],"picked":"Deflect","floor":35.0},{"not_picked":[],"picked":"Backstab","floor":36.0},{"not_picked":["Underhanded Strike"],"picked":"SKIP","floor":38.0},{"not_picked":[],"picked":"Phantasmal Killer","floor":41},{"not_picked":[],"picked":"Prepared","floor":42},{"not_picked":["Dagger Throw"],"picked":"SKIP","floor":44},{"not_picked":[],"picked":"Draining Mist","floor":46},{"not_picked":[],"picked":"Leg Sweep","floor":47},{"not_picked":["hubris:Counter"],"picked":"SKIP","floor":48},{"not_picked":["hubris:SlightOfHand"],"picked":"SKIP","floor":52},{"not_picked":["Backflip+1"],"picked":"SKIP","floor":53},{"not_picked":["Poisoned Stab"],"picked":"SKIP","floor":57}],"player_experience":1197488,"relics_obtained":[{"floor":4.0,"key":"infinitespire:PuzzleCube"},{"floor":8.0,"key":"Lizard Tail"},{"floor":9.0,"key":"ReplayTheSpireMod:Lightbulb"},{"floor":10.0,"key":"Lantern"},{"floor":23.0,"key":"Blue Candle"},{"floor":26.0,"key":"StuffTheSpire:GrapeVine"},{"floor":27.0,"key":"Red Mask"},{"floor":31.0,"key":"aspiration:Lifesprig"},{"floor":38.0,"key":"wanderingMiniBosses:OtherGremlinHorn"},{"floor":39.0,"key":"StuffTheSpire:Expresso"},{"floor":41,"key":"infinitespire:EmpoweringShard"},{"floor":42,"key":"Dead Branch"},{"floor":43,"key":"Nunchaku"},{"floor":44,"key":"Bronze Scales"},{"floor":47,"key":"Replay:Rubber Ducky"},{"floor":53,"key":"paleoftheancients:SoulOfTheShowman"},{"floor":59,"key":"Art of War"}],"event_choices":[{"damage_healed":0.0,"max_hp_gain":0.0,"max_hp_loss":0.0,"gold_gain":75.0,"event_name":"betterThird:BetterGoop","player_choice":"Gold","floor":5.0,"gold_loss":0.0,"damage_taken":11.0},{"damage_healed":0.0,"max_hp_gain":0.0,"max_hp_loss":0.0,"gold_gain":50.0,"event_name":"Golden Shrine","player_choice":"Pray","floor":22.0,"gold_loss":0.0,"damage_taken":0.0},{"damage_healed":0.0,"max_hp_gain":0.0,"max_hp_loss":0.0,"gold_gain":0.0,"event_name":"Masked Bandits","player_choice":"Fought Bandits","floor":27.0,"gold_loss":0.0,"damage_taken":0.0},{"damage_healed":0.0,"max_hp_gain":0.0,"max_hp_loss":0.0,"gold_gain":0.0,"event_name":"MindBloom","player_choice":"Fight","floor":39.0,"gold_loss":0.0,"damage_taken":0.0},{"damage_healed":0,"gold_gain":0,"player_choice":"Fight","damage_taken":0,"max_hp_gain":0,"max_hp_loss":0,"event_name":"Mysterious Sphere","floor":42,"gold_loss":0}],"is_beta":false,"boss_relics":[{"not_picked":["Ring of Chaos","aspiration:RunicSpoon"],"picked":"Replay:Drink Me"},{"not_picked":["energizedSpire:StickyHand","theForsaken:PaleLantern"],"picked":"Replay:Grab Bag"},{"not_picked":["conspire:SeveredTorchhead","Fusion Hammer"],"picked":"Abe\u0027s Treasure"},{"not_picked":["Replay:Bronze Core","Coffee Dripper"],"picked":"Busted Crown"},{"not_picked":["Snecko Eye","Astrolabe"],"picked":"Ring of the Serpent"}],"items_purged_floors":[13,13,36],"is_endless":false,"potions_floor_spawned":[7,8,10,11,25,27,31,33,39,42,46,48,57],"ascension_level":20}}