{"host":"3l94tha3a4jgu0q4","time":1610780082,"event":{"mods":["2.2 Compatiblity","AchievementEnabler","BaseMod","Colored Map","Colored Powertips","Highlight Path","Minty Spire (QoL Compilation)","Permanent Neow","StSLib","SuperFastMode","The IronCluck","slay the spire mod where everything is the same but ironclad has a cowboy hat"],"gold_per_floor":[114,125,125,137,152,183,183,218,273,283,308,18,38,55,55,128,128,141,141,60,76,76,76,1,1,1,1,1,35,60,60,60,60,60],"floor_reached":33,"language":"ENG","playtime":596,"items_purged":["Strike_P"],"score":678,"play_id":"9b971b40-6e4b-4cc8-b0ba-237835d8fc3d","local_time":"20210115225442","is_ascension_mode":true,"campfire_choices":[{"data":"Eruption","floor":7.0,"key":"SMITH"},{"floor":15.0,"key":"REST"},{"floor":23,"key":"REST"},{"data":"MentalFortress","floor":28,"key":"SMITH"},{"floor":32,"key":"REST"}],"circlet_count":0,"master_deck":["AscendersBane","Defend_P","Defend_P","Eruption+1","Vigilance","ForeignInfluence+1","CrushJoints+1","Wireheading+1","FearNoEvil","EmptyFist+1","FlurryOfBlows","Crescendo","Sanctity","WaveOfTheHand","Consecrate","FlurryOfBlows","Indignation","InnerPeace","Judgement","Adaptation+1","MentalFortress+1","InnerPeace","Bite","Bite","Bite","Bite","Bite","Shame","Evaluate","FlyingSleeves+1"],"relics":["Astrolabe","CultistMask","Dream Catcher","Matryoshka","White Beast Statue","Happy Flower","Whetstone","PreservedInsect","VioletLotus","Enchiridion","Centennial Puzzle","Strawberry","Akabeko","Boot"],"acts_visited":["Exordium","TheCity"],"potions_floor_usage":[31,33],"damage_taken":[{"damage":0.0,"enemies":"2 Louse","floor":1.0,"turns":2.0},{"damage":0.0,"enemies":"Cultist","floor":2.0,"turns":2.0},{"damage":0.0,"enemies":"Small Slimes","floor":4.0,"turns":2.0},{"damage":1.0,"enemies":"Looter","floor":5.0,"turns":2.0},{"damage":32.0,"enemies":"Lagavulin","floor":6.0,"turns":5.0},{"damage":10.0,"enemies":"Gremlin Nob","floor":8.0,"turns":3.0},{"damage":3.0,"enemies":"Large Slime","floor":10.0,"turns":3.0},{"damage":12.0,"enemies":"3 Sentries","floor":11.0,"turns":6.0},{"damage":0.0,"enemies":"2 Fungi Beasts","floor":13.0,"turns":1.0},{"damage":0.0,"enemies":"3 Louse","floor":14.0,"turns":1.0},{"damage":0.0,"enemies":"Hexaghost","floor":16.0,"turns":4.0},{"damage":1.0,"enemies":"3 Byrds","floor":18.0,"turns":3.0},{"damage":21.0,"enemies":"Shell Parasite","floor":21.0,"turns":3.0},{"damage":31,"enemies":"Slavers","floor":29,"turns":3},{"damage":0,"enemies":"Book of Stabbing","floor":31,"turns":1},{"damage":50,"enemies":"Champ","floor":33,"turns":6}],"seed_played":"2838943348618282773","potions_obtained":[{"floor":4.0,"key":"Explosive Potion"},{"floor":5.0,"key":"Explosive Potion"},{"floor":8.0,"key":"BlessingOfTheForge"},{"floor":11.0,"key":"StancePotion"},{"floor":13.0,"key":"Explosive Potion"},{"floor":14.0,"key":"Energy Potion"},{"floor":16.0,"key":"Weak Potion"},{"floor":18.0,"key":"LiquidMemories"},{"floor":21.0,"key":"SpeedPotion"},{"floor":29,"key":"SmokeBomb"}],"is_trial":false,"path_per_floor":["M","M","?","M","M","E","R","E","T","M","E","$","M","M","R","B",null,"M","?","$","M","?","R","?","?","T","?","R","E","T","E","R","B"],"character_chosen":"WATCHER","items_purchased":["FlurryOfBlows","PreservedInsect","MentalFortress"],"campfire_rested":3,"item_purchase_floors":[12,12,20],"current_hp_per_floor":[61,61,61,61,60,28,28,18,18,15,3,3,3,3,23,23,57,56,35,35,14,14,28,28,28,35,35,35,10,10,10,26,0,0],"gold":60,"neow_bonus":"BOSS_RELIC","is_daily":false,"chose_seed":false,"campfire_upgraded":2,"win_rate":0.0,"timestamp":1610780082,"path_taken":["M","M","?","?","M","E","R","E","T","M","E","$","M","M","R","BOSS","M","?","$","M","?","R","?","?","T","?","R","E","?","E","R","BOSS"],"items_purchased_type":["Card","Relic","Card"],"build_version":"2020-12-22","purchased_purges":1,"victory":false,"max_hp_per_floor":[68,68,68,68,68,68,68,68,68,68,68,68,68,68,68,68,68,68,68,68,68,47,47,47,47,54,54,54,54,54,54,54,54,54],"card_choices":[{"not_picked":["ClearTheMind","EmptyBody"],"picked":"FearNoEvil","floor":1.0},{"not_picked":["CarveReality","SashWhip"],"picked":"EmptyFist","floor":2.0},{"not_picked":["FlyingSleeves","Adaptation"],"picked":"FlurryOfBlows","floor":4.0},{"not_picked":["DeceiveReality","SpiritShield"],"picked":"Crescendo","floor":5.0},{"not_picked":["BowlingBash","DevaForm"],"picked":"Sanctity","floor":6.0},{"not_picked":["Protect","WindmillStrike","Weave"],"picked":"SKIP","floor":8.0},{"not_picked":["CutThroughFate","PathToVictory"],"picked":"WaveOfTheHand","floor":10.0},{"not_picked":["Protect","WaveOfTheHand"],"picked":"Consecrate","floor":11.0},{"not_picked":["PathToVictory","BattleHymn"],"picked":"Indignation","floor":13.0},{"not_picked":["Evaluate","EmptyFist"],"picked":"InnerPeace","floor":14.0},{"not_picked":["Ragnarok","Brilliance"],"picked":"Judgement","floor":16.0},{"not_picked":["Perseverance","Protect"],"picked":"Adaptation+1","floor":18.0},{"not_picked":["Protect","Prostrate"],"picked":"InnerPeace","floor":21.0},{"not_picked":["Worship","BowlingBash+1"],"picked":"Evaluate","floor":29},{"not_picked":["SandsOfTime","Judgement"],"picked":"FlyingSleeves+1","floor":32}],"player_experience":1949794,"relics_obtained":[{"floor":6.0,"key":"Dream Catcher"},{"floor":8.0,"key":"Matryoshka"},{"floor":9.0,"key":"White Beast Statue"},{"floor":9.0,"key":"Happy Flower"},{"floor":11.0,"key":"Whetstone"},{"floor":19.0,"key":"Enchiridion"},{"floor":26,"key":"Centennial Puzzle"},{"floor":26,"key":"Strawberry"},{"floor":29,"key":"Boot"}],"event_choices":[{"damage_healed":0.0,"max_hp_gain":0.0,"max_hp_loss":0.0,"gold_gain":0.0,"event_name":"FaceTrader","player_choice":"Trade","floor":3.0,"gold_loss":0.0,"damage_taken":0.0,"relics_obtained":["CultistMask"]},{"damage_healed":0.0,"max_hp_gain":0.0,"max_hp_loss":0.0,"gold_gain":0.0,"event_name":"Cursed Tome","player_choice":"Obtained Book","floor":19.0,"gold_loss":0.0,"damage_taken":21.0},{"damage_healed":0,"gold_gain":0,"player_choice":"Became a vampire","damage_taken":0,"max_hp_gain":0,"max_hp_loss":21,"event_name":"Vampires","floor":22,"gold_loss":0,"cards_obtained":["Bite","Bite","Bite","Bite","Bite"]},{"cards_removed":["Defend_P"],"damage_healed":0,"gold_gain":0,"player_choice":"Gave Gold","damage_taken":0,"max_hp_gain":0,"max_hp_loss":0,"event_name":"Beggar","floor":24,"gold_loss":75},{"damage_healed":0,"gold_gain":0,"player_choice":"Ignored","damage_taken":0,"max_hp_gain":0,"max_hp_loss":0,"event_name":"Ghosts","floor":25,"gold_loss":0},{"damage_healed":0,"gold_gain":0,"player_choice":"Stole Relic","damage_taken":0,"relics_obtained":["Akabeko"],"max_hp_gain":0,"max_hp_loss":0,"event_name":"Addict","floor":27,"gold_loss":0,"cards_obtained":["Shame"]}],"is_beta":false,"boss_relics":[{"not_picked":["Fusion Hammer","Coffee Dripper"],"picked":"VioletLotus"}],"items_purged_floors":[12],"is_endless":false,"potions_floor_spawned":[4,5,8,10,11,13,14,16,18,21,29,31],"killed_by":"Champ","ascension_level":17}}