{"host":"cvjufw5k2cirmttm","time":1610759213,"event":{"mods":["AchievementEnabler","BaseMod","Colored Map","Colored Powertips","Minty Spire (QoL Compilation)"],"gold_per_floor":[117,117,117,128,140,140,154,8,33,33,33,33],"floor_reached":11,"language":"RUS","playtime":371,"items_purged":[],"score":63,"play_id":"06413248-8d62-4340-8f6a-c6ea8d4f0c56","local_time":"20210116040653","is_ascension_mode":false,"campfire_choices":[],"circlet_count":0,"master_deck":["Strike_P","Strike_P","Strike_P","Strike_P","Defend_P","Defend_P","Defend_P","Defend_P","Eruption","Vigilance","Consecrate","CutThroughFate","Regret","EmptyFist"],"relics":["PureWater","Happy Flower","Toxic Egg 2","OrangePellets","Bag of Preparation","Golden Idol"],"acts_visited":["Exordium"],"potions_floor_usage":[11,11],"damage_taken":[{"damage":0,"enemies":"2 Louse","floor":1,"turns":2},{"damage":4,"enemies":"Jaw Worm","floor":4,"turns":2},{"damage":3,"enemies":"Cultist","floor":5,"turns":2},{"damage":3,"enemies":"Large Slime","floor":7,"turns":2},{"damage":53,"enemies":"3 Sentries","floor":11,"turns":6}],"seed_played":"2099100918755122374","potions_obtained":[{"floor":1,"key":"SneckoOil"},{"floor":4,"key":"StancePotion"},{"floor":6,"key":"FearPotion"},{"floor":6,"key":"PowerPotion"}],"is_trial":false,"path_per_floor":["M","?","?","M","M","?","M","$","T","?","E"],"character_chosen":"WATCHER","items_purchased":["OrangePellets"],"campfire_rested":0,"item_purchase_floors":[8],"current_hp_per_floor":[72,69,69,65,62,62,59,59,59,41,0,0],"gold":33,"neow_bonus":"THREE_CARDS","is_daily":false,"chose_seed":false,"campfire_upgraded":0,"win_rate":0.0,"timestamp":1610759213,"path_taken":["M","?","?","M","M","?","?","$","T","?","E"],"items_purchased_type":["Relic"],"build_version":"2020-12-22","purchased_purges":0,"victory":false,"max_hp_per_floor":[72,72,72,72,72,72,72,72,72,72,72,72],"card_choices":[{"not_picked":["EmptyBody","FollowUp"],"picked":"Consecrate","floor":0},{"not_picked":["FearNoEvil","BattleHymn"],"picked":"CutThroughFate","floor":1},{"not_picked":["Weave","CarveReality","EmptyBody+1"],"picked":"SKIP","floor":4},{"not_picked":["SignatureMove","ThirdEye+1","BattleHymn"],"picked":"SKIP","floor":5},{"not_picked":["SashWhip","Consecrate"],"picked":"EmptyFist","floor":7}],"player_experience":98370,"relics_obtained":[{"floor":9,"key":"Bag of Preparation"}],"event_choices":[{"damage_healed":0,"gold_gain":0,"player_choice":"Success","damage_taken":3,"relics_obtained":["Happy Flower"],"max_hp_gain":0,"max_hp_loss":0,"event_name":"Scrap Ooze","floor":2,"gold_loss":0},{"damage_healed":0,"gold_gain":0,"player_choice":"Box","damage_taken":0,"relics_obtained":["Toxic Egg 2"],"max_hp_gain":0,"max_hp_loss":0,"event_name":"Big Fish","floor":3,"gold_loss":0,"cards_obtained":["Regret"]},{"damage_healed":0,"gold_gain":0,"player_choice":"Got Potions","damage_taken":0,"max_hp_gain":0,"max_hp_loss":0,"event_name":"Lab","floor":6,"gold_loss":0},{"damage_healed":0,"gold_gain":0,"player_choice":"Take Damage","damage_taken":18,"relics_obtained":["Golden Idol"],"max_hp_gain":0,"max_hp_loss":0,"event_name":"Golden Idol","floor":10,"gold_loss":0}],"is_beta":false,"boss_relics":[],"items_purged_floors":[],"is_endless":false,"potions_floor_spawned":[1,4],"killed_by":"3 Sentries","ascension_level":0}}