{"host":"oehe2dxjvdgux73m","time":1610808229,"event":{"mods":["AchievementEnabler","BaseMod","Colored Map","Colored Powertips","DeckTracker","Keyboard Shortcuts","Minty Spire (QoL Compilation)","Permanent Neow","Quick Restart","StSLib","SuperFastMode"],"gold_per_floor":[110,124,137,137,109,109,119,119,119,149,94,19,29,47,47,121,121,75,75,86,97,114,114,114,114,114,114,114],"floor_reached":27,"language":"KOR","playtime":852,"items_purged":["Strike_G"],"score":400,"play_id":"61886f71-5898-4e6b-8ecf-0be131e6f033","local_time":"20210116234349","is_ascension_mode":true,"campfire_choices":[{"data":"Neutralize","floor":6.0,"key":"SMITH"},{"data":"Deadly Poison","floor":8.0,"key":"SMITH"},{"floor":15.0,"key":"REST"},{"floor":23.0,"key":"REST"},{"floor":25.0,"key":"REST"}],"circlet_count":0,"master_deck":["AscendersBane","Defend_G","Defend_G","Defend_G","Defend_G","Survivor","Neutralize+1","Flying Knee","Caltrops","Deadly Poison+1","Backstab","Leg Sweep","Dagger Throw","Die Die Die","Footwork","Dagger Spray","Bouncing Flask","Malaise","Malaise+1","Underhanded Strike+1","Bouncing Flask+1","Dash+1"],"relics":["Ring of the Snake","Paper Crane","Odd Mushroom","Nloth\u0027s Gift","Meat on the Bone"],"acts_visited":["Exordium","TheCity"],"potions_floor_usage":[27],"damage_taken":[{"damage":10.0,"enemies":"2 Louse","floor":1.0,"turns":3.0},{"damage":0.0,"enemies":"Cultist","floor":2.0,"turns":4.0},{"damage":0.0,"enemies":"Jaw Worm","floor":3.0,"turns":4.0},{"damage":4.0,"enemies":"Blue Slaver","floor":7.0,"turns":4.0},{"damage":10.0,"enemies":"The Mushroom Lair","floor":10.0,"turns":3.0},{"damage":2.0,"enemies":"Large Slime","floor":13.0,"turns":6.0},{"damage":0.0,"enemies":"3 Louse","floor":14.0,"turns":3.0},{"damage":18.0,"enemies":"The Guardian","floor":16.0,"turns":9.0},{"damage":22.0,"enemies":"2 Thieves","floor":18.0,"turns":5.0},{"damage":13.0,"enemies":"Shell Parasite","floor":20.0,"turns":5.0},{"damage":13.0,"enemies":"Chosen and Byrds","floor":21.0,"turns":5.0},{"damage":1.0,"enemies":"Snecko","floor":22.0,"turns":6.0},{"damage":56,"enemies":"Gremlin Leader","floor":27,"turns":7}],"seed_played":"949708252695975550","potions_obtained":[{"floor":1.0,"key":"Block Potion"},{"floor":7.0,"key":"Swift Potion"},{"floor":13.0,"key":"Dexterity Potion"},{"floor":20.0,"key":"Fire Potion"},{"floor":22.0,"key":"Poison Potion"}],"is_trial":false,"path_per_floor":["M","M","M","?","$","R","M","R","T","?","?","$","M","M","R","B",null,"M","?","M","M","M","R","?","R","T","E"],"character_chosen":"THE_SILENT","items_purchased":["Dagger Throw"],"campfire_rested":3,"item_purchase_floors":[5],"current_hp_per_floor":[34,34,34,39,39,39,35,35,35,25,25,25,23,23,44,26,60,38,38,25,12,11,32,32,53,53,0,0],"gold":114,"neow_bonus":"TRANSFORM_TWO_CARDS","is_daily":false,"chose_seed":false,"campfire_upgraded":2,"win_rate":0.0,"timestamp":1610808229,"path_taken":["M","M","M","?","$","R","M","R","T","?","?","$","M","M","R","BOSS","M","?","?","M","M","R","?","R","T","E"],"items_purchased_type":["Card"],"build_version":"2020-12-22","purchased_purges":1,"victory":false,"max_hp_per_floor":[66,66,66,71,71,71,71,71,71,71,71,71,71,71,71,71,71,71,71,71,71,71,71,71,71,71,71,71],"card_choices":[{"not_picked":["Expertise","Skewer"],"picked":"Deadly Poison","floor":1.0},{"not_picked":["Underhanded Strike","Outmaneuver"],"picked":"Backstab","floor":2.0},{"not_picked":["Accuracy","Riddle With Holes"],"picked":"Leg Sweep","floor":3.0},{"not_picked":["Quick Slash","Dagger Spray"],"picked":"Die Die Die","floor":7.0},{"not_picked":["Outmaneuver","Blade Dance"],"picked":"Footwork","floor":10.0},{"not_picked":["Masterful Stab","Eviscerate"],"picked":"Dagger Spray","floor":13.0},{"not_picked":["Skewer","Slice"],"picked":"Bouncing Flask","floor":14.0},{"not_picked":["Phantasmal Killer","Glass Knife"],"picked":"Malaise","floor":16.0},{"not_picked":["Prepared","Deflect","Acrobatics"],"picked":"SKIP","floor":18.0},{"not_picked":["Infinite Blades+1","Quick Slash"],"picked":"Dash+1","floor":20.0},{"not_picked":["Blade Dance","Backstab","Cloak And Dagger"],"picked":"SKIP","floor":21.0},{"not_picked":["All Out Attack","Heel Hook","Setup"],"picked":"SKIP","floor":22.0}],"player_experience":238639,"relics_obtained":[{"floor":9.0,"key":"Paper Crane"},{"floor":10.0,"key":"Odd Mushroom"},{"floor":26.0,"key":"Meat on the Bone"}],"event_choices":[{"damage_healed":0.0,"max_hp_gain":5.0,"max_hp_loss":0.0,"gold_gain":0.0,"event_name":"Big Fish","player_choice":"Donut","floor":4.0,"gold_loss":0.0,"damage_taken":0.0},{"damage_healed":0.0,"max_hp_gain":0.0,"max_hp_loss":0.0,"gold_gain":0.0,"event_name":"Mushrooms","player_choice":"Fought Mushrooms","floor":10.0,"gold_loss":0.0,"damage_taken":0.0},{"damage_healed":0.0,"max_hp_gain":0.0,"max_hp_loss":0.0,"gold_gain":0.0,"event_name":"World of Goop","player_choice":"Left Gold","floor":11.0,"gold_loss":55.0,"damage_taken":0.0},{"damage_healed":0.0,"max_hp_gain":0.0,"max_hp_loss":0.0,"gold_gain":0.0,"event_name":"N\u0027loth","player_choice":"Traded Relic","floor":19.0,"relics_lost":["Astrolabe"],"gold_loss":0.0,"damage_taken":0.0,"relics_obtained":["Nloth\u0027s Gift"]},{"damage_healed":0.0,"max_hp_gain":0.0,"max_hp_loss":0.0,"gold_gain":0.0,"event_name":"Ghosts","player_choice":"Ignored","floor":24.0,"gold_loss":0.0,"damage_taken":0.0}],"is_beta":false,"boss_relics":[{"not_picked":["Runic Pyramid","Philosopher\u0027s Stone"],"picked":"Astrolabe"}],"items_purged_floors":[12],"is_endless":false,"potions_floor_spawned":[1,7,13,14,16,20,22],"killed_by":"Gremlin Leader","ascension_level":19}}