{"host":"ydujlihd8f5px9gp","time":1610815104,"event":{"mods":["AchievementEnabler","BaseMod","Block Reminder","Colored Map","Minty Spire (QoL Compilation)","ojb\u0027s Info Mod"],"gold_per_floor":[113,133,144,44,44,44,75,75,75,0,16,35,67,85,85,183,183,195,207,207,219,231,231,257,257,257,268,287,287,313,328,328,431,431,451,451,465,485,485,485,485,485,485,485,517,77,427,438,438,438],"floor_reached":51,"language":"ENG","playtime":2703,"items_purged":["Defend_G"],"score":806,"play_id":"0236ee62-a862-451f-8cb7-7375c0639971","local_time":"20210116143824","is_ascension_mode":true,"campfire_choices":[{"data":"Blade Dance","floor":6,"key":"SMITH"},{"data":"Neutralize","floor":8,"key":"SMITH"},{"floor":15,"key":"REST"},{"data":"Accuracy","floor":23,"key":"SMITH"},{"floor":25,"key":"REST"},{"floor":29,"key":"REST"},{"floor":32,"key":"REST"},{"data":"Blade Dance","floor":40,"key":"SMITH"},{"data":"Footwork","floor":42,"key":"SMITH"},{"data":"Calculated Gamble","floor":44,"key":"SMITH"},{"floor":49,"key":"REST"}],"circlet_count":0,"master_deck":["Strike_G","Strike_G","Strike_G+1","Defend_G","Defend_G","Defend_G","Defend_G","Survivor","Neutralize+1","Footwork+1","Calculated Gamble+1","Riddle With Holes","Blade Dance+1","Accuracy+1","Dagger Throw","Blade Dance+1","Backflip","Adrenaline","Leg Sweep","Eviscerate+1","Quick Slash+1","Noxious Fumes","Infinite Blades+1","Dash","Venomology","Poisoned Stab+1","Writhe","Dash+1","Finisher","Blade Dance+1"],"relics":["Ring of the Snake","Kunai","Pen Nib","Ancient Tea Set","PreservedInsect","SacredBark","Nunchaku","Blood Vial","Eternal Feather","WristBlade","Darkstone Periapt","InkBottle","Bottled Tornado","Whetstone","Old Coin"],"acts_visited":["Exordium","TheCity","TheBeyond"],"potions_floor_usage":[7,19,24,24,30,33,35,38,47,50,50],"damage_taken":[{"damage":6,"enemies":"Jaw Worm","floor":1,"turns":6},{"damage":0,"enemies":"Cultist","floor":2,"turns":5},{"damage":0,"enemies":"Small Slimes","floor":3,"turns":6},{"damage":7,"enemies":"Lagavulin","floor":7,"turns":7},{"damage":1,"enemies":"2 Fungi Beasts","floor":11,"turns":3},{"damage":11,"enemies":"Large Slime","floor":12,"turns":6},{"damage":11,"enemies":"3 Sentries","floor":13,"turns":9},{"damage":8,"enemies":"3 Louse","floor":14,"turns":3},{"damage":25,"enemies":"The Guardian","floor":16,"turns":8},{"damage":0,"enemies":"Chosen","floor":18,"turns":4},{"damage":7,"enemies":"2 Thieves","floor":19,"turns":3},{"damage":25,"enemies":"Shelled Parasite and Fungi","floor":21,"turns":6},{"damage":15,"enemies":"Sentry and Sphere","floor":22,"turns":6},{"damage":18,"enemies":"Gremlin Leader","floor":24,"turns":5},{"damage":7,"enemies":"Snecko","floor":27,"turns":5},{"damage":14,"enemies":"Snake Plant","floor":28,"turns":5},{"damage":10,"enemies":"Book of Stabbing","floor":30,"turns":3},{"damage":21,"enemies":"Chosen and Byrds","floor":31,"turns":6},{"damage":44,"enemies":"Collector","floor":33,"turns":10},{"damage":45,"enemies":"3 Darklings","floor":35,"turns":5},{"damage":0,"enemies":"Orb Walker","floor":37,"turns":3},{"damage":12,"enemies":"Spire Growth","floor":38,"turns":4},{"damage":3,"enemies":"Giant Head","floor":45,"turns":5},{"damage":4,"enemies":"Mind Bloom Boss Battle","floor":47,"turns":4},{"damage":36,"enemies":"Writhing Mass","floor":48,"turns":6},{"damage":38,"enemies":"Awakened One","floor":50,"turns":8}],"seed_played":"2774336036211967169","potions_obtained":[{"floor":2,"key":"DuplicationPotion"},{"floor":7,"key":"ColorlessPotion"},{"floor":11,"key":"SkillPotion"},{"floor":16,"key":"LiquidBronze"},{"floor":27,"key":"EssenceOfSteel"},{"floor":28,"key":"SneckoOil"},{"floor":33,"key":"Block Potion"},{"floor":37,"key":"FairyPotion"},{"floor":38,"key":"DuplicationPotion"}],"is_trial":false,"path_per_floor":["M","M","M","$","?","R","E","R","T","$","M","M","E","M","R","B",null,"M","M","?","M","M","R","E","R","T","M","M","R","E","M","R","B",null,"M","?","M","M","?","R","?","R","T","R","E","$","?","M","R","B",null],"character_chosen":"THE_SILENT","items_purchased":["Blade Dance","Accuracy","Bottled Tornado","Whetstone","Finisher"],"campfire_rested":5,"item_purchase_floors":[4,4,46,46,46],"current_hp_per_floor":[71,71,71,71,64,64,57,57,57,57,56,45,34,26,49,24,77,77,70,70,45,30,30,12,35,35,30,18,41,33,14,52,10,77,32,32,34,24,24,39,58,73,73,77,74,74,72,38,77,39],"gold":438,"neow_bonus":"TEN_PERCENT_HP_BONUS","is_daily":false,"chose_seed":false,"campfire_upgraded":6,"win_rate":0.0,"timestamp":1610815104,"path_taken":["M","M","M","$","?","R","E","R","T","?","M","M","E","M","R","BOSS","M","M","?","?","M","R","E","R","T","M","M","R","E","M","R","BOSS","M","?","M","M","?","R","?","R","T","R","E","$","?","M","R","BOSS"],"items_purchased_type":["Card","Card","Relic","Relic","Card"],"build_version":"2020-12-22","purchased_purges":1,"victory":true,"max_hp_per_floor":[77,77,77,77,77,77,77,77,77,77,77,77,77,77,77,77,77,77,77,77,77,77,77,77,77,77,77,77,77,77,77,77,77,77,77,77,77,77,77,77,77,77,77,77,77,77,77,77,77,77],"card_choices":[{"not_picked":["Deadly Poison","Prepared"],"picked":"Footwork","floor":1},{"not_picked":["Underhanded Strike","Acrobatics"],"picked":"Calculated Gamble","floor":2},{"not_picked":["Bane","Dagger Spray"],"picked":"Riddle With Holes","floor":3},{"not_picked":["Poisoned Stab","Dagger Spray"],"picked":"Dagger Throw","floor":7},{"not_picked":["Underhanded Strike","PiercingWail","Deflect"],"picked":"SKIP","floor":11},{"not_picked":["Dodge and Roll","Terror","Sucker Punch"],"picked":"SKIP","floor":12},{"not_picked":["Endless Agony","Acrobatics"],"picked":"Blade Dance","floor":13},{"not_picked":["Bouncing Flask","Quick Slash"],"picked":"Backflip","floor":14},{"not_picked":["Venomology","Unload"],"picked":"Adrenaline","floor":16},{"not_picked":["Slice","Dagger Throw","PiercingWail+1"],"picked":"SKIP","floor":18},{"not_picked":["Quick Slash","Underhanded Strike+1"],"picked":"Leg Sweep","floor":19},{"not_picked":["Night Terror","Predator"],"picked":"Quick Slash+1","floor":21},{"not_picked":["Sucker Punch","PiercingWail"],"picked":"Noxious Fumes","floor":22},{"not_picked":["Dagger Spray","Bane"],"picked":"Infinite Blades+1","floor":24},{"not_picked":["Outmaneuver","Dagger Throw","Poisoned Stab"],"picked":"SKIP","floor":27},{"not_picked":["Acrobatics+1","Predator","Slice"],"picked":"SKIP","floor":28},{"not_picked":["Reflex","Poisoned Stab"],"picked":"Dash","floor":30},{"not_picked":["PiercingWail","Eviscerate","Poisoned Stab"],"picked":"SKIP","floor":31},{"not_picked":["Corpse Explosion","Malaise"],"picked":"Venomology","floor":33},{"not_picked":["PiercingWail","Slice","Prepared"],"picked":"SKIP","floor":35},{"not_picked":["Caltrops+1","Sucker Punch","Deadly Poison+1"],"picked":"SKIP","floor":37},{"not_picked":["Backflip","Masterful Stab"],"picked":"Poisoned Stab+1","floor":38},{"not_picked":["Unload","Bouncing Flask"],"picked":"Dash+1","floor":45},{"not_picked":["Leg Sweep","Poisoned Stab"],"picked":"Blade Dance+1","floor":47},{"not_picked":["Deadly Poison","Poisoned Stab","Deflect"],"picked":"SKIP","floor":48}],"player_experience":130768,"relics_obtained":[{"floor":7,"key":"Pen Nib"},{"floor":9,"key":"Ancient Tea Set"},{"floor":13,"key":"PreservedInsect"},{"floor":24,"key":"Nunchaku"},{"floor":26,"key":"Blood Vial"},{"floor":30,"key":"Eternal Feather"},{"floor":43,"key":"Darkstone Periapt"},{"floor":45,"key":"InkBottle"},{"floor":47,"key":"Old Coin"}],"event_choices":[{"damage_healed":0,"gold_gain":0,"player_choice":"Success","damage_taken":7,"relics_obtained":["Kunai"],"max_hp_gain":0,"max_hp_loss":0,"event_name":"Scrap Ooze","floor":5,"gold_loss":0},{"damage_healed":0,"gold_gain":0,"cards_transformed":["Strike_G"],"player_choice":"Transformed","damage_taken":0,"max_hp_gain":0,"max_hp_loss":0,"event_name":"Transmorgrifier","floor":20,"gold_loss":0,"cards_obtained":["Eviscerate"]},{"damage_healed":0,"gold_gain":0,"player_choice":"Ignored","damage_taken":0,"max_hp_gain":0,"max_hp_loss":0,"event_name":"Tomb of Lord Red Mask","floor":36,"gold_loss":0},{"cards_removed":["Strike_G"],"damage_healed":0,"gold_gain":0,"player_choice":"Removed Attack","damage_taken":0,"max_hp_gain":0,"max_hp_loss":0,"event_name":"Falling","floor":39,"gold_loss":0},{"damage_healed":19,"gold_gain":0,"player_choice":"Writhe","damage_taken":0,"max_hp_gain":0,"max_hp_loss":0,"event_name":"Winding Halls","floor":41,"gold_loss":0,"cards_obtained":["Writhe"]},{"damage_healed":0,"gold_gain":0,"player_choice":"Fight","damage_taken":0,"max_hp_gain":0,"max_hp_loss":0,"event_name":"MindBloom","floor":47,"gold_loss":0}],"is_beta":false,"boss_relics":[{"not_picked":["Astrolabe","Snecko Eye"],"picked":"SacredBark"},{"not_picked":["Philosopher\u0027s Stone","Cursed Key"],"picked":"WristBlade"}],"items_purged_floors":[10],"is_endless":false,"potions_floor_spawned":[2,7,11,16,18,27,28,33,37,38],"ascension_level":3}}