{"host":"vex7walpoxzv48nx","time":1610839578,"event":{"mods":["BaseMod","Bestiary","Minty Spire (QoL Compilation)","Permanent Neow","Quick Restart","Relic Stats"],"gold_per_floor":[111,121,101,26,36,68,68,68,68,99,99,11,11,25,25,96,96,112,37,37,48,48,48],"floor_reached":22,"language":"ENG","playtime":2392,"items_purged":["Strike_G"],"score":384,"play_id":"4f0ba7ff-7182-4278-817c-208f91aa7405","local_time":"20210117002618","daily_mods":["Purple Cards","Heirloom","Flight"],"is_ascension_mode":true,"campfire_choices":[{"data":"Neutralize","floor":7,"key":"SMITH"},{"floor":8,"key":"REST"},{"data":"BattleHymn","floor":11,"key":"SMITH"},{"data":"Strike_G","floor":13,"key":"PURGE"},{"data":"Strike_G","floor":15,"key":"PURGE"}],"circlet_count":0,"master_deck":["AscendersBane","Strike_G","Strike_G","Defend_G","Defend_G","Defend_G","Defend_G","Survivor","Neutralize+1","WheelKick","Dagger Spray","FollowUp","PiercingWail","BattleHymn+1","Footwork","FlyingSleeves","Phantasmal Killer","Dodge and Roll","Footwork"],"relics":["Ring of the Snake","Ninja Scroll","Bottled Lightning","Eternal Feather","Philosopher\u0027s Stone","Nloth\u0027s Gift"],"acts_visited":["Exordium","TheCity"],"potions_floor_usage":[6,10,21,22],"damage_taken":[{"damage":2.0,"enemies":"Cultist","floor":1.0,"turns":5.0},{"damage":0,"enemies":"2 Louse","floor":2,"turns":2},{"damage":3,"enemies":"Small Slimes","floor":5,"turns":4},{"damage":18,"enemies":"Gremlin Nob","floor":6,"turns":4},{"damage":15,"enemies":"3 Sentries","floor":10,"turns":8},{"damage":0,"enemies":"2 Fungi Beasts","floor":14,"turns":3},{"damage":62,"enemies":"Slime Boss","floor":16,"turns":11},{"damage":12,"enemies":"Spheric Guardian","floor":18,"turns":4},{"damage":8,"enemies":"Shell Parasite","floor":21,"turns":2},{"damage":13,"enemies":"Sentry and Sphere","floor":22,"turns":5}],"seed_played":"-1370554722546832216","potions_obtained":[{"floor":1.0,"key":"Ancient Potion"},{"floor":3,"key":"Explosive Potion"},{"floor":6,"key":"Swift Potion"},{"floor":18,"key":"Fire Potion"}],"is_trial":true,"path_per_floor":["M","M","?","$","M","E","R","R","T","E","R","$","R","M","R","B",null,"M","?","?","M","M"],"character_chosen":"THE_SILENT","items_purchased":["Footwork"],"campfire_rested":1,"item_purchase_floors":[12],"current_hp_per_floor":[57,57,57,57,54,36,36,55,55,40,49,49,58,58,66,4,51,39,39,39,31,18,18],"gold":48,"neow_bonus":"","is_daily":false,"chose_seed":false,"campfire_upgraded":2,"win_rate":0.0,"timestamp":1610839578,"path_taken":["M","M","?","$","M","E","R","R","T","E","R","$","R","M","R","BOSS","M","?","?","?","M"],"items_purchased_type":["Card"],"build_version":"2020-12-22","purchased_purges":1,"victory":false,"max_hp_per_floor":[66,66,66,66,66,66,66,66,66,66,66,66,66,66,66,66,66,66,66,66,66,66,66],"relic_stats":{"counters":[10,48],"Eternal Feather":26,"Nloth\u0027s Gift":0,"obtain_stats":[{"Peace Pipe":0,"Ninja Scroll":6,"Eternal Feather":10,"Philosopher\u0027s Stone":17,"Nloth\u0027s Gift":20,"Bottled Lightning":9,"Ring of the Snake":0},{"Peace Pipe":0,"Ninja Scroll":4,"Eternal Feather":5,"Philosopher\u0027s Stone":7,"Nloth\u0027s Gift":8,"Bottled Lightning":4,"Ring of the Snake":0},{"Peace Pipe":0,"Ninja Scroll":15,"Eternal Feather":23,"Philosopher\u0027s Stone":37,"Nloth\u0027s Gift":41,"Bottled Lightning":15,"Ring of the Snake":0}],"Ring of the Snake":[20]},"card_choices":[{"not_picked":["ThirdEye","PiercingWail"],"picked":"WheelKick","floor":1.0},{"not_picked":["Dagger Throw","Flying Knee"],"picked":"Dagger Spray","floor":2},{"not_picked":["Dodge and Roll","Consecrate"],"picked":"FollowUp","floor":5},{"not_picked":["Alpha","Backflip"],"picked":"PiercingWail","floor":6},{"not_picked":["Envenom","Bane"],"picked":"BattleHymn","floor":10},{"not_picked":["EmptyFist","Eviscerate"],"picked":"FlyingSleeves","floor":14},{"not_picked":["Glass Knife","DeusExMachina"],"picked":"Phantasmal Killer","floor":16},{"not_picked":["CrushJoints","FlyingSleeves"],"picked":"Dodge and Roll","floor":18},{"not_picked":["Backstab","PathToVictory"],"picked":"Footwork","floor":21}],"player_experience":149866,"relics_obtained":[{"floor":6,"key":"Ninja Scroll"},{"floor":9,"key":"Bottled Lightning"},{"floor":10,"key":"Eternal Feather"}],"event_choices":[{"damage_healed":0,"gold_gain":0,"player_choice":"Bought 1 Potion","damage_taken":0,"max_hp_gain":0,"max_hp_loss":0,"event_name":"The Woman in Blue","floor":3,"gold_loss":0},{"cards_removed":["Defend_G"],"damage_healed":0,"gold_gain":0,"player_choice":"Gave Gold","damage_taken":0,"max_hp_gain":0,"max_hp_loss":0,"event_name":"Beggar","floor":19,"gold_loss":75},{"damage_healed":0,"gold_gain":0,"player_choice":"Traded Relic","damage_taken":0,"relics_obtained":["Nloth\u0027s Gift"],"max_hp_gain":0,"max_hp_loss":0,"event_name":"N\u0027loth","floor":20,"relics_lost":["Peace Pipe"],"gold_loss":0}],"is_beta":false,"boss_relics":[{"not_picked":["Runic Pyramid","Busted Crown"],"picked":"Philosopher\u0027s Stone"}],"items_purged_floors":[4],"is_endless":false,"potions_floor_spawned":[1,6,18],"killed_by":"Sentry and Sphere","ascension_level":20}}