{"host":"utqe55yv0jihe4d6","time":1610820239,"event":{"mods":["2.2 Compatiblity","AchievementEnabler","BaseMod","Block Reminder","Colored Map","Colored Powertips","Minty Spire (QoL Compilation)","Quick Restart","Rare Cards Sparkle","Relic Stats","SuperFastMode"],"gold_per_floor":[115,128,128,93,243,243,278,79,79,79,37,37,66,86,86,160,160,173,193,243,293,309,309,309],"floor_reached":23,"language":"ENG","playtime":601,"items_purged":["Doubt"],"score":394,"play_id":"e6ea5d58-e091-4f1f-adc6-6ee75701779b","local_time":"20210116130359","is_ascension_mode":true,"campfire_choices":[{"data":"Bash","floor":6,"key":"SMITH"},{"floor":10,"key":"REST"},{"floor":12,"key":"REST"},{"data":"Spot Weakness","floor":15,"key":"SMITH"}],"circlet_count":0,"master_deck":["AscendersBane","Strike_R","Strike_R+1","Strike_R+1","Strike_R","Defend_R","Defend_R","Defend_R","Defend_R","Bash+1","Clothesline","Pommel Strike","Perfected Strike","Evolve","Battle Trance","Spot Weakness+1","Feel No Pain","Shockwave","Demon Form","Burning Pact+1","Fire Breathing","Havoc"],"relics":["Burning Blood","Nunchaku","Whetstone","Du-Vu Doll","Cursed Key"],"acts_visited":["Exordium","TheCity"],"potions_floor_usage":[13,22,23],"damage_taken":[{"damage":23,"enemies":"Jaw Worm","floor":1,"turns":7},{"damage":7,"enemies":"2 Louse","floor":2,"turns":3},{"damage":45,"enemies":"Lagavulin","floor":7,"turns":6},{"damage":10,"enemies":"Gremlin Nob","floor":13,"turns":3},{"damage":10,"enemies":"Small Slimes","floor":14,"turns":3},{"damage":56,"enemies":"Hexaghost","floor":16,"turns":9},{"damage":25,"enemies":"Chosen","floor":18,"turns":6},{"damage":39,"enemies":"Shell Parasite","floor":19,"turns":4},{"damage":32,"enemies":"Snecko","floor":22,"turns":5},{"damage":14,"enemies":"Gremlin Leader","floor":23,"turns":2}],"seed_played":"-6322213680119309598","potions_obtained":[{"floor":2,"key":"LiquidMemories"},{"floor":16,"key":"BloodPotion"},{"floor":19,"key":"SpeedPotion"}],"is_trial":false,"path_per_floor":["M","M","?","?","?","R","E","$","T","R","$","R","E","M","R","B",null,"M","M","?","?","M","E"],"character_chosen":"IRONCLAD","items_purchased":["Evolve","Battle Trance","Spot Weakness"],"campfire_rested":2,"item_purchase_floors":[8,8,11],"current_hp_per_floor":[47,46,39,61,61,61,22,22,22,48,48,74,70,66,66,16,71,52,19,19,19,10,0,0],"gold":309,"neow_bonus":"TWENTY_PERCENT_HP_BONUS","is_daily":false,"chose_seed":false,"campfire_upgraded":2,"win_rate":0.0,"timestamp":1610820239,"path_taken":["M","M","?","?","?","R","E","?","T","R","$","R","E","M","R","BOSS","M","M","?","?","?","E"],"items_purchased_type":["Card","Card","Card"],"build_version":"2020-12-22","purchased_purges":1,"victory":false,"max_hp_per_floor":[89,89,89,89,89,89,89,89,89,89,89,89,89,89,89,89,89,89,89,89,89,89,89,89],"relic_stats":{"Nunchaku":[4],"counters":[10,48],"Whetstone":["Strike_R","Strike_R"],"Cursed Key":0,"obtain_stats":[{"Du-Vu Doll":13,"Nunchaku":7,"Whetstone":9,"Cursed Key":17,"Burning Blood":0},{"Du-Vu Doll":4,"Nunchaku":3,"Whetstone":3,"Cursed Key":6,"Burning Blood":0},{"Du-Vu Doll":19,"Nunchaku":16,"Whetstone":16,"Cursed Key":31,"Burning Blood":0}],"Burning Blood":54},"card_choices":[{"not_picked":["Body Slam","Heavy Blade"],"picked":"Clothesline","floor":1},{"not_picked":["Twin Strike","Perfected Strike"],"picked":"Pommel Strike","floor":2},{"not_picked":["Brutality","Wild Strike"],"picked":"Perfected Strike","floor":7},{"not_picked":["Armaments","Ghostly Armor"],"picked":"Feel No Pain","floor":13},{"not_picked":["Bloodletting","Heavy Blade"],"picked":"Shockwave","floor":14},{"not_picked":["Corruption","Barricade"],"picked":"Demon Form","floor":16},{"not_picked":["Feel No Pain","Flex"],"picked":"Burning Pact+1","floor":18},{"not_picked":["Wild Strike","Iron Wave"],"picked":"Fire Breathing","floor":19},{"not_picked":["Anger","Clash"],"picked":"Havoc","floor":22}],"player_experience":2953276,"relics_obtained":[{"floor":7,"key":"Nunchaku"},{"floor":9,"key":"Whetstone"},{"floor":13,"key":"Du-Vu Doll"}],"event_choices":[{"cards_removed":["Strike_R"],"damage_healed":0,"gold_gain":0,"player_choice":"Card Removal","damage_taken":7,"max_hp_gain":0,"max_hp_loss":0,"event_name":"Golden Wing","floor":3,"gold_loss":0},{"damage_healed":22,"gold_gain":0,"player_choice":"Healed","damage_taken":0,"max_hp_gain":0,"max_hp_loss":0,"event_name":"The Cleric","floor":4,"gold_loss":35},{"damage_healed":0,"gold_gain":150,"player_choice":"AGREE","damage_taken":0,"max_hp_gain":0,"max_hp_loss":0,"event_name":"Liars Game","floor":5,"gold_loss":0,"cards_obtained":["Doubt"]},{"damage_healed":0,"gold_gain":50,"player_choice":"Stole From Cult","damage_taken":0,"max_hp_gain":0,"max_hp_loss":0,"event_name":"Nest","floor":20,"gold_loss":0},{"damage_healed":0,"gold_gain":50,"player_choice":"Pray","damage_taken":0,"max_hp_gain":0,"max_hp_loss":0,"event_name":"Golden Shrine","floor":21,"gold_loss":0}],"is_beta":false,"boss_relics":[{"not_picked":["Runic Dome","SacredBark"],"picked":"Cursed Key"}],"items_purged_floors":[8],"is_endless":false,"potions_floor_spawned":[2,16,19],"killed_by":"Gremlin Leader","ascension_level":20}}