{"host":"xm0tf1maiknh0fp9","time":1610808835,"event":{"mods":["BaseMod","Colored Map","Colored Powertips","Googly Eyes","Minty Spire (QoL Compilation)","Replay The Spire","StSLib"],"gold_per_floor":[110,211,230,180,180,180,210,221,221,237,3,3,3,31,31,130,130,144,59,59,72,147,147,157,157,157,157,172,50,50,84,84,181,181,199,211,222,241,261,261,261,261,261,20,20,31,31,62,62,62],"floor_reached":51,"language":"ENG","playtime":1993,"items_purged":["Strike_G","Strike_G","Strike_G"],"score":985,"play_id":"487f1e5c-d388-43b5-a2a8-04c674194d1c","local_time":"20210116095355","is_ascension_mode":true,"campfire_choices":[{"floor":6.0,"key":"REST"},{"data":"ReplayTheSpireMod:Scrap Shanks","floor":12,"key":"SMITH"},{"floor":15,"key":"REST"},{"floor":23,"key":"REST"},{"floor":25,"key":"REST"},{"floor":27,"key":"REST"},{"data":"Reflex","floor":32,"key":"SMITH"},{"floor":40,"key":"REST"},{"data":"Prepared","floor":42,"key":"SMITH"},{"data":"Prepared","floor":45,"key":"SMITH"},{"data":"Prepared","floor":49,"key":"SMITH"}],"circlet_count":0,"master_deck":["Defend_G","Defend_G","Defend_G","Defend_G","Defend_G","Survivor","Neutralize","Accuracy","Cloak And Dagger","Hidden Blade","ReplayTheSpireMod:Scrap Shanks+1","Reflex+1","After Image","Unload","Infinite Blades","Prepared+1","Prepared+1","Reflex+1","Adrenaline","Reflex+1","Calculated Gamble+1","Accuracy+1","Prepared+1"],"relics":["Ring of the Snake","NeowsBlessing","Torii","The Courier","Counterbalance","Bag of Preparation","Replay:Bottled Flurry","Onion Ring","Black Star","ReplayTheSpireMod:Lightbulb","Mercury Hourglass","ReplayTheSpireMod:TigerMarble","ReplayFunnel","Sozu","Frozen Egg 2","ClockworkSouvenir","Orichalcum","Blue Doll"],"acts_visited":["Exordium","TheCity","TheBeyond"],"potions_floor_usage":[16,31,33,33,50],"damage_taken":[{"damage":0.0,"enemies":"Small Slimes","floor":1.0,"turns":1.0},{"damage":0.0,"enemies":"Cultist","floor":3.0,"turns":1.0},{"damage":0.0,"enemies":"Gremlin Nob","floor":7.0,"turns":1.0},{"damage":0.0,"enemies":"Jaw Worm","floor":8.0,"turns":5.0},{"damage":8.0,"enemies":"3 Louse","floor":10.0,"turns":3.0},{"damage":10,"enemies":"Lagavulin","floor":14,"turns":9},{"damage":53,"enemies":"Fading Forest","floor":16,"turns":11},{"damage":25,"enemies":"3 Byrds","floor":18,"turns":7},{"damage":8,"enemies":"Shell Parasite","floor":21,"turns":4},{"damage":22,"enemies":"Snake Plant","floor":24,"turns":5},{"damage":2,"enemies":"3 Cultists","floor":28,"turns":4},{"damage":13,"enemies":"Gremlin Leader","floor":31,"turns":3},{"damage":6,"enemies":"Collector","floor":33,"turns":4},{"damage":0,"enemies":"Orb Walker","floor":35,"turns":1},{"damage":0,"enemies":"3 Shapes","floor":36,"turns":2},{"damage":9,"enemies":"Writhing Mass","floor":37,"turns":4},{"damage":9,"enemies":"Jaw Worm Horde","floor":38,"turns":2},{"damage":0,"enemies":"Sphere and 2 Shapes","floor":39,"turns":2},{"damage":0,"enemies":"Transient","floor":46,"turns":4},{"damage":0,"enemies":"Reptomancer","floor":48,"turns":1},{"damage":12,"enemies":"Awakened One","floor":50,"turns":4}],"seed_played":"-3318176080054598139","potions_obtained":[{"floor":3.0,"key":"GhostInAJar"},{"floor":8.0,"key":"Strength Potion"},{"floor":10.0,"key":"SteroidPotion"},{"floor":24,"key":"ColorlessPotion"},{"floor":31,"key":"Venom Potion"}],"is_trial":false,"path_per_floor":["M","?","M","?","?","R","E","M","T","M","$","R","T","E","R","B",null,"M","?","?","M","?","R","M","R","T","R","M","$","?","E","R","B",null,"M","M","M","M","M","R","?","R","T","$","R","M","?","E","R","B",null],"character_chosen":"THE_SILENT","items_purchased":["Bag of Preparation","Reflex","Prepared","ClockworkSouvenir","Prepared"],"campfire_rested":6,"item_purchase_floors":[11,11,29,44,44],"current_hp_per_floor":[70,42,42,42,35,56,56,56,56,48,48,48,48,38,59,24,59,34,34,34,26,19,40,18,39,39,60,58,58,58,45,45,39,62,62,62,53,44,44,65,65,65,65,65,65,65,65,65,65,53],"gold":62,"neow_bonus":"THREE_ENEMY_KILL","is_daily":false,"chose_seed":false,"campfire_upgraded":5,"win_rate":0.0,"timestamp":1610808835,"path_taken":["M","?","?","?","?","R","E","M","T","M","$","R","?","E","R","BOSS","M","?","?","?","?","R","M","R","T","R","?","$","?","E","R","BOSS","M","?","?","M","M","R","?","R","T","$","R","M","?","E","R","BOSS"],"items_purchased_type":["Relic","Card","Card","Relic","Card"],"build_version":"2020-12-22","purchased_purges":3,"victory":true,"max_hp_per_floor":[70,70,70,70,70,70,70,70,70,70,70,70,70,70,70,70,70,70,70,70,70,70,70,70,70,70,70,70,70,70,70,70,70,70,70,70,70,70,70,70,66,66,66,66,66,66,66,66,66,66],"card_choices":[{"not_picked":["Dagger Spray","Quick Slash","Outmaneuver"],"picked":"SKIP","floor":1.0},{"not_picked":["Slice","PiercingWail"],"picked":"Accuracy","floor":2.0},{"not_picked":["Backflip","Dodge and Roll"],"picked":"Cloak And Dagger","floor":2.0},{"not_picked":["Slice","Leg Sweep"],"picked":"Hidden Blade","floor":3.0},{"not_picked":["ReplayTheSpireMod:Tripwire","Deflect","Outmaneuver"],"picked":"SKIP","floor":7.0},{"not_picked":["Backflip","Quick Slash","Endless Agony"],"picked":"SKIP","floor":8.0},{"not_picked":["Toxin Wave","Crippling Poison"],"picked":"ReplayTheSpireMod:Scrap Shanks","floor":10.0},{"not_picked":["Eviscerate","Catalyst"],"picked":"After Image","floor":14},{"not_picked":["Atom Bomb","Phantasmal Killer"],"picked":"Unload","floor":16},{"not_picked":["Finisher+1","Deflect+1"],"picked":"Infinite Blades","floor":18},{"not_picked":["PiercingWail+1","Catalyst","Sucker Punch"],"picked":"SKIP","floor":21},{"not_picked":["Leg Sweep","Dash","Dodge and Roll+1"],"picked":"SKIP","floor":24},{"not_picked":["Backflip+1","Crippling Poison"],"picked":"Prepared","floor":28},{"not_picked":["ReplayTheSpireMod:Necrosis","Heel Hook"],"picked":"Reflex","floor":31},{"not_picked":["Die Die Die","Grand Finale"],"picked":"Adrenaline","floor":33},{"not_picked":["Poisoned Stab+1","Deadly Poison"],"picked":"Reflex+1","floor":35},{"not_picked":["Dodge and Roll+1","Masterful Stab+1","Calculated Gamble+1"],"picked":"SKIP","floor":36},{"not_picked":["Dodge and Roll+1","Masterful Stab+1"],"picked":"Calculated Gamble+1","floor":36},{"not_picked":["Outmaneuver","Underhanded Strike"],"picked":"Accuracy+1","floor":37},{"not_picked":["Setup","Dagger Spray","Underhanded Strike+1"],"picked":"SKIP","floor":38},{"not_picked":["Hidden Blade","Backflip","Backstab+1"],"picked":"SKIP","floor":39},{"not_picked":["Setup+1","Slice+1","Dodge and Roll"],"picked":"SKIP","floor":46},{"not_picked":["Expertise+1","Reflex","Flying Knee+1"],"picked":"SKIP","floor":48}],"player_experience":131122,"relics_obtained":[{"floor":7.0,"key":"The Courier"},{"floor":9.0,"key":"Counterbalance"},{"floor":13,"key":"Replay:Bottled Flurry"},{"floor":14,"key":"Onion Ring"},{"floor":26,"key":"Mercury Hourglass"},{"floor":31,"key":"ReplayTheSpireMod:TigerMarble"},{"floor":31,"key":"ReplayFunnel"},{"floor":43,"key":"Frozen Egg 2"},{"floor":48,"key":"Orichalcum"},{"floor":48,"key":"Blue Doll"}],"event_choices":[{"cards_removed":["Strike_G"],"damage_healed":0.0,"max_hp_gain":0.0,"max_hp_loss":0.0,"gold_gain":0.0,"event_name":"The Cleric","player_choice":"Card Removal","floor":4.0,"gold_loss":50.0,"damage_taken":0.0},{"damage_healed":0.0,"max_hp_gain":0.0,"max_hp_loss":0.0,"gold_gain":0.0,"event_name":"Scrap Ooze","player_choice":"Success","floor":5.0,"gold_loss":0.0,"damage_taken":7.0,"relics_obtained":["Torii"]},{"damage_healed":0,"gold_gain":0,"player_choice":"Obtained Relic","damage_taken":0,"relics_obtained":["ReplayTheSpireMod:Lightbulb"],"max_hp_gain":0,"max_hp_loss":0,"event_name":"Addict","floor":19,"gold_loss":85},{"cards_removed":["Strike_G"],"damage_healed":0,"gold_gain":0,"player_choice":"Offered Basic","damage_taken":0,"max_hp_gain":0,"max_hp_loss":0,"event_name":"Bonfire Elementals","floor":20,"gold_loss":0},{"damage_healed":0,"gold_gain":75,"player_choice":"Touch","damage_taken":7,"max_hp_gain":0,"max_hp_loss":0,"event_name":"FaceTrader","floor":22,"gold_loss":0},{"damage_healed":0,"gold_gain":0,"player_choice":"Upgraded","damage_taken":0,"max_hp_gain":0,"max_hp_loss":0,"event_name":"Upgrade Shrine","floor":30,"gold_loss":0,"cards_upgraded":["Reflex"]},{"damage_healed":0,"gold_gain":0,"player_choice":"Max HP","damage_taken":0,"max_hp_gain":0,"max_hp_loss":4,"event_name":"Winding Halls","floor":41,"gold_loss":0},{"damage_healed":0,"gold_gain":0,"player_choice":"Got Potions","damage_taken":0,"max_hp_gain":0,"max_hp_loss":0,"event_name":"Lab","floor":47,"gold_loss":0}],"is_beta":false,"boss_relics":[{"not_picked":["Replay:Bronze Core","Fusion Hammer"],"picked":"Black Star"},{"not_picked":["Cursed Key","Velvet Choker"],"picked":"Sozu"}],"items_purged_floors":[11,29,44],"is_endless":false,"potions_floor_spawned":[3,8,10,14,24,31,37,38,39,46,48],"ascension_level":5}}