{"host":"4id8injl4bo2b6ih","time":1610815557,"event":{"mods":["Act Like it!","BaseMod","Better Third Choice","Colored Map","Downfall","Friendly Minions","Hermit","Highlight Path","Ironclad Rager","Minty Spire (QoL Compilation)","Relic Stats","Robot Space Explorer","Shop Mod","Spicy Shops","StSLib"],"gold_per_floor":[99,99,99,99,99,30,55,55,83,183,183,203,203,219,235,332,332,232,243,243,243,228,254,281,481,481,481,381,391,391,424,440,440,440,440],"floor_reached":33,"language":"ENG","playtime":9694,"items_purged":[],"score":327,"play_id":"cb011762-7767-4491-8b49-b36ee3fda09d","local_time":"20210116174557","is_ascension_mode":false,"campfire_choices":[{"data":"champ:Taunt","floor":1.0,"key":"SMITH"},{"floor":13.0,"key":"RECALL"},{"data":"champ:GladiatorForm","floor":18.0,"key":"SMITH"},{"floor":28,"key":"REST"},{"data":"champ:StanceDance","floor":30,"key":"SMITH"}],"circlet_count":0,"master_deck":["champ:Strike","champ:Strike","champ:Defend+1","champ:Defend+1","champ:Defend","champ:Defend+1","champ:Execute","champ:Taunt+1","champ:ShieldWall+1","champ:EnragedBash","champ:Duel+1","champ:MurderStrike","champ:ArenaPreparation","champ:SwordThrow","champ:GladiatorForm+1","champ:StanceDance+1","champ:MurderStrike","champ:CalledShot","champ:FaceSlap","champ:DeathBlow+1","champ:SetATrap+1"],"relics":["champ:ChampionCrown","downfall:HeartsMalice","Dead Branch","champ:FightingForDummies","Tiny Chest","Centennial Puzzle","Philosopher\u0027s Stone","downfall:HeartBlessingRed","Sundial","Pen Nib","Boot","Letter Opener","downfall:HeartBlessingBlue","MealTicket"],"acts_visited":["Exordium","TheCity"],"potions_floor_usage":[29,29,33],"damage_taken":[{"damage":0.0,"enemies":"Cultist","floor":2.0,"turns":1.0},{"damage":0.0,"enemies":"Small Slimes","floor":3.0,"turns":1.0},{"damage":0.0,"enemies":"downfall:FleeingMerchant","floor":6.0,"turns":1.0},{"damage":54.0,"enemies":"Lagavulin","floor":9.0,"turns":7.0},{"damage":39.0,"enemies":"downfall:Heads","floor":10.0,"turns":8.0},{"damage":20.0,"enemies":"Jaw Worm","floor":12.0,"turns":3.0},{"damage":20.0,"enemies":"Large Slime","floor":14.0,"turns":4.0},{"damage":10.0,"enemies":"2 Fungi Beasts","floor":15.0,"turns":3.0},{"damage":15.0,"enemies":"IC_STATUS_ARCHETYPE","floor":16.0,"turns":6.0},{"damage":30.0,"enemies":"Chosen","floor":19.0,"turns":4.0},{"damage":30.0,"enemies":"downfall:FleeingMerchant","floor":22.0,"turns":4.0},{"damage":80,"enemies":"Gremlin Leader","floor":23,"turns":5},{"damage":33,"enemies":"Gremlin Leader","floor":25,"turns":6},{"damage":7,"enemies":"Shell Parasite","floor":29,"turns":3},{"damage":45,"enemies":"Slavers","floor":31,"turns":4},{"damage":12,"enemies":"3 Cultists","floor":32,"turns":4},{"damage":83,"enemies":"WA_ARCHETYPE_CALM","floor":33,"turns":5}],"seed_played":"-5905450546751186390","potions_obtained":[{"floor":9.0,"key":"champ:CounterPotion"},{"floor":14.0,"key":"SteroidPotion"},{"floor":15.0,"key":"Weak Potion"},{"floor":26,"key":"EntropicBrew"}],"is_trial":false,"path_per_floor":["R","M","M","?","?","$","T","T","E","?","?","M","R","M","M","B",null,"R","M","T","T","$","E","T","?","?","T","R","M","R","E","M","B"],"character_chosen":"THE_CHAMP","items_purchased":["Dead Branch"],"campfire_rested":1,"item_purchase_floors":[6],"current_hp_per_floor":[90,90,90,90,90,90,90,90,76,62,62,62,62,62,52,52,90,90,90,90,90,90,55,55,37,37,37,77,75,75,45,43,0,0,0],"gold":440,"neow_bonus":"THREE_ENEMY_KILL","is_daily":false,"chose_seed":false,"campfire_upgraded":3,"win_rate":0.0,"timestamp":1610815557,"path_taken":["R","M","M","?","?","$","T","?","E","?","?","?","R","M","M","BOSS","R","M","?","?","$","E","T","?","?","?","R","M","R","E","M","BOSS"],"items_purchased_type":["Relic"],"build_version":"2020-12-22","purchased_purges":0,"victory":false,"max_hp_per_floor":[90,90,90,90,90,90,90,90,90,90,90,90,90,90,90,90,90,90,90,90,90,90,90,90,90,90,90,100,100,100,100,100,100,100,100],"relic_stats":{"Centennial Puzzle":[39],"counters":[17,66],"Sundial":[6],"Dead Branch":[36],"Tiny Chest":2,"MealTicket":0,"Pen Nib":[4],"Letter Opener":[35],"Boot":[7],"obtain_stats":[{"downfall:HeartBlessingRed":18,"Dead Branch":6,"champ:ChampionCrown":0,"downfall:HeartsMalice":0,"Pen Nib":23,"Letter Opener":27,"Boot":24,"Centennial Puzzle":9,"Sundial":21,"downfall:HeartBlessingBlue":28,"Tiny Chest":8,"Philosopher\u0027s Stone":17,"MealTicket":31,"champ:FightingForDummies":7},{"downfall:HeartBlessingRed":9,"Dead Branch":3,"champ:ChampionCrown":0,"downfall:HeartsMalice":0,"Pen Nib":12,"Letter Opener":13,"Boot":12,"Centennial Puzzle":4,"Sundial":10,"downfall:HeartBlessingBlue":13,"Tiny Chest":3,"Philosopher\u0027s Stone":9,"MealTicket":15,"champ:FightingForDummies":3},{"downfall:HeartBlessingRed":31,"Dead Branch":0,"champ:ChampionCrown":0,"downfall:HeartsMalice":0,"Pen Nib":44,"Letter Opener":50,"Boot":44,"Centennial Puzzle":7,"Sundial":35,"downfall:HeartBlessingBlue":50,"Tiny Chest":0,"Philosopher\u0027s Stone":31,"MealTicket":57,"champ:FightingForDummies":0}]},"card_choices":[{"not_picked":["champ:DeathBlow","champ:Circumvent"],"picked":"champ:ShieldWall","floor":2.0},{"not_picked":["champ:AdrenalArmor","champ:CrownThrow","champ:PreciseThrust"],"picked":"SKIP","floor":3.0},{"not_picked":["champ:RisingSlash","champ:DefensiveShout"],"picked":"champ:EnragedBash","floor":6.0},{"not_picked":["champ:PreciseThrust","champ:AdrenalArmor","champ:Circumvent"],"picked":"SKIP","floor":9.0},{"not_picked":["champ:Circumvent","champ:BringItOn"],"picked":"champ:Duel","floor":10.0},{"not_picked":["champ:GutPunch","champ:Shatter","champ:PreciseThrust"],"picked":"SKIP","floor":12.0},{"not_picked":["champ:FocusedBerserking","champ:FocusedDefense"],"picked":"champ:ArenaPreparation","floor":14.0},{"not_picked":["champ:FlashCut","champ:AdrenalArmor"],"picked":"champ:SwordThrow","floor":15.0},{"not_picked":["champ:MurderStrike","champ:ShieldThrow"],"picked":"champ:GladiatorForm","floor":16.0},{"not_picked":["champ:CrownThrow","champ:DefensiveShout"],"picked":"champ:StanceDance","floor":19.0},{"not_picked":["champ:BerserkersShout","champ:CrownThrow"],"picked":"champ:MurderStrike","floor":22},{"not_picked":["champ:Shatter","champ:DefensiveShout+1"],"picked":"champ:CalledShot","floor":23},{"not_picked":["champ:BerserkersShout","champ:CrownThrow"],"picked":"champ:FaceSlap","floor":29},{"not_picked":["champ:HeartStrike","champ:AdrenalArmor+1"],"picked":"champ:DeathBlow+1","floor":31},{"not_picked":["champ:Circumvent","champ:BerserkersShout"],"picked":"champ:SetATrap+1","floor":32}],"player_experience":427844,"relics_obtained":[{"floor":7.0,"key":"champ:FightingForDummies"},{"floor":8.0,"key":"Tiny Chest"},{"floor":9.0,"key":"Centennial Puzzle"},{"floor":21.0,"key":"Sundial"},{"floor":23,"key":"Pen Nib"},{"floor":24,"key":"Boot"},{"floor":27,"key":"Letter Opener"},{"floor":31,"key":"MealTicket"}],"event_choices":[{"cards_removed":["downfall:Malfunctioning"],"damage_healed":0.0,"max_hp_gain":0.0,"max_hp_loss":0.0,"gold_gain":0.0,"event_name":"The Cleric","player_choice":"Card Removal","floor":5.0,"gold_loss":0.0,"damage_taken":0.0},{"damage_healed":0,"gold_gain":0,"player_choice":"Got Potions","damage_taken":0,"max_hp_gain":0,"max_hp_loss":0,"event_name":"Lab","floor":26,"gold_loss":0}],"is_beta":false,"boss_relics":[{"not_picked":["sneckomod:SneckoTalon","Busted Crown"],"picked":"Philosopher\u0027s Stone"}],"items_purged_floors":[],"is_endless":false,"potions_floor_spawned":[9,14,15,23,25,29],"killed_by":"WA_ARCHETYPE_CALM","ascension_level":0}}