{"host":"ied4ms9juizrl48v","time":1610838724,"event":{"mods":["BaseMod","Block Reminder","Colored Map","Colored Powertips","DeckTracker","Highlight Path","Minty Spire (QoL Compilation)","Quick Restart","Random Character Button","StSLib","SuperFastMode"],"gold_per_floor":[111,111,26,26,26,69,106,118,201,213,225,161,175,215,215,215,215],"floor_reached":16,"language":"JPN","playtime":380,"items_purged":[],"score":262,"play_id":"80cbc5c2-dc88-4629-9465-4955b698362b","local_time":"20210117081204","is_ascension_mode":true,"campfire_choices":[{"data":"Vigilance","floor":8,"key":"SMITH"},{"data":"FearNoEvil","floor":10,"key":"SMITH"},{"data":"BattleHymn","floor":15,"key":"SMITH"}],"circlet_count":0,"master_deck":["AscendersBane","Strike_P","Strike_P","Strike_P","Strike_P","Defend_P","Defend_P","Defend_P","Defend_P","Eruption","Vigilance+1","DeceiveReality+1","FearNoEvil+1","FlurryOfBlows","BowlingBash","BattleHymn+1","EmptyBody","ThirdEye","SandsOfTime+1"],"relics":["PureWater","NeowsBlessing","Golden Idol","MawBank","The Courier","Molten Egg 2"],"acts_visited":["Exordium"],"potions_floor_usage":[14,16],"damage_taken":[{"damage":0,"enemies":"2 Louse","floor":1,"turns":1},{"damage":0,"enemies":"Gremlin Nob","floor":6,"turns":1},{"damage":0,"enemies":"Small Slimes","floor":7,"turns":1},{"damage":0,"enemies":"Cultist","floor":13,"turns":3},{"damage":5,"enemies":"3 Sentries","floor":14,"turns":4},{"damage":41,"enemies":"Hexaghost","floor":16,"turns":9}],"seed_played":"1361331543428199336","potions_obtained":[{"floor":1,"key":"LiquidBronze"},{"floor":6,"key":"PowerPotion"},{"floor":7,"key":"Fire Potion"}],"is_trial":false,"path_per_floor":["M","?","$","?","?","E","M","R","T","R","?","$","M","E","R","B"],"character_chosen":"WATCHER","items_purchased":["FearNoEvil","BattleHymn","EmptyBody"],"campfire_rested":0,"item_purchase_floors":[3,12,12],"current_hp_per_floor":[61,66,66,41,41,41,41,41,41,41,41,41,41,36,36,0,0],"gold":215,"neow_bonus":"THREE_ENEMY_KILL","is_daily":false,"chose_seed":false,"campfire_upgraded":3,"win_rate":0.0,"timestamp":1610838724,"path_taken":["M","?","$","?","?","E","?","R","T","R","?","?","M","E","R","BOSS"],"items_purchased_type":["Card","Card","Card"],"build_version":"2020-12-22","purchased_purges":0,"victory":false,"max_hp_per_floor":[68,73,73,73,73,73,73,73,73,73,73,73,73,73,73,73,73],"card_choices":[{"not_picked":["WreathOfFlame","JustLucky"],"picked":"DeceiveReality","floor":1},{"not_picked":["Wireheading","Collect"],"picked":"FlurryOfBlows","floor":6},{"not_picked":["SignatureMove","PathToVictory"],"picked":"BowlingBash","floor":7},{"not_picked":["SashWhip","Crescendo"],"picked":"ThirdEye","floor":13},{"not_picked":["ReachHeaven+1","Crescendo"],"picked":"SandsOfTime+1","floor":14}],"player_experience":30871,"relics_obtained":[{"floor":6,"key":"MawBank"},{"floor":9,"key":"The Courier"},{"floor":14,"key":"Molten Egg 2"}],"event_choices":[{"damage_healed":0,"gold_gain":0,"player_choice":"Donut","damage_taken":0,"max_hp_gain":5,"max_hp_loss":0,"event_name":"Big Fish","floor":2,"gold_loss":0},{"damage_healed":0,"gold_gain":0,"player_choice":"Take Damage","damage_taken":25,"relics_obtained":["Golden Idol"],"max_hp_gain":0,"max_hp_loss":0,"event_name":"Golden Idol","floor":4,"gold_loss":0},{"damage_healed":0,"gold_gain":0,"player_choice":"Upgraded","damage_taken":0,"max_hp_gain":0,"max_hp_loss":0,"event_name":"Upgrade Shrine","floor":5,"gold_loss":0,"cards_upgraded":["DeceiveReality"]},{"damage_healed":0,"gold_gain":0,"player_choice":"Ignored","damage_taken":0,"max_hp_gain":0,"max_hp_loss":0,"event_name":"Shining Light","floor":11,"gold_loss":0}],"is_beta":false,"boss_relics":[],"items_purged_floors":[],"is_endless":false,"potions_floor_spawned":[1,6,7],"killed_by":"Hexaghost","ascension_level":20}}