{"host":"kntpungskobv1jqb","time":1610772929,"event":{"mods":["BaseMod","Minty Spire (QoL Compilation)","Replay The Spire","StSLib","SuperFastMode"],"gold_per_floor":[111,126,141,141,156,36,69,19,19,43,64,103,103,124,124,254,254,279,34,54,69,69,0,0,0,46,46,59,74,174,185,185,288,288,298,313,328,180,192,192,48,91,91,91,100,112,171,187,187,187],"floor_reached":51,"language":"ZHS","playtime":2211,"items_purged":["Injury"],"score":1339,"play_id":"ab166fbe-2e81-4fb9-bfb3-defdef6941c7","local_time":"20210116125529","is_ascension_mode":true,"campfire_choices":[{"floor":13,"key":"REST"},{"floor":15,"key":"REST"},{"data":"Tools of the Trade","floor":25,"key":"SMITH"},{"data":"Underhanded Strike","floor":27,"key":"SMITH"},{"floor":32,"key":"REST"},{"data":"Calculated Gamble","floor":40,"key":"SMITH"},{"data":"Phantasmal Killer","floor":44,"key":"SMITH"},{"data":"ReplayTheSpireMod:From All Sides","floor":49,"key":"SMITH"}],"circlet_count":0,"master_deck":["Strike_G","Strike_G","Strike_G","Strike_G","Strike_G","Defend_G","Defend_G","Defend_G","Defend_G","Defend_G","Survivor","Neutralize","Underhanded Strike","Flying Knee","Dagger Throw","Flying Knee","Underhanded Strike+1","Acrobatics","Prepared","Unload","ReplayTheSpireMod:The Works","Underhanded Strike","Tools of the Trade+1","Underhanded Strike","Underhanded Strike","Dagger Throw","Flying Knee","Tools of the Trade","Calculated Gamble+1","ReplayTheSpireMod:From All Sides+1","Quick Slash+1","Deflect+1","Sucker Punch+1","Phantasmal Killer+1","Slice+1","Impatience","ReplayTheSpireMod:The Works+1"],"relics":["Ring of the Snake","Pocketwatch","Bloody Idol","Tingsha","Unceasing Top","Lizard Tail","Snecko Scales","ReplayTheSpireMod:Lightbulb","Oddly Smooth Stone","Replay:Grab Bag","Philosopher\u0027s Stone","SlaversCollar","Ring of Chaos","Lee\u0027s Waffle","CeramicFish","Replay:Bottled Snecko","The Specimen"],"acts_visited":["Exordium","TheCity","TheBeyond"],"potions_floor_usage":[7,12,12,16,50,50,50],"damage_taken":[{"damage":0,"enemies":"Cultist","floor":1,"turns":4},{"damage":0,"enemies":"Small Slimes","floor":2,"turns":3},{"damage":1,"enemies":"Jaw Worm","floor":3,"turns":3},{"damage":16,"enemies":"Exordium Thugs","floor":5,"turns":5},{"damage":8,"enemies":"Gremlin Nob","floor":7,"turns":3},{"damage":25,"enemies":"Lots of Slimes","floor":10,"turns":5},{"damage":0,"enemies":"Looter","floor":11,"turns":2},{"damage":10,"enemies":"Lagavulin","floor":12,"turns":3},{"damage":8,"enemies":"Blue Slaver","floor":14,"turns":3},{"damage":0,"enemies":"Slime Boss","floor":16,"turns":4},{"damage":3,"enemies":"2 Thieves","floor":18,"turns":2},{"damage":4,"enemies":"Shell Parasite","floor":20,"turns":2},{"damage":0,"enemies":"Cultist and Chosen","floor":21,"turns":3},{"damage":12,"enemies":"Chosen and Byrds","floor":28,"turns":3},{"damage":0,"enemies":"Centurion and Healer","floor":29,"turns":2},{"damage":14,"enemies":"Snake Plant","floor":31,"turns":3},{"damage":25,"enemies":"Pondfish","floor":33,"turns":4},{"damage":17,"enemies":"Orb Walker","floor":35,"turns":2},{"damage":6,"enemies":"3 Shapes","floor":36,"turns":4},{"damage":15,"enemies":"3 Darklings","floor":37,"turns":2},{"damage":4,"enemies":"Jaw Worm Horde","floor":39,"turns":3},{"damage":24,"enemies":"Nemesis","floor":42,"turns":5},{"damage":1,"enemies":"Writhing Mass","floor":46,"turns":2},{"damage":0,"enemies":"Mind Bloom Boss Battle","floor":47,"turns":3},{"damage":0,"enemies":"Transient","floor":48,"turns":5},{"damage":105,"enemies":"Time Eater","floor":50,"turns":8}],"seed_played":"-8572343131973140894","potions_obtained":[{"floor":3,"key":"Strength Potion"},{"floor":10,"key":"Swift Potion"},{"floor":11,"key":"Energy Potion"},{"floor":14,"key":"SteroidPotion"},{"floor":16,"key":"Dexterity Potion"},{"floor":18,"key":"Fire Potion"},{"floor":21,"key":"SteroidPotion"},{"floor":35,"key":"Fire Potion"},{"floor":36,"key":"DuplicationPotion"}],"is_trial":false,"path_per_floor":["M","M","M","?","M","$","E","$","T","M","M","E","R","M","R","B",null,"M","$","M","M","?","?","$","R","T","R","M","M","?","M","R","B",null,"M","M","M","$","M","R","$","E","T","R","?","M","?","M","R","B",null],"character_chosen":"THE_SILENT","items_purchased":["Underhanded Strike","Prepared","Underhanded Strike","ReplayTheSpireMod:Lightbulb","Lee\u0027s Waffle","Phantasmal Killer"],"campfire_rested":3,"item_purchase_floors":[6,8,19,19,38,41],"current_hp_per_floor":[63,63,62,62,46,46,38,38,38,13,13,3,21,13,31,31,55,52,52,48,48,48,48,48,48,53,53,46,51,56,47,63,43,58,46,45,35,70,70,70,70,56,56,56,61,65,70,70,70,7],"gold":187,"neow_bonus":"ONE_RARE_RELIC","is_daily":false,"chose_seed":false,"campfire_upgraded":5,"win_rate":0.0,"timestamp":1610772929,"path_taken":["M","?","M","?","M","?","E","$","T","M","?","E","R","M","R","BOSS","M","$","M","?","?","?","$","R","T","R","M","M","?","M","R","BOSS","M","?","M","$","M","R","$","E","T","R","?","?","?","M","R","BOSS"],"items_purchased_type":["Card","Card","Card","Relic","Relic","Card"],"build_version":"2020-12-22","purchased_purges":1,"victory":true,"max_hp_per_floor":[63,63,63,63,63,63,63,63,63,63,63,63,63,63,63,63,63,63,63,63,63,63,63,63,63,63,63,63,63,63,63,63,63,63,63,63,63,70,70,70,70,70,70,70,70,70,70,70,70,70],"card_choices":[{"not_picked":["Choke","Dodge and Roll"],"picked":"Underhanded Strike","floor":1},{"not_picked":["Bouncing Flask","Deadly Poison"],"picked":"Flying Knee","floor":2},{"not_picked":["Terror","Quick Slash"],"picked":"Dagger Throw","floor":3},{"not_picked":["Crippling Poison","Outmaneuver"],"picked":"Flying Knee","floor":5},{"not_picked":["Heel Hook","Backflip"],"picked":"Acrobatics","floor":7},{"not_picked":["Deflect","Sucker Punch"],"picked":"Unload","floor":10},{"not_picked":["Bouncing Flask","Choke","Dodge and Roll"],"picked":"SKIP","floor":11},{"not_picked":["Deflect","PiercingWail"],"picked":"ReplayTheSpireMod:The Works","floor":12},{"not_picked":["Cloak And Dagger","Crippling Poison"],"picked":"Underhanded Strike","floor":14},{"not_picked":["Phantasmal Killer","Burst"],"picked":"Tools of the Trade","floor":16},{"not_picked":["Riddle With Holes","Slice"],"picked":"Underhanded Strike","floor":18},{"not_picked":["Caltrops","Deadly Poison+1"],"picked":"Dagger Throw","floor":20},{"not_picked":["Deadly Poison","Bane"],"picked":"Flying Knee","floor":21},{"not_picked":["Underhanded Strike","Leg Sweep"],"picked":"Tools of the Trade","floor":28},{"not_picked":["Sneak Up","Dagger Spray"],"picked":"Calculated Gamble","floor":29},{"not_picked":["Heel Hook","Cloak And Dagger","Hidden Blade"],"picked":"SKIP","floor":31},{"not_picked":["ReplayTheSpireMod:Necrosis","Poison Darts"],"picked":"ReplayTheSpireMod:From All Sides","floor":33},{"not_picked":["Acrobatics+1","Dagger Spray+1"],"picked":"Quick Slash+1","floor":35},{"not_picked":["Distraction","Dagger Spray+1","Deadly Poison"],"picked":"SKIP","floor":36},{"not_picked":["Toxin Wave+1","Dash"],"picked":"Deflect+1","floor":37},{"not_picked":["Backflip+1","Finisher"],"picked":"Sucker Punch+1","floor":39},{"not_picked":["Deadly Poison","Malaise"],"picked":"Slice+1","floor":42},{"not_picked":["Dagger Throw","Accuracy+1","Underhanded Strike"],"picked":"SKIP","floor":46},{"not_picked":["Bane+1","Deflect"],"picked":"ReplayTheSpireMod:The Works+1","floor":47},{"not_picked":["Bouncing Flask+1","Poisoned Stab+1","Bane+1"],"picked":"SKIP","floor":48}],"player_experience":474187,"relics_obtained":[{"floor":7,"key":"Tingsha"},{"floor":9,"key":"Unceasing Top"},{"floor":12,"key":"Lizard Tail"},{"floor":26,"key":"Oddly Smooth Stone"},{"floor":42,"key":"CeramicFish"},{"floor":43,"key":"Replay:Bottled Snecko"},{"floor":47,"key":"The Specimen"}],"event_choices":[{"damage_healed":0,"gold_gain":0,"player_choice":"Take Wound","damage_taken":0,"relics_obtained":["Golden Idol"],"max_hp_gain":0,"max_hp_loss":0,"event_name":"Golden Idol","floor":4,"gold_loss":0,"cards_obtained":["Injury"]},{"damage_healed":0,"gold_gain":0,"player_choice":"Gave Idol","damage_taken":0,"relics_obtained":["Bloody Idol"],"max_hp_gain":0,"max_hp_loss":0,"event_name":"Forgotten Altar","floor":22,"relics_lost":["Golden Idol"],"gold_loss":0},{"damage_healed":0,"gold_gain":0,"player_choice":"Paid Fearfully","damage_taken":0,"max_hp_gain":0,"max_hp_loss":0,"event_name":"Masked Bandits","floor":23,"gold_loss":69},{"damage_healed":0,"gold_gain":100,"player_choice":"Pray","damage_taken":0,"max_hp_gain":0,"max_hp_loss":0,"event_name":"Golden Shrine","floor":30,"gold_loss":0},{"damage_healed":0,"gold_gain":0,"player_choice":"1 cards matched","damage_taken":0,"max_hp_gain":0,"max_hp_loss":0,"event_name":"Match and Keep!","floor":45,"gold_loss":0,"cards_obtained":["Impatience"]},{"damage_healed":0,"gold_gain":0,"player_choice":"Fight","damage_taken":0,"max_hp_gain":0,"max_hp_loss":0,"event_name":"MindBloom","floor":47,"gold_loss":0}],"is_beta":false,"boss_relics":[{"not_picked":["Fusion Hammer","Astrolabe"],"picked":"Snecko Scales"},{"not_picked":["Replay:Ancient Bell","Replay:Bronze Core"],"picked":"Replay:Grab Bag"},{"not_picked":["ChewingGum","Velvet Choker"],"picked":"Philosopher\u0027s Stone"},{"not_picked":["Sozu","Coffee Dripper"],"picked":"SlaversCollar"},{"not_picked":["Honey Jar","Snecko Heart"],"picked":"Ring of Chaos"}],"items_purged_floors":[6],"is_endless":false,"potions_floor_spawned":[3,10,11,14,16,18,21,29,31,35,36,37,47,48],"ascension_level":7}}