{"host":"vyjryxuuuxkt43k4","time":1610794172,"event":{"mods":["AchievementEnabler","BaseMod","Colored Map","DeckTracker","Minty Spire (QoL Compilation)","Permanent Neow","Quick Restart","StSLib","SuperFastMode","everything is the same but u backflip on backflip"],"gold_per_floor":[115,125,16,33,43,43,75,75,123,123,148,163,163,188,200,316,328,324,251,263,294,323,361,373,413,425,437,459,58,74,84,84,186,186,201,216,216,216,136,165,39,89,89,139,139,174,174,199,199,199,199,199,2,31,31,31],"floor_reached":55,"language":"KOR","playtime":3986,"items_purged":["Strike_R","Strike_R"],"score":1086,"play_id":"0a9b6f8e-09e6-432a-a813-3cc79a912959","local_time":"20210116194932","is_ascension_mode":true,"campfire_choices":[{"data":"Carnage","floor":6.0,"key":"SMITH"},{"data":"Feel No Pain","floor":10.0,"key":"SMITH"},{"data":"Demon Form","floor":15.0,"key":"SMITH"},{"data":"Uppercut","floor":24.0,"key":"SMITH"},{"data":"Second Wind","floor":27.0,"key":"SMITH"},{"data":"Apotheosis","floor":32.0,"key":"SMITH"},{"data":"Barricade","floor":45.0,"key":"SMITH"},{"floor":49.0,"key":"RECALL"},{"data":"Entrench","floor":52.0,"key":"SMITH"}],"circlet_count":0,"master_deck":["Strike_R","Strike_R","Defend_R","Defend_R","Defend_R","Defend_R","Carnage+1","Pommel Strike","Feel No Pain+1","Thunderclap","Metallicize","Corruption+1","Shockwave","Demon Form+1","Reaper","Uppercut+1","Warcry+1","Second Wind+1","Havoc+1","Burning Pact+1","Barricade+1","Apotheosis+1","Evolve","Trip","Flame Barrier","Entrench+1","Headbutt","Immolate","CurseOfTheBell","Panacea"],"relics":["Burning Blood","Pocketwatch","Sundial","Blood Vial","MealTicket","MawBank","Mark of Pain","Mummified Hand","Boot","Bronze Scales","Oddly Smooth Stone","Calling Bell","Juzu Bracelet","The Courier","Charon\u0027s Ashes","Bag of Marbles","Bag of Preparation","Ginger","CaptainsWheel","Nunchaku","Toy Ornithopter","Pen Nib","StrikeDummy"],"acts_visited":["Exordium","TheCity","TheBeyond","TheEnding"],"potions_floor_usage":[55],"damage_taken":[{"damage":7.0,"enemies":"Jaw Worm","floor":1.0,"turns":3.0},{"damage":8.0,"enemies":"2 Louse","floor":2.0,"turns":3.0},{"damage":0.0,"enemies":"Small Slimes","floor":4.0,"turns":3.0},{"damage":0.0,"enemies":"2 Fungi Beasts","floor":5.0,"turns":2.0},{"damage":5.0,"enemies":"Gremlin Nob","floor":7.0,"turns":3.0},{"damage":12.0,"enemies":"3 Sentries","floor":11.0,"turns":5.0},{"damage":6.0,"enemies":"Exordium Thugs","floor":12.0,"turns":3.0},{"damage":18.0,"enemies":"Gremlin Nob","floor":14.0,"turns":5.0},{"damage":34.0,"enemies":"Hexaghost","floor":16.0,"turns":6.0},{"damage":29.0,"enemies":"2 Thieves","floor":18.0,"turns":4.0},{"damage":26.0,"enemies":"Shell Parasite","floor":21.0,"turns":6.0},{"damage":0.0,"enemies":"Snecko","floor":22.0,"turns":5.0},{"damage":26.0,"enemies":"Book of Stabbing","floor":23.0,"turns":5.0},{"damage":38.0,"enemies":"Gremlin Leader","floor":25.0,"turns":6.0},{"damage":26.0,"enemies":"Snake Plant","floor":28.0,"turns":4.0},{"damage":16.0,"enemies":"Centurion and Healer","floor":30.0,"turns":5.0},{"damage":0.0,"enemies":"Snecko","floor":31.0,"turns":4.0},{"damage":13.0,"enemies":"Collector","floor":33.0,"turns":7.0},{"damage":7.0,"enemies":"Orb Walker","floor":35.0,"turns":4.0},{"damage":24.0,"enemies":"3 Shapes","floor":36.0,"turns":4.0},{"damage":0.0,"enemies":"Giant Head","floor":40.0,"turns":6.0},{"damage":3.0,"enemies":"Mind Bloom Boss Battle","floor":42.0,"turns":5.0},{"damage":0.0,"enemies":"2 Orb Walkers","floor":44.0,"turns":3.0},{"damage":43.0,"enemies":"Reptomancer","floor":46.0,"turns":7.0},{"damage":20.0,"enemies":"Giant Head","floor":48.0,"turns":6.0},{"damage":65.0,"enemies":"Awakened One","floor":50.0,"turns":9.0},{"damage":39.0,"enemies":"Shield and Spear","floor":54.0,"turns":6.0},{"damage":58,"enemies":"The Heart","floor":55,"turns":5}],"seed_played":"-8816415533290471870","potions_obtained":[{"floor":1.0,"key":"BlessingOfTheForge"},{"floor":7.0,"key":"GamblersBrew"},{"floor":11.0,"key":"Dexterity Potion"},{"floor":16.0,"key":"DistilledChaos"},{"floor":21.0,"key":"Regen Potion"},{"floor":25.0,"key":"Energy Potion"},{"floor":28.0,"key":"SteroidPotion"},{"floor":30.0,"key":"Energy Potion"},{"floor":31.0,"key":"BloodPotion"},{"floor":33.0,"key":"Energy Potion"},{"floor":42.0,"key":"Fire Potion"},{"floor":48.0,"key":"Fire Potion"}],"is_trial":false,"path_per_floor":["M","M","$","M","M","R","E","?","T","R","E","M","?","E","R","B",null,"M","?","?","M","M","E","R","E","T","R","M","$","M","M","R","B",null,"M","M","?","?","$","E","$","?","T","?","R","E","?","E","R","B",null,"R","$","E","B"],"character_chosen":"IRONCLAD","items_purchased":["Feel No Pain","Apotheosis","Evolve","Trip","Flame Barrier","Bag of Preparation","Pen Nib","PowerPotion","Strength Potion"],"campfire_rested":0,"item_purchase_floors":[3,29,29,29,29,41,53,53,53],"current_hp_per_floor":[71,69,69,72,72,72,72,72,72,72,66,68,73,63,63,37,67,46,46,46,38,52,52,52,40,40,40,27,42,35,50,50,77,77,76,63,63,63,77,77,77,77,77,77,77,77,77,77,77,39,68,68,77,44,0,0],"gold":31,"neow_bonus":"ONE_RARE_RELIC","is_daily":false,"chose_seed":false,"campfire_upgraded":8,"win_rate":0.0,"timestamp":1610794172,"path_taken":["M","M","$","M","M","R","E","?","T","R","E","M","?","E","R","BOSS","M","?","?","M","?","E","R","E","T","R","M","$","M","M","R","BOSS","M","M","?","?","?","E","$","?","T","?","R","E","?","E","R","BOSS","R","$","E","BOSS"],"items_purchased_type":["Card","Card","Card","Card","Card","Relic","Relic","Potion","Potion"],"build_version":"2020-12-22","purchased_purges":2,"victory":false,"max_hp_per_floor":[72,72,72,72,72,72,72,72,72,72,72,72,77,77,77,77,77,77,77,77,77,77,77,77,77,77,77,77,77,77,77,77,77,77,77,77,77,77,77,77,77,77,77,77,77,77,77,77,77,77,77,77,77,77,77,77],"card_choices":[{"not_picked":["Seeing Red","Pommel Strike"],"picked":"Carnage","floor":1.0},{"not_picked":["Wild Strike","Warcry"],"picked":"Pommel Strike","floor":2.0},{"not_picked":["Flex","Burning Pact"],"picked":"Thunderclap","floor":4.0},{"not_picked":["Body Slam","Wild Strike"],"picked":"Metallicize","floor":5.0},{"not_picked":["Seeing Red","Clash"],"picked":"Corruption","floor":7.0},{"not_picked":["Whirlwind","Twin Strike"],"picked":"Shockwave","floor":11.0},{"not_picked":["Hemokinesis","Flex","Sentinel"],"picked":"SKIP","floor":12.0},{"not_picked":["Flex","Sentinel"],"picked":"Demon Form","floor":14.0},{"not_picked":["Double Tap","Fiend Fire"],"picked":"Reaper","floor":16.0},{"not_picked":["Sentinel","Sword Boomerang"],"picked":"Uppercut","floor":18.0},{"not_picked":["Reckless Charge","Burning Pact+1"],"picked":"Warcry+1","floor":21.0},{"not_picked":["Warcry","Battle Trance"],"picked":"Second Wind","floor":22.0},{"not_picked":["Rupture","Iron Wave"],"picked":"Havoc+1","floor":23.0},{"not_picked":["True Grit","Second Wind"],"picked":"Burning Pact+1","floor":25.0},{"not_picked":["Wild Strike","Dropkick"],"picked":"Barricade","floor":28.0},{"not_picked":["Clothesline","Armaments"],"picked":"Entrench","floor":30.0},{"not_picked":["Warcry","Clothesline"],"picked":"Headbutt","floor":31.0},{"not_picked":["Corruption","Brutality"],"picked":"Immolate","floor":33.0},{"not_picked":["Ghostly Armor+1","Thunderclap","Pommel Strike"],"picked":"SKIP","floor":35.0},{"not_picked":["Carnage","Combust","Armaments+1"],"picked":"SKIP","floor":36.0},{"not_picked":["Searing Blow+1","Burning Pact","Intimidate"],"picked":"SKIP","floor":40.0},{"not_picked":["Twin Strike","Clash+1","Combust"],"picked":"SKIP","floor":46.0},{"not_picked":["Good Instincts","PanicButton"],"picked":"Panacea","floor":47.0},{"not_picked":["Entrench+1","Headbutt","Brutality"],"picked":"SKIP","floor":48.0},{"not_picked":["Sword Boomerang+1","Immolate","Clash+1"],"picked":"SKIP","floor":54.0}],"player_experience":368819,"relics_obtained":[{"floor":7.0,"key":"Sundial"},{"floor":9.0,"key":"Blood Vial"},{"floor":11.0,"key":"MealTicket"},{"floor":14.0,"key":"MawBank"},{"floor":23.0,"key":"Boot"},{"floor":25.0,"key":"Bronze Scales"},{"floor":26.0,"key":"Oddly Smooth Stone"},{"floor":34.0,"key":"Juzu Bracelet"},{"floor":34.0,"key":"The Courier"},{"floor":34.0,"key":"Charon\u0027s Ashes"},{"floor":40.0,"key":"Bag of Marbles"},{"floor":42.0,"key":"Ginger"},{"floor":44.0,"key":"CaptainsWheel"},{"floor":46.0,"key":"Nunchaku"},{"floor":48.0,"key":"Toy Ornithopter"},{"floor":54.0,"key":"StrikeDummy"}],"event_choices":[{"damage_healed":0.0,"max_hp_gain":0.0,"max_hp_loss":0.0,"gold_gain":0.0,"event_name":"Living Wall","player_choice":"Grow","floor":8.0,"gold_loss":0.0,"damage_taken":0.0,"cards_upgraded":["Corruption"]},{"damage_healed":0.0,"max_hp_gain":5.0,"max_hp_loss":0.0,"gold_gain":0.0,"event_name":"Big Fish","player_choice":"Donut","floor":13.0,"gold_loss":0.0,"damage_taken":0.0},{"damage_healed":0.0,"max_hp_gain":0.0,"max_hp_loss":0.0,"gold_gain":0.0,"event_name":"Addict","player_choice":"Obtained Relic","floor":19.0,"gold_loss":85.0,"damage_taken":0.0,"relics_obtained":["Mummified Hand"]},{"cards_removed":["Strike_R"],"damage_healed":0.0,"max_hp_gain":0.0,"max_hp_loss":0.0,"gold_gain":0.0,"event_name":"Bonfire Elementals","player_choice":"Offered Basic","floor":20.0,"gold_loss":0.0,"damage_taken":0.0},{"cards_removed":["Bash"],"damage_healed":0.0,"max_hp_gain":0.0,"max_hp_loss":0.0,"gold_gain":0.0,"event_name":"Falling","player_choice":"Removed Attack","floor":37.0,"gold_loss":0.0,"damage_taken":0.0},{"damage_healed":0.0,"max_hp_gain":0.0,"max_hp_loss":0.0,"gold_gain":0.0,"event_name":"Tomb of Lord Red Mask","player_choice":"Ignored","floor":38.0,"gold_loss":0.0,"damage_taken":0.0},{"damage_healed":0.0,"max_hp_gain":0.0,"max_hp_loss":0.0,"gold_gain":0.0,"event_name":"MindBloom","player_choice":"Fight","floor":42.0,"gold_loss":0.0,"damage_taken":0.0},{"damage_healed":0.0,"max_hp_gain":0.0,"max_hp_loss":0.0,"gold_gain":0.0,"event_name":"Mysterious Sphere","player_choice":"Fight","floor":44.0,"gold_loss":0.0,"damage_taken":0.0},{"damage_healed":0.0,"max_hp_gain":0.0,"max_hp_loss":0.0,"gold_gain":0.0,"event_name":"SensoryStone","player_choice":"Memory 1","floor":47.0,"gold_loss":0.0,"damage_taken":0.0}],"is_beta":false,"boss_relics":[{"not_picked":["Runic Pyramid","SacredBark"],"picked":"Mark of Pain"},{"not_picked":["SlaversCollar","Velvet Choker"],"picked":"Calling Bell"}],"items_purged_floors":[3,39],"is_endless":false,"potions_floor_spawned":[1,7,11,16,21,25,28,30,31,33,36,42,48],"killed_by":"The Heart","ascension_level":7}}