{"host":"71x3l6y2fkerz90u","time":1610763543,"event":{"mods":["BaseMod","Downfall","Hubris","Minty Spire (QoL Compilation)","Replay The Spire","StSLib","The Necromancer"],"gold_per_floor":[99,119,137,5,21,21,98,111,126,126,126,126],"floor_reached":10,"language":"DEU","playtime":742,"items_purged":[],"score":60,"play_id":"0f25b386-615d-48bc-aff2-436439e12e69","local_time":"20210116031903","is_ascension_mode":false,"campfire_choices":[{"data":"Guardian:Defend_Guardian","floor":1,"key":"SMITH"}],"circlet_count":0,"master_deck":["Guardian:Strike_Guardian","Guardian:Strike_Guardian","Guardian:Strike_Guardian","Guardian:Strike_Guardian","Guardian:Defend_Guardian+1","Guardian:Defend_Guardian","Guardian:Defend_Guardian","Guardian:Defend_Guardian","Guardian:CurlUp","Guardian:TwinSlam","Guardian:Gem_Blue","Guardian:Gem_Cyan","Guardian:Gem_Red","Guardian:TimeCapacitor","Guardian:Planning+1","Guardian:Gem_Red","Guardian:Gem_Blue","Guardian:Gem_Fragmented","Amnesia","Guardian:Repulse","Guardian:TemporalStrike"],"relics":["Cursed Key","Bottled Tornado"],"acts_visited":["Exordium"],"potions_floor_usage":[10,10],"damage_taken":[{"damage":1,"enemies":"Cultist","floor":2,"turns":3},{"damage":0,"enemies":"2 Louse","floor":3,"turns":2},{"damage":0,"enemies":"downfall:FleeingMerchant","floor":4,"turns":4},{"damage":0,"enemies":"Small Slimes","floor":5,"turns":3},{"damage":5,"enemies":"Blue Slaver","floor":8,"turns":5},{"damage":2,"enemies":"Exordium Thugs","floor":9,"turns":7},{"damage":38,"enemies":"Gremlin Nob","floor":10,"turns":6}],"seed_played":"4334739391872424887","potions_obtained":[{"floor":2,"key":"LifebloodPotion"},{"floor":9,"key":"BlessingOfTheForge"}],"is_trial":false,"path_per_floor":["R","M","M","$","M","?","T","M","M","E"],"character_chosen":"GUARDIAN","items_purchased":["Guardian:TimeCapacitor","Guardian:Planning+1"],"campfire_rested":0,"item_purchase_floors":[4,4],"current_hp_per_floor":[80,79,79,79,79,79,79,74,72,34,34,34],"gold":126,"neow_bonus":"BOSS_RELIC","is_daily":false,"chose_seed":false,"campfire_upgraded":1,"win_rate":0.0,"timestamp":1610763543,"path_taken":["R","M","M","$","M","?","T","M","M","E"],"items_purchased_type":["Card","Card"],"build_version":"2020-12-22","purchased_purges":0,"victory":false,"max_hp_per_floor":[80,80,80,80,80,80,80,80,80,80,80,80],"card_choices":[{"not_picked":["Guardian:PolyBeam","Guardian:SpikerProtocol"],"picked":"Guardian:Gem_Blue","floor":2},{"not_picked":["Guardian:CrystalBeam","Guardian:DonusPower"],"picked":"Guardian:Gem_Cyan","floor":3},{"not_picked":["Guardian:Suspension","Guardian:ShieldCharger"],"picked":"Guardian:Gem_Red","floor":4},{"not_picked":["Guardian:Planning","Guardian:PrimingBeam"],"picked":"Guardian:Gem_Red","floor":5},{"not_picked":["Guardian:Gem_Green","Guardian:Incinerate"],"picked":"Guardian:Repulse","floor":8},{"not_picked":["Guardian:Suspension","Guardian:Emergency"],"picked":"Guardian:TemporalStrike","floor":9}],"player_experience":119354,"relics_obtained":[{"floor":7,"key":"Bottled Tornado"}],"event_choices":[],"is_beta":false,"boss_relics":[],"items_purged_floors":[],"is_endless":false,"potions_floor_spawned":[2,9],"killed_by":"Gremlin Nob","ascension_level":0}}