{"host":"qy7jow5usmjkdnnq","time":1610838200,"event":{"mods":["BaseMod","Colored Map","Downfall","Minty Spire (QoL Compilation)","Permanent Neow","Relic Stats","StSLib"],"gold_per_floor":[199,212,27,43,53,79,79,106,6,33,33,66,80,113,128,230,230,230,247,266,266,281,281,281,15,46,31,63,73,91,120,138,241,241,41,57,71,98,98,98,98,110,110,143,161,161,188,188,205,205,205,231,13,13,13,13],"floor_reached":57,"language":"ENG","playtime":7156,"items_purged":["bronze:Defend","Normality"],"score":1540,"play_id":"aa6f30f0-451a-441b-a2d3-de7b8e2c55fb","local_time":"20210117000320","is_ascension_mode":true,"campfire_choices":[{"data":"bronze:Replicate","floor":1.0,"key":"SMITH"},{"data":"bronze:Boost","floor":9.0,"key":"SMITH"},{"floor":11.0,"key":"REST"},{"data":"1","floor":18.0,"key":"LIFT"},{"floor":23.0,"key":"RECALL"},{"data":"bronze:Library","floor":35,"key":"SMITH"},{"data":"2","floor":40,"key":"LIFT"},{"data":"3","floor":43,"key":"LIFT"},{"data":"bronze:Repulsor","floor":54,"key":"SMITH"}],"circlet_count":0,"master_deck":["bronze:Strike","bronze:Strike","bronze:Defend","bronze:Defend+1","bronze:Replicate+1","bronze:Goto","bronze:Boost+1","bronze:DarkDash","bronze:Iterate","bronze:Constructor+1","bronze:ChosenStrike","bronze:Repair","bronze:Flail","bronze:Repulsor+1","bronze:Branch","bronze:Deprecate","bronze:ClassDefault","bronze:Library+1","bronze:Fortify","bronze:BronzeOrb+1","bronze:Overheat","bronze:Backtrace","bronze:Iterate+1","bronze:Flail+1","bronze:Optimize","bronze:Deprecate+1","bronze:BronzeOrb+1","bronze:GetLatest+1","bronze:ChildClass","bronze:Overload"],"relics":["bronze:BronzeCore","Sundial","Blood Vial","downfall:HeartBlessingGreen","War Paint","Girya","Orichalcum","Philosopher\u0027s Stone","Torii","Bag of Preparation","sneckomod:BlankCard","Bottled Tornado","Thread and Needle","bronze:ElectromagneticCoil","downfall:HeartBlessingRed","downfall:HeartBlessingBlue","Ancient Tea Set","Nunchaku","Singing Bowl","Guardian:PocketSentry","Toy Ornithopter","Oddly Smooth Stone"],"acts_visited":["Exordium","TheCity","TheBeyond","TheEnding"],"potions_floor_usage":[30,42,56,56,56],"damage_taken":[{"damage":3.0,"enemies":"Small Slimes","floor":2.0,"turns":4.0},{"damage":0.0,"enemies":"downfall:FleeingMerchant","floor":3.0,"turns":4.0},{"damage":0.0,"enemies":"Cultist","floor":4.0,"turns":4.0},{"damage":6.0,"enemies":"Jaw Worm","floor":5.0,"turns":5.0},{"damage":10.0,"enemies":"3 Sentries","floor":6.0,"turns":9.0},{"damage":16.0,"enemies":"Gremlin Nob","floor":8.0,"turns":4.0},{"damage":8.0,"enemies":"Lagavulin","floor":10.0,"turns":5.0},{"damage":1.0,"enemies":"Gremlin Nob","floor":12.0,"turns":4.0},{"damage":1.0,"enemies":"3 Louse","floor":13.0,"turns":6.0},{"damage":2.0,"enemies":"3 Sentries","floor":14.0,"turns":4.0},{"damage":4.0,"enemies":"Gremlin Gang","floor":15.0,"turns":6.0},{"damage":35.0,"enemies":"DF_ARCHETYPE_STREAMLINE","floor":16.0,"turns":12.0},{"damage":0.0,"enemies":"3 Byrds","floor":19.0,"turns":3.0},{"damage":4.0,"enemies":"Shell Parasite","floor":20.0,"turns":5.0},{"damage":2.0,"enemies":"Centurion and Healer","floor":22.0,"turns":5.0},{"damage":0.0,"enemies":"downfall:FleeingMerchant","floor":25.0,"turns":4.0},{"damage":16.0,"enemies":"Gremlin Leader","floor":26.0,"turns":5.0},{"damage":4.0,"enemies":"downfall:FleeingMerchant","floor":27.0,"turns":4.0},{"damage":0,"enemies":"Slavers","floor":28,"turns":5},{"damage":0,"enemies":"Sentry and Sphere","floor":29,"turns":2},{"damage":8,"enemies":"Snecko","floor":30,"turns":3},{"damage":15,"enemies":"Book of Stabbing","floor":31,"turns":3},{"damage":1,"enemies":"Centurion and Healer","floor":32,"turns":5},{"damage":2,"enemies":"SI_MIRROR_ARCHETYPE","floor":33,"turns":7},{"damage":0,"enemies":"3 Darklings","floor":36,"turns":4},{"damage":0,"enemies":"Orb Walker","floor":37,"turns":1},{"damage":0,"enemies":"Writhing Mass","floor":42,"turns":3},{"damage":31,"enemies":"Giant Head","floor":44,"turns":6},{"damage":0,"enemies":"Sphere and 2 Shapes","floor":45,"turns":1},{"damage":17,"enemies":"Nemesis","floor":47,"turns":5},{"damage":0,"enemies":"Jaw Worm Horde","floor":49,"turns":4},{"damage":34,"enemies":"WA_ARCHETYPE_DIVINITY","floor":50,"turns":7},{"damage":37,"enemies":"downfall:CharBossMerchant","floor":52,"turns":5},{"damage":22,"enemies":"downfall:NeowBoss","floor":55,"turns":14},{"damage":55,"enemies":"downfall:NeowBossFinal","floor":56,"turns":10}],"seed_played":"799486630260727468","potions_obtained":[{"floor":4.0,"key":"SteroidPotion"},{"floor":5.0,"key":"SteroidPotion"},{"floor":10.0,"key":"LiquidBronze"},{"floor":13.0,"key":"LiquidBronze"},{"floor":14.0,"key":"Dexterity Potion"},{"floor":15.0,"key":"hexamod:SoulburnPotion"},{"floor":16.0,"key":"PowerPotion"},{"floor":19.0,"key":"SteroidPotion"},{"floor":28,"key":"GamblersBrew"},{"floor":30,"key":"Explosive Potion"},{"floor":31,"key":"bronze:BurnAndBuffPotion"},{"floor":32,"key":"BlessingOfTheForge"},{"floor":47,"key":"Strength Potion"}],"is_trial":false,"path_per_floor":["R","M","$","M","M","E","T","E","R","E","R","E","M","E","M","B",null,"R","M","M","?","M","R","T","$","E","$","E","M","M","E","M","B",null,"R","M","M","?","?","R","T","M","R","E","M","?","E","?","M","B",null,"E","$","R","B","B",null],"character_chosen":"THE_AUTOMATON","items_purchased":["bronze:Iterate","bronze:Constructor","Bag of Preparation","Oddly Smooth Stone","bronze:Overload"],"campfire_rested":1,"item_purchase_floors":[3,3,25,53,53],"current_hp_per_floor":[70,67,67,67,61,58,58,42,42,36,57,58,66,66,70,35,61,61,70,70,70,70,70,70,70,61,66,68,70,62,49,70,68,70,80,80,80,80,80,80,80,80,80,49,53,53,47,94,96,62,88,55,55,55,42,14],"gold":13,"neow_bonus":"HUNDRED_GOLD","is_daily":false,"chose_seed":false,"campfire_upgraded":4,"win_rate":0.0,"timestamp":1610838200,"path_taken":["R","M","$","M","M","E","T","E","R","E","R","E","M","E","M","BOSS","R","M","M","?","M","R","T","$","E","?","E","?","M","E","M","BOSS","R","M","M","?","?","R","T","M","R","E","?","?","E","?","M","BOSS","E","$","R","BOSS","BOSS"],"items_purchased_type":["Card","Card","Relic","Relic","Card"],"build_version":"2020-12-22","purchased_purges":2,"victory":true,"max_hp_per_floor":[70,70,70,70,70,70,70,70,70,70,70,70,70,70,70,70,70,70,70,70,70,70,70,70,70,70,70,70,70,70,70,70,70,70,80,80,80,80,80,80,80,80,80,80,82,82,84,94,96,96,96,98,98,98,98,98],"relic_stats":{"Blood Vial":32,"Nunchaku":[17],"Torii":31,"Singing Bowl":8,"counters":[35,178],"Sundial":[16],"Bag of Preparation":[38],"War Paint":["bronze:Defend","bronze:Constructor"],"Orichalcum":[96],"obtain_stats":[{"Girya":12,"bronze:ElectromagneticCoil":34,"bronze:BronzeCore":0,"Torii":24,"downfall:HeartBlessingRed":35,"Singing Bowl":44,"sneckomod:BlankCard":26,"Oddly Smooth Stone":53,"downfall:HeartBlessingGreen":9,"Thread and Needle":31,"Bag of Preparation":25,"Guardian:PocketSentry":47,"War Paint":10,"Orichalcum":14,"Bottled Tornado":28,"Ancient Tea Set":38,"Blood Vial":8,"Nunchaku":41,"Sundial":6,"downfall:HeartBlessingBlue":35,"Philosopher\u0027s Stone":17,"Toy Ornithopter":52},{"Girya":8,"bronze:ElectromagneticCoil":24,"bronze:BronzeCore":0,"Torii":15,"downfall:HeartBlessingRed":24,"Singing Bowl":28,"sneckomod:BlankCard":17,"Oddly Smooth Stone":33,"downfall:HeartBlessingGreen":6,"Thread and Needle":22,"Bag of Preparation":16,"Guardian:PocketSentry":30,"War Paint":7,"Orichalcum":10,"Bottled Tornado":19,"Ancient Tea Set":26,"Blood Vial":6,"Nunchaku":26,"Sundial":5,"downfall:HeartBlessingBlue":24,"Philosopher\u0027s Stone":12,"Toy Ornithopter":33},{"Girya":39,"bronze:ElectromagneticCoil":118,"bronze:BronzeCore":0,"Torii":80,"downfall:HeartBlessingRed":118,"Singing Bowl":132,"sneckomod:BlankCard":89,"Oddly Smooth Stone":154,"downfall:HeartBlessingGreen":30,"Thread and Needle":106,"Bag of Preparation":84,"Guardian:PocketSentry":138,"War Paint":35,"Orichalcum":49,"Bottled Tornado":98,"Ancient Tea Set":123,"Blood Vial":30,"Nunchaku":123,"Sundial":26,"downfall:HeartBlessingBlue":118,"Philosopher\u0027s Stone":67,"Toy Ornithopter":154}],"Toy Ornithopter":15},"card_choices":[{"not_picked":["bronze:BitShift","bronze:Overheat"],"picked":"bronze:Boost","floor":2.0},{"not_picked":["bronze:BuggyMess","bronze:Shell"],"picked":"bronze:DarkDash","floor":3.0},{"not_picked":["bronze:Terminator","bronze:FineTuning"],"picked":"bronze:ChosenStrike","floor":4.0},{"not_picked":["bronze:Shield","bronze:DelayedSlice"],"picked":"bronze:Repair","floor":5.0},{"not_picked":["bronze:Turbo","bronze:BuggyMess","bronze:Overheat"],"picked":"SKIP","floor":6.0},{"not_picked":["bronze:Iterate","bronze:Frontload"],"picked":"bronze:Flail","floor":8.0},{"not_picked":["bronze:NullPointer","bronze:Frontload","bronze:Separator"],"picked":"SKIP","floor":10.0},{"not_picked":["bronze:BitShift","bronze:BurnOut"],"picked":"bronze:Repulsor","floor":12.0},{"not_picked":["bronze:Turbo","bronze:Separator"],"picked":"bronze:Branch","floor":13.0},{"not_picked":["bronze:BugBarrage","bronze:Deprecate","bronze:Philosophize"],"picked":"SKIP","floor":14.0},{"not_picked":["bronze:BugBarrage","bronze:Philosophize"],"picked":"bronze:Deprecate","floor":14.0},{"not_picked":["bronze:BronzeArmor","bronze:DelayedSlice"],"picked":"bronze:ClassDefault","floor":15.0},{"not_picked":["bronze:Break","bronze:Hardcode"],"picked":"bronze:Library","floor":16.0},{"not_picked":["bronze:Repulsor","bronze:Invalidate"],"picked":"bronze:Fortify","floor":19.0},{"not_picked":["bronze:Separator","bronze:Frontload"],"picked":"bronze:BronzeOrb+1","floor":20.0},{"not_picked":["bronze:Refactor+1","bronze:ThunderWave","bronze:CutThrough+1"],"picked":"SKIP","floor":22.0},{"not_picked":["bronze:Turbo","bronze:RecursiveStrike"],"picked":"bronze:Iterate+1","floor":25.0},{"not_picked":["bronze:CloningBeam+1","bronze:CutThrough+1"],"picked":"bronze:Flail+1","floor":26.0},{"not_picked":["bronze:Overheat","bronze:Frontload","bronze:Repair"],"picked":"SKIP","floor":27.0},{"not_picked":["bronze:WildBeam+1","bronze:BugBarrage+1","bronze:BitShift"],"picked":"SKIP","floor":28},{"not_picked":["bronze:Boost","bronze:Shield+1","bronze:BronzeArmor"],"picked":"SKIP","floor":29},{"not_picked":["bronze:Iterate","bronze:BugBarrage","bronze:InfiniteBeams"],"picked":"SKIP","floor":30},{"not_picked":["bronze:Constructor","bronze:Repair","bronze:DelayedGuard+1"],"picked":"SKIP","floor":31},{"not_picked":["bronze:OilSpill","bronze:Fortify"],"picked":"bronze:Optimize","floor":32},{"not_picked":["bronze:BitShift+1","bronze:ForceShield+1"],"picked":"bronze:Deprecate+1","floor":36},{"not_picked":["bronze:BuggyMess","bronze:ChosenStrike","bronze:WildBeam"],"picked":"SKIP","floor":37},{"not_picked":["bronze:DelayedSlice+1","bronze:Shield+1"],"picked":"bronze:GetLatest+1","floor":42},{"not_picked":["bronze:Turbo+1","bronze:FineTuning"],"picked":"bronze:ChildClass","floor":44},{"not_picked":["bronze:Invalidate+1","bronze:WhirlingStrike+1","bronze:BronzeArmor"],"picked":"Singing Bowl","floor":45},{"not_picked":["bronze:Iterate","bronze:Branch+1","bronze:Shield"],"picked":"Singing Bowl","floor":47},{"not_picked":["bronze:ChosenStrike+1","bronze:Assembly","bronze:Invalidate"],"picked":"Singing Bowl","floor":49},{"not_picked":["bronze:BugBarrage","bronze:BitShift","bronze:Fortify+1"],"picked":"Singing Bowl","floor":52}],"player_experience":623826,"relics_obtained":[{"floor":6.0,"key":"Sundial"},{"floor":8.0,"key":"Blood Vial"},{"floor":10.0,"key":"War Paint"},{"floor":12.0,"key":"Girya"},{"floor":14.0,"key":"Orichalcum"},{"floor":24.0,"key":"Torii"},{"floor":26.0,"key":"sneckomod:BlankCard"},{"floor":28,"key":"Bottled Tornado"},{"floor":31,"key":"Thread and Needle"},{"floor":38,"key":"Ancient Tea Set"},{"floor":41,"key":"Nunchaku"},{"floor":44,"key":"Singing Bowl"},{"floor":47,"key":"Guardian:PocketSentry"},{"floor":52,"key":"Toy Ornithopter"}],"event_choices":[],"is_beta":false,"boss_relics":[{"not_picked":["Astrolabe","Empty Cage"],"picked":"Philosopher\u0027s Stone"},{"not_picked":["Runic Dome","Calling Bell"],"picked":"bronze:ElectromagneticCoil"}],"items_purged_floors":[3,25],"is_endless":false,"potions_floor_spawned":[4,5,10,13,14,15,16,19,28,29,30,31,32,47,49],"ascension_level":5}}