{"host":"baymyijz6sxaqj5s","time":1610790431,"event":{"mods":["AchievementEnabler","BaseMod","Colored Map","Colored Powertips","DeckTracker","Highlight Path","KOR Keyword Fix","Keyboard Shortcuts","Minty Spire (QoL Compilation)","Quick Restart","StSLib","SuperFastMode"],"gold_per_floor":[119,119,132,132,148,148,170,170,170,120,133,143,143,153,153,257,257,275,275,53,67,19,19,19,19,71,71,89,99,198,198,198,198,198],"floor_reached":33,"language":"KOR","playtime":886,"items_purged":["Strike_G"],"score":319,"play_id":"c89445fe-6f2f-4ee7-a38d-6ea64bfef709","local_time":"20210116184711","is_ascension_mode":true,"campfire_choices":[{"data":"Survivor","floor":6,"key":"SMITH"},{"floor":13,"key":"REST"},{"floor":15,"key":"REST"},{"data":"Backflip","floor":23,"key":"SMITH"},{"floor":25,"key":"REST"},{"data":"Crippling Poison","floor":27,"key":"SMITH"},{"floor":32,"key":"REST"}],"circlet_count":0,"master_deck":["Strike_G","Strike_G","Strike_G","Defend_G","Defend_G","Defend_G","Defend_G","Defend_G","Survivor+1","Neutralize","Crippling Poison+1","Catalyst","Catalyst","Deadly Poison","Backflip+1","Catalyst","Burst","Reflex","Survivor+1","Deadly Poison"],"relics":["Ring of the Serpent","Odd Mushroom","Bronze Scales","Oddly Smooth Stone","Happy Flower"],"acts_visited":["Exordium","TheCity"],"potions_floor_usage":[7,21,28,33],"damage_taken":[{"damage":5,"enemies":"Cultist","floor":1,"turns":5},{"damage":0,"enemies":"2 Louse","floor":3,"turns":4},{"damage":0,"enemies":"Jaw Worm","floor":5,"turns":5},{"damage":36,"enemies":"The Mushroom Lair","floor":7,"turns":8},{"damage":1,"enemies":"Blue Slaver","floor":11,"turns":4},{"damage":8,"enemies":"Looter","floor":12,"turns":2},{"damage":9,"enemies":"Exordium Thugs","floor":14,"turns":5},{"damage":37,"enemies":"Hexaghost","floor":16,"turns":8},{"damage":4,"enemies":"Shell Parasite","floor":18,"turns":5},{"damage":0,"enemies":"3 Byrds","floor":21,"turns":4},{"damage":12,"enemies":"Snake Plant","floor":28,"turns":4},{"damage":1,"enemies":"Chosen and Byrds","floor":29,"turns":5},{"damage":92,"enemies":"Collector","floor":33,"turns":7}],"seed_played":"9005742390309195863","potions_obtained":[{"floor":1,"key":"SneckoOil"},{"floor":16,"key":"SkillPotion"},{"floor":18,"key":"Weak Potion"},{"floor":29,"key":"GamblersBrew"}],"is_trial":false,"path_per_floor":["M","?","M","?","M","R","?","$","T","$","M","M","R","M","R","B",null,"M","?","$","M","$","R","?","R","T","R","M","M","?","?","R","B"],"character_chosen":"THE_SILENT","items_purchased":["Deadly Poison","Oddly Smooth Stone","Deadly Poison"],"campfire_rested":4,"item_purchase_floors":[10,20,22],"current_hp_per_floor":[72,77,77,70,70,70,34,34,34,34,33,25,49,40,64,27,68,64,64,64,64,64,64,48,74,74,74,62,61,61,61,87,0,0],"gold":198,"neow_bonus":"TEN_PERCENT_HP_BONUS","is_daily":false,"chose_seed":false,"campfire_upgraded":3,"win_rate":0.0,"timestamp":1610790431,"path_taken":["M","?","M","?","M","R","?","$","T","?","M","?","R","M","R","BOSS","M","?","?","M","$","R","?","R","T","R","M","M","?","?","R","BOSS"],"items_purchased_type":["Card","Relic","Card"],"build_version":"2020-12-22","purchased_purges":1,"victory":false,"max_hp_per_floor":[77,82,82,82,82,82,82,82,82,82,82,82,82,82,82,82,82,82,82,82,82,82,82,87,87,87,87,87,87,87,87,87,87,87],"card_choices":[{"not_picked":["Concentrate","Dagger Throw","Sucker Punch"],"picked":"SKIP","floor":1},{"not_picked":["Finisher","Backstab"],"picked":"Crippling Poison","floor":3},{"not_picked":["Bane","Underhanded Strike"],"picked":"Catalyst","floor":5},{"not_picked":["Sucker Punch","Dodge and Roll"],"picked":"Catalyst","floor":7},{"not_picked":["Well Laid Plans","Bane","Quick Slash"],"picked":"SKIP","floor":11},{"not_picked":["Dash","Expertise"],"picked":"Backflip","floor":12},{"not_picked":["Setup","Dagger Throw"],"picked":"Catalyst","floor":14},{"not_picked":["Unload","Night Terror"],"picked":"Burst","floor":16},{"not_picked":["Dagger Spray+1","Well Laid Plans"],"picked":"Reflex","floor":18},{"not_picked":["Cloak And Dagger","Underhanded Strike","Expertise"],"picked":"SKIP","floor":21},{"not_picked":["Flying Knee","Dodge and Roll","Cloak And Dagger+1"],"picked":"SKIP","floor":28},{"not_picked":["Quick Slash+1","PiercingWail","Dash"],"picked":"SKIP","floor":29}],"player_experience":94151,"relics_obtained":[{"floor":7,"key":"Odd Mushroom"},{"floor":9,"key":"Bronze Scales"},{"floor":26,"key":"Happy Flower"}],"event_choices":[{"damage_healed":0,"gold_gain":0,"player_choice":"Donut","damage_taken":0,"max_hp_gain":5,"max_hp_loss":0,"event_name":"Big Fish","floor":2,"gold_loss":0},{"cards_removed":["Strike_G"],"damage_healed":0,"gold_gain":0,"player_choice":"Card Removal","damage_taken":7,"max_hp_gain":0,"max_hp_loss":0,"event_name":"Golden Wing","floor":4,"gold_loss":0},{"damage_healed":0,"gold_gain":0,"player_choice":"Fought Mushrooms","damage_taken":0,"max_hp_gain":0,"max_hp_loss":0,"event_name":"Mushrooms","floor":7,"gold_loss":0},{"damage_healed":0,"gold_gain":0,"player_choice":"Copied","damage_taken":0,"max_hp_gain":0,"max_hp_loss":0,"event_name":"Duplicator","floor":19,"gold_loss":0,"cards_obtained":["Survivor"]},{"damage_healed":0,"gold_gain":0,"player_choice":"Shed Blood","damage_taken":21,"max_hp_gain":5,"max_hp_loss":0,"event_name":"Forgotten Altar","floor":24,"gold_loss":0},{"damage_healed":0,"gold_gain":99,"player_choice":"Stole From Cult","damage_taken":0,"max_hp_gain":0,"max_hp_loss":0,"event_name":"Nest","floor":30,"gold_loss":0},{"damage_healed":0,"gold_gain":0,"player_choice":"Ignored","damage_taken":0,"max_hp_gain":0,"max_hp_loss":0,"event_name":"The Mausoleum","floor":31,"gold_loss":0}],"is_beta":false,"boss_relics":[{"not_picked":["HoveringKite","SlaversCollar"],"picked":"Ring of the Serpent"}],"items_purged_floors":[20],"is_endless":false,"potions_floor_spawned":[1,16,18,29],"killed_by":"Collector","ascension_level":5}}