{"host":"Ruben","time":1610824874,"event":{"mods":["AchievementEnabler","Aspiration","BaseMod","Better Altar","Better Match","Better Note","Better Sensory Stone","Better Skull","Better Third Choice","BetterRewards","Colored Map","Conspire","Downfall","GifTheSpireLib","Googly Eyes","Highlight Path","Hubris","Minty Spire (QoL Compilation)","Permanent Neow","Shop Mod","Spicy Shops","StSLib","Stuff the Spire","The IronCluck","everything is the same but u backflip on backflip","slay the spire mod where everything is the same but ironclad has a cowboy hat"],"gold_per_floor":[110,124,140,155,41,67,67,67,119,136,136,156,156,156,156,259,259,270,280,280,140,159,159,170,190,190,190,190],"floor_reached":27,"language":"ENG","playtime":1945,"items_purged":["Strike_R","Bash"],"score":228,"play_id":"d1e77af8-86ff-4a36-92b8-6810ba28848f","local_time":"20210116202114","is_ascension_mode":true,"campfire_choices":[{"floor":7,"key":"REST"},{"floor":13,"key":"REST"},{"floor":15,"key":"REST"},{"floor":23,"key":"REST"}],"circlet_count":0,"master_deck":["Strike_R","Strike_R","Strike_R","Strike_R","Defend_R","Defend_R","Defend_R","Defend_R","Armaments","Flex","hubris:ReadiedAction","Shrug It Off","Metallicize","Armaments","Double Tap","Demon Form","Sword Boomerang","Metallicize","StuffTheSpire:Vigor","Body Slam","Ghostly Armor"],"relics":["conspire:SlowCooker","Juzu Bracelet","hubris:Metronome","Bronze Scales","aspiration:SeaSaltIceCream","hubris:HollowSoul","FossilizedHelix","Mark of Pain"],"acts_visited":["Exordium","TheCity"],"potions_floor_usage":[6,12,16,19,25,27],"damage_taken":[{"damage":1,"enemies":"Cultist","floor":1,"turns":4},{"damage":3,"enemies":"Small Slimes","floor":2,"turns":4},{"damage":9,"enemies":"Jaw Worm","floor":3,"turns":4},{"damage":20,"enemies":"Red Slaver","floor":4,"turns":6},{"damage":15,"enemies":"Lagavulin","floor":6,"turns":9},{"damage":14,"enemies":"Exordium Thugs","floor":10,"turns":6},{"damage":0,"enemies":"Large Slime","floor":12,"turns":9},{"damage":25,"enemies":"The Guardian","floor":16,"turns":12},{"damage":20,"enemies":"Spheric Guardian","floor":18,"turns":7},{"damage":32,"enemies":"2 Thieves","floor":19,"turns":5},{"damage":16,"enemies":"Shelled Parasite and Fungi","floor":22,"turns":6},{"damage":4,"enemies":"Snecko","floor":24,"turns":9},{"damage":16,"enemies":"Centurion and Healer","floor":25,"turns":10},{"damage":27,"enemies":"Cultist and Chosen","floor":27,"turns":4}],"seed_played":"-6231488510633479353","potions_obtained":[{"floor":1,"key":"hexamod:SoulburnPotion"},{"floor":2,"key":"Weak Potion"},{"floor":10,"key":"Energy Potion"},{"floor":16,"key":"Explosive Potion"},{"floor":24,"key":"DuplicationPotion"},{"floor":25,"key":"Weak Potion"}],"is_trial":false,"path_per_floor":["M","M","M","M","$","E","R","T","T","M","$","M","R","?","R","B",null,"M","M","?","?","M","R","M","M","T","M"],"character_chosen":"IRONCLAD","items_purchased":["Metallicize","aspiration:SeaSaltIceCream","FossilizedHelix"],"campfire_rested":4,"item_purchase_floors":[5,11,11],"current_hp_per_floor":[79,76,67,47,47,32,56,56,56,42,2,2,26,41,65,40,80,60,28,28,28,12,36,32,16,16,0,0],"gold":190,"neow_bonus":"BOSS_RELIC","is_daily":false,"chose_seed":false,"campfire_upgraded":0,"win_rate":0.0,"timestamp":1610824874,"path_taken":["M","M","M","M","$","E","R","?","T","M","?","M","R","?","R","BOSS","M","M","?","?","M","R","M","M","T","M"],"items_purchased_type":["Card","Relic","Relic"],"build_version":"2020-12-18","purchased_purges":2,"victory":false,"max_hp_per_floor":[80,80,80,80,80,80,80,80,80,80,80,80,80,80,80,80,80,80,80,80,80,80,80,80,80,80,80,80],"card_choices":[{"not_picked":["Rage","Perfected Strike"],"picked":"Armaments","floor":1},{"not_picked":["Warcry","StuffTheSpire:RockThrow"],"picked":"Flex","floor":2},{"not_picked":["Flex","Uppercut"],"picked":"hubris:ReadiedAction","floor":3},{"not_picked":["Cleave","conspire:ExplosiveBarrier"],"picked":"Shrug It Off","floor":4},{"not_picked":["Havoc","Clothesline"],"picked":"Armaments","floor":6},{"not_picked":["Anger","Clash","Bloodletting"],"picked":"SKIP","floor":10},{"not_picked":["Hemokinesis","StuffTheSpire:Slingshot"],"picked":"Double Tap","floor":12},{"not_picked":["Offering","conspire:HitWhereItHurts"],"picked":"Demon Form","floor":16},{"not_picked":["Dual Wield","Wild Strike"],"picked":"Sword Boomerang","floor":18},{"not_picked":["Flex","Flame Barrier"],"picked":"Metallicize","floor":19},{"not_picked":["Ghostly Armor","True Grit"],"picked":"Body Slam","floor":22},{"not_picked":["Warcry","Wild Strike"],"picked":"Ghostly Armor","floor":24},{"not_picked":["StuffTheSpire:Incineration+1","Clothesline","Uppercut+1"],"picked":"SKIP","floor":25}],"player_experience":292337,"relics_obtained":[{"floor":6,"key":"Juzu Bracelet"},{"floor":8,"key":"hubris:Metronome"},{"floor":9,"key":"Bronze Scales"}],"event_choices":[{"damage_healed":0,"gold_gain":0,"player_choice":"Ignored","damage_taken":0,"max_hp_gain":0,"max_hp_loss":0,"event_name":"betterNote:BetterNote","floor":20,"gold_loss":0,"cards_obtained":["Worship"]}],"is_beta":true,"boss_relics":[{"not_picked":["SacredBark","hubris:Stopwatch"],"picked":"Mark of Pain"}],"items_purged_floors":[5,11],"is_endless":false,"potions_floor_spawned":[1,2,10,16,24,25],"killed_by":"Cultist and Chosen","ascension_level":1}}