{"host":"op1f1ag71v67qc3b","time":1610773115,"event":{"mods":["BaseMod","Colored Map","Hubris","Minty Spire (QoL Compilation)","Replay The Spire","StSLib","The IronCluck"],"gold_per_floor":[110,124,52,67,83,83,102,102,156,168,183,183,57,75,75,172,172,185,203,217,233,197,197,197,197,197,197,208,208,218,218,218,218,218],"floor_reached":33,"language":"ENG","playtime":1269,"items_purged":[],"score":243,"play_id":"3319b32d-2b68-49c1-b0ac-81096ea69422","local_time":"20210116155835","is_ascension_mode":false,"campfire_choices":[{"data":"Inflame","floor":6,"key":"SMITH"},{"data":"Spot Weakness","floor":8,"key":"SMITH"},{"data":"Metallicize","floor":15,"key":"SMITH"},{"floor":23,"key":"REST"},{"floor":25,"key":"REST"},{"floor":32,"key":"REST"}],"circlet_count":0,"master_deck":["Strike_R","Strike_R","Strike_R","Strike_R","Strike_R","Defend_R","Defend_R","Defend_R","Defend_R+1","Bash","Iron Wave","Inflame+1","Spot Weakness+1","Run Through","Shrug It Off","Metallicize+1","Shrug It Off","Clothesline","Double Tap","Spot Weakness","Inflame+1","Flame Barrier+1","Cleave","Shrug It Off+1"],"relics":["Burning Blood","Vajra","Ring of Chaos","Pen Nib","CultistMask","hubris:Towel","hubris:Icosahedron"],"acts_visited":["Exordium","TheCity"],"potions_floor_usage":[16,19,21],"damage_taken":[{"damage":4,"enemies":"Small Slimes","floor":1,"turns":5},{"damage":4,"enemies":"Jaw Worm","floor":2,"turns":4},{"damage":0,"enemies":"Cultist","floor":4,"turns":3},{"damage":9,"enemies":"Exordium Wildlife","floor":5,"turns":5},{"damage":2,"enemies":"Looter","floor":7,"turns":3},{"damage":16,"enemies":"3 Louse","floor":10,"turns":3},{"damage":3,"enemies":"Red Slaver","floor":11,"turns":4},{"damage":8,"enemies":"Lots of Slimes","floor":14,"turns":4},{"damage":50,"enemies":"Fading Forest","floor":16,"turns":11},{"damage":9,"enemies":"Shell Parasite","floor":18,"turns":7},{"damage":14,"enemies":"Chosen","floor":19,"turns":6},{"damage":24,"enemies":"Snake Plant","floor":20,"turns":6},{"damage":41,"enemies":"Shelled Parasite and Fungi","floor":21,"turns":7},{"damage":19,"enemies":"Centurion and Healer","floor":28,"turns":9},{"damage":29,"enemies":"Cultist and Chosen","floor":30,"turns":7},{"damage":70,"enemies":"Collector","floor":33,"turns":6}],"seed_played":"4418666118472962233","potions_obtained":[{"floor":4,"key":"SpeedPotion"},{"floor":5,"key":"LiquidBronze"},{"floor":7,"key":"Ancient Potion"},{"floor":16,"key":"Toxic Potion"},{"floor":18,"key":"Block Potion"},{"floor":20,"key":"Venom Potion"}],"is_trial":false,"path_per_floor":["M","M","$","M","M","R","M","R","T","M","M","?","$","M","R","B",null,"M","M","M","M","$","R","?","R","T","?","M","?","M","?","R","B"],"character_chosen":"IRONCLAD","items_purchased":["Inflame","Metallicize","Shrug It Off","Flame Barrier"],"campfire_rested":3,"item_purchase_floors":[3,13,13,22],"current_hp_per_floor":[80,80,80,80,77,77,80,80,80,70,73,73,73,71,71,37,80,77,69,51,16,16,40,40,64,64,64,51,51,28,28,52,0,0],"gold":218,"neow_bonus":"RANDOM_EVENT","is_daily":false,"chose_seed":false,"campfire_upgraded":3,"win_rate":0.0,"timestamp":1610773115,"path_taken":["M","M","$","M","M","R","M","R","T","M","M","?","$","M","R","BOSS","M","M","M","M","$","R","?","R","T","?","?","?","M","?","R","BOSS"],"items_purchased_type":["Card","Card","Card","Card"],"build_version":"2020-12-22","purchased_purges":0,"victory":false,"max_hp_per_floor":[80,80,80,80,80,80,80,80,80,80,80,80,80,80,80,80,80,80,80,80,80,80,80,80,80,80,80,80,80,80,80,80,80,80],"card_choices":[{"not_picked":["Replay:Undeath\u0027s Touch","Perfected Strike"],"picked":"Iron Wave","floor":1},{"not_picked":["Infernal Blade","Battle Trance","Sever Soul"],"picked":"SKIP","floor":2},{"not_picked":["Anger","Body Slam"],"picked":"Spot Weakness","floor":4},{"not_picked":["Warcry","Seeing Red"],"picked":"Run Through","floor":5},{"not_picked":["Abandon","Brutality","Perfected Strike"],"picked":"SKIP","floor":7},{"not_picked":["Rampage","Pummel","Armaments"],"picked":"SKIP","floor":10},{"not_picked":["ReplayTheSpireMod:Strike From Hell","Seeing Red"],"picked":"Shrug It Off","floor":11},{"not_picked":["Wild Strike","Shrug It Off"],"picked":"Clothesline","floor":14},{"not_picked":["Reaper","Immolate"],"picked":"Double Tap","floor":16},{"not_picked":["Battle Trance","Clash"],"picked":"Spot Weakness","floor":18},{"not_picked":["Defy Death+1","Second Wind","Havoc+1"],"picked":"SKIP","floor":19},{"not_picked":["Replay:Undeath\u0027s Touch+1","Massacre"],"picked":"Inflame+1","floor":20},{"not_picked":["Sever Soul+1","Carnage","True Grit"],"picked":"SKIP","floor":21},{"not_picked":["Evolve","Warcry+1"],"picked":"Cleave","floor":28},{"not_picked":["Pommel Strike","hubris:ReadiedAction"],"picked":"Shrug It Off+1","floor":30}],"player_experience":157778,"relics_obtained":[{"floor":9,"key":"Vajra"},{"floor":26,"key":"Pen Nib"}],"event_choices":[{"damage_healed":0,"gold_gain":0,"player_choice":"Leave","damage_taken":0,"max_hp_gain":0,"max_hp_loss":0,"event_name":"The Cleric","floor":12,"gold_loss":0},{"damage_healed":0,"gold_gain":0,"player_choice":"Trade","damage_taken":0,"relics_obtained":["CultistMask"],"max_hp_gain":0,"max_hp_loss":0,"event_name":"FaceTrader","floor":27,"gold_loss":0}],"is_beta":false,"boss_relics":[{"not_picked":["SacredBark","Snecko Eye"],"picked":"Ring of Chaos"}],"items_purged_floors":[],"is_endless":false,"potions_floor_spawned":[4,5,7,16,18,20],"killed_by":"Collector","ascension_level":0}}