{"host":"6ayekdpky30mcb5q","time":1610756237,"event":{"mods":["Act Like it!","BaseMod","Colored Map","Highlight Path","Minty Spire (QoL Compilation)","StSLib","The Bug Knight","WoW Paladin Mod"],"gold_per_floor":[115,134,151,76,151,161,161,196,244,244,244,256,256,278,278,376,376,392,406,406,422,436,453,453,10,46,20,46,46,46,75,75,187,187,214,230,241,116,127,127,159,159,221,71,98,98,98,108,108,108],"floor_reached":51,"language":"ENG","playtime":3520,"items_purged":["WoWPaladin:StrikePaladin","WoWPaladin:StrikePaladin","Shame","Decay"],"score":656,"play_id":"756d670b-d460-4351-bb10-68be9058782c","local_time":"20210115181717","is_ascension_mode":false,"campfire_choices":[{"data":"WoWPaladin:ZealotsThrust","floor":7.0,"key":"SMITH"},{"data":"Good Instincts","floor":10.0,"key":"SMITH"},{"floor":15.0,"key":"REST"},{"floor":29,"key":"REST"},{"data":"WoWPaladin:BlindingLight","floor":32,"key":"SMITH"},{"floor":40,"key":"REST"},{"data":"WoWPaladin:HolySmite","floor":46,"key":"SMITH"},{"floor":49,"key":"REST"}],"circlet_count":0,"master_deck":["WoWPaladin:StrikePaladin","WoWPaladin:StrikePaladin","WoWPaladin:StrikePaladin","WoWPaladin:DefendPaladin","WoWPaladin:DefendPaladin","WoWPaladin:DefendPaladin","WoWPaladin:DefendPaladin","WoWPaladin:DefendPaladin","WoWPaladin:TemplarsVerdict","WoWPaladin:HolySmite+1","Good Instincts+1","WoWPaladin:ZealotsThrust+1","WoWPaladin:Consecration","WoWPaladin:BlindingLight+1","WoWPaladin:HammerOfWrath","WoWPaladin:Judgement","WoWPaladin:DivineBulwark","WoWPaladin:BlessingOfKings","WoWPaladin:LayOnHands","WoWPaladin:DivineBulwark","WoWPaladin:Resolve","Necronomicurse","WoWPaladin:Consecration+1","WoWPaladin:Repentance","WoWPaladin:BlessedBreastplate","WoWPaladin:DivineBulwark","WoWPaladin:ZealotsThrust+1","WoWPaladin:ZealotsThrust","WoWPaladin:BlindingLight+1","WoWPaladin:FlashOfLight","WoWPaladin:RapturousCharge+1","WoWPaladin:EqualizingSwath+1"],"relics":["WoWPaladin:AshbringerRelic","White Beast Statue","Boot","Ice Cream","Odd Mushroom","Cursed Key","Necronomicon","CeramicFish","HollowMod:StagPassRelic","Lantern","SlaversCollar","Singing Bowl","Akabeko"],"acts_visited":["Exordium","TheCity","TheBeyond"],"potions_floor_usage":[48],"damage_taken":[{"damage":4.0,"enemies":"Cultist","floor":1.0,"turns":4.0},{"damage":3.0,"enemies":"Small Slimes","floor":2.0,"turns":4.0},{"damage":1.0,"enemies":"Jaw Worm","floor":3.0,"turns":5.0},{"damage":4.0,"enemies":"3 Louse","floor":6.0,"turns":5.0},{"damage":15.0,"enemies":"Lagavulin","floor":8.0,"turns":7.0},{"damage":3.0,"enemies":"2 Fungi Beasts","floor":12.0,"turns":5.0},{"damage":8.0,"enemies":"The Mushroom Lair","floor":14.0,"turns":4.0},{"damage":27.0,"enemies":"Hexaghost","floor":16.0,"turns":10.0},{"damage":0,"enemies":"Chosen","floor":18,"turns":6},{"damage":17,"enemies":"Spheric Guardian","floor":19,"turns":5},{"damage":6,"enemies":"Snecko","floor":21,"turns":5},{"damage":42,"enemies":"3 Cultists","floor":22,"turns":7},{"damage":15,"enemies":"Snake Plant","floor":23,"turns":6},{"damage":10,"enemies":"Shelled Parasite and Fungi","floor":28,"turns":5},{"damage":9,"enemies":"Centurion and Healer","floor":31,"turns":6},{"damage":61,"enemies":"Collector","floor":33,"turns":15},{"damage":10,"enemies":"3 Shapes","floor":35,"turns":6},{"damage":32,"enemies":"Orb Walker","floor":36,"turns":6},{"damage":29,"enemies":"Maw","floor":37,"turns":10},{"damage":39,"enemies":"Transient","floor":39,"turns":5},{"damage":4,"enemies":"Giant Head","floor":41,"turns":10},{"damage":14,"enemies":"4 Shapes","floor":45,"turns":5},{"damage":45,"enemies":"Maw","floor":48,"turns":9},{"damage":19,"enemies":"Time Eater","floor":50,"turns":10}],"seed_played":"-4749445387717485404","potions_obtained":[{"floor":1.0,"key":"LiquidBronze"},{"floor":2.0,"key":"Swift Potion"},{"floor":12.0,"key":"FairyPotion"},{"floor":18,"key":"SmokeBomb"},{"floor":33,"key":"SneckoOil"},{"floor":35,"key":"Regen Potion"},{"floor":37,"key":"FairyPotion"},{"floor":39,"key":"Explosive Potion"},{"floor":45,"key":"WoWPaladin:PlaceholderPotion"},{"floor":48,"key":"Block Potion"}],"is_trial":false,"path_per_floor":["M","M","M","$","?","M","R","E","T","R","T","M","?","?","R","B",null,"M","M","?","M","M","M","?","$","T","$","M","R","$","M","R","B",null,"M","M","M","$","M","R","E","?","T","$","M","R","?","M","R","B",null],"character_chosen":"THE_PALADIN","items_purchased":["HollowMod:StagPassRelic","WoWPaladin:BlessedBreastplate","WoWPaladin:DivineBulwark","WoWPaladin:ZealotsThrust"],"campfire_rested":4,"item_purchase_floors":[25,25,25,27],"current_hp_per_floor":[76,73,72,72,61,57,57,42,42,42,42,39,39,31,55,28,80,80,73,57,61,29,24,24,24,24,24,24,48,48,49,49,24,80,80,48,31,31,24,48,58,58,58,58,46,46,46,30,55,48],"gold":108,"neow_bonus":"RANDOM_COLORLESS","is_daily":false,"chose_seed":false,"campfire_upgraded":4,"win_rate":0.0,"timestamp":1610756237,"path_taken":["M","M","?","$","?","M","R","E","T","R","?","M","?","?","R","BOSS","M","M","?","M","M","M","?","$","T","$","M","R","?","M","R","BOSS","M","M","M","$","M","R","E","?","T","$","M","R","?","M","R","BOSS"],"items_purchased_type":["Relic","Card","Card","Card"],"build_version":"2020-12-22","purchased_purges":4,"victory":true,"max_hp_per_floor":[80,80,80,80,80,80,80,80,80,80,80,80,80,80,80,80,80,80,80,80,80,80,80,80,80,80,80,80,80,80,80,80,80,80,80,80,80,80,80,80,82,82,82,82,82,82,82,84,84,84],"card_choices":[{"not_picked":["Finesse","Forethought"],"picked":"Good Instincts","floor":0.0},{"not_picked":["WoWPaladin:Consecration","WoWPaladin:CrusaderStrike"],"picked":"WoWPaladin:ZealotsThrust","floor":1.0},{"not_picked":["WoWPaladin:ArdentDefense","WoWPaladin:AvengersShield"],"picked":"WoWPaladin:Consecration","floor":2.0},{"not_picked":["WoWPaladin:CrusaderStrike","WoWPaladin:RighteousAnger"],"picked":"WoWPaladin:BlindingLight","floor":3.0},{"not_picked":["WoWPaladin:CrusadersJudgement","WoWPaladin:Prayer"],"picked":"WoWPaladin:HammerOfWrath","floor":6.0},{"not_picked":["WoWPaladin:BlessingOfKings","WoWPaladin:DivineStorm"],"picked":"WoWPaladin:Judgement","floor":8.0},{"not_picked":["WoWPaladin:RighteousDuty","WoWPaladin:CrusaderStrike"],"picked":"WoWPaladin:DivineBulwark","floor":12.0},{"not_picked":["WoWPaladin:RighteousExpulsion","WoWPaladin:Brace"],"picked":"WoWPaladin:BlessingOfKings","floor":14.0},{"not_picked":["WoWPaladin:DivineStorm","WoWPaladin:CrusaderAura"],"picked":"WoWPaladin:LayOnHands","floor":16.0},{"not_picked":["WoWPaladin:Brace","WoWPaladin:SeraphStrike+1"],"picked":"WoWPaladin:DivineBulwark","floor":18},{"not_picked":["WoWPaladin:FistOfTheHeavens","WoWPaladin:JusticeForAll"],"picked":"WoWPaladin:Resolve","floor":19},{"not_picked":["WoWPaladin:RighteousDuty+1","WoWPaladin:CrusadersJudgement+1"],"picked":"WoWPaladin:Consecration+1","floor":21},{"not_picked":["WoWPaladin:EqualizingSwath","WoWPaladin:FistOfTheHeavens+1"],"picked":"WoWPaladin:Repentance","floor":22},{"not_picked":["WoWPaladin:OathOfChains","WoWPaladin:Prayer","WoWPaladin:AvengersShield"],"picked":"SKIP","floor":23},{"not_picked":["WoWPaladin:Brace","WoWPaladin:FistOfTheHeavens"],"picked":"WoWPaladin:ZealotsThrust","floor":28},{"not_picked":["WoWPaladin:RighteousAnger","WoWPaladin:Prayer"],"picked":"WoWPaladin:BlindingLight","floor":31},{"not_picked":["WoWPaladin:WakeOfAshes","WoWPaladin:LightsMeditation"],"picked":"WoWPaladin:FlashOfLight","floor":33},{"not_picked":["WoWPaladin:JusticeForAll","WoWPaladin:ArdentDefense+1"],"picked":"WoWPaladin:RapturousCharge+1","floor":35},{"not_picked":["WoWPaladin:Rebuke","WoWPaladin:AvengersShield+1","WoWPaladin:RighteousDuty+1"],"picked":"SKIP","floor":36},{"not_picked":["WoWPaladin:Judgement","WoWPaladin:RighteousExpulsion+1","WoWPaladin:GuidingStrike"],"picked":"SKIP","floor":37},{"not_picked":["WoWPaladin:CrusaderStrike+1","WoWPaladin:ZealotsThrust","WoWPaladin:Vindicate"],"picked":"SKIP","floor":39},{"not_picked":["WoWPaladin:Judgement","WoWPaladin:Prayer+1","WoWPaladin:FistOfTheHeavens+1"],"picked":"Singing Bowl","floor":41},{"not_picked":["WoWPaladin:ArdentDefense+1","WoWPaladin:CrusadersJudgement+1"],"picked":"WoWPaladin:EqualizingSwath+1","floor":45},{"not_picked":["WoWPaladin:GuidingStrike+1","WoWPaladin:RighteousAnger+1","WoWPaladin:RighteousDuty+1"],"picked":"Singing Bowl","floor":48}],"player_experience":548840,"relics_obtained":[{"floor":8.0,"key":"White Beast Statue"},{"floor":9.0,"key":"Boot"},{"floor":11.0,"key":"Ice Cream"},{"floor":14.0,"key":"Odd Mushroom"},{"floor":20,"key":"Necronomicon"},{"floor":26,"key":"Lantern"},{"floor":41,"key":"Singing Bowl"},{"floor":43,"key":"Akabeko"}],"event_choices":[{"damage_healed":0.0,"max_hp_gain":0.0,"max_hp_loss":0.0,"gold_gain":75.0,"event_name":"World of Goop","player_choice":"Gather Gold","floor":5.0,"gold_loss":0.0,"damage_taken":11.0},{"damage_healed":0.0,"max_hp_gain":0.0,"max_hp_loss":0.0,"gold_gain":0.0,"event_name":"Liars Game","player_choice":"Ignored","floor":13.0,"gold_loss":0.0,"damage_taken":0.0},{"damage_healed":0.0,"max_hp_gain":0.0,"max_hp_loss":0.0,"gold_gain":0.0,"event_name":"Mushrooms","player_choice":"Fought Mushrooms","floor":14.0,"gold_loss":0.0,"damage_taken":0.0},{"damage_healed":0,"gold_gain":0,"player_choice":"Obtained Book","damage_taken":16,"max_hp_gain":0,"max_hp_loss":0,"event_name":"Cursed Tome","floor":20,"gold_loss":0},{"damage_healed":0,"gold_gain":0,"player_choice":"Opened","damage_taken":0,"relics_obtained":["CeramicFish"],"max_hp_gain":0,"max_hp_loss":0,"event_name":"The Mausoleum","floor":24,"gold_loss":0},{"damage_healed":0,"gold_gain":0,"player_choice":"Ignored","damage_taken":0,"max_hp_gain":0,"max_hp_loss":0,"event_name":"Mysterious Sphere","floor":42,"gold_loss":0},{"damage_healed":0,"gold_gain":0,"player_choice":"Upgraded","damage_taken":0,"max_hp_gain":0,"max_hp_loss":0,"event_name":"Upgrade Shrine","floor":47,"gold_loss":0,"cards_upgraded":["WoWPaladin:BlindingLight"]}],"is_beta":false,"boss_relics":[{"not_picked":["Empty Cage","Coffee Dripper"],"picked":"Cursed Key"},{"not_picked":["SacredBark","Fusion Hammer"],"picked":"SlaversCollar"}],"items_purged_floors":[4,25,38,44],"is_endless":false,"potions_floor_spawned":[1,2,12,14,16,18,19,21,22,23,28,31,33,35,36,37,39,41,45,48],"ascension_level":0}}