{"host":"utqe55yv0jihe4d6","time":1610806695,"event":{"mods":["2.2 Compatiblity","AchievementEnabler","BaseMod","Block Reminder","Colored Map","Colored Powertips","Minty Spire (QoL Compilation)","Quick Restart","Rare Cards Sparkle","Relic Stats","SuperFastMode"],"gold_per_floor":[114,128,142,142,155,155,179,212,212,232,60,60,72,107,107,184,184,203,219,219,219,234,234,262,262,262,262,273,273,289,321,321,397,397,412,120,10,29,29,61,61,90,115,115,115,115],"floor_reached":45,"language":"ENG","playtime":1603,"items_purged":["Pain"],"score":1042,"play_id":"5df5bd46-2e5f-4c88-a536-fad4fd9b36fc","local_time":"20210116091815","is_ascension_mode":true,"campfire_choices":[{"data":"Poisoned Stab","floor":6.0,"key":"SMITH"},{"floor":12,"key":"REST"},{"data":"Deadly Poison","floor":15,"key":"SMITH"},{"floor":23,"key":"REST"},{"floor":25,"key":"REST"},{"data":"Adrenaline","floor":27,"key":"SMITH"},{"floor":29,"key":"REST"},{"floor":32,"key":"REST"},{"floor":44,"key":"RECALL"}],"circlet_count":0,"master_deck":["AscendersBane","Strike_G","Strike_G","Strike_G","Defend_G","Defend_G","Defend_G","Defend_G","Defend_G","Survivor","Neutralize+1","Quick Slash","Dash","Poisoned Stab+1","Deadly Poison+1","PiercingWail","Backstab","Tools of the Trade","Adrenaline+1","Sucker Punch+1","Catalyst","Backflip","Quick Slash","Backflip+1","Dark Shackles","Backflip"],"relics":["Ring of the Snake","Pocketwatch","Odd Mushroom","Pantograph","TwistedFunnel","Incense Burner","Philosopher\u0027s Stone","WarpedTongs","Boot","Blue Candle","Mummified Hand","SlaversCollar","PreservedInsect","Omamori","Meat on the Bone","Juzu Bracelet"],"acts_visited":["Exordium","TheCity","TheBeyond"],"potions_floor_usage":[31,42],"damage_taken":[{"damage":0.0,"enemies":"2 Louse","floor":1.0,"turns":3.0},{"damage":3.0,"enemies":"Cultist","floor":2.0,"turns":5.0},{"damage":1.0,"enemies":"Small Slimes","floor":3.0,"turns":3.0},{"damage":0.0,"enemies":"Exordium Wildlife","floor":5.0,"turns":3.0},{"damage":16.0,"enemies":"The Mushroom Lair","floor":7.0,"turns":5.0},{"damage":11.0,"enemies":"Gremlin Nob","floor":8.0,"turns":4.0},{"damage":6,"enemies":"Lots of Slimes","floor":10,"turns":5},{"damage":1,"enemies":"Blue Slaver","floor":13,"turns":3},{"damage":22,"enemies":"Lagavulin","floor":14,"turns":5},{"damage":8,"enemies":"Hexaghost","floor":16,"turns":9},{"damage":0,"enemies":"Chosen","floor":18,"turns":4},{"damage":7,"enemies":"Shell Parasite","floor":19,"turns":4},{"damage":2,"enemies":"Centurion and Healer","floor":22,"turns":6},{"damage":15,"enemies":"Book of Stabbing","floor":24,"turns":4},{"damage":14,"enemies":"Snake Plant","floor":28,"turns":4},{"damage":1,"enemies":"Cultist and Chosen","floor":30,"turns":7},{"damage":28,"enemies":"Slavers","floor":31,"turns":7},{"damage":34,"enemies":"Collector","floor":33,"turns":10},{"damage":13,"enemies":"Orb Walker","floor":35,"turns":3},{"damage":17,"enemies":"3 Darklings","floor":38,"turns":7},{"damage":21,"enemies":"Giant Head","floor":40,"turns":8},{"damage":5,"enemies":"Nemesis","floor":42,"turns":5},{"damage":10,"enemies":"Writhing Mass","floor":45,"turns":1}],"seed_played":"-182613944345674894","potions_obtained":[{"floor":3.0,"key":"DuplicationPotion"},{"floor":5.0,"key":"Explosive Potion"},{"floor":8.0,"key":"EssenceOfSteel"},{"floor":28,"key":"SteroidPotion"},{"floor":31,"key":"Block Potion"},{"floor":33,"key":"LiquidMemories"},{"floor":42,"key":"Swift Potion"}],"is_trial":false,"path_per_floor":["M","M","M","?","M","R","?","E","T","M","$","R","M","E","R","B",null,"M","M","?","?","M","R","E","R","T","R","M","R","M","E","R","B",null,"M","$","?","M","?","E","?","E","T","R","M"],"character_chosen":"THE_SILENT","items_purchased":["TwistedFunnel","PreservedInsect","Backflip"],"campfire_rested":5,"item_purchase_floors":[11,36,36],"current_hp_per_floor":[59,56,55,55,55,55,39,28,28,22,22,40,39,17,17,34,54,54,47,31,31,29,48,33,52,52,52,38,57,56,28,47,31,57,44,44,44,27,27,6,6,1,1,1,0,0],"gold":115,"neow_bonus":"ONE_RARE_RELIC","is_daily":false,"chose_seed":false,"campfire_upgraded":3,"win_rate":0.0,"timestamp":1610806695,"path_taken":["M","M","M","?","?","R","?","E","T","M","?","R","?","E","R","BOSS","M","M","?","?","?","R","E","R","T","R","M","R","?","E","R","BOSS","M","$","?","?","?","E","?","E","T","R","M"],"items_purchased_type":["Relic","Relic","Card"],"build_version":"2020-12-22","purchased_purges":1,"victory":false,"max_hp_per_floor":[60,60,60,60,60,60,60,60,60,60,60,60,60,60,60,60,60,60,60,65,65,65,65,65,65,65,65,65,65,65,65,65,65,65,65,65,65,65,65,65,65,65,65,65,65,65],"relic_stats":{"counters":[23,115],"Mummified Hand":[4],"Pantograph":43,"Blue Candle":[5],"PreservedInsect":180,"Juzu Bracelet":0,"Boot":[28],"obtain_stats":[{"TwistedFunnel":11,"Blue Candle":26,"PreservedInsect":36,"Incense Burner":14,"Omamori":40,"Juzu Bracelet":43,"Odd Mushroom":7,"Boot":24,"WarpedTongs":21,"SlaversCollar":34,"Mummified Hand":31,"Pantograph":8,"Philosopher\u0027s Stone":17,"Ring of the Snake":0,"Pocketwatch":0,"Meat on the Bone":42},{"TwistedFunnel":7,"Blue Candle":14,"PreservedInsect":19,"Incense Burner":9,"Omamori":21,"Juzu Bracelet":22,"Odd Mushroom":5,"Boot":14,"WarpedTongs":12,"SlaversCollar":18,"Mummified Hand":17,"Pantograph":6,"Philosopher\u0027s Stone":10,"Ring of the Snake":0,"Pocketwatch":0,"Meat on the Bone":22},{"TwistedFunnel":28,"Blue Candle":63,"PreservedInsect":94,"Incense Burner":36,"Omamori":109,"Juzu Bracelet":114,"Odd Mushroom":19,"Boot":63,"WarpedTongs":53,"SlaversCollar":91,"Mummified Hand":81,"Pantograph":23,"Philosopher\u0027s Stone":45,"Ring of the Snake":0,"Pocketwatch":0,"Meat on the Bone":114}],"Ring of the Snake":[46],"Pocketwatch":[144],"WarpedTongs":[62],"Meat on the Bone":0},"card_choices":[{"not_picked":["Blade Dance","Acrobatics"],"picked":"Quick Slash","floor":1.0},{"not_picked":["Grand Finale","Poisoned Stab"],"picked":"Dash","floor":2.0},{"not_picked":["Outmaneuver","Quick Slash"],"picked":"Poisoned Stab","floor":3.0},{"not_picked":["Dodge and Roll","Cloak And Dagger","Endless Agony"],"picked":"SKIP","floor":5.0},{"not_picked":["PiercingWail","Outmaneuver"],"picked":"Deadly Poison","floor":8.0},{"not_picked":["Masterful Stab","Dagger Throw"],"picked":"PiercingWail","floor":10},{"not_picked":["Prepared","PiercingWail"],"picked":"Backstab","floor":13},{"not_picked":["Concentrate","Endless Agony"],"picked":"Tools of the Trade","floor":14},{"not_picked":["Storm of Steel","Unload"],"picked":"Adrenaline","floor":16},{"not_picked":["Expertise","Slice"],"picked":"Sucker Punch+1","floor":18},{"not_picked":["Noxious Fumes","Dagger Throw"],"picked":"Catalyst","floor":19},{"not_picked":["Poisoned Stab","Quick Slash","Choke"],"picked":"SKIP","floor":22},{"not_picked":["Unload","Deadly Poison","Backstab"],"picked":"SKIP","floor":24},{"not_picked":["Accuracy","Prepared","All Out Attack"],"picked":"SKIP","floor":28},{"not_picked":["Escape Plan","Dagger Spray","Outmaneuver"],"picked":"SKIP","floor":30},{"not_picked":["Tools of the Trade","PiercingWail"],"picked":"Backflip","floor":31},{"not_picked":["Distraction","Outmaneuver"],"picked":"Quick Slash","floor":35},{"not_picked":["Dagger Throw","Deflect","Outmaneuver"],"picked":"SKIP","floor":38},{"not_picked":["Bandage Up","HandOfGreed"],"picked":"Dark Shackles","floor":39},{"not_picked":["All Out Attack","Unload"],"picked":"Backflip","floor":40},{"not_picked":["Heel Hook","Dagger Spray","Sucker Punch"],"picked":"SKIP","floor":42}],"player_experience":2951673,"relics_obtained":[{"floor":7.0,"key":"Odd Mushroom"},{"floor":8.0,"key":"Pantograph"},{"floor":14,"key":"Incense Burner"},{"floor":24,"key":"Boot"},{"floor":26,"key":"Blue Candle"},{"floor":31,"key":"Mummified Hand"},{"floor":40,"key":"Omamori"},{"floor":42,"key":"Meat on the Bone"},{"floor":43,"key":"Juzu Bracelet"}],"event_choices":[{"damage_healed":0.0,"max_hp_gain":0.0,"max_hp_loss":0.0,"gold_gain":0.0,"event_name":"Upgrade Shrine","player_choice":"Upgraded","floor":4.0,"gold_loss":0.0,"damage_taken":0.0,"cards_upgraded":["Neutralize"]},{"damage_healed":0.0,"max_hp_gain":0.0,"max_hp_loss":0.0,"gold_gain":0.0,"event_name":"Mushrooms","player_choice":"Fought Mushrooms","floor":7.0,"gold_loss":0.0,"damage_taken":0.0},{"damage_healed":0,"gold_gain":0,"player_choice":"Shed Blood","damage_taken":21,"max_hp_gain":5,"max_hp_loss":0,"event_name":"Forgotten Altar","floor":20,"gold_loss":0},{"damage_healed":0,"gold_gain":0,"player_choice":"Rummage","damage_taken":0,"relics_obtained":["WarpedTongs"],"max_hp_gain":0,"max_hp_loss":0,"event_name":"Accursed Blacksmith","floor":21,"gold_loss":0,"cards_obtained":["Pain"]},{"cards_removed":["Strike_G"],"damage_healed":0,"gold_gain":0,"player_choice":"Upgrade and Remove","damage_taken":0,"max_hp_gain":0,"max_hp_loss":0,"event_name":"Designer","floor":37,"gold_loss":110,"cards_upgraded":["Backflip"]},{"damage_healed":0,"gold_gain":0,"player_choice":"Memory 1","damage_taken":0,"max_hp_gain":0,"max_hp_loss":0,"event_name":"SensoryStone","floor":39,"gold_loss":0},{"cards_removed":["Strike_G"],"damage_healed":0,"gold_gain":0,"player_choice":"Purged","damage_taken":0,"max_hp_gain":0,"max_hp_loss":0,"event_name":"Purifier","floor":41,"gold_loss":0}],"is_beta":false,"boss_relics":[{"not_picked":["Pandora\u0027s Box","Busted Crown"],"picked":"Philosopher\u0027s Stone"},{"not_picked":["Runic Dome","Black Star"],"picked":"SlaversCollar"}],"items_purged_floors":[36],"is_endless":false,"potions_floor_spawned":[3,5,8,19,28,31,33,38,42],"killed_by":"Writhing Mass","ascension_level":20}}