{"host":"oeotdbd679q6m6vu","time":1610757694,"event":{"mods":["Act Like it!","BaseMod","Colored Map","Decade(Õı–°√˜)","Downfall","Friendly Minions","Gensokyo","GifTheSpireLib","Highlight Path","Marisa£®ÏF”Í°°ƒß¿Ì…≥£©","Minty Spire (QoL Compilation)","Rare Cards Sparkle","Reimu£®≤©¿ˆ¡È√Œ£©","StSLib","The Animator","Youmu£®ªÍ∆«—˝√Œ£©"],"gold_per_floor":[99,113,288,305,36,36,36,68,68,87,72,86,115,128,146,247,247,247,265,277,295,313,313,313,46,62,78,63,63,74,101,120,120,120],"floor_reached":33,"language":"ZHS","playtime":2061,"items_purged":["Doubt","Pain"],"score":308,"play_id":"e664cabb-ffe5-4afd-b4e6-44659a7a2c2c","local_time":"20210115194134","is_ascension_mode":false,"campfire_choices":[{"data":"bronze:Replicate","floor":1,"key":"SMITH"},{"data":"bronze:Optimize","floor":6,"key":"SMITH"},{"floor":18,"key":"RECALL"},{"data":"bronze:Assembly","floor":29,"key":"SMITH"}],"circlet_count":0,"master_deck":["bronze:Strike","bronze:Strike","bronze:Defend","bronze:Defend","bronze:Defend","bronze:Replicate+1","bronze:Goto","bronze:Repair","bronze:BronzeOrb","bronze:Optimize+1","bronze:GetLatest","bronze:ChosenStrike","bronze:Overload","bronze:CutThrough","bronze:Assembly+1","bronze:Iterate","bronze:Iterate","bronze:Repair","bronze:CloningBeam","bronze:CloningBeam","bronze:Virus","bronze:Verify","bronze:Shell","bronze:Optimize","bronze:Optimize+1","bronze:Fortify"],"relics":["bronze:BronzeCore","Oddly Smooth Stone","Pear","InkBottle","Ginger","Coffee Dripper","PreservedInsect","Blood Vial"],"acts_visited":["Exordium","TheCity"],"potions_floor_usage":[13,16,16,31,33,33,33],"damage_taken":[{"damage":3,"enemies":"Jaw Worm","floor":2,"turns":3},{"damage":2,"enemies":"Cultist","floor":4,"turns":4},{"damage":6,"enemies":"downfall:FleeingMerchant","floor":5,"turns":4},{"damage":22,"enemies":"Gremlin Nob","floor":8,"turns":5},{"damage":13,"enemies":"Small Slimes","floor":10,"turns":3},{"damage":24,"enemies":"downfall:FleeingMerchant","floor":11,"turns":4},{"damage":13,"enemies":"Exordium Thugs","floor":12,"turns":3},{"damage":11,"enemies":"Lagavulin","floor":13,"turns":4},{"damage":9,"enemies":"Red Slaver","floor":14,"turns":3},{"damage":2,"enemies":"3 Louse","floor":15,"turns":3},{"damage":60,"enemies":"SI_SHIV_ARCHETYPE","floor":16,"turns":10},{"damage":17,"enemies":"Chosen","floor":19,"turns":5},{"damage":7,"enemies":"Cultist and Chosen","floor":20,"turns":5},{"damage":32,"enemies":"3 Cultists","floor":21,"turns":5},{"damage":14,"enemies":"Chosen and Byrds","floor":22,"turns":4},{"damage":12,"enemies":"downfall:FleeingMerchant","floor":25,"turns":4},{"damage":34,"enemies":"Centurion and Healer","floor":26,"turns":5},{"damage":9,"enemies":"Snecko","floor":27,"turns":4},{"damage":9,"enemies":"downfall:FleeingMerchant","floor":28,"turns":4},{"damage":35,"enemies":"Snake Plant","floor":30,"turns":4},{"damage":34,"enemies":"Slavers","floor":31,"turns":3},{"damage":1,"enemies":"Sentry and Sphere","floor":32,"turns":5},{"damage":49,"enemies":"IC_MUSHROOM_ARCHETYPE","floor":33,"turns":4}],"seed_played":"-305021850290786815","potions_obtained":[{"floor":2,"key":"Energy Potion"},{"floor":4,"key":"Block Potion"},{"floor":8,"key":"Strength Potion"},{"floor":14,"key":"SkillPotion"},{"floor":21,"key":"Regen Potion"},{"floor":22,"key":"bronze:FreeFunctionsPotion"},{"floor":31,"key":"GamblersBrew"}],"is_trial":false,"path_per_floor":["R","M","?","M","$","R","T","E","?","M","$","M","E","M","M","B",null,"R","M","M","M","M","?","T","$","M","M","$","R","M","E","M","B"],"character_chosen":"THE_AUTOMATON","items_purchased":["bronze:GetLatest","Oddly Smooth Stone","PreservedInsect"],"campfire_rested":0,"item_purchase_floors":[5,5,25],"current_hp_per_floor":[77,74,74,75,71,71,81,65,65,59,45,39,45,46,58,15,87,87,80,85,58,64,64,64,72,58,59,67,67,32,17,32,0,0],"gold":120,"neow_bonus":"TEN_PERCENT_HP_BONUS","is_daily":false,"chose_seed":false,"campfire_upgraded":3,"win_rate":0.0,"timestamp":1610757694,"path_taken":["R","M","?","M","$","R","T","E","?","?","$","M","E","M","M","BOSS","R","M","M","M","M","?","T","$","M","M","?","R","M","E","M","BOSS"],"items_purchased_type":["Card","Relic","Relic"],"build_version":"2020-12-22","purchased_purges":2,"victory":false,"max_hp_per_floor":[77,77,77,77,77,77,87,87,87,87,87,87,87,87,87,87,87,87,87,87,87,87,87,87,87,87,87,87,87,87,87,87,87,87],"card_choices":[{"not_picked":["bronze:DigitalCarnage","bronze:DelayedGuard"],"picked":"bronze:Repair","floor":2},{"not_picked":["bronze:Frontload","bronze:ForceShield"],"picked":"bronze:BronzeOrb","floor":4},{"not_picked":["bronze:Return","bronze:Flail"],"picked":"bronze:Optimize","floor":5},{"not_picked":["bronze:Turbo","bronze:Invalidate"],"picked":"bronze:ChosenStrike","floor":8},{"not_picked":["bronze:BugBarrage","bronze:CutThrough"],"picked":"bronze:Iterate","floor":10},{"not_picked":["bronze:WhirlingStrike","bronze:Frontload"],"picked":"bronze:Iterate","floor":11},{"not_picked":["bronze:DelayedSlice","bronze:WhirlingStrike"],"picked":"bronze:Repair","floor":12},{"not_picked":["bronze:Branch","bronze:Shield"],"picked":"bronze:CloningBeam","floor":13},{"not_picked":["bronze:Backtrace","bronze:MaxOutput"],"picked":"bronze:CloningBeam","floor":14},{"not_picked":["bronze:BronzeArmor","bronze:Iterate"],"picked":"bronze:Virus","floor":15},{"not_picked":["bronze:Format","bronze:ThunderWave"],"picked":"bronze:Verify","floor":16},{"not_picked":["bronze:Turbo","bronze:Branch+1"],"picked":"bronze:Shell","floor":19},{"not_picked":["bronze:Flail+1","bronze:Frontload","bronze:BronzeArmor+1"],"picked":"SKIP","floor":20},{"not_picked":["bronze:DelayedGuard+1","bronze:Repulsor","bronze:CloningBeam"],"picked":"SKIP","floor":21},{"not_picked":["bronze:FineTuning","bronze:Allocate"],"picked":"bronze:Optimize","floor":22},{"not_picked":["bronze:OilSpill+1","bronze:Turbo","bronze:BugBarrage+1"],"picked":"SKIP","floor":25},{"not_picked":["bronze:Invalidate+1","bronze:NullPointer","bronze:CutThrough+1"],"picked":"SKIP","floor":26},{"not_picked":["bronze:Deprecate","bronze:Repulsor+1"],"picked":"bronze:Fortify","floor":27},{"not_picked":["bronze:Turbo+1","bronze:Mutator","bronze:DelayedGuard"],"picked":"SKIP","floor":28},{"not_picked":["bronze:FineTuning","bronze:DarkDash","bronze:Deprecate"],"picked":"SKIP","floor":30},{"not_picked":["bronze:Shell","bronze:DelayedSlice","bronze:Backtrace"],"picked":"SKIP","floor":31},{"not_picked":["bronze:WildBeam+1","bronze:Branch","bronze:OilSpill"],"picked":"SKIP","floor":32}],"player_experience":323595,"relics_obtained":[{"floor":7,"key":"Pear"},{"floor":8,"key":"InkBottle"},{"floor":13,"key":"Ginger"},{"floor":31,"key":"Blood Vial"}],"event_choices":[],"is_beta":false,"boss_relics":[{"not_picked":["Astrolabe","Fusion Hammer"],"picked":"Coffee Dripper"}],"items_purged_floors":[5,25],"is_endless":false,"potions_floor_spawned":[2,4,8,12,14,21,22,27,31,32],"killed_by":"IC_MUSHROOM_ARCHETYPE","ascension_level":0}}