{"host":"h1qktzcccqnez8tx","time":1610767060,"event":{"mods":["BaseMod","Block Reminder","Colored Map","Colored Powertips","Curses Come First","Downfall","Highlight Path","Jorbs\u0027s Wanderer Trilogy","Minty Spire (QoL Compilation)","Permanent Neow","Quick Restart","Relic Stats","Replay The Spire","Say the Spire","StSLib","The Cursed","The Disciple","The Hierophant","The Necromancer","The Servant 0.9.4"],"gold_per_floor":[99,109,126,137,157,157,457,476,489,489,509,520,22,22,51,167,179,191,203,203,203],"floor_reached":19,"language":"ENG","playtime":1941,"items_purged":["Parasite"],"score":245,"play_id":"1113d4c1-7d2b-494c-82e3-9602d53b21e6","local_time":"20210116041740","is_ascension_mode":true,"campfire_choices":[{"data":"Guardian:TwinSlam","floor":1,"key":"SMITH"},{"data":"Guardian:Recover","floor":18,"key":"SMITH"}],"circlet_count":0,"master_deck":["Guardian:Strike_Guardian","Guardian:Strike_Guardian","Guardian:Strike_Guardian","Guardian:Defend_Guardian+1","Guardian:CurlUp+1","Guardian:TwinSlam+1","Guardian:FuturePlans+1","Guardian:Recover+1","Guardian:Planning","Guardian:TimeCapacitor+1","Guardian:PrimingBeam","Guardian:ChargeCore","Guardian:TimeSifter","stsjorbsmod:Withering","TheCursedMod:Dregs","Overencumbered"],"relics":["Replay:Drink Me","Old Coin","War Paint","Guide Book","MawBank","Replay:Ancient Bell","Guardian:PocketSentry","Replay:Ringing Soul","Bird Faced Urn"],"acts_visited":["Exordium","TheCity"],"potions_floor_usage":[9,11,15,15],"damage_taken":[{"damage":0,"enemies":"Small Slimes","floor":2,"turns":5},{"damage":3,"enemies":"Jaw Worm","floor":3,"turns":4},{"damage":0,"enemies":"2 Louse","floor":4,"turns":4},{"damage":0,"enemies":"2 Fungi Beasts","floor":5,"turns":4},{"damage":10,"enemies":"3 Louse","floor":8,"turns":4},{"damage":36,"enemies":"Gremlin Gang","floor":9,"turns":7},{"damage":1,"enemies":"3 Louse","floor":11,"turns":4},{"damage":3,"enemies":"Large Slime","floor":12,"turns":7},{"damage":0,"enemies":"downfall:FleeingMerchant","floor":13,"turns":4},{"damage":12,"enemies":"Lots of Slimes","floor":15,"turns":4},{"damage":0,"enemies":"downfall:Watcher","floor":16,"turns":9},{"damage":22,"enemies":"Chosen","floor":19,"turns":6}],"seed_played":"8631694331154298070","potions_obtained":[{"floor":2,"key":"Guardian:DefensiveModePotion"},{"floor":5,"key":"BlessingOfTheForge"},{"floor":9,"key":"Weak Potion"},{"floor":11,"key":"Block Potion"},{"floor":15,"key":"sneckomod:MuddlingPotion"},{"floor":16,"key":"FearPotion"}],"is_trial":false,"path_per_floor":["R","M","M","M","M","?","T","M","M","?","M","M","$","?","M","B",null,"R","M"],"character_chosen":"GUARDIAN","items_purchased":["War Paint","Guide Book","Fire Potion","Guardian:Gem_Lightblue"],"campfire_rested":0,"item_purchase_floors":[13,13,13,13],"current_hp_per_floor":[60,60,57,57,57,57,57,47,11,26,25,22,22,22,10,10,60,60,42,42,42],"gold":203,"neow_bonus":"BOSS_RELIC","is_daily":false,"chose_seed":false,"campfire_upgraded":2,"win_rate":0.0,"timestamp":1610767060,"path_taken":["R","M","M","M","M","?","T","M","M","?","M","M","$","?","M","BOSS","R","M"],"items_purchased_type":["Relic","Relic","Potion","Card"],"build_version":"2020-12-22","purchased_purges":1,"victory":false,"max_hp_per_floor":[60,60,60,60,60,60,60,60,60,60,60,60,57,57,57,57,60,60,60,60,60],"relic_stats":{"counters":[12,61],"Bird Faced Urn":[4],"War Paint":["Guardian:CurlUp","Guardian:Defend_Guardian"],"MawBank":60,"obtain_stats":[{"Replay:Ringing Soul":17,"Guide Book":13,"Bird Faced Urn":17,"Guardian:ModeShifter":0,"Replay:Ancient Bell":17,"Guardian:PocketSentry":17,"War Paint":13,"Replay:Drink Me":0,"MawBank":14,"Old Coin":7},{"Replay:Ringing Soul":11,"Guide Book":9,"Bird Faced Urn":11,"Guardian:ModeShifter":0,"Replay:Ancient Bell":11,"Guardian:PocketSentry":11,"War Paint":9,"Replay:Drink Me":0,"MawBank":9,"Old Coin":4},{"Replay:Ringing Soul":56,"Guide Book":43,"Bird Faced Urn":56,"Guardian:ModeShifter":0,"Replay:Ancient Bell":56,"Guardian:PocketSentry":56,"War Paint":43,"Replay:Drink Me":0,"MawBank":43,"Old Coin":17}]},"card_choices":[{"not_picked":["Guardian:Emergency","Guardian:CrystalBeam"],"picked":"Guardian:FuturePlans","floor":2},{"not_picked":["Guardian:Incinerate","Guardian:MultiBeam","Guardian:ArmoredProtocol"],"picked":"SKIP","floor":3},{"not_picked":["Guardian:GuardianWhirl","Guardian:TemporalShield"],"picked":"Guardian:Recover","floor":4},{"not_picked":["Guardian:Incinerate","Guardian:FuturePlans"],"picked":"Guardian:Planning","floor":5},{"not_picked":["Guardian:ShieldSpikes","Guardian:DecasProtection"],"picked":"Guardian:TimeCapacitor","floor":8},{"not_picked":["Guardian:DonusPower","Guardian:FloatingOrbs"],"picked":"Guardian:PrimingBeam","floor":9},{"not_picked":["Guardian:Reroute","Guardian:PrismaticBarrier","Guardian:ArmoredProtocol"],"picked":"SKIP","floor":11},{"not_picked":["Guardian:TemporalStrike","Guardian:Gem_Crimson","Guardian:PrismaticBeam"],"picked":"SKIP","floor":12},{"not_picked":["Guardian:RollAttack","Guardian:Gem_Blue","Guardian:PolyBeam"],"picked":"SKIP","floor":13},{"not_picked":["Guardian:Gem_Cyan","Guardian:Incinerate"],"picked":"Guardian:ChargeCore","floor":15},{"not_picked":["Guardian:ConstructionForm","Guardian:HyperBeam_Guardian"],"picked":"Guardian:TimeSifter","floor":16},{"not_picked":["Doubt","Overencumbered"],"picked":"stsjorbsmod:Withering","floor":17},{"not_picked":["Looming Evil","Doubt"],"picked":"TheCursedMod:Dregs","floor":17},{"not_picked":["ReplayTheSpireMod:IOU","CurseOfTheBell"],"picked":"Overencumbered","floor":17}],"player_experience":109097,"relics_obtained":[{"floor":7,"key":"Old Coin"}],"event_choices":[{"cards_removed":["Guardian:Defend_Guardian"],"damage_healed":0,"gold_gain":0,"player_choice":"Card Removal","damage_taken":0,"max_hp_gain":0,"max_hp_loss":0,"event_name":"The Cleric","floor":6,"gold_loss":0},{"damage_healed":15,"gold_gain":0,"player_choice":"Healed and dodged fight","damage_taken":0,"max_hp_gain":0,"max_hp_loss":0,"event_name":"Mushrooms","floor":10,"gold_loss":0,"cards_obtained":["Parasite"]}],"is_beta":false,"boss_relics":[{"not_picked":["Philosopher\u0027s Stone","Replay:Bronze Core"],"picked":"Replay:Ancient Bell"},{"not_picked":["Pet Ghost","ReplayTheSpireMod:TigerMarble"],"picked":"Guardian:PocketSentry"},{"not_picked":["Pear","Mirror"],"picked":"Replay:Ringing Soul"},{"not_picked":["Calipers","Counterbalance"],"picked":"Bird Faced Urn"}],"items_purged_floors":[13],"is_endless":false,"potions_floor_spawned":[2,5,9,11,15,16],"killed_by":"Chosen","ascension_level":3}}