{"host":"dhlnk6yox2l1s6up","time":1610817893,"event":{"mods":["BaseMod","Colored Map","Highlight Path","Minty Spire (QoL Compilation)","Relic Stats","StSLib"],"gold_per_floor":[111,40,40,56,56,86,86,115,115,115,126,151,116,179,191,300,312,342,366,288,5,25,25,64,64,73,91,91,135,135,155,155,264,264,290,349,39,57,111,111,153,153,162,162,189,216,216,238,238,238,238,238,32,70,70],"floor_reached":56,"language":"ENG","playtime":6468,"items_purged":["Strike_B","Strike_B","Defend_B"],"score":1708,"play_id":"63d68792-3c74-4968-b7d8-73433e258c9c","local_time":"20210116112453","is_ascension_mode":true,"campfire_choices":[{"floor":7,"key":"DIG"},{"floor":10,"key":"DIG"},{"floor":15,"key":"DIG"},{"data":"Creative AI","floor":23,"key":"SMITH"},{"floor":25,"key":"DIG"},{"floor":28,"key":"RECALL"},{"floor":32,"key":"REST"},{"floor":40,"key":"DIG"},{"floor":42,"key":"DIG"},{"floor":47,"key":"DIG"},{"floor":49,"key":"REST"},{"floor":52,"key":"DIG"}],"circlet_count":0,"master_deck":["Strike_B+1","Defend_B","Defend_B","Zap","Dualcast","Storm+1","Rip and Tear+1","Glacier+1","Self Repair","Cold Snap","Defragment","Undo","Creative AI+1","Doom and Gloom","Defragment","Conserve Battery+1","Core Surge","Defragment","Rip and Tear+1","Chill+1","Electrodynamics+1","BootSequence","FTL+1","Zap","Defragment+1","Beam Cell","Hologram+1","Injury","Compile Driver+1","Hologram+1","Cold Snap+1","Loop+1","Skim+1"],"relics":["Cracked Core","Shovel","Mercury Hourglass","Boot","Ancient Tea Set","Anchor","Oddly Smooth Stone","Juzu Bracelet","MawBank","Potion Belt","Cursed Key","Toy Ornithopter","CeramicFish","Smiling Mask","Frozen Egg 2","Inserter","StoneCalendar","HornCleat","Turnip","Darkstone Periapt","Pear","Happy Flower","Molten Egg 2","Question Card","Torii","White Beast Statue","Bird Faced Urn"],"acts_visited":["Exordium","TheCity","TheBeyond","TheEnding"],"potions_floor_usage":[8,19,24,31,41,45,48,55,55,55,55,55],"damage_taken":[{"damage":2,"enemies":"Jaw Worm","floor":1,"turns":3},{"damage":1,"enemies":"Cultist","floor":4,"turns":3},{"damage":18,"enemies":"3 Sentries","floor":6,"turns":9},{"damage":12,"enemies":"Lagavulin","floor":8,"turns":5},{"damage":0,"enemies":"Small Slimes","floor":11,"turns":3},{"damage":12,"enemies":"Lagavulin Event","floor":14,"turns":6},{"damage":0,"enemies":"The Guardian","floor":16,"turns":13},{"damage":0,"enemies":"3 Byrds","floor":18,"turns":4},{"damage":13,"enemies":"Spheric Guardian","floor":19,"turns":4},{"damage":12,"enemies":"Centurion and Healer","floor":22,"turns":6},{"damage":14,"enemies":"Gremlin Leader","floor":24,"turns":4},{"damage":29,"enemies":"Book of Stabbing","floor":29,"turns":5},{"damage":21,"enemies":"Snake Plant","floor":31,"turns":3},{"damage":9,"enemies":"Champ","floor":33,"turns":11},{"damage":0,"enemies":"3 Shapes","floor":35,"turns":3},{"damage":4,"enemies":"Mind Bloom Boss Battle","floor":36,"turns":6},{"damage":2,"enemies":"2 Orb Walkers","floor":39,"turns":4},{"damage":19,"enemies":"Nemesis","floor":41,"turns":7},{"damage":12,"enemies":"Reptomancer","floor":45,"turns":6},{"damage":0,"enemies":"3 Darklings","floor":46,"turns":3},{"damage":48,"enemies":"Spire Growth","floor":48,"turns":5},{"damage":60,"enemies":"Donu and Deca","floor":50,"turns":7},{"damage":53,"enemies":"Shield and Spear","floor":54,"turns":8},{"damage":31,"enemies":"The Heart","floor":55,"turns":11}],"seed_played":"216426704156188712","potions_obtained":[{"floor":6,"key":"Fire Potion"},{"floor":11,"key":"Ancient Potion"},{"floor":14,"key":"Explosive Potion"},{"floor":19,"key":"DistilledChaos"},{"floor":29,"key":"Ancient Potion"},{"floor":31,"key":"DuplicationPotion"},{"floor":33,"key":"Fire Potion"},{"floor":36,"key":"SkillPotion"},{"floor":41,"key":"SteroidPotion"},{"floor":45,"key":"FearPotion"},{"floor":46,"key":"Ancient Potion"},{"floor":48,"key":"DuplicationPotion"},{"floor":54,"key":"Energy Potion"}],"is_trial":false,"path_per_floor":["M","$","?","M","?","E","R","E","T","R","M","T","?","?","R","B",null,"M","M","?","$","M","R","E","R","T","?","R","E","?","M","R","B",null,"M","?","$","?","?","R","E","R","T","?","E","M","R","M","R","B",null,"R","$","E","B",null],"character_chosen":"DEFECT","items_purchased":["Rip and Tear","Defragment","Toy Ornithopter","HornCleat","Cold Snap+1","Loop+1","PowerPotion"],"campfire_rested":2,"item_purchase_floors":[2,21,21,37,53,53,53],"current_hp_per_floor":[66,66,66,65,50,32,32,27,27,27,34,34,52,47,47,54,70,75,69,69,69,64,64,62,62,62,62,62,40,40,24,46,44,67,74,75,75,75,73,73,73,73,79,79,79,86,86,50,77,24,74,74,74,28,53],"gold":70,"neow_bonus":"ONE_RARE_RELIC","is_daily":false,"chose_seed":false,"campfire_upgraded":1,"win_rate":0.0,"timestamp":1610817893,"path_taken":["M","$","?","M","?","E","R","E","T","R","M","?","?","?","R","BOSS","M","M","?","$","M","R","E","R","T","?","R","E","?","M","R","BOSS","M","?","$","?","?","R","E","R","T","?","E","M","R","M","R","BOSS","R","$","E","BOSS"],"items_purchased_type":["Card","Card","Relic","Relic","Card","Card","Potion"],"build_version":"2020-12-22","purchased_purges":3,"victory":true,"max_hp_per_floor":[75,75,75,75,75,75,75,75,75,75,75,75,75,75,75,75,75,75,75,75,75,75,75,75,75,75,75,75,75,75,75,75,75,75,75,75,75,75,75,75,85,85,91,91,91,91,91,91,91,91,91,91,91,91,91],"relic_stats":{"Darkstone Periapt":6,"Inserter":[30],"Happy Flower":[13],"Torii":29,"counters":[24,137],"CeramicFish":171,"StoneCalendar":[168],"Juzu Bracelet":3,"Boot":[61],"MawBank":84,"Cursed Key":2,"Smiling Mask":125,"Question Card":3,"Mercury Hourglass":[401],"Shovel":8,"Bird Faced Urn":[24],"Turnip":[2],"obtain_stats":[{"Darkstone Periapt":40,"Torii":47,"CeramicFish":24,"StoneCalendar":36,"Juzu Bracelet":12,"Boot":7,"Ancient Tea Set":8,"Cursed Key":17,"Smiling Mask":25,"Shovel":0,"HornCleat":37,"Cracked Core":0,"Potion Belt":15,"Inserter":34,"Pear":41,"Happy Flower":42,"Oddly Smooth Stone":10,"Frozen Egg 2":29,"MawBank":14,"Question Card":45,"White Beast Statue":52,"Mercury Hourglass":6,"Anchor":9,"Bird Faced Urn":54,"Molten Egg 2":43,"Turnip":39,"Toy Ornithopter":21},{"Darkstone Periapt":17,"Torii":20,"CeramicFish":11,"StoneCalendar":16,"Juzu Bracelet":5,"Boot":3,"Ancient Tea Set":4,"Cursed Key":7,"Smiling Mask":11,"Shovel":0,"HornCleat":16,"Cracked Core":0,"Potion Belt":6,"Inserter":14,"Pear":18,"Happy Flower":18,"Oddly Smooth Stone":4,"Frozen Egg 2":12,"MawBank":6,"Question Card":19,"White Beast Statue":22,"Mercury Hourglass":3,"Anchor":4,"Bird Faced Urn":23,"Molten Egg 2":18,"Turnip":17,"Toy Ornithopter":9},{"Darkstone Periapt":91,"Torii":106,"CeramicFish":60,"StoneCalendar":87,"Juzu Bracelet":23,"Boot":15,"Ancient Tea Set":20,"Cursed Key":42,"Smiling Mask":60,"Shovel":0,"HornCleat":87,"Cracked Core":0,"Potion Belt":29,"Inserter":78,"Pear":97,"Happy Flower":97,"Oddly Smooth Stone":20,"Frozen Egg 2":64,"MawBank":29,"Question Card":103,"White Beast Statue":118,"Mercury Hourglass":15,"Anchor":20,"Bird Faced Urn":126,"Molten Egg 2":97,"Turnip":91,"Toy Ornithopter":50}],"Toy Ornithopter":47},"card_choices":[{"not_picked":["Stack","Redo"],"picked":"Storm","floor":1},{"not_picked":["Cold Snap","Force Field"],"picked":"Glacier","floor":4},{"not_picked":["Redo","Cold Snap"],"picked":"Self Repair","floor":6},{"not_picked":["Go for the Eyes","Fusion"],"picked":"Cold Snap","floor":8},{"not_picked":["Ball Lightning","Chaos"],"picked":"Defragment","floor":11},{"not_picked":["Hologram","Redo"],"picked":"Undo","floor":14},{"not_picked":["Machine Learning","Amplify"],"picked":"Creative AI","floor":16},{"not_picked":["Barrage","Double Energy","Cold Snap"],"picked":"SKIP","floor":18},{"not_picked":["Hologram","Steam Power"],"picked":"Doom and Gloom","floor":19},{"not_picked":["Leap","Loop"],"picked":"Defragment+1","floor":22},{"not_picked":["Rebound","Sunder+1"],"picked":"Conserve Battery+1","floor":24},{"not_picked":["Barrage","Scrape"],"picked":"Rip and Tear+1","floor":29},{"not_picked":["Rebound","Turbo"],"picked":"Chill+1","floor":31},{"not_picked":["Fission","Meteor Strike"],"picked":"Electrodynamics+1","floor":33},{"not_picked":["Go for the Eyes+1","Static Discharge+1"],"picked":"BootSequence","floor":35},{"not_picked":["Darkness","Scrape"],"picked":"FTL+1","floor":36},{"not_picked":["Gash+1","Aggregate"],"picked":"Beam Cell","floor":39},{"not_picked":["Leap","Conserve Battery"],"picked":"Hologram+1","floor":41},{"not_picked":["Tempest","Ball Lightning+1","Streamline+1"],"picked":"SKIP","floor":45},{"not_picked":["Chill+1","Hologram","Rebound+1"],"picked":"Compile Driver+1","floor":46},{"not_picked":["Chill+1","Turbo+1","Rebound+1"],"picked":"Hologram+1","floor":48},{"not_picked":["Streamline+1","Gash+1","Turbo+1"],"picked":"Skim+1","floor":54}],"player_experience":5823547,"relics_obtained":[{"floor":6,"key":"Mercury Hourglass"},{"floor":7,"key":"Boot"},{"floor":8,"key":"Ancient Tea Set"},{"floor":9,"key":"Anchor"},{"floor":10,"key":"Oddly Smooth Stone"},{"floor":12,"key":"Juzu Bracelet"},{"floor":14,"key":"MawBank"},{"floor":15,"key":"Potion Belt"},{"floor":24,"key":"CeramicFish"},{"floor":25,"key":"Smiling Mask"},{"floor":29,"key":"Frozen Egg 2"},{"floor":36,"key":"StoneCalendar"},{"floor":39,"key":"Turnip"},{"floor":40,"key":"Darkstone Periapt"},{"floor":41,"key":"Pear"},{"floor":42,"key":"Happy Flower"},{"floor":43,"key":"Molten Egg 2"},{"floor":45,"key":"Question Card"},{"floor":47,"key":"Torii"},{"floor":52,"key":"White Beast Statue"},{"floor":54,"key":"Bird Faced Urn"}],"event_choices":[{"damage_healed":0,"gold_gain":0,"player_choice":"Grow","damage_taken":0,"max_hp_gain":0,"max_hp_loss":0,"event_name":"Living Wall","floor":3,"gold_loss":0,"cards_upgraded":["Rip and Tear"]},{"damage_healed":0,"gold_gain":0,"player_choice":"Entered Light","damage_taken":15,"max_hp_gain":0,"max_hp_loss":0,"event_name":"Shining Light","floor":5,"gold_loss":0,"cards_upgraded":["Strike_B","Glacier"]},{"damage_healed":18,"gold_gain":0,"player_choice":"Healed","damage_taken":0,"max_hp_gain":0,"max_hp_loss":0,"event_name":"The Cleric","floor":13,"gold_loss":35},{"damage_healed":0,"gold_gain":30,"player_choice":"Searched \u00273\u0027 times","damage_taken":0,"max_hp_gain":0,"max_hp_loss":0,"event_name":"Dead Adventurer","floor":14,"gold_loss":0},{"cards_removed":["Injury"],"damage_healed":0,"gold_gain":0,"player_choice":"Upgrade and Remove","damage_taken":0,"max_hp_gain":0,"max_hp_loss":0,"event_name":"Designer","floor":20,"gold_loss":90,"cards_upgraded":["Storm"]},{"damage_healed":0,"gold_gain":0,"cards_transformed":["Strike_B","Defend_B"],"player_choice":"Became Test Subject","damage_taken":0,"max_hp_gain":0,"max_hp_loss":0,"event_name":"Drug Dealer","floor":27,"gold_loss":0,"cards_obtained":["Core Surge","Defragment"]},{"cards_removed":["Pain"],"damage_healed":0,"gold_gain":0,"player_choice":"Elegance","damage_taken":0,"max_hp_gain":0,"max_hp_loss":0,"event_name":"Back to Basics","floor":30,"gold_loss":0},{"damage_healed":0,"gold_gain":0,"player_choice":"Fight","damage_taken":0,"max_hp_gain":0,"max_hp_loss":0,"event_name":"MindBloom","floor":36,"gold_loss":0},{"damage_healed":0,"gold_gain":0,"player_choice":"2 cards matched","damage_taken":0,"max_hp_gain":0,"max_hp_loss":0,"event_name":"Match and Keep!","floor":38,"gold_loss":0,"cards_obtained":["Zap","Defragment"]},{"damage_healed":0,"gold_gain":0,"player_choice":"Fight","damage_taken":0,"max_hp_gain":0,"max_hp_loss":0,"event_name":"Mysterious Sphere","floor":39,"gold_loss":0},{"cards_removed":["Defragment"],"damage_healed":0,"gold_gain":0,"player_choice":"Removed Power","damage_taken":0,"max_hp_gain":0,"max_hp_loss":0,"event_name":"Falling","floor":44,"gold_loss":0}],"is_beta":false,"boss_relics":[{"not_picked":["Calling Bell","Philosopher\u0027s Stone"],"picked":"Cursed Key"},{"not_picked":["Sozu","Runic Pyramid"],"picked":"Inserter"}],"items_purged_floors":[21,37,53],"is_endless":false,"potions_floor_spawned":[6,11,14,19,29,31,33,36,41,45,46,48,54],"ascension_level":8}}