{"host":"2ccem01eblg14btk","time":1610792927,"event":{"mods":["BaseMod","Colored Map","Minty Spire (QoL Compilation)","Quick Restart","Replay The Spire","StSLib"],"gold_per_floor":[116,116,116,132,152,152,152,162,162,228,241,258,326,376,376,474,474,484,534,133,183,195,229,249,249,249,259,14,25,42,112,112,214,264,275,289,9,28,353,353,421,271,271,271,117,117,167,229,229,229],"floor_reached":51,"language":"ENG","playtime":1537,"items_purged":["Decay","Shame","Injury","Regret"],"score":965,"play_id":"82473b3d-38fc-42db-a592-adc30da909a2","local_time":"20210116112847","is_ascension_mode":false,"campfire_choices":[{"data":"Armaments","floor":6,"key":"SMITH"},{"data":"Demon Form","floor":15,"key":"SMITH"},{"data":"Shockwave","floor":32,"key":"SMITH"},{"data":"Limit Break","floor":40,"key":"SMITH"},{"data":"Limit Break","floor":44,"key":"SMITH"},{"data":"Spot Weakness","floor":46,"key":"SMITH"},{"floor":49,"key":"REST"}],"circlet_count":0,"master_deck":["Strike_R+1","Defend_R+1","Defend_R+1","Bash","ReplayReversal","Armaments+1","Cleave","Dual Wield","Shrug It Off","Clash+1","Shockwave+1","Demon Form+1","Thunderclap","Hemogenesis","Flash of Steel","Metallicize+1","Thunderclap+1","Life Link+1","Rampage","Cleave+1","Twin Strike+1","Juggernaut+1","Limit Break+1","Spot Weakness+1","Limit Break+1","Parasite","Heavy Blade+1"],"relics":["Burning Blood","Replay:PocketPolymizer","TungstenRod","SsserpentHead","Bottled Flame","Replay:Bottled Eggs","Replay:Grab Bag","Cursed Key","Ooze Armor","Empty Cage","ReplayTheSpireMod:Ring of Addiction","Toy Ornithopter","Chameleon Ring","Ring of Fury","Frozen Egg 2","ReplayTheSpireMod:Spearhead","Replay:Ringing Soul","Bottled Lightning","ReplayTheSpireMod:TigerMarble","Tiny House","DollysMirror","Lizard Tail","Brimstone"],"acts_visited":["Exordium","TheCity","TheBeyond"],"potions_floor_usage":[5,13,25,30,33,33,50,50],"damage_taken":[{"damage":2,"enemies":"2 Louse","floor":1,"turns":3},{"damage":0,"enemies":"Small Slimes","floor":4,"turns":4},{"damage":0,"enemies":"Cultist","floor":5,"turns":4},{"damage":20,"enemies":"Gremlin Gang","floor":8,"turns":4},{"damage":1,"enemies":"Blue Slaver","floor":10,"turns":4},{"damage":0,"enemies":"Exordium Thugs","floor":11,"turns":2},{"damage":2,"enemies":"Large Slime","floor":12,"turns":3},{"damage":2,"enemies":"Red Slaver","floor":13,"turns":3},{"damage":21,"enemies":"Slime Boss","floor":16,"turns":7},{"damage":3,"enemies":"Spheric Guardian","floor":18,"turns":3},{"damage":16,"enemies":"3 Byrds","floor":22,"turns":6},{"damage":21,"enemies":"Slavers","floor":23,"turns":5},{"damage":0,"enemies":"Snake Plant","floor":24,"turns":5},{"damage":0,"enemies":"3 Cultists","floor":27,"turns":4},{"damage":3,"enemies":"Chosen and Byrds","floor":29,"turns":3},{"damage":0,"enemies":"Snecko","floor":30,"turns":4},{"damage":6,"enemies":"Snake Plant","floor":31,"turns":2},{"damage":4,"enemies":"Pondfish","floor":33,"turns":7},{"damage":7,"enemies":"3 Darklings","floor":35,"turns":3},{"damage":6,"enemies":"3 Shapes","floor":36,"turns":2},{"damage":4,"enemies":"Writhing Mass","floor":38,"turns":3},{"damage":19,"enemies":"Sphere and 2 Shapes","floor":41,"turns":3},{"damage":14,"enemies":"Maw","floor":48,"turns":5},{"damage":77,"enemies":"Awakened One","floor":50,"turns":6}],"seed_played":"9025872846336444679","potions_obtained":[{"floor":5,"key":"Fruit Juice"},{"floor":10,"key":"Reflective Coating"},{"floor":12,"key":"PowerPotion"},{"floor":13,"key":"Fruit Juice"},{"floor":16,"key":"Flashbang"},{"floor":18,"key":"FairyPotion"},{"floor":19,"key":"BloodPotion"},{"floor":19,"key":"Doom Potion"},{"floor":25,"key":"Venom Potion"},{"floor":25,"key":"HeartOfIron"},{"floor":31,"key":"Weak Potion"},{"floor":33,"key":"Energy Potion"},{"floor":34,"key":"Venom Potion"},{"floor":35,"key":"EssenceOfSteel"}],"is_trial":false,"path_per_floor":["M","?","?","M","M","R","?","M","T","M","M","M","M","T","R","B",null,"M","?","$","?","M","E","M","R","T","M","$","M","M","M","R","B",null,"M","M","$","M","?","R","M","$","T","R","$","R","?","M","R","B",null],"character_chosen":"IRONCLAD","items_purchased":["Frozen Egg 2","Flash of Steel","ReplayTheSpireMod:TigerMarble","DollysMirror","Brimstone"],"campfire_rested":1,"item_purchase_floors":[20,20,28,37,45],"current_hp_per_floor":[60,42,27,33,44,44,44,30,30,35,41,45,54,54,54,39,90,90,90,90,90,85,78,92,97,100,103,103,104,107,107,110,113,118,120,120,122,125,128,126,113,113,116,116,116,116,116,108,123,52],"gold":229,"neow_bonus":"ONE_RARE_RELIC","is_daily":false,"chose_seed":false,"campfire_upgraded":6,"win_rate":0.0,"timestamp":1610792927,"path_taken":["M","?","?","M","M","R","?","M","T","?","M","M","?","?","R","BOSS","M","?","$","?","M","E","M","R","T","M","$","M","M","?","R","BOSS","M","M","$","M","?","R","?","$","T","R","$","R","?","?","R","BOSS"],"items_purchased_type":["Relic","Card","Relic","Relic","Relic"],"build_version":"2020-12-22","purchased_purges":4,"victory":true,"max_hp_per_floor":[80,80,80,80,85,85,85,85,85,85,85,85,90,90,90,90,90,90,90,90,90,90,91,94,97,100,103,103,104,107,107,110,113,118,121,121,122,125,128,126,126,126,127,127,127,125,125,125,123,123],"card_choices":[{"not_picked":["Clash","Uppercut"],"picked":"ReplayReversal","floor":1},{"not_picked":["Wild Strike","Clash"],"picked":"Armaments","floor":4},{"not_picked":["Hemokinesis","Anger"],"picked":"Cleave","floor":5},{"not_picked":["Headbutt","Heavy Blade"],"picked":"Shrug It Off","floor":8},{"not_picked":["Anger","True Grit"],"picked":"Clash","floor":10},{"not_picked":["Twin Strike","Headbutt","Flame Barrier"],"picked":"SKIP","floor":11},{"not_picked":["Armaments","Carnage"],"picked":"Shockwave","floor":12},{"not_picked":["Replay:Undeath\u0027s Touch","Headbutt"],"picked":"Demon Form","floor":13},{"not_picked":["Berserk","Impervious"],"picked":"Hemogenesis","floor":16},{"not_picked":["Havoc+1","Thunderclap+1","Headbutt"],"picked":"SKIP","floor":18},{"not_picked":["Twin Strike","Defy Death+1","Massacre"],"picked":"SKIP","floor":22},{"not_picked":["Replay:Undeath\u0027s Touch","Massacre"],"picked":"Metallicize+1","floor":23},{"not_picked":["Headbutt","Blood for Blood"],"picked":"Thunderclap+1","floor":24},{"not_picked":["Blood for Blood","Searing Blow+1"],"picked":"Rampage","floor":27},{"not_picked":["ReplayTheSpireMod:Stacked","Anger"],"picked":"Cleave+1","floor":29},{"not_picked":["Cleave+1","Infernal Blade"],"picked":"Twin Strike+1","floor":30},{"not_picked":["Battle Trance","Pommel Strike","Ghostly Armor"],"picked":"SKIP","floor":31},{"not_picked":["Brutality+1","Corruption+1"],"picked":"Limit Break","floor":33},{"not_picked":["Headbutt+1","Thunderclap+1"],"picked":"Spot Weakness","floor":35},{"not_picked":["Replay:Undeath\u0027s Touch+1","Shrug It Off+1","Sword Boomerang"],"picked":"SKIP","floor":36},{"not_picked":["Evolve+1","Pommel Strike"],"picked":"Heavy Blade+1","floor":38},{"not_picked":["Body Slam","Shrug It Off+1","Warcry+1"],"picked":"SKIP","floor":41},{"not_picked":["Flex","Headbutt","Shrug It Off"],"picked":"SKIP","floor":48}],"player_experience":116012,"relics_obtained":[{"floor":9,"key":"Bottled Flame"},{"floor":14,"key":"Replay:Bottled Eggs"},{"floor":19,"key":"ReplayTheSpireMod:Ring of Addiction"},{"floor":19,"key":"Toy Ornithopter"},{"floor":19,"key":"Chameleon Ring"},{"floor":19,"key":"Ring of Fury"},{"floor":23,"key":"Replay:Ringing Soul"},{"floor":26,"key":"Bottled Lightning"},{"floor":43,"key":"Lizard Tail"}],"event_choices":[{"damage_healed":0,"gold_gain":0,"player_choice":"Success","damage_taken":18,"relics_obtained":["TungstenRod"],"max_hp_gain":0,"max_hp_loss":0,"event_name":"Scrap Ooze","floor":2,"gold_loss":0},{"damage_healed":0,"gold_gain":0,"player_choice":"Entered Light","damage_taken":16,"max_hp_gain":0,"max_hp_loss":0,"event_name":"Shining Light","floor":3,"gold_loss":0,"cards_upgraded":["Defend_R","Strike_R"]},{"damage_healed":0,"gold_gain":0,"player_choice":"Trade","damage_taken":0,"relics_obtained":["SsserpentHead"],"max_hp_gain":0,"max_hp_loss":0,"event_name":"FaceTrader","floor":7,"gold_loss":0},{"damage_healed":0,"gold_gain":0,"player_choice":"Stole Relic","damage_taken":0,"relics_obtained":["ReplayTheSpireMod:Spearhead"],"max_hp_gain":0,"max_hp_loss":0,"event_name":"Addict","floor":21,"gold_loss":0,"cards_obtained":["Shame"]},{"damage_healed":0,"gold_gain":275,"player_choice":"Desecrate","damage_taken":0,"max_hp_gain":0,"max_hp_loss":0,"event_name":"Golden Shrine","floor":39,"gold_loss":0,"cards_obtained":["Regret"]},{"cards_removed":["CommonCold"],"damage_healed":0,"gold_gain":0,"player_choice":"Purged","damage_taken":0,"max_hp_gain":0,"max_hp_loss":0,"event_name":"Purifier","floor":47,"gold_loss":0}],"is_beta":false,"boss_relics":[{"not_picked":["Black Star","SacredBark"],"picked":"Replay:Grab Bag"},{"not_picked":["Replay:Bronze Core","ReplayTheSpireMod:Onyx Gauntlets"],"picked":"Cursed Key"},{"not_picked":["Fusion Hammer","Busted Crown"],"picked":"Ooze Armor"},{"not_picked":["Snecko Eye","Replay:Drink Me"],"picked":"Empty Cage"},{"not_picked":["Runic Cube","Astrolabe"],"picked":"Tiny House"}],"items_purged_floors":[20,28,37,42],"is_endless":false,"potions_floor_spawned":[5,10,12,13,16,18,29,31,33,35,41,48],"ascension_level":0}}