{"host":"d4jjsas3g8mfo55f","time":1610767561,"event":{"mods":["ATMod(阿瑾Mod)","Aspiration","BaseMod","Hermit","LagranYue(拉格朗・月)","Luminous","Minty Spire (QoL Compilation)","Replay The Spire","Spicy Shops","StSLib","The Bladedancer","The Bug Knight","The Gatherer","The Jungle","vexMod","【遗物卡牌】REMEMod"],"gold_per_floor":[115,115,40,40,60,60,60],"floor_reached":6,"language":"ZHS","playtime":355,"items_purged":["Regret"],"score":34,"play_id":"f8559285-45a0-4bdf-a4e0-f103623efab7","local_time":"20210116112601","is_ascension_mode":false,"campfire_choices":[],"circlet_count":0,"master_deck":["LagranYue:BaseAttackCard","LagranYue:BaseAttackCard","LagranYue:BaseAttackCard","LagranYue:BaseDefendCard","LagranYue:BaseDefendCard","LagranYue:BaseDefendCard","LagranYue:AttackTopazCard","LagranYue:SkillBrokenSwordCard","LagranYue:BaseAttackCard","LagranYue:BaseDefendCard","AT_EssenceShift","REME_TheLastStrike","LagranYue:AttackSummerCard","Injury","LagranYue:AttackPurpleCard+1"],"relics":["LagranYue:ArmsProficiencyRelics","AT_ATBox","REME_ComplimentaryCards","LagranYue:RandomDrawCardRelic","LagranYue:EnkiduRelics","Molten Egg 2"],"acts_visited":["Exordium"],"potions_floor_usage":[],"damage_taken":[{"damage":18,"enemies":"Jaw Worm","floor":1,"turns":4},{"damage":0,"enemies":"Small Slimes","floor":5,"turns":3},{"damage":46,"enemies":"3 Sentries","floor":6,"turns":6}],"seed_played":"-7215066875482739143","potions_obtained":[],"is_trial":false,"path_per_floor":["M","?","$","?","M","E"],"character_chosen":"LagranYueCharacter","items_purchased":[],"campfire_rested":0,"item_purchase_floors":[],"current_hp_per_floor":[64,64,64,64,64,18,18],"gold":60,"neow_bonus":"TEN_PERCENT_HP_BONUS","is_daily":false,"chose_seed":false,"campfire_upgraded":0,"win_rate":0.0,"timestamp":1610767561,"path_taken":["M","?","$","?","M","E"],"items_purchased_type":[],"build_version":"2020-12-22","purchased_purges":1,"victory":false,"max_hp_per_floor":[82,82,82,82,82,82,82],"card_choices":[{"not_picked":["LagranYue:SkillDeadlyBloomCard","LagranYue:DefendBetterCard"],"picked":"LagranYue:AttackSummerCard","floor":1},{"not_picked":["LagranYue:MultipleThornsCard","LagranYue:EmeraldRemorseCard"],"picked":"LagranYue:AttackPurpleCard+1","floor":5}],"player_experience":314215,"relics_obtained":[],"event_choices":[{"damage_healed":0,"gold_gain":0,"player_choice":"Box","damage_taken":0,"relics_obtained":["LagranYue:EnkiduRelics"],"max_hp_gain":0,"max_hp_loss":0,"event_name":"Big Fish","floor":2,"gold_loss":0,"cards_obtained":["Regret"]}],"is_beta":false,"boss_relics":[],"items_purged_floors":[3],"is_endless":false,"potions_floor_spawned":[],"killed_by":"3 Sentries","ascension_level":0}}