{"host":"y3h3n3f7seyagppx","time":1610823454,"event":{"mods":["AlwaysNeverKeys","BaseMod","Better Vampires","Colored Powertips","DeckTracker","Emptier Cage","Minty Spire (QoL Compilation)","Permanent Neow","Quick Restart","Rare Cards Sparkle","Relic Sorter","Relic Stats","StSLib","Transform Curses"],"gold_per_floor":[119,138,154,170,180,208,208,233,233,252,252,16,50,60,60,132,132,143,163,163,63,63,95,95,95,174,189,104,122,148,159,159,236,236,249,249,92,139,139,166,187,187,187,26,49,65,106,139,139,139,139,139,148,23,55,55],"floor_reached":57,"language":"ENG","playtime":8340,"items_purged":["Strike_G","Strike_G","Parasite"],"score":3373,"play_id":"bac68b18-c417-482b-87fc-61530ae82ef3","local_time":"20210116135734","is_ascension_mode":true,"campfire_choices":[{"floor":7,"key":"REST"},{"floor":11,"key":"REST"},{"data":"Apotheosis","floor":15,"key":"SMITH"},{"floor":25,"key":"REST"},{"data":"Well Laid Plans","floor":32,"key":"SMITH"},{"floor":49,"key":"REST"},{"floor":53,"key":"REST"}],"circlet_count":0,"master_deck":["AscendersBane","Defend_G","Defend_G","Defend_G","Defend_G","Survivor","Neutralize","Apotheosis+1","Deadly Poison","Dagger Spray","Predator","Backflip","Catalyst","Bouncing Flask","Backflip","Tools of the Trade","Storm of Steel+1","Malaise+1","Doppelganger+1","Well Laid Plans+1","Ghostly","Ghostly","Ghostly","Crippling Poison","Blur","Night Terror","Acrobatics+1","After Image","Backflip","Crippling Poison+1","Impatience","PiercingWail","Leg Sweep","Noxious Fumes+1","Dodge and Roll+1","Wraith Form v2"],"relics":["Ring of the Snake","Ninja Scroll","Anchor","Darkstone Periapt","Juzu Bracelet","Astrolabe","Girya","Enchiridion","Eternal Feather","Bag of Marbles","Nunchaku","Fusion Hammer","Orrery","Thread and Needle","CeramicFish","Dream Catcher","TwistedFunnel","Gambling Chip","Bag of Preparation"],"acts_visited":["Exordium","TheCity","TheBeyond","TheEnding"],"potions_floor_usage":[5,8,8,8,27,38,48,56,56],"damage_taken":[{"damage":0,"enemies":"Cultist","floor":1,"turns":4},{"damage":0,"enemies":"Jaw Worm","floor":2,"turns":4},{"damage":2,"enemies":"2 Louse","floor":3,"turns":3},{"damage":20,"enemies":"Exordium Thugs","floor":4,"turns":5},{"damage":17,"enemies":"Exordium Wildlife","floor":5,"turns":5},{"damage":1,"enemies":"Lagavulin","floor":6,"turns":8},{"damage":32,"enemies":"Gremlin Nob","floor":8,"turns":4},{"damage":0,"enemies":"Blue Slaver","floor":10,"turns":3},{"damage":0,"enemies":"Lagavulin","floor":13,"turns":7},{"damage":0,"enemies":"Large Slime","floor":14,"turns":3},{"damage":0,"enemies":"The Guardian","floor":16,"turns":9},{"damage":0,"enemies":"Shell Parasite","floor":18,"turns":4},{"damage":4,"enemies":"2 Thieves","floor":19,"turns":4},{"damage":7,"enemies":"Gremlin Leader","floor":23,"turns":6},{"damage":3,"enemies":"Cultist and Chosen","floor":27,"turns":9},{"damage":4,"enemies":"3 Cultists","floor":29,"turns":7},{"damage":0,"enemies":"Slavers","floor":30,"turns":7},{"damage":2,"enemies":"Centurion and Healer","floor":31,"turns":9},{"damage":0,"enemies":"Champ","floor":33,"turns":5},{"damage":0,"enemies":"3 Shapes","floor":35,"turns":6},{"damage":0,"enemies":"2 Orb Walkers","floor":38,"turns":5},{"damage":0,"enemies":"Nemesis","floor":40,"turns":5},{"damage":0,"enemies":"Orb Walker","floor":41,"turns":1},{"damage":0,"enemies":"3 Darklings","floor":45,"turns":2},{"damage":0,"enemies":"Sphere and 2 Shapes","floor":46,"turns":6},{"damage":0,"enemies":"Giant Head","floor":47,"turns":6},{"damage":0,"enemies":"Writhing Mass","floor":48,"turns":5},{"damage":0,"enemies":"Donu and Deca","floor":50,"turns":10},{"damage":4,"enemies":"Time Eater","floor":51,"turns":8},{"damage":0,"enemies":"Shield and Spear","floor":55,"turns":10},{"damage":17,"enemies":"The Heart","floor":56,"turns":11}],"seed_played":"-8465801632750414691","potions_obtained":[{"floor":1,"key":"SpeedPotion"},{"floor":5,"key":"Swift Potion"},{"floor":6,"key":"EntropicBrew"},{"floor":13,"key":"DuplicationPotion"},{"floor":19,"key":"SteroidPotion"},{"floor":29,"key":"Dexterity Potion"},{"floor":40,"key":"Swift Potion"},{"floor":48,"key":"Poison Potion"}],"is_trial":false,"path_per_floor":["M","M","M","M","M","E","R","E","T","M","R","$","E","M","R","B",null,"M","M","?","$","?","E","?","R","T","M","?","M","E","M","R","B",null,"M","?","$","?","?","E","M","?","T","$","M","M","E","M","R","B","B",null,"R","$","E","B",null],"character_chosen":"THE_SILENT","items_purchased":["Catalyst","Bouncing Flask","Orrery","TwistedFunnel"],"campfire_rested":5,"item_purchase_floors":[12,12,37,44],"current_hp_per_floor":[59,59,57,37,20,19,37,5,5,5,23,23,23,23,23,23,51,51,47,30,30,30,23,2,11,11,8,8,4,4,2,17,17,27,27,27,27,27,27,27,27,27,27,27,27,27,27,33,36,36,32,35,36,33,33,16],"gold":55,"neow_bonus":"RANDOM_COLORLESS_2","is_daily":false,"chose_seed":false,"campfire_upgraded":2,"win_rate":0.0,"timestamp":1610823454,"path_taken":["M","M","M","M","M","E","R","E","T","?","R","$","E","M","R","BOSS","M","M","?","$","?","E","?","R","T","M","?","M","E","M","R","BOSS","M","?","$","?","?","E","M","?","T","?","M","M","E","M","R","BOSS","BOSS","R","$","E","BOSS"],"items_purchased_type":["Card","Card","Relic","Relic"],"build_version":"2020-12-22","purchased_purges":3,"victory":true,"max_hp_per_floor":[60,60,60,60,60,60,60,60,60,60,60,60,60,60,60,60,60,60,60,30,30,30,30,30,30,30,30,30,30,30,30,30,30,30,30,30,30,30,30,30,30,30,30,30,30,30,30,36,36,36,36,36,36,33,33,33],"relic_stats":{"Darkstone Periapt":6,"Nunchaku":[10],"Dream Catcher":2,"counters":[31,181],"Astrolabe":["Storm of Steel","Malaise","Doppelganger"],"CeramicFish":54,"Gambling Chip":[23],"Eternal Feather":19,"Juzu Bracelet":2,"Bag of Preparation":[0],"obtain_stats":[{"Darkstone Periapt":9,"TwistedFunnel":44,"Girya":23,"Astrolabe":17,"CeramicFish":40,"Enchiridion":24,"Eternal Feather":26,"Thread and Needle":38,"Juzu Bracelet":13,"Bag of Preparation":55,"Anchor":8,"Nunchaku":30,"Dream Catcher":43,"Ninja Scroll":6,"Gambling Chip":47,"Orrery":37,"Fusion Hammer":34,"Bag of Marbles":28,"Ring of the Snake":0},{"Darkstone Periapt":7,"TwistedFunnel":23,"Girya":14,"Astrolabe":11,"CeramicFish":22,"Enchiridion":14,"Eternal Feather":14,"Thread and Needle":21,"Juzu Bracelet":9,"Bag of Preparation":30,"Anchor":7,"Nunchaku":17,"Dream Catcher":23,"Ninja Scroll":6,"Gambling Chip":26,"Orrery":20,"Fusion Hammer":19,"Bag of Marbles":15,"Ring of the Snake":0},{"Darkstone Periapt":33,"TwistedFunnel":123,"Girya":69,"Astrolabe":55,"CeramicFish":122,"Enchiridion":69,"Eternal Feather":69,"Thread and Needle":117,"Juzu Bracelet":43,"Bag of Preparation":170,"Anchor":33,"Nunchaku":92,"Dream Catcher":123,"Ninja Scroll":29,"Gambling Chip":137,"Orrery":112,"Fusion Hammer":106,"Bag of Marbles":78,"Ring of the Snake":0}],"Ring of the Snake":[45]},"card_choices":[{"not_picked":["Sadistic Nature","Thinking Ahead"],"picked":"Apotheosis","floor":0},{"not_picked":["Riddle With Holes","Slice"],"picked":"Deadly Poison","floor":1},{"not_picked":["Dagger Spray","Deflect"],"picked":"Footwork","floor":2},{"not_picked":["Outmaneuver","Bane"],"picked":"Dagger Spray","floor":3},{"not_picked":["Predator","Concentrate","Cloak And Dagger"],"picked":"SKIP","floor":4},{"not_picked":["Concentrate","Cloak And Dagger"],"picked":"Predator","floor":4},{"not_picked":["Outmaneuver","All Out Attack","Dagger Spray"],"picked":"SKIP","floor":5},{"not_picked":["Acrobatics","Cloak And Dagger","Prepared"],"picked":"SKIP","floor":6},{"not_picked":["Slice","Deadly Poison","Expertise"],"picked":"SKIP","floor":8},{"not_picked":["Eviscerate","Expertise"],"picked":"Backflip","floor":10},{"not_picked":["Blade Dance","Bouncing Flask","Reflex"],"picked":"SKIP","floor":13},{"not_picked":["Caltrops","Finisher"],"picked":"Backflip","floor":14},{"not_picked":["Unload","Grand Finale"],"picked":"Tools of the Trade","floor":16},{"not_picked":["Bane","Outmaneuver","Backflip"],"picked":"SKIP","floor":18},{"not_picked":["Sucker Punch","Outmaneuver"],"picked":"Well Laid Plans","floor":19},{"not_picked":["Acrobatics","Dash"],"picked":"Blur","floor":23},{"not_picked":["Prepared","Cloak And Dagger"],"picked":"Night Terror","floor":27},{"not_picked":["Poisoned Stab","Cloak And Dagger"],"picked":"Acrobatics+1","floor":29},{"not_picked":["Flechettes","Backflip","Blade Dance"],"picked":"SKIP","floor":30},{"not_picked":["Skewer","Flying Knee","Sucker Punch"],"picked":"SKIP","floor":31},{"not_picked":["Doppelganger","Adrenaline"],"picked":"After Image","floor":33},{"not_picked":["Predator","Dodge and Roll","Dagger Throw+1"],"picked":"SKIP","floor":35},{"not_picked":["All Out Attack","Flying Knee+1"],"picked":"Backflip","floor":37},{"not_picked":["Poisoned Stab","Setup"],"picked":"Crippling Poison+1","floor":38},{"not_picked":["PanicButton","Panache"],"picked":"Impatience","floor":39},{"not_picked":["Skewer+1","Infinite Blades+1","Caltrops"],"picked":"SKIP","floor":40},{"not_picked":["Deadly Poison+1","Masterful Stab+1"],"picked":"PiercingWail","floor":41},{"not_picked":["Acrobatics","Heel Hook+1"],"picked":"Leg Sweep","floor":45},{"not_picked":["Backflip+1","Eviscerate","Sucker Punch"],"picked":"SKIP","floor":46},{"not_picked":["Deadly Poison","Acrobatics"],"picked":"Noxious Fumes+1","floor":47},{"not_picked":["PiercingWail","Dagger Spray+1"],"picked":"Dodge and Roll+1","floor":48},{"not_picked":["Finisher","Caltrops"],"picked":"Wraith Form v2","floor":53},{"not_picked":["Dagger Throw+1","Setup","Expertise"],"picked":"SKIP","floor":55}],"player_experience":21075010,"relics_obtained":[{"floor":6,"key":"Ninja Scroll"},{"floor":8,"key":"Anchor"},{"floor":9,"key":"Darkstone Periapt"},{"floor":13,"key":"Juzu Bracelet"},{"floor":23,"key":"Girya"},{"floor":24,"key":"Enchiridion"},{"floor":26,"key":"Eternal Feather"},{"floor":30,"key":"Nunchaku"},{"floor":38,"key":"Thread and Needle"},{"floor":40,"key":"CeramicFish"},{"floor":43,"key":"Dream Catcher"},{"floor":47,"key":"Gambling Chip"},{"floor":55,"key":"Bag of Preparation"}],"event_choices":[{"damage_healed":0,"gold_gain":0,"player_choice":"Became a Ghost","damage_taken":0,"max_hp_gain":0,"max_hp_loss":30,"event_name":"Ghosts","floor":20,"gold_loss":0,"cards_obtained":["Ghostly","Ghostly","Ghostly"]},{"damage_healed":0,"gold_gain":0,"cards_transformed":["Defend_G"],"player_choice":"Transformed","damage_taken":0,"max_hp_gain":0,"max_hp_loss":0,"event_name":"Transmorgrifier","floor":22,"gold_loss":0,"cards_obtained":["Crippling Poison"]},{"damage_healed":0,"gold_gain":0,"player_choice":"Obtained Book","damage_taken":21,"max_hp_gain":0,"max_hp_loss":0,"event_name":"Cursed Tome","floor":24,"gold_loss":0},{"damage_healed":0,"gold_gain":0,"player_choice":"Obtained Relic","damage_taken":0,"relics_obtained":["Bag of Marbles"],"max_hp_gain":0,"max_hp_loss":0,"event_name":"Addict","floor":28,"gold_loss":85},{"damage_healed":0,"gold_gain":0,"player_choice":"Ignored","damage_taken":0,"max_hp_gain":0,"max_hp_loss":0,"event_name":"Tomb of Lord Red Mask","floor":36,"gold_loss":0},{"damage_healed":0,"gold_gain":0,"player_choice":"Fight","damage_taken":0,"max_hp_gain":0,"max_hp_loss":0,"event_name":"Mysterious Sphere","floor":38,"gold_loss":0},{"damage_healed":0,"gold_gain":0,"player_choice":"Memory 1","damage_taken":0,"max_hp_gain":0,"max_hp_loss":0,"event_name":"SensoryStone","floor":39,"gold_loss":0},{"cards_removed":["Footwork"],"damage_healed":0,"gold_gain":0,"player_choice":"Removed Power","damage_taken":0,"max_hp_gain":0,"max_hp_loss":0,"event_name":"Falling","floor":42,"gold_loss":0}],"is_beta":false,"boss_relics":[{"not_picked":["Tiny House","WristBlade"],"picked":"Astrolabe"},{"not_picked":["SlaversCollar","Black Star"],"picked":"Fusion Hammer"}],"items_purged_floors":[12,21,54],"is_endless":false,"potions_floor_spawned":[1,5,6,13,16,19,29,40,45,46,48],"ascension_level":20}}