{"host":"o98f72bjn8jxgroo","time":1610824003,"event":{"mods":["Act Like it!","BaseMod","Dio Mod","Fox Events","GifTheSpireLib","Jedi Mod","Minty Spire (QoL Compilation)","Relic Stats","Spicy Shops","StSLib","The Saiyan","??????REMEMod"],"gold_per_floor":[96,20,33,108,108,108,121,2,2,12,42,58,58,58,58,58,58],"floor_reached":16,"language":"PTB","playtime":1040,"items_purged":[],"score":90,"play_id":"94d8c229-7d60-4ae1-bb74-01c0eeca78f9","local_time":"20210116170643","is_ascension_mode":false,"campfire_choices":[{"data":"Saiyan:EnergyBlast","floor":6,"key":"SMITH"},{"data":"Saiyan:DrainingStrike","floor":15,"key":"SMITH"}],"circlet_count":0,"master_deck":["Saiyan:SAIYA_Strike","Saiyan:SAIYA_Strike","Saiyan:SAIYA_Strike","Saiyan:SAIYA_Strike","Saiyan:SAIYA_Defend","Saiyan:SAIYA_Defend","Saiyan:SAIYA_Defend","Saiyan:SAIYA_Defend","Saiyan:EnergyBlast+1","Saiyan:KaioKen","Saiyan:RuthlessBlow","Saiyan:SolarFlare","Saiyan:Flurry","Saiyan:FingerParry","Saiyan:Flurry","Saiyan:PowerUp","Saiyan:DrainingStrike+1","Saiyan:Medicine","Saiyan:Planning"],"relics":["SaiyanSoul","SaiyanHeart","REME_ComplimentaryCards","NeowsBlessing","Strange Spoon","Centennial Puzzle","Mummified Hand","Potion Belt"],"acts_visited":["Exordium"],"potions_floor_usage":[],"damage_taken":[{"damage":0,"enemies":"2 Louse","floor":1,"turns":1},{"damage":0,"enemies":"Cultist","floor":3,"turns":1},{"damage":0,"enemies":"Jaw Worm","floor":7,"turns":1},{"damage":3,"enemies":"Exordium Wildlife","floor":10,"turns":3},{"damage":2,"enemies":"3 Louse","floor":12,"turns":3},{"damage":59,"enemies":"The Guardian","floor":16,"turns":17}],"seed_played":"-4135332686049260507","potions_obtained":[{"floor":3,"key":"DuplicationPotion"},{"floor":7,"key":"GamblersBrew"}],"is_trial":false,"path_per_floor":["M","$","M","?","$","R","M","$","T","M","?","M","T","?","R","B"],"character_chosen":"SAIYAJIN","items_purchased":["Strange Spoon","Saiyan:PowerUp","Saiyan:DrainingStrike"],"campfire_rested":0,"item_purchase_floors":[2,8,8],"current_hp_per_floor":[61,61,61,55,55,55,55,55,55,55,55,57,57,50,50,3,3],"gold":58,"neow_bonus":"THREE_ENEMY_KILL","is_daily":false,"chose_seed":false,"campfire_upgraded":2,"win_rate":0.0,"timestamp":1610824003,"path_taken":["M","$","M","?","$","R","M","$","T","?","?","?","?","?","R","BOSS"],"items_purchased_type":["Relic","Card","Card"],"build_version":"2020-12-22","purchased_purges":0,"victory":false,"max_hp_per_floor":[61,61,61,61,61,61,61,61,61,64,64,65,65,65,65,66,66],"relic_stats":{"Strange Spoon":[5],"Centennial Puzzle":[9],"counters":[6,26],"Mummified Hand":[0],"obtain_stats":[{"Potion Belt":14,"Strange Spoon":2,"Centennial Puzzle":9,"NeowsBlessing":0,"Mummified Hand":13,"SaiyanSoul":0,"SaiyanHeart":0,"REME_ComplimentaryCards":0},{"Potion Belt":5,"Strange Spoon":1,"Centennial Puzzle":3,"NeowsBlessing":0,"Mummified Hand":5,"SaiyanSoul":0,"SaiyanHeart":0,"REME_ComplimentaryCards":0},{"Potion Belt":9,"Strange Spoon":1,"Centennial Puzzle":3,"NeowsBlessing":0,"Mummified Hand":9,"SaiyanSoul":0,"SaiyanHeart":0,"REME_ComplimentaryCards":0}]},"card_choices":[{"not_picked":["Saiyan:PlotArmor","Saiyan:TurtleShell"],"picked":"Saiyan:Flurry","floor":1},{"not_picked":["Saiyan:DragonFist","Saiyan:PlotArmor"],"picked":"Saiyan:FingerParry","floor":3},{"not_picked":["Saiyan:Scouter","Saiyan:RemoveWeights"],"picked":"Saiyan:Flurry","floor":7},{"not_picked":["Saiyan:Flurry","Saiyan:SaiyanHubris"],"picked":"Saiyan:Medicine","floor":10},{"not_picked":["Saiyan:RemoveWeights","Saiyan:Flurry"],"picked":"Saiyan:Planning","floor":12}],"player_experience":346586,"relics_obtained":[{"floor":9,"key":"Centennial Puzzle"},{"floor":13,"key":"Mummified Hand"}],"event_choices":[{"damage_healed":0,"gold_gain":75,"player_choice":"Touch","damage_taken":6,"max_hp_gain":0,"max_hp_loss":0,"event_name":"FaceTrader","floor":4,"gold_loss":0},{"damage_healed":0,"gold_gain":30,"player_choice":"Searched \u00271\u0027 times","damage_taken":0,"max_hp_gain":0,"max_hp_loss":0,"event_name":"Dead Adventurer","floor":11,"gold_loss":0},{"damage_healed":0,"gold_gain":0,"player_choice":"Success","damage_taken":7,"relics_obtained":["Potion Belt"],"max_hp_gain":0,"max_hp_loss":0,"event_name":"Scrap Ooze","floor":14,"gold_loss":0}],"is_beta":false,"boss_relics":[],"items_purged_floors":[],"is_endless":false,"potions_floor_spawned":[3,7],"killed_by":"The Guardian","ascension_level":0}}