{"host":"3z9xbwjeimmg738z","time":1610773694,"event":{"mods":["2.2 Compatiblity","Act Like it!","AlwaysNeverKeys","BaseMod","Colored Powertips","Defuse TimeMaze Blight","Downfall","GifTheSpireLib","Minty Spire (QoL Compilation)","Rare Cards Sparkle","StSLib"],"gold_per_floor":[99,99,99,99,199,229,229,329,314,14,0,13,32,66,76,76,76],"floor_reached":16,"language":"ENG","playtime":758,"items_purged":[],"score":306,"play_id":"f2befa6b-157c-47d0-a156-b546d5712935","local_time":"20210115210814","is_ascension_mode":false,"campfire_choices":[{"data":"bronze:Replicate","floor":1,"key":"SMITH"},{"data":"bronze:AlphaBuild","floor":10,"key":"SMITH"}],"circlet_count":0,"master_deck":["bronze:Strike","bronze:Strike","bronze:Strike","bronze:Strike","bronze:Defend","bronze:Defend","bronze:Defend","bronze:Defend","bronze:Replicate+1","bronze:Goto","bronze:WhirlingStrike","downfall:Aged","downfall:Bewildered","downfall:Icky","Normality","bronze:AlphaBuild+1","downfall:Bewildered","downfall:Icky","bronze:WhirlingStrike","bronze:DelayedSlice","bronze:Repair","bronze:FineTuning","bronze:Overload","bronze:FindAndReplace"],"relics":["bronze:BronzeCore","downfall:HeartsMalice","Pear","Darkstone Periapt","Slimebound:PreparedRelic","Blue Candle","downfall:HeartBlessingRed","downfall:HeartBlessingGreen","downfall:HeartBlessingBlue","Letter Opener"],"acts_visited":["Exordium"],"potions_floor_usage":[14,16],"damage_taken":[{"damage":0,"enemies":"Jaw Worm","floor":2,"turns":1},{"damage":0,"enemies":"2 Louse","floor":3,"turns":1},{"damage":0,"enemies":"Lagavulin","floor":6,"turns":1},{"damage":2,"enemies":"downfall:FleeingMerchant","floor":9,"turns":4},{"damage":13,"enemies":"downfall:FleeingMerchant","floor":11,"turns":4},{"damage":2,"enemies":"Small Slimes","floor":12,"turns":2},{"damage":0,"enemies":"2 Fungi Beasts","floor":13,"turns":1},{"damage":2,"enemies":"Gremlin Nob","floor":14,"turns":2},{"damage":15,"enemies":"Exordium Thugs","floor":15,"turns":3},{"damage":109,"enemies":"SI_SHIV_ARCHETYPE","floor":16,"turns":8}],"seed_played":"-6248931178344688954","potions_obtained":[{"floor":12,"key":"SkillPotion"},{"floor":13,"key":"Fire Potion"},{"floor":14,"key":"Energy Potion"},{"floor":15,"key":"FearPotion"}],"is_trial":false,"path_per_floor":["R","M","M","?","?","E","T","?","$","R","$","M","M","E","M","B"],"character_chosen":"THE_AUTOMATON","items_purchased":[],"campfire_rested":0,"item_purchase_floors":[],"current_hp_per_floor":[70,70,70,77,118,118,118,118,116,126,113,111,111,109,94,0,0],"gold":76,"neow_bonus":"THREE_ENEMY_KILL","is_daily":false,"chose_seed":false,"campfire_upgraded":2,"win_rate":0.0,"timestamp":1610773694,"path_taken":["R","M","M","?","?","E","T","?","?","R","$","?","M","E","M","BOSS"],"items_purchased_type":[],"build_version":"2020-12-22","purchased_purges":0,"victory":false,"max_hp_per_floor":[70,70,70,80,121,121,121,121,121,131,131,131,131,131,131,131,131],"card_choices":[{"not_picked":["bronze:Overheat","bronze:Branch","bronze:ForceShield"],"picked":"SKIP","floor":2},{"not_picked":["bronze:InfiniteBeams","bronze:Shell"],"picked":"bronze:WhirlingStrike","floor":3},{"not_picked":["bronze:Overheat","bronze:DelayedSlice"],"picked":"bronze:WhirlingStrike","floor":6},{"not_picked":["bronze:DigitalCarnage","bronze:Invalidate"],"picked":"bronze:DelayedSlice","floor":9},{"not_picked":["bronze:ClassDefault","bronze:Break"],"picked":"bronze:Repair","floor":11},{"not_picked":["bronze:DelayedSlice","bronze:ForLoop"],"picked":"bronze:FineTuning","floor":12},{"not_picked":["bronze:Constructor","bronze:Safeguard","bronze:BugBarrage"],"picked":"SKIP","floor":13},{"not_picked":["bronze:Constructor","bronze:Frontload"],"picked":"bronze:Overload","floor":14},{"not_picked":["bronze:FindAndReplace","bronze:WildBeam","bronze:Fortify"],"picked":"SKIP","floor":15},{"not_picked":["bronze:WildBeam","bronze:Fortify"],"picked":"bronze:FindAndReplace","floor":15}],"player_experience":159863,"relics_obtained":[{"floor":6,"key":"Slimebound:PreparedRelic"},{"floor":7,"key":"Blue Candle"},{"floor":14,"key":"Letter Opener"}],"event_choices":[{"damage_healed":0,"gold_gain":0,"player_choice":"Success","damage_taken":3,"relics_obtained":["Pear"],"max_hp_gain":0,"max_hp_loss":0,"event_name":"Scrap Ooze","floor":4,"gold_loss":0}],"is_beta":false,"boss_relics":[],"items_purged_floors":[],"is_endless":false,"potions_floor_spawned":[12,13,14,15],"killed_by":"SI_SHIV_ARCHETYPE","ascension_level":0}}