{"host":"e4wnmsyty9uvvtwf","time":1610789819,"event":{"mods":["Act Like it!","Aspiration","BaseMod","Colored Map","Colored Powertips","Gensokyo","Koishi","Minty Spire (QoL Compilation)","Rare Cards Sparkle","Replay The Spire","StSLib"],"gold_per_floor":[15,15,15,34,45,45,127,127,127,137,147,177,177,197,197,301,301,320,320,23,33,33,33,65,3,29,49,49,60,60,92,92,92,92],"floor_reached":33,"language":"ZHS","playtime":1185,"items_purged":[],"score":428,"play_id":"123085bf-fab6-4b1b-98a1-c1e1937210b7","local_time":"20210116173659","is_ascension_mode":true,"campfire_choices":[{"data":"Koishi:BloodcurdlingScream","floor":6,"key":"SMITH"},{"data":"Koishi:HauntingSlash","floor":8,"key":"SMITH"},{"data":"Koishi:StingingMind","floor":15,"key":"SMITH"},{"data":"Koishi:Heartbroken","floor":23,"key":"SMITH"},{"data":"Koishi:TerrifyingSpectre","floor":30,"key":"SMITH"},{"data":"Koishi:SprinkleStarAndHeart","floor":32,"key":"SMITH"}],"circlet_count":0,"master_deck":["AscendersBane","Koishi:BasicStrike","Koishi:BasicStrike","Koishi:BasicDefend","Koishi:BasicDefend","Koishi:BasicDefend","Koishi:BasicDefend","Koishi:HauntingSlash+1","Koishi:Untouchable","Koishi:BloodcurdlingScream+1","Koishi:DreadfulBlow","Koishi:StingingMind+1","Koishi:SprinkleStarAndHeart+1","Koishi:MentalBreakdown","Koishi:RacingHeart","Koishi:Heartbroken+1","Koishi:ApparitionsStalkTheNight","Koishi:MindNumbingTerror","Koishi:TerrifyingSpectre+1","Koishi:UnconsciousUrges","Clumsy","Koishi:SubterraneanRose+1","Koishi:PhantomBarrier","Koishi:Whimsy"],"relics":["Koishi:ImaginaryFriend","Bird Faced Urn","Gensokyo:Justice","Pear","Sundial","Darkstone Periapt","Pear","Cursed Key","Medical Kit","The Courier","Boot","Koishi:LettersToReimu","Blood Vial","Strawberry"],"acts_visited":["Exordium","Gensokyo:Gensokyo"],"potions_floor_usage":[27,33,33],"damage_taken":[{"damage":6,"enemies":"Gensokyo:Gryphon","floor":1,"turns":5},{"damage":1,"enemies":"Gensokyo:Python","floor":4,"turns":4},{"damage":0,"enemies":"Gensokyo:3_Fairies","floor":5,"turns":3},{"damage":0,"enemies":"Gensokyo:LivingMonolith","floor":10,"turns":2},{"damage":8,"enemies":"Gensokyo:Kitsune","floor":11,"turns":5},{"damage":31,"enemies":"Gensokyo:Aya","floor":12,"turns":11},{"damage":0,"enemies":"Gensokyo:VengefulSpirit","floor":14,"turns":3},{"damage":5,"enemies":"Gensokyo:Reimu","floor":16,"turns":12},{"damage":0,"enemies":"Gensokyo:2_Gloops","floor":18,"turns":3},{"damage":8,"enemies":"Gensokyo:Chomper","floor":21,"turns":5},{"damage":20,"enemies":"Gensokyo:Reisen","floor":24,"turns":7},{"damage":29,"enemies":"Gensokyo:Slime_Group","floor":27,"turns":4},{"damage":23,"enemies":"Gensokyo:Wraith","floor":29,"turns":3},{"damage":24,"enemies":"Gensokyo:Koishi","floor":31,"turns":8},{"damage":83,"enemies":"Gensokyo:Kaguya","floor":33,"turns":13}],"seed_played":"184755025621155279","potions_obtained":[{"floor":1,"key":"GamblersBrew"},{"floor":5,"key":"BlessingOfTheForge"},{"floor":10,"key":"BlessingOfTheForge"},{"floor":21,"key":"Flashbang"},{"floor":29,"key":"GamblersBrew"},{"floor":31,"key":"Block Potion"}],"is_trial":false,"path_per_floor":["M","?","?","M","M","R","T","R","T","M","M","E","?","M","R","B",null,"M","?","COS","M","?","R","E","$","T","M","?","M","R","E","R","B"],"character_chosen":"KOISHI","items_purchased":["Koishi:UnconsciousUrges"],"campfire_rested":0,"item_purchase_floors":[25],"current_hp_per_floor":[51,51,46,48,51,51,51,51,51,53,54,50,34,37,37,49,72,76,80,80,80,74,74,65,65,71,57,57,44,44,48,48,0,0],"gold":92,"neow_bonus":"ONE_RARE_RELIC","is_daily":false,"chose_seed":false,"campfire_upgraded":6,"win_rate":0.0,"timestamp":1610789819,"path_taken":["M","?","?","M","?","R","?","R","T","M","M","E","?","M","R","BOSS","M","?","COS","M","?","R","E","?","T","M","?","M","R","E","R","BOSS"],"items_purchased_type":["Card"],"build_version":"2020-12-22","purchased_purges":0,"victory":false,"max_hp_per_floor":[60,60,70,70,70,70,70,70,70,70,70,80,80,80,80,80,80,80,80,80,80,74,74,74,74,80,80,80,80,80,87,87,87,87],"card_choices":[{"not_picked":["Koishi:PhantomBarrier","Koishi:BramblyRoseGarden"],"picked":"Koishi:Untouchable","floor":1},{"not_picked":["Koishi:GhostParty","Koishi:SpiritedAway"],"picked":"Koishi:BloodcurdlingScream","floor":4},{"not_picked":["Koishi:Jaunt","Koishi:HeartfeltFancy"],"picked":"Koishi:DreadfulBlow","floor":5},{"not_picked":["Koishi:ReflexRadar","Koishi:Catatonia"],"picked":"Koishi:StingingMind","floor":10},{"not_picked":["Koishi:CatchAndRose","Koishi:UnconsciousUprising"],"picked":"Koishi:SprinkleStarAndHeart","floor":11},{"not_picked":["Koishi:MassHysteria","Koishi:TraumaticStroke"],"picked":"Koishi:MentalBreakdown","floor":12},{"not_picked":["Koishi:CatchAndRose","Koishi:SubterraneanRose"],"picked":"Koishi:RacingHeart","floor":14},{"not_picked":["Koishi:ConfinedInnocent","Koishi:SuperEgo"],"picked":"Koishi:Heartbroken","floor":16},{"not_picked":["Koishi:SubterraneanRose","Koishi:Jaunt"],"picked":"Koishi:ApparitionsStalkTheNight","floor":18},{"not_picked":["Koishi:SubconsciousSweep","Koishi:GhostParty"],"picked":"Koishi:MindNumbingTerror","floor":21},{"not_picked":["Koishi:GrowingPain","Koishi:SilentAndRestless"],"picked":"Koishi:TerrifyingSpectre","floor":24},{"not_picked":["Koishi:JumpScare","Koishi:ApparitionsStalkTheNight+1","Koishi:BloodcurdlingScream"],"picked":"SKIP","floor":24},{"not_picked":["Koishi:HeartAttack","Koishi:ConfinedInnocent"],"picked":"Koishi:SubterraneanRose+1","floor":27},{"not_picked":["Koishi:FidgetySnatcher","Koishi:CatchAndRose"],"picked":"Koishi:PhantomBarrier","floor":29},{"not_picked":["Koishi:BramblyRoseGarden","Koishi:PhantomBarrier"],"picked":"Koishi:Whimsy","floor":31}],"player_experience":547239,"relics_obtained":[{"floor":7,"key":"Sundial"},{"floor":9,"key":"Darkstone Periapt"},{"floor":12,"key":"Pear"},{"floor":24,"key":"Koishi:LettersToReimu"},{"floor":31,"key":"Strawberry"}],"event_choices":[],"is_beta":false,"boss_relics":[{"not_picked":["Koishi:ColorfulDays","Replay:Ancient Bell"],"picked":"Cursed Key"}],"items_purged_floors":[],"is_endless":false,"potions_floor_spawned":[1,5,10,21,29,31],"killed_by":"Gensokyo:Kaguya","ascension_level":10}}