{"host":"utqe55yv0jihe4d6","time":1610769934,"event":{"mods":["2.2 Compatiblity","AchievementEnabler","BaseMod","Block Reminder","Colored Map","Colored Powertips","Minty Spire (QoL Compilation)","Quick Restart","Rare Cards Sparkle","Relic Stats","SuperFastMode"],"gold_per_floor":[116,0,17,36,48,83,103,131,206,148,177,193,205,233,233,311,311,325,342,355,375,390,415,415,448,499,514,548,576,576,588,588,662,662,676,692,705,35,35,35,35],"floor_reached":40,"language":"ENG","playtime":1627,"items_purged":[],"score":1097,"play_id":"e73617d8-b64c-4a3e-9ad3-bb483b4d4bd0","local_time":"20210115230534","is_ascension_mode":true,"campfire_choices":[{"data":"1","floor":15,"key":"LIFT"},{"floor":24,"key":"REST"},{"data":"2","floor":30,"key":"LIFT"},{"floor":32,"key":"REST"}],"circlet_count":0,"master_deck":["AscendersBane","Bash","Sentinel","Dropkick","Pummel","Impervious","Uppercut","Feel No Pain","Dropkick","Thunderclap","Dual Wield","Shrug It Off","Finesse","Havoc","Seeing Red","Battle Trance","Havoc","Offering","Evolve","Dropkick","Dropkick+1","Corruption","Inflame","Barricade","Feel No Pain","Flash of Steel","Writhe"],"relics":["Pandora\u0027s Box","Shuriken","Regal Pillow","Mercury Hourglass","Girya","Blood Vial","Bottled Lightning","Busted Crown","Oddly Smooth Stone","Incense Burner","Red Skull","MealTicket","Fusion Hammer","Anchor","TheAbacus","Art of War"],"acts_visited":["Exordium","TheCity","TheBeyond"],"potions_floor_usage":[22,28,40],"damage_taken":[{"damage":0,"enemies":"Cultist","floor":1,"turns":2},{"damage":0,"enemies":"2 Louse","floor":3,"turns":3},{"damage":1,"enemies":"Jaw Worm","floor":4,"turns":2},{"damage":7,"enemies":"Red Slaver","floor":5,"turns":4},{"damage":11,"enemies":"Gremlin Nob","floor":6,"turns":4},{"damage":0,"enemies":"Exordium Wildlife","floor":7,"turns":3},{"damage":9,"enemies":"Lagavulin","floor":8,"turns":3},{"damage":4,"enemies":"Gremlin Nob","floor":11,"turns":3},{"damage":7,"enemies":"Looter","floor":12,"turns":4},{"damage":14,"enemies":"3 Louse","floor":13,"turns":2},{"damage":7,"enemies":"3 Sentries","floor":14,"turns":6},{"damage":0,"enemies":"Slime Boss","floor":16,"turns":5},{"damage":6,"enemies":"Shell Parasite","floor":18,"turns":2},{"damage":0,"enemies":"Chosen","floor":19,"turns":4},{"damage":9,"enemies":"3 Cultists","floor":20,"turns":4},{"damage":21,"enemies":"Centurion and Healer","floor":21,"turns":4},{"damage":6,"enemies":"Cultist and Chosen","floor":22,"turns":3},{"damage":22,"enemies":"Gremlin Leader","floor":23,"turns":4},{"damage":12,"enemies":"Slavers","floor":25,"turns":4},{"damage":6,"enemies":"Snake Plant","floor":27,"turns":1},{"damage":6,"enemies":"Shelled Parasite and Fungi","floor":28,"turns":2},{"damage":11,"enemies":"Book of Stabbing","floor":29,"turns":3},{"damage":9,"enemies":"Cultist and Chosen","floor":31,"turns":5},{"damage":7,"enemies":"Automaton","floor":33,"turns":5},{"damage":21,"enemies":"3 Darklings","floor":35,"turns":5},{"damage":26,"enemies":"3 Shapes","floor":36,"turns":5},{"damage":24,"enemies":"Maw","floor":37,"turns":5},{"damage":36,"enemies":"Reptomancer","floor":40,"turns":2}],"seed_played":"1762322567311006447","potions_obtained":[{"floor":4,"key":"SneckoOil"},{"floor":5,"key":"SteroidPotion"},{"floor":6,"key":"Explosive Potion"},{"floor":27,"key":"ColorlessPotion"},{"floor":31,"key":"CultistPotion"},{"floor":33,"key":"ColorlessPotion"},{"floor":36,"key":"PowerPotion"}],"is_trial":false,"path_per_floor":["M","$","M","M","M","E","M","E","T","?","E","M","M","E","R","B",null,"M","M","M","M","M","E","R","E","T","M","M","E","R","M","R","B",null,"M","M","M","$","?","E"],"character_chosen":"IRONCLAD","items_purchased":["Shrug It Off","Finesse","Anchor","Feel No Pain","Flash of Steel","TheAbacus","Art of War"],"campfire_rested":2,"item_purchase_floors":[2,2,38,38,38,38,38],"current_hp_per_floor":[68,68,68,67,60,49,49,40,40,40,36,31,19,14,14,16,60,56,58,51,32,28,8,45,35,35,31,27,18,18,11,48,43,67,48,24,2,17,32,0,0],"gold":35,"neow_bonus":"BOSS_RELIC","is_daily":false,"chose_seed":false,"campfire_upgraded":0,"win_rate":0.0,"timestamp":1610769934,"path_taken":["M","$","M","?","M","E","M","E","T","?","E","M","M","E","R","BOSS","M","?","M","M","M","E","R","E","T","M","M","E","R","M","R","BOSS","M","M","M","$","?","E"],"items_purchased_type":["Card","Card","Relic","Card","Card","Relic","Relic"],"build_version":"2020-12-22","purchased_purges":0,"victory":false,"max_hp_per_floor":[75,75,75,75,75,75,75,75,75,75,75,75,75,75,75,75,75,75,75,75,75,75,75,75,75,75,75,75,75,75,75,75,75,75,75,75,75,75,75,75,75],"relic_stats":{"Blood Vial":40,"Regal Pillow":30,"Busted Crown":30,"TheAbacus":[0],"counters":[28,98],"Shuriken":[50],"Pandora\u0027s Box":["Sentinel","Dropkick","Pummel","Impervious","Uppercut","Feel No Pain","Dropkick","Thunderclap","Dual Wield"],"MealTicket":15,"Art of War":[0],"obtain_stats":[{"Girya":10,"Regal Pillow":8,"Oddly Smooth Stone":23,"Incense Burner":25,"Burning Blood":0,"Mercury Hourglass":9,"Blood Vial":11,"Anchor":38,"Busted Crown":17,"TheAbacus":38,"Shuriken":6,"Pandora\u0027s Box":0,"MealTicket":29,"Fusion Hammer":34,"Art of War":38,"Bottled Lightning":14,"Red Skull":26},{"Girya":7,"Regal Pillow":7,"Oddly Smooth Stone":18,"Incense Burner":19,"Burning Blood":0,"Mercury Hourglass":7,"Blood Vial":8,"Anchor":27,"Busted Crown":12,"TheAbacus":27,"Shuriken":5,"Pandora\u0027s Box":0,"MealTicket":22,"Fusion Hammer":24,"Art of War":27,"Bottled Lightning":11,"Red Skull":19},{"Girya":21,"Regal Pillow":21,"Oddly Smooth Stone":62,"Incense Burner":66,"Burning Blood":0,"Mercury Hourglass":21,"Blood Vial":24,"Anchor":96,"Busted Crown":41,"TheAbacus":96,"Shuriken":15,"Pandora\u0027s Box":0,"MealTicket":72,"Fusion Hammer":82,"Art of War":96,"Bottled Lightning":36,"Red Skull":66}],"Mercury Hourglass":[371]},"card_choices":[{"not_picked":["Havoc","Uppercut","Body Slam"],"picked":"SKIP","floor":1},{"not_picked":["Twin Strike","Perfected Strike","Sever Soul"],"picked":"SKIP","floor":3},{"not_picked":["Sever Soul","Body Slam","Power Through"],"picked":"SKIP","floor":4},{"not_picked":["Sever Soul","Body Slam","Power Through"],"picked":"SKIP","floor":4},{"not_picked":["Pummel","Sentinel","Clothesline"],"picked":"SKIP","floor":5},{"not_picked":["Bloodletting","Clash"],"picked":"Havoc","floor":6},{"not_picked":["Ghostly Armor","Shrug It Off","Sentinel"],"picked":"SKIP","floor":7},{"not_picked":["Blood for Blood","Flex","Searing Blow"],"picked":"SKIP","floor":8},{"not_picked":["Armaments","Evolve","Berserk"],"picked":"SKIP","floor":11},{"not_picked":["Uppercut","Flex"],"picked":"Seeing Red","floor":12},{"not_picked":["Metallicize","Anger"],"picked":"Battle Trance","floor":13},{"not_picked":["True Grit","Thunderclap"],"picked":"Havoc","floor":14},{"not_picked":["Barricade","Limit Break"],"picked":"Offering","floor":16},{"not_picked":[],"picked":"Evolve","floor":18},{"not_picked":["Sever Soul"],"picked":"SKIP","floor":19},{"not_picked":[],"picked":"Dropkick","floor":20},{"not_picked":[],"picked":"Dropkick+1","floor":21},{"not_picked":["Pommel Strike"],"picked":"SKIP","floor":22},{"not_picked":["Clothesline"],"picked":"SKIP","floor":23},{"not_picked":["Sword Boomerang"],"picked":"SKIP","floor":25},{"not_picked":["Uppercut"],"picked":"SKIP","floor":27},{"not_picked":["Havoc"],"picked":"SKIP","floor":28},{"not_picked":[],"picked":"Corruption","floor":29},{"not_picked":[],"picked":"Inflame","floor":31},{"not_picked":[],"picked":"Barricade","floor":33},{"not_picked":["Anger"],"picked":"SKIP","floor":35},{"not_picked":["Pommel Strike"],"picked":"SKIP","floor":36},{"not_picked":["Iron Wave"],"picked":"SKIP","floor":37}],"player_experience":2943238,"relics_obtained":[{"floor":6,"key":"Shuriken"},{"floor":8,"key":"Regal Pillow"},{"floor":9,"key":"Mercury Hourglass"},{"floor":11,"key":"Blood Vial"},{"floor":14,"key":"Bottled Lightning"},{"floor":23,"key":"Oddly Smooth Stone"},{"floor":25,"key":"Incense Burner"},{"floor":26,"key":"Red Skull"},{"floor":29,"key":"MealTicket"}],"event_choices":[{"damage_healed":0,"gold_gain":0,"player_choice":"Paid Gold","damage_taken":0,"relics_obtained":["Girya"],"max_hp_gain":0,"max_hp_loss":0,"event_name":"WeMeetAgain","floor":10,"gold_loss":58},{"damage_healed":15,"gold_gain":0,"player_choice":"Writhe","damage_taken":0,"max_hp_gain":0,"max_hp_loss":0,"event_name":"Winding Halls","floor":39,"gold_loss":0,"cards_obtained":["Writhe"]}],"is_beta":false,"boss_relics":[{"not_picked":["Sozu","Calling Bell"],"picked":"Busted Crown"},{"not_picked":["Runic Pyramid","Velvet Choker"],"picked":"Fusion Hammer"}],"items_purged_floors":[],"is_endless":false,"potions_floor_spawned":[4,5,6,8,13,16,18,20,21,27,31,33,36],"killed_by":"Reptomancer","ascension_level":20}}