{"host":"r8wnwrggzw8t210b","time":1610794328,"event":{"mods":["BaseMod","Colored Powertips","Minty Spire (QoL Compilation)","StSLib"],"gold_per_floor":[114,130,130,130,55,55,99,99,99,135,154,154,138,138,138,262,262,283,283,382,32,32,63,82,108,108,108,127,142,161,194,194,194,194],"floor_reached":33,"language":"ZHS","playtime":1508,"items_purged":["Strike_R","Defend_R"],"score":389,"play_id":"2b981ee1-3770-42d5-afab-1fc126ace408","local_time":"20210116185208","is_ascension_mode":true,"campfire_choices":[{"data":"Seeing Red","floor":6.0,"key":"SMITH"},{"data":"Reaper","floor":8.0,"key":"SMITH"},{"data":"Shrug It Off","floor":15.0,"key":"SMITH"},{"data":"Impervious","floor":27,"key":"SMITH"},{"data":"Metallicize","floor":32,"key":"SMITH"}],"circlet_count":0,"master_deck":["Strike_R","Strike_R","Strike_R+1","Defend_R","Defend_R","Defend_R","Bash","Seeing Red+1","Body Slam+1","Reaper+1","Shrug It Off+1","Impervious+1","Iron Wave+1","Power Through+1","Shrug It Off+1","Metallicize+1","Sentinel+1","Pommel Strike+1"],"relics":["Burning Blood","NeowsBlessing","Bloody Idol","Ancient Tea Set","Omamori","Meat on the Bone","Pear","Philosopher\u0027s Stone","Shuriken","Potion Belt","Toxic Egg 2","Molten Egg 2","Paper Frog"],"acts_visited":["Exordium","TheCity"],"potions_floor_usage":[16,16,24,24,25],"damage_taken":[{"damage":0.0,"enemies":"2 Louse","floor":1.0,"turns":1.0},{"damage":0.0,"enemies":"Jaw Worm","floor":2.0,"turns":1.0},{"damage":0.0,"enemies":"Gremlin Nob","floor":7.0,"turns":1.0},{"damage":30.0,"enemies":"3 Sentries","floor":10.0,"turns":9.0},{"damage":0.0,"enemies":"Small Slimes","floor":11.0,"turns":3.0},{"damage":12.0,"enemies":"Exordium Thugs","floor":13.0,"turns":4.0},{"damage":31,"enemies":"Hexaghost","floor":16,"turns":9},{"damage":1,"enemies":"Shell Parasite","floor":18,"turns":4},{"damage":24,"enemies":"Gremlin Leader","floor":23,"turns":6},{"damage":55,"enemies":"3 Byrds","floor":24,"turns":8},{"damage":27,"enemies":"Slavers","floor":25,"turns":10},{"damage":0,"enemies":"Snecko","floor":28,"turns":5},{"damage":16,"enemies":"Shelled Parasite and Fungi","floor":29,"turns":6},{"damage":28,"enemies":"Centurion and Healer","floor":30,"turns":7},{"damage":41,"enemies":"Gremlin Leader","floor":31,"turns":9},{"damage":96,"enemies":"Champ","floor":33,"turns":16}],"seed_played":"-5133912684736707970","potions_obtained":[{"floor":2.0,"key":"Dexterity Potion"},{"floor":11.0,"key":"SmokeBomb"},{"floor":13.0,"key":"PowerPotion"},{"floor":23,"key":"EntropicBrew"},{"floor":28,"key":"Explosive Potion"},{"floor":31,"key":"FairyPotion"}],"is_trial":false,"path_per_floor":["M","M","?","?","$","R","E","R","T","E","M","?","M","?","R","B",null,"M","?","?","$","?","E","M","E","T","R","M","M","M","E","R","B"],"character_chosen":"IRONCLAD","items_purchased":["Shuriken"],"campfire_rested":0,"item_purchase_floors":[21],"current_hp_per_floor":[80,80,74,59,59,59,65,65,65,50,56,63,57,50,50,44,84,84,84,84,84,84,84,59,58,58,58,74,69,62,59,59,0,0],"gold":194,"neow_bonus":"THREE_ENEMY_KILL","is_daily":false,"chose_seed":false,"campfire_upgraded":5,"win_rate":0.0,"timestamp":1610794328,"path_taken":["M","M","?","?","?","R","E","R","T","E","M","?","M","?","R","BOSS","M","?","?","$","?","E","M","E","T","R","M","M","M","E","R","BOSS"],"items_purchased_type":["Relic"],"build_version":"2020-12-22","purchased_purges":2,"victory":false,"max_hp_per_floor":[80,80,74,74,74,74,74,74,74,74,74,84,84,84,84,84,84,84,84,84,84,84,84,84,84,84,84,84,84,84,84,84,84,84],"card_choices":[{"not_picked":["Clash","Pommel Strike"],"picked":"Seeing Red","floor":1.0},{"not_picked":["Twin Strike","Entrench"],"picked":"Body Slam","floor":2.0},{"not_picked":["Flex","Power Through"],"picked":"Reaper","floor":7.0},{"not_picked":["Rupture","True Grit"],"picked":"Shrug It Off","floor":10.0},{"not_picked":["Heavy Blade","Havoc","Headbutt"],"picked":"SKIP","floor":11.0},{"not_picked":["Pommel Strike","Flex","Clothesline"],"picked":"SKIP","floor":13.0},{"not_picked":["Double Tap","Limit Break"],"picked":"Impervious","floor":16},{"not_picked":["Twin Strike","Perfected Strike+1"],"picked":"Iron Wave+1","floor":18},{"not_picked":["Clash","Intimidate+1"],"picked":"Power Through+1","floor":23},{"not_picked":["Cleave","Blood for Blood"],"picked":"Shrug It Off+1","floor":24},{"not_picked":["Thunderclap+1","Searing Blow+1","Inflame"],"picked":"SKIP","floor":25},{"not_picked":["Anger+1","Clothesline+1","Iron Wave+1"],"picked":"SKIP","floor":28},{"not_picked":["Dual Wield+1","Iron Wave+1"],"picked":"Metallicize","floor":29},{"not_picked":["Clothesline+1","Shrug It Off+1"],"picked":"Sentinel+1","floor":30},{"not_picked":["Iron Wave+1","Twin Strike+1"],"picked":"Pommel Strike+1","floor":31}],"player_experience":101922,"relics_obtained":[{"floor":7.0,"key":"Ancient Tea Set"},{"floor":9.0,"key":"Omamori"},{"floor":10.0,"key":"Meat on the Bone"},{"floor":23,"key":"Toxic Egg 2"},{"floor":25,"key":"Molten Egg 2"},{"floor":31,"key":"Paper Frog"}],"event_choices":[{"damage_healed":0.0,"max_hp_gain":0.0,"max_hp_loss":6.0,"gold_gain":0.0,"event_name":"Golden Idol","player_choice":"Lose Max HP","floor":3.0,"gold_loss":0.0,"damage_taken":0.0,"relics_obtained":["Golden Idol"]},{"damage_healed":0.0,"max_hp_gain":0.0,"max_hp_loss":0.0,"gold_gain":0.0,"event_name":"Shining Light","player_choice":"Entered Light","floor":4.0,"gold_loss":0.0,"damage_taken":15.0,"cards_upgraded":["Body Slam","Strike_R"]},{"damage_healed":0.0,"max_hp_gain":0.0,"max_hp_loss":0.0,"gold_gain":0.0,"event_name":"Scrap Ooze","player_choice":"Success","floor":12.0,"gold_loss":0.0,"damage_taken":3.0,"relics_obtained":["Pear"]},{"cards_removed":["Strike_R"],"damage_healed":0.0,"max_hp_gain":0.0,"max_hp_loss":0.0,"gold_gain":0.0,"event_name":"Golden Wing","player_choice":"Card Removal","floor":14.0,"gold_loss":0.0,"damage_taken":7.0},{"damage_healed":0,"gold_gain":0,"player_choice":"Gave Idol","damage_taken":0,"relics_obtained":["Bloody Idol"],"max_hp_gain":0,"max_hp_loss":0,"event_name":"Forgotten Altar","floor":19,"relics_lost":["Golden Idol"],"gold_loss":0},{"damage_healed":0,"gold_gain":99,"player_choice":"Stole From Cult","damage_taken":0,"max_hp_gain":0,"max_hp_loss":0,"event_name":"Nest","floor":20,"gold_loss":0},{"damage_healed":0,"gold_gain":0,"player_choice":"Stole Relic","damage_taken":0,"relics_obtained":["Potion Belt"],"max_hp_gain":0,"max_hp_loss":0,"event_name":"Addict","floor":22,"gold_loss":0,"cards_obtained":["Shame"]}],"is_beta":false,"boss_relics":[{"not_picked":["Runic Pyramid","Ectoplasm"],"picked":"Philosopher\u0027s Stone"}],"items_purged_floors":[5,21],"is_endless":false,"potions_floor_spawned":[2,11,13,23,28,31],"killed_by":"Champ","ascension_level":3}}