{"host":"d9m9v0h6vo0edadb","time":1610802411,"event":{"mods":["BaseMod","Hermit","Keyboard Shortcuts","Minty Spire (QoL Compilation)","StSLib","SuperFastMode","The Cursed"],"gold_per_floor":[111,128,53,65,65,65,95,111,111,139,139,174,191,202,202,280,280,294,32,44,59,71,71,71,71,71,71,89,108,108,108,108,108,108],"floor_reached":33,"language":"KOR","playtime":529,"items_purged":["Strike_G","Strike_G"],"score":638,"play_id":"8aa29f65-e2c9-4caa-bcf2-14be91123ab0","local_time":"20210116220651","is_ascension_mode":true,"campfire_choices":[{"data":"Glass Knife","floor":6.0,"key":"SMITH"},{"data":"Terror","floor":11.0,"key":"SMITH"},{"floor":15.0,"key":"REST"},{"data":"Tactician","floor":23.0,"key":"SMITH"},{"data":"Acrobatics","floor":25.0,"key":"SMITH"},{"data":"Burst","floor":27.0,"key":"SMITH"},{"data":"Cloak And Dagger","floor":32,"key":"SMITH"}],"circlet_count":0,"master_deck":["AscendersBane","Strike_G","Defend_G","Defend_G","Defend_G","Defend_G","Survivor","Neutralize","All Out Attack","Blade Dance","Acrobatics+1","Glass Knife+1","Terror+1","Cloak And Dagger+1","Blade Dance","Burst+1","Grand Finale","Blade Dance+1","Tactician+1","Sucker Punch","Caltrops"],"relics":["Ring of the Snake","Ornamental Fan","Paper Crane","Pear","Vajra","SlaversCollar","TheAbacus","Tough Bandages"],"acts_visited":["Exordium","TheCity"],"potions_floor_usage":[29],"damage_taken":[{"damage":7.0,"enemies":"Cultist","floor":1.0,"turns":5.0},{"damage":7.0,"enemies":"2 Louse","floor":2.0,"turns":4.0},{"damage":2.0,"enemies":"Jaw Worm","floor":4.0,"turns":3.0},{"damage":12.0,"enemies":"Lagavulin","floor":7.0,"turns":7.0},{"damage":2.0,"enemies":"3 Louse","floor":8.0,"turns":2.0},{"damage":4.0,"enemies":"Gremlin Nob","floor":10.0,"turns":3.0},{"damage":12.0,"enemies":"3 Sentries","floor":12.0,"turns":6.0},{"damage":0.0,"enemies":"Lots of Slimes","floor":13.0,"turns":1.0},{"damage":6.0,"enemies":"Large Slime","floor":14.0,"turns":3.0},{"damage":0.0,"enemies":"Hexaghost","floor":16.0,"turns":7.0},{"damage":0.0,"enemies":"Spheric Guardian","floor":18.0,"turns":3.0},{"damage":9.0,"enemies":"3 Byrds","floor":20.0,"turns":7.0},{"damage":13.0,"enemies":"Snake Plant","floor":21.0,"turns":5.0},{"damage":0.0,"enemies":"Centurion and Healer","floor":22.0,"turns":5.0},{"damage":3.0,"enemies":"Chosen and Byrds","floor":28.0,"turns":4.0},{"damage":1,"enemies":"Shelled Parasite and Fungi","floor":29,"turns":3},{"damage":62,"enemies":"Collector","floor":33,"turns":5}],"seed_played":"7444834805516409363","potions_obtained":[{"floor":0.0,"key":"DuplicationPotion"},{"floor":0.0,"key":"Fire Potion"},{"floor":7.0,"key":"CunningPotion"},{"floor":12.0,"key":"Energy Potion"},{"floor":20.0,"key":"ColorlessPotion"},{"floor":21.0,"key":"Fire Potion"},{"floor":28.0,"key":"Fruit Juice"}],"is_trial":false,"path_per_floor":["M","M","$","M","?","R","E","M","T","E","R","E","M","M","R","B",null,"M","$","M","M","M","R","$","R","T","R","M","M","$","?","R","B"],"character_chosen":"THE_SILENT","items_purchased":["TheAbacus"],"campfire_rested":1,"item_purchase_floors":[19],"current_hp_per_floor":[52,45,45,43,43,43,31,29,29,35,35,23,23,17,39,39,67,67,67,58,45,45,45,45,45,45,45,42,41,41,41,41,0,0],"gold":108,"neow_bonus":"THREE_SMALL_POTIONS","is_daily":false,"chose_seed":false,"campfire_upgraded":6,"win_rate":0.0,"timestamp":1610802411,"path_taken":["M","?","$","M","?","R","E","M","T","E","R","E","M","M","R","BOSS","M","$","M","M","M","R","$","R","T","R","M","M","$","?","R","BOSS"],"items_purchased_type":["Relic"],"build_version":"2020-12-22","purchased_purges":2,"victory":false,"max_hp_per_floor":[66,66,66,66,66,66,66,66,66,76,76,76,76,76,76,76,76,76,76,76,76,76,76,76,76,76,76,76,76,76,76,76,76,76],"card_choices":[{"not_picked":["Escape Plan","Dagger Throw"],"picked":"All Out Attack","floor":1.0},{"not_picked":["Underhanded Strike","Caltrops"],"picked":"Blade Dance","floor":2.0},{"not_picked":["Night Terror","Backstab"],"picked":"Acrobatics","floor":4.0},{"not_picked":["Crippling Poison","Backstab"],"picked":"Terror","floor":7.0},{"not_picked":["Deflect","Flying Knee"],"picked":"Cloak And Dagger","floor":8.0},{"not_picked":["Concentrate","Predator"],"picked":"Blade Dance","floor":10.0},{"not_picked":["Dagger Throw","Dagger Spray"],"picked":"Burst","floor":12.0},{"not_picked":["Bane","Deflect","Acrobatics"],"picked":"SKIP","floor":13.0},{"not_picked":["Backstab","Bullet Time","Deflect"],"picked":"SKIP","floor":14.0},{"not_picked":["Doppelganger","Storm of Steel"],"picked":"Grand Finale","floor":16.0},{"not_picked":["Dodge and Roll+1","Distraction","Terror"],"picked":"SKIP","floor":18.0},{"not_picked":["Outmaneuver","Bane"],"picked":"Blade Dance+1","floor":20.0},{"not_picked":["Cloak And Dagger","Flying Knee"],"picked":"Tactician","floor":21.0},{"not_picked":["Choke","Infinite Blades","Caltrops"],"picked":"SKIP","floor":22.0},{"not_picked":["Dagger Spray+1","Leg Sweep","Heel Hook"],"picked":"SKIP","floor":28.0},{"not_picked":["Skewer","Flying Knee","Poisoned Stab"],"picked":"SKIP","floor":29}],"player_experience":971851,"relics_obtained":[{"floor":7.0,"key":"Ornamental Fan"},{"floor":9.0,"key":"Paper Crane"},{"floor":10.0,"key":"Pear"},{"floor":12.0,"key":"Vajra"},{"floor":26.0,"key":"Tough Bandages"}],"event_choices":[{"damage_healed":0.0,"max_hp_gain":0.0,"max_hp_loss":0.0,"gold_gain":0.0,"cards_transformed":["Strike_G"],"event_name":"Living Wall","player_choice":"Change","floor":5.0,"gold_loss":0.0,"damage_taken":0.0,"cards_obtained":["Glass Knife"]},{"damage_healed":0,"gold_gain":0,"cards_transformed":["Strike_G","Defend_G"],"player_choice":"Became Test Subject","damage_taken":0,"max_hp_gain":0,"max_hp_loss":0,"event_name":"Drug Dealer","floor":31,"gold_loss":0,"cards_obtained":["Sucker Punch","Caltrops"]}],"is_beta":false,"boss_relics":[{"not_picked":["Ectoplasm","Philosopher\u0027s Stone"],"picked":"SlaversCollar"}],"items_purged_floors":[3,19],"is_endless":false,"potions_floor_spawned":[4,7,8,12,20,21,28],"killed_by":"Collector","ascension_level":20}}