{"host":"cv77zuuuekizn3ic","time":1610809024,"event":{"mods":["AchievementEnabler","Act Like it!","BaseMod","Gensokyo","Marisa£®ÏF”Í°°ƒß¿Ì…≥£©","Minty Spire (QoL Compilation)","StSLib","Waifu the Spire","everything is the same but u backflip on backflip","slay the spire mod where everything is the same but ironclad has a cowboy hat"],"gold_per_floor":[364,20,33,33,33,363,395,395,395,424,15,15,15,15,15,92,92,105,105,105,55,74,103,103,133,133,133,153,153,182,195,195,266,266,280,280,280,280,280,311,342,360,383,405,445,482,494,503,503,503,503,503,168,194,194],"floor_reached":56,"language":"ZHS","playtime":3451,"items_purged":["Strike_MRS","Defend_MRS"],"score":2381,"play_id":"fff9bb1a-7750-4f7c-b47d-16f4dfefc7d1","local_time":"20210116225704","is_ascension_mode":true,"campfire_choices":[{"data":"MilkyWay","floor":8.0,"key":"SMITH"},{"data":"Acceleration","floor":12.0,"key":"SMITH"},{"data":"UpSweep","floor":15.0,"key":"SMITH"},{"data":"MilkyWay","floor":27.0,"key":"SMITH"},{"data":"Singularity","floor":29.0,"key":"SMITH"},{"data":"ManaRampage","floor":32.0,"key":"SMITH"},{"floor":49,"key":"RECALL"},{"data":"Acceleration","floor":52,"key":"SMITH"}],"circlet_count":0,"master_deck":["AscendersBane","Defend_MRS","Defend_MRS","Defend_MRS","MasterSpark","UpSweep+1","MeteoricShower","Gensokyo:MarisaTwilightSpark+1","MilkyWay+1","ChargeUpSpray+1","Acceleration+1","TreasureHunter+1","MilkyWay+1","SprinkleStarSeal","GrandCross","Singularity+1","ManaRampage+1","ShootTheMoon","Gensokyo:ShootingStar","ManaRampage","Gensokyo:PrivateSquare","Pride","UltimateShortwave","PulseMagic+1","Acceleration+1","Gensokyo:UnhurriedMind+1","Acceleration"],"relics":["MiniHakkero","Toolbox","Sling","Gensokyo:PortableGap","Strawberry","Pantograph","Eternal Feather","Boot","Chemical X","Potion Belt","Gensokyo:OccultBall","Runic Pyramid","Gensokyo:RedStar","Bag of Preparation","Unceasing Top","Bag of Marbles","Ancient Tea Set","Blood Vial","Blue Candle","Meat on the Bone","Empty Cage","Darkstone Periapt","Centennial Puzzle","Mummified Hand","Bronze Scales","CeramicFish","MealTicket","BreadOfAWashokuLover","Whetstone","Singing Bowl","Omamori","Toy Ornithopter"],"acts_visited":["Exordium","Gensokyo:Gensokyo","Gensokyo:Gensokyoer","TheEnding"],"potions_floor_usage":[55,55,55],"damage_taken":[{"damage":0.0,"enemies":"Gensokyo:3_Fairies","floor":1.0,"turns":5.0},{"damage":7.0,"enemies":"Gensokyo:Python","floor":3.0,"turns":4.0},{"damage":16.0,"enemies":"Gensokyo:Cirno","floor":6.0,"turns":6.0},{"damage":0.0,"enemies":"Gensokyo:Mamizou","floor":7.0,"turns":6.0},{"damage":18.0,"enemies":"Gensokyo:Cirno","floor":10.0,"turns":5.0},{"damage":31.0,"enemies":"Gensokyo:Kokoro","floor":16.0,"turns":6.0},{"damage":25.0,"enemies":"Gensokyo:3_Dogs","floor":18.0,"turns":4.0},{"damage":0.0,"enemies":"Gensokyo:2_Gloops","floor":22.0,"turns":3.0},{"damage":25.0,"enemies":"Gensokyo:Reisen","floor":23.0,"turns":5.0},{"damage":4.0,"enemies":"Gensokyo:Tenshi","floor":25.0,"turns":4.0},{"damage":3.0,"enemies":"Gensokyo:Swordslinger","floor":28.0,"turns":2.0},{"damage":6.0,"enemies":"Gensokyo:Reisen","floor":30.0,"turns":2.0},{"damage":0.0,"enemies":"Gensokyo:Mirror_and_Dog","floor":31.0,"turns":1.0},{"damage":23.0,"enemies":"Gensokyo:Kaguya","floor":33.0,"turns":4.0},{"damage":0.0,"enemies":"Gensokyo:3_Bats","floor":35.0,"turns":1.0},{"damage":1.0,"enemies":"Gensokyo:Marisa","floor":40.0,"turns":1.0},{"damage":2.0,"enemies":"Gensokyo:Kasen","floor":41.0,"turns":3.0},{"damage":0,"enemies":"Gensokyo:3_Boulders","floor":44,"turns":2},{"damage":6,"enemies":"Gensokyo:Doremy","floor":45,"turns":3},{"damage":1,"enemies":"Gensokyo:Marisa","floor":46,"turns":1},{"damage":2,"enemies":"Gensokyo:Marisa","floor":47,"turns":4},{"damage":0,"enemies":"Gensokyo:Marisa","floor":48,"turns":4},{"damage":2,"enemies":"Gensokyo:Yuyuko","floor":50,"turns":2},{"damage":1,"enemies":"Shield and Spear","floor":54,"turns":2},{"damage":53,"enemies":"The Heart","floor":55,"turns":4}],"seed_played":"4711634696382954804","potions_obtained":[{"floor":1.0,"key":"Regen Potion"},{"floor":6.0,"key":"ShroomBrew"},{"floor":10.0,"key":"Dexterity Potion"},{"floor":22.0,"key":"StarNLove"},{"floor":23.0,"key":"LiquidMemories"},{"floor":30.0,"key":"FearPotion"}],"is_trial":false,"path_per_floor":["M","COS","M","?","?","E","E","R","T","E","$","R","?","?","R","B",null,"M","?","?","?","M","E","?","E","T","R","M","R","E","M","R","B",null,"M","T","?","T","?","E","E","?","T","M","E","E","R","?","R","B",null,"R","$","E","B",null],"character_chosen":"MARISA","items_purchased":["Chemical X","Potion Belt","CultistPotion","FairyPotion","Acceleration"],"campfire_rested":0,"item_purchase_floors":[11,11,53,53,53],"current_hp_per_floor":[45,45,50,50,50,41,41,50,50,32,32,41,41,41,50,33,56,31,31,31,38,38,13,13,9,9,18,17,26,22,36,48,57,65,67,67,54,54,54,55,55,61,61,59,53,55,57,57,58,58,58,58,58,60,38],"gold":194,"neow_bonus":"TWO_FIFTY_GOLD","is_daily":false,"chose_seed":false,"campfire_upgraded":7,"win_rate":0.0,"timestamp":1610809024,"path_taken":["M","COS","M","?","?","E","E","R","T","E","$","R","?","?","R","BOSS","M","?","?","?","?","E","?","E","T","R","?","R","E","M","R","BOSS","M","?","?","?","?","E","E","?","T","?","E","E","R","?","R","BOSS","R","$","E","BOSS"],"items_purchased_type":["Relic","Relic","Potion","Potion","Card"],"build_version":"2020-12-22","purchased_purges":2,"victory":true,"max_hp_per_floor":[70,70,70,70,60,64,64,64,64,64,64,64,64,64,64,64,64,64,64,61,68,68,68,68,68,68,68,68,68,68,68,68,68,68,68,68,65,65,65,62,59,65,62,59,56,56,58,58,58,58,58,58,58,60,73],"card_choices":[{"not_picked":["GravityBeat","DC"],"picked":"MeteoricShower","floor":1.0},{"not_picked":["ShootingEcho","MysteriousBeam"],"picked":"GasGiant","floor":3.0},{"not_picked":["6A","EnergyFlow"],"picked":"MilkyWay","floor":6.0},{"not_picked":["JA","DeepEcoloBomb"],"picked":"ChargeUpSpray","floor":7.0},{"not_picked":["DC","BlazeAway"],"picked":"Acceleration","floor":10.0},{"not_picked":["SuperNova","BinaryStars"],"picked":"TreasureHunter","floor":16.0},{"not_picked":["AsteroidBelt","GalacticHalo","WitchOfGreed"],"picked":"SKIP","floor":18.0},{"not_picked":["Acceleration","ChargingUp"],"picked":"SprinkleStarSeal","floor":22.0},{"not_picked":["Acceleration","WitchLeyline"],"picked":"GrandCross","floor":23.0},{"not_picked":["DarkSpark","ShootingEcho","PropBag"],"picked":"SKIP","floor":25.0},{"not_picked":["UnstableBomb","IllusionStar"],"picked":"Singularity","floor":28.0},{"not_picked":["DoubleSpark","GalacticHalo"],"picked":"ManaRampage","floor":30.0},{"not_picked":["LuminesStrike","ShootingEcho+1"],"picked":"ShootTheMoon","floor":31.0},{"not_picked":[],"picked":"Gensokyo:ShootingStar","floor":33.0},{"not_picked":["BlazingStar","AbsoluteMagnitude"],"picked":"ManaRampage","floor":33.0},{"not_picked":["SporeBomb","Orbital","WitchOfGreed"],"picked":"SKIP","floor":35.0},{"not_picked":["WitchLeyline+1","BigCrunch","WitchOfGreed"],"picked":"SKIP","floor":40.0},{"not_picked":["WitchOfGreed","StarlightTyphoon+1","GalacticHalo+1"],"picked":"SKIP","floor":41.0},{"not_picked":["GravityBeat+1","GalacticHalo"],"picked":"UltimateShortwave","floor":44},{"not_picked":["OneTimeOff","GalacticHalo"],"picked":"PulseMagic+1","floor":45},{"not_picked":["IllusionStar","BlazingStar"],"picked":"Acceleration","floor":46},{"not_picked":["Acceleration","WitchOfGreed+1","MagicAbsorber"],"picked":"Singing Bowl","floor":47},{"not_picked":["Gensokyo:LifeSpringInfinity+1","Gensokyo:RisingWorld+1"],"picked":"Gensokyo:UnhurriedMind+1","floor":48},{"not_picked":["AsteroidBelt","GravityBeat","FairyDestructionRay+1"],"picked":"Singing Bowl","floor":54}],"player_experience":923001,"relics_obtained":[{"floor":6.0,"key":"Pantograph"},{"floor":7.0,"key":"Eternal Feather"},{"floor":10.0,"key":"Boot"},{"floor":16.0,"key":"Gensokyo:OccultBall"},{"floor":23.0,"key":"Bag of Preparation"},{"floor":23.0,"key":"Unceasing Top"},{"floor":25.0,"key":"Bag of Marbles"},{"floor":25.0,"key":"Ancient Tea Set"},{"floor":26.0,"key":"Blood Vial"},{"floor":30.0,"key":"Blue Candle"},{"floor":30.0,"key":"Gensokyo:OccultBall"},{"floor":30.0,"key":"Meat on the Bone"},{"floor":31.0,"key":"Gensokyo:OccultBall"},{"floor":33.0,"key":"Gensokyo:OccultBall"},{"floor":35.0,"key":"Gensokyo:OccultBall"},{"floor":36.0,"key":"Darkstone Periapt"},{"floor":38.0,"key":"Centennial Puzzle"},{"floor":40.0,"key":"Gensokyo:OccultBall"},{"floor":40.0,"key":"Mummified Hand"},{"floor":41.0,"key":"Bronze Scales"},{"floor":41.0,"key":"CeramicFish"},{"floor":43,"key":"MealTicket"},{"floor":45,"key":"BreadOfAWashokuLover"},{"floor":45,"key":"Whetstone"},{"floor":46,"key":"Singing Bowl"},{"floor":47,"key":"Gensokyo:OccultBall"},{"floor":47,"key":"Omamori"},{"floor":54,"key":"Toy Ornithopter"}],"event_choices":[],"is_beta":false,"boss_relics":[{"not_picked":["Coffee Dripper","Philosopher\u0027s Stone"],"picked":"Runic Pyramid"},{"not_picked":["Busted Crown","Velvet Choker"],"picked":"Empty Cage"}],"items_purged_floors":[11,53],"is_endless":false,"potions_floor_spawned":[1,6,10,22,23,30,35,44,46,47],"ascension_level":16}}