{"host":"te4ihy0orbpglf07","time":1610839804,"event":{"mods":["Act Like it!","Arknights The Spire","BaseMod","BetterRewards","Chen","Friendly Minions","Gensokyo","HololiveMod","Hubris","Infinite Spire","Marisa????????","Minty Spire (QoL Compilation)","Onozuka Komachi Mod","Reimu??????","Remilia??????","RumiaBox-????????","Small Relic Pack","StSLib","SuperFastMode","Td1madao Mod","The Servant 0.9.4"],"gold_per_floor":[116,116,116,135,88,118,118,129,129,129,129,129,148,148,148,246,246,264,264,281,281,281,281,295,295,322,342,342,353,367,382,382,382,382],"floor_reached":33,"language":"ENG","playtime":4487,"items_purged":["ats:Strike V"],"score":247,"play_id":"7ecbec79-a73b-4cd7-98a3-06bca40c96d6","local_time":"20210117023004","is_ascension_mode":false,"campfire_choices":[{"floor":7,"key":"REST"},{"data":"ats:Emotion Absorption","floor":10,"key":"SMITH"},{"data":"ats:Neurotoxin","floor":15,"key":"SMITH"},{"data":"infinitespire:Collect","floor":23,"key":"SMITH"},{"floor":25,"key":"REST"},{"data":"ats:Neurotoxin","floor":28,"key":"SMITH"},{"floor":32,"key":"REST"}],"circlet_count":0,"master_deck":["ats:Strike C","ats:Strike G","ats:Strike S","ats:Armor Crushing Shot","ats:Defend","ats:Defend","ats:Defend","ats:Defend","ats:Emotion Absorption+1","ats:Healing Strengthening","ats:Rapid Magazine","ats:Poison Spread","ats:Apocalypse","ats:Apocalypse","Injury","ats:Neurotoxin+1","ats:Disruption Kick","ats:Apocalypse","infinitespire:Collect+1","ats:Consecutive Shot Auto+1","ats:Consecutive Shot Auto+1","ats:Neurotoxin+1","ats:Flexible Camouflage"],"relics":["ats:Sanity","ats:Ability Aura","Pear","Blood Vial","ats:Originium","HornCleat","ats:Emergency Defibrillator","Tiny Chest","relicPack:OneForAll","Bottled Tornado","hubris:Backtick","GodSword5","Molten Egg 2","Hololive_LightStick"],"acts_visited":["Exordium","Gensokyo:Gensokyo"],"potions_floor_usage":[6,16,31,33],"damage_taken":[{"damage":7,"enemies":"Gensokyo:2_Kodama","floor":1,"turns":4},{"damage":4,"enemies":"Gensokyo:3_Fairies","floor":4,"turns":6},{"damage":44,"enemies":"Gensokyo:Mamizou","floor":6,"turns":10},{"damage":0,"enemies":"Gensokyo:Python","floor":8,"turns":4},{"damage":18,"enemies":"Gensokyo:3_Kodama","floor":13,"turns":8},{"damage":50,"enemies":"Gensokyo:Kokoro","floor":16,"turns":11},{"damage":51,"enemies":"Gensokyo:2_Gloops","floor":18,"turns":6},{"damage":64,"enemies":"Gensokyo:Chomper","floor":20,"turns":8},{"damage":69,"enemies":"Gensokyo:Wraith","floor":24,"turns":6},{"damage":14,"enemies":"Gensokyo:Chomper_and_Gloop","floor":27,"turns":4},{"damage":26,"enemies":"Gensokyo:3_Gloops","floor":29,"turns":5},{"damage":0,"enemies":"Gensokyo:Slime_Group","floor":30,"turns":6},{"damage":54,"enemies":"Gensokyo:Swordslinger","floor":31,"turns":5},{"damage":91,"enemies":"Gensokyo:Kaguya","floor":33,"turns":7}],"seed_played":"6714586651657010023","potions_obtained":[{"floor":1,"key":"Fire Potion"},{"floor":13,"key":"Weak Potion"},{"floor":18,"key":"SpeedPotion"},{"floor":20,"key":"LiquidMemories"},{"floor":24,"key":"GrandPatriotsElixir:ReiMu"},{"floor":30,"key":"ats:Top Emergency Sanity Potion"}],"is_trial":false,"path_per_floor":["M","?","T","M","$","E","R","M","T","R","?","?","M","T","R","B",null,"M","AVR","M","?","T","R","M","R","T","M","R","M","M","M","R","B"],"character_chosen":"DOCTOR_CLASS","items_purchased":["ats:Poison Spread"],"campfire_rested":3,"item_purchase_floors":[5],"current_hp_per_floor":[65,60,60,58,58,16,40,47,47,47,47,47,55,55,55,41,82,43,43,53,53,53,53,23,53,53,65,65,51,77,40,70,0,0],"gold":382,"neow_bonus":"RANDOM_COMMON_RELIC","is_daily":false,"chose_seed":false,"campfire_upgraded":4,"win_rate":0.0,"timestamp":1610839804,"path_taken":["M","?","?","?","$","E","R","M","T","R","?","?","M","?","R","BOSS","M","AVR","M","?","?","R","M","R","T","M","R","?","M","M","R","BOSS"],"items_purchased_type":["Card"],"build_version":"2020-12-22","purchased_purges":1,"victory":false,"max_hp_per_floor":[72,82,82,82,82,82,82,82,82,82,82,82,82,82,82,82,82,82,82,82,82,82,82,82,82,82,82,82,82,82,82,82,82,82],"card_choices":[{"not_picked":["ats:Curse Doll","ats:Leaping Hammer"],"picked":"ats:Healing Strengthening","floor":1},{"not_picked":["ats:Spore Proliferation","ats:Cat Scratch"],"picked":"ats:Rapid Magazine","floor":4},{"not_picked":["ats:Revitalization","ats:Thorns"],"picked":"ats:Apocalypse","floor":6},{"not_picked":["ats:Childhood Dance","ats:Directed Diagnosis"],"picked":"ats:Apocalypse","floor":8},{"not_picked":["ats:Steam Pump","ats:Shell Defense"],"picked":"ats:Neurotoxin","floor":13},{"not_picked":["ats:Rat Pack","ats:Durian"],"picked":"ats:Disruption Kick","floor":16},{"not_picked":["ats:Blood Oath","ats:Ignite"],"picked":"ats:Apocalypse","floor":18},{"not_picked":["ats:Support Order","ats:Flexible Camouflage"],"picked":"ats:Consecutive Shot Auto+1","floor":20},{"not_picked":["ats:Cat Scratch+1","ats:Flame Of Heaven+1"],"picked":"ats:Consecutive Shot Auto+1","floor":24},{"not_picked":["ats:Assault Order+1","ats:Defend Order"],"picked":"ats:Neurotoxin","floor":27},{"not_picked":["ats:Leaping Hammer+1","ats:Apocalypse"],"picked":"ats:Flexible Camouflage","floor":29},{"not_picked":["ats:Curse Doll","ats:Hammer On+1","ats:Ignite+1"],"picked":"SKIP","floor":30},{"not_picked":["ats:Ignite+1","ats:Blood Oath+1","ats:Assault Order"],"picked":"SKIP","floor":31}],"player_experience":111498,"relics_obtained":[{"floor":3,"key":"Blood Vial"},{"floor":6,"key":"ats:Originium"},{"floor":6,"key":"HornCleat"},{"floor":9,"key":"ats:Emergency Defibrillator"},{"floor":14,"key":"Bottled Tornado"},{"floor":22,"key":"Molten Egg 2"},{"floor":26,"key":"Hololive_LightStick"}],"event_choices":[],"is_beta":false,"boss_relics":[{"not_picked":["infinitespire:Cupcake","AddBug"],"picked":"hubris:Backtick"}],"items_purged_floors":[19],"is_endless":false,"potions_floor_spawned":[1,13,18,20,24,30],"killed_by":"Gensokyo:Kaguya","ascension_level":0}}