{"host":"mai03x2ekbjy4059","time":1610780364,"event":{"mods":["2.2 Compatiblity","BaseMod","DeckTracker","Highlight Path","Keyboard Shortcuts","Minty Spire (QoL Compilation)","Permanent Neow","Quick Restart","SuperFastMode","everything is the same but u backflip on backflip"],"gold_per_floor":[112,62,62,76,88,115,115,145,145,155,155,184,83,108,108,108,108],"floor_reached":16,"language":"KOR","playtime":484,"items_purged":["Strike_G"],"score":134,"play_id":"62e70a40-8878-4f07-8a0b-1aa7a12f1dc8","local_time":"20210116155924","is_ascension_mode":true,"campfire_choices":[{"floor":11.0,"key":"REST"},{"data":"Venomology","floor":15,"key":"SMITH"}],"circlet_count":0,"master_deck":["Strike_G","Strike_G","Strike_G","Defend_G","Defend_G","Defend_G","Defend_G","Survivor","Neutralize+1","Escape Plan","Footwork+1","Venomology+1","Cloak And Dagger"],"relics":["Ring of the Snake","Frozen Egg 2","Potion Belt","Letter Opener","StrikeDummy","Molten Egg 2"],"acts_visited":["Exordium"],"potions_floor_usage":[14,16,16],"damage_taken":[{"damage":0.0,"enemies":"Small Slimes","floor":1.0,"turns":5.0},{"damage":0.0,"enemies":"Jaw Worm","floor":4.0,"turns":4.0},{"damage":0.0,"enemies":"Cultist","floor":5.0,"turns":4.0},{"damage":13.0,"enemies":"Lagavulin","floor":6.0,"turns":8.0},{"damage":46.0,"enemies":"Gremlin Nob","floor":8.0,"turns":6.0},{"damage":0.0,"enemies":"3 Louse","floor":10.0,"turns":4.0},{"damage":9.0,"enemies":"3 Sentries","floor":12.0,"turns":10.0},{"damage":4,"enemies":"Gremlin Nob","floor":14,"turns":4},{"damage":28,"enemies":"Hexaghost","floor":16,"turns":12}],"seed_played":"4307242687087981156","potions_obtained":[{"floor":5.0,"key":"CultistPotion"},{"floor":8.0,"key":"LiquidMemories"},{"floor":10.0,"key":"CultistPotion"}],"is_trial":false,"path_per_floor":["M","?","?","M","M","E","?","E","T","M","R","E","$","E","R","B"],"character_chosen":"THE_SILENT","items_purchased":["Cloak And Dagger"],"campfire_rested":1,"item_purchase_floors":[13],"current_hp_per_floor":[70,70,70,70,70,57,62,16,16,16,38,29,29,25,25,0,0],"gold":108,"neow_bonus":"UPGRADE_CARD","is_daily":false,"chose_seed":false,"campfire_upgraded":1,"win_rate":0.0,"timestamp":1610780364,"path_taken":["M","?","?","M","?","E","?","E","T","M","R","E","$","E","R","BOSS"],"items_purchased_type":["Card"],"build_version":"2020-12-22","purchased_purges":1,"victory":false,"max_hp_per_floor":[70,70,70,70,70,70,75,75,75,75,75,75,75,75,75,75,75],"card_choices":[{"not_picked":["Flying Knee","Tactician"],"picked":"Escape Plan","floor":1.0},{"not_picked":["Bane","Dagger Throw","Quick Slash"],"picked":"SKIP","floor":4.0},{"not_picked":["Prepared","Setup","Dodge and Roll"],"picked":"SKIP","floor":5.0},{"not_picked":["Skewer","Expertise","Prepared"],"picked":"SKIP","floor":6.0},{"not_picked":["Eviscerate","Quick Slash","Reflex"],"picked":"SKIP","floor":8.0},{"not_picked":["Bane","Quick Slash"],"picked":"Footwork+1","floor":10.0},{"not_picked":["Outmaneuver","Crippling Poison"],"picked":"Venomology","floor":12.0},{"not_picked":["Well Laid Plans+1","Poisoned Stab+1","Dodge and Roll"],"picked":"SKIP","floor":14}],"player_experience":1050940,"relics_obtained":[{"floor":6.0,"key":"Frozen Egg 2"},{"floor":8.0,"key":"Potion Belt"},{"floor":9.0,"key":"Letter Opener"},{"floor":12.0,"key":"StrikeDummy"},{"floor":14,"key":"Molten Egg 2"}],"event_choices":[{"cards_removed":["Defend_G"],"damage_healed":0.0,"max_hp_gain":0.0,"max_hp_loss":0.0,"gold_gain":0.0,"event_name":"The Cleric","player_choice":"Card Removal","floor":2.0,"gold_loss":50.0,"damage_taken":0.0},{"cards_removed":["Strike_G"],"damage_healed":0.0,"max_hp_gain":0.0,"max_hp_loss":0.0,"gold_gain":0.0,"event_name":"Purifier","player_choice":"Purged","floor":3.0,"gold_loss":0.0,"damage_taken":0.0},{"damage_healed":0.0,"max_hp_gain":5.0,"max_hp_loss":0.0,"gold_gain":0.0,"event_name":"Big Fish","player_choice":"Donut","floor":7.0,"gold_loss":0.0,"damage_taken":0.0}],"is_beta":false,"boss_relics":[],"items_purged_floors":[13],"is_endless":false,"potions_floor_spawned":[5,8,10],"killed_by":"Hexaghost","ascension_level":1}}