{"host":"dlqyscxstsnu98l1","time":1610771702,"event":{"mods":["AchievementEnabler","BaseMod","Bestiary","Colored Map","Colored Powertips","Conspire","GifTheSpireLib","Highlight Path","Minty Spire (QoL Compilation)","Random Character Button","Replay The Spire","SacredBarkPlus","StSLib"],"gold_per_floor":[119,194,229,242,258,288,288,305,358,358,391,154,183,201,201,303,303,323,194,194,47,47,47,58,93,93,93,93],"floor_reached":27,"language":"ENG","playtime":1211,"items_purged":["Body Slam","Strike_R"],"score":261,"play_id":"5b4f60e9-263a-4a4f-a569-29e13ebd9d40","local_time":"20210115223502","is_ascension_mode":true,"campfire_choices":[{"data":"Sword Boomerang","floor":7,"key":"SMITH"},{"data":"Inflame","floor":10,"key":"SMITH"},{"data":"Flex","floor":15,"key":"SMITH"},{"data":"Sword Boomerang","floor":23,"key":"SMITH"}],"circlet_count":0,"master_deck":["Strike_R","Strike_R","Strike_R","Strike_R","Defend_R","Defend_R","Defend_R","Defend_R","Bash+1","Sword Boomerang+1","Sword Boomerang+1","Metallicize","Inflame+1","Double Tap+1","Heavy Blade+1","Flex+1","Double Tap+1","Heavy Blade"],"relics":["Burning Blood","Kunai","Dream Catcher","Smiling Mask","Eternal Feather","HandDrill","conspire:TopHat","SacredBark","Replay:Wax Seal","Guide Book","Lantern"],"acts_visited":["Exordium","TheCity"],"potions_floor_usage":[4,6,13,16,25],"damage_taken":[{"damage":0,"enemies":"conspire:RoseBush","floor":1,"turns":3},{"damage":21,"enemies":"conspire:MimicChest","floor":3,"turns":5},{"damage":8,"enemies":"Jaw Worm","floor":4,"turns":3},{"damage":0,"enemies":"Cultist","floor":5,"turns":2},{"damage":20,"enemies":"3 Sentries","floor":6,"turns":9},{"damage":0,"enemies":"2 Fungi Beasts","floor":8,"turns":5},{"damage":3,"enemies":"Gremlin Nob","floor":11,"turns":3},{"damage":21,"enemies":"3 Sentries","floor":13,"turns":5},{"damage":19,"enemies":"3 Louse","floor":14,"turns":3},{"damage":36,"enemies":"The Guardian","floor":16,"turns":6},{"damage":0,"enemies":"Chosen","floor":18,"turns":3},{"damage":28,"enemies":"3 Byrds","floor":24,"turns":5},{"damage":45,"enemies":"conspire:Head Lice","floor":25,"turns":9},{"damage":15,"enemies":"Centurion and Healer","floor":27,"turns":1}],"seed_played":"-6796344030097484027","potions_obtained":[{"floor":3,"key":"Strength Potion"},{"floor":5,"key":"Strength Potion"},{"floor":8,"key":"conspire:TimeTravelPotion"},{"floor":14,"key":"Death Potion"},{"floor":18,"key":"FearPotion"},{"floor":22,"key":"CultistPotion"},{"floor":22,"key":"Dexterity Potion"}],"is_trial":false,"path_per_floor":["M","?","?","M","M","E","R","M","T","R","E","$","E","M","R","B",null,"M","$","?","$","?","R","M","E","T","M"],"character_chosen":"IRONCLAD","items_purchased":["Heavy Blade+1","HandDrill","Replay:Wax Seal","Guide Book"],"campfire_rested":0,"item_purchase_floors":[12,12,19,21],"current_hp_per_floor":[80,69,54,52,58,44,44,50,50,50,53,53,53,40,49,19,80,80,80,65,65,65,74,52,13,13,0,0],"gold":93,"neow_bonus":"RANDOM_EVENT","is_daily":false,"chose_seed":false,"campfire_upgraded":4,"win_rate":0.0,"timestamp":1610771702,"path_taken":["M","?","?","?","M","E","R","M","T","R","E","$","E","M","R","BOSS","M","$","?","$","?","R","M","E","T","?"],"items_purchased_type":["Card","Relic","Relic","Relic"],"build_version":"2020-12-22","purchased_purges":2,"victory":false,"max_hp_per_floor":[80,80,80,80,80,80,80,80,80,80,80,80,80,80,80,80,80,80,80,85,85,85,85,85,85,85,85,85],"card_choices":[{"not_picked":["Replay:Undeath\u0027s Touch","Warcry","Searing Blow"],"picked":"SKIP","floor":1},{"not_picked":["ReplayTheSpireMod:Strike From Hell","Replay:Undeath\u0027s Touch"],"picked":"Sword Boomerang","floor":3},{"not_picked":["Reckless Charge","Body Slam"],"picked":"Sword Boomerang","floor":4},{"not_picked":["Double Tap","Battle Trance"],"picked":"Metallicize","floor":5},{"not_picked":["Twin Strike","Feel No Pain"],"picked":"Body Slam","floor":6},{"not_picked":["Body Slam","Infernal Blade"],"picked":"Inflame","floor":8},{"not_picked":["Warcry","Replay:Undeath\u0027s Touch"],"picked":"Double Tap","floor":11},{"not_picked":["Twin Strike","Shrug It Off","Warcry"],"picked":"SKIP","floor":13},{"not_picked":["Perfected Strike","ReplayTheSpireMod:Limb From Limb"],"picked":"Flex","floor":14},{"not_picked":["Demonic Infusion","Brutality"],"picked":"Double Tap","floor":16},{"not_picked":["Twin Strike","ReplayTheSpireMod:Strike From Hell"],"picked":"Heavy Blade","floor":18},{"not_picked":["True Grit","Armaments","Twin Strike"],"picked":"SKIP","floor":24},{"not_picked":["Anger","Heavy Blade","ReplayTheSpireMod:Corrosion Curse"],"picked":"SKIP","floor":25}],"player_experience":59134,"relics_obtained":[{"floor":3,"key":"Kunai"},{"floor":6,"key":"Dream Catcher"},{"floor":9,"key":"Smiling Mask"},{"floor":11,"key":"Eternal Feather"},{"floor":13,"key":"conspire:TopHat"},{"floor":25,"key":"Lantern"}],"event_choices":[{"damage_healed":0,"gold_gain":75,"player_choice":"Gather Gold","damage_taken":11,"max_hp_gain":0,"max_hp_loss":0,"event_name":"World of Goop","floor":2,"gold_loss":0},{"damage_healed":0,"gold_gain":0,"player_choice":"Shed Blood","damage_taken":20,"max_hp_gain":5,"max_hp_loss":0,"event_name":"Forgotten Altar","floor":20,"gold_loss":0},{"damage_healed":0,"gold_gain":0,"player_choice":"Got Potions","damage_taken":0,"max_hp_gain":0,"max_hp_loss":0,"event_name":"Lab","floor":22,"gold_loss":0}],"is_beta":false,"boss_relics":[{"not_picked":["Astrolabe","Busted Crown"],"picked":"SacredBark"}],"items_purged_floors":[12,19],"is_endless":false,"potions_floor_spawned":[3,5,8,14,18,24],"killed_by":"Centurion and Healer","ascension_level":1}}