{"host":"y4sghvfd0ewtcchd","time":1610780226,"event":{"mods":["Aspiration","BaseMod","Better Debug","Better Note","Better Third Choice","BetterRewards","Block Reminder","Colored Map","Colored Powertips","Highlight Path","Hubris","Infinite Spire","Minty Spire (QoL Compilation)","Relic Sorter","Relic Stats","Replay The Spire","Robot Space Explorer","Shop Mod","Spicy Shops","StSLib","The Jungle","The Saiyan"],"gold_per_floor":[109,127,147,164,181,181,131,131,131,157,26,54,76,107,107,184,184,195,209,228,228,248,281,281,293,293,312,312,312,338,338,338,412,412,432,448,465,485,496,496,522,522,522,535,545,252,280,322,322,322,322,322,559,587,587],"floor_reached":56,"language":"ENG","playtime":3932,"items_purged":["Decay","Strike_B","Strike_B","Dualcast"],"score":3181,"play_id":"98c08fef-8854-4d09-8132-679b667d27fa","local_time":"20210116095706","is_ascension_mode":true,"campfire_choices":[{"data":"Storm","floor":6.0,"key":"SMITH"},{"data":"hubris:EnhanceAbility","floor":8.0,"key":"SMITH"},{"data":"Chill","floor":15.0,"key":"SMITH"},{"data":"FIFO Queue","floor":24.0,"key":"SMITH"},{"data":"Barrage","floor":28.0,"key":"SMITH"},{"data":"Chill","floor":32.0,"key":"SMITH"},{"floor":40,"key":"RECALL"},{"data":"Zap","floor":42,"key":"SMITH"}],"circlet_count":0,"master_deck":["AscendersBane","Zap+1","Storm+1","Steam Power","Undo","Doom and Gloom","Replay:Bootleg Shield Generator","hubris:PowerSurge+1","hubris:EnhanceAbility+1","Capacitor","Steam","Chill+1","Chill+1","Self Repair","Barrage+1","hubris:PowerSurge+1","Conserve Battery","Turbo","hubris:PowerSurge+1","Turbo","Loop","Multi-Cast","Melter","Lockon","Steam Power","Creative AI+1","CurseOfTheBell","FIFO Queue+1","Ball Lightning","Ball Lightning","hubris:Ukulele","Buffer+1","Hologram","Conserve Battery","hubris:Prefetch+1","ReplayTheSpireMod:System Scan","Steam","ReplayTheSpireMod:System Scan","Redo+1","Leap+1","White Noise+1","Rebound+1","hubris:PowerSurge+1","Defragment","Tempest","Heatsinks+1","Heatsinks+1","Ball Lightning","Coolheaded+1","Doom and Gloom+1","Streamline+1","Redo+1","Stack+1","ReplayTheSpireMod:GoodbyeWorld+1","Swift Strike+1","Crow Ritual+1","Turbo"],"relics":["Cracked Core","hubris:DeckOfHolding","Calipers","Replay:Bottled Eggs","aspiration:ArtOfWarUpgrade","aspiration:Lifesprig","hubris:RGBLights","hubris:FunFungus","infinitespire:PuzzleCube","BargainBundle","Blood Vial","Symbiotic Virus","hubris:Icosahedron","Sling","Membership Card","DataDisk","hubris:MysteriousPyramids","Lee\u0027s Waffle","Anchor","hubris:BottledRain","Darkstone Periapt","Golden Egg","Odd Mushroom","infinitespire:Freezer","Calling Bell","Oddly Smooth Stone","TungstenRod","Pear","Replay:Towering Pillar of Hats","Pandora\u0027s Box","Strange Spoon","Blue Doll","aspiration:FetidBarrel","hubris:NiceRug","Happy Flower","Replay:Baseball","TheAbacus","aspiration:HiddenCompartment","ClockworkSouvenir","Bronze Scales"],"acts_visited":["Exordium","TheCity","TheBeyond","TheEnding"],"potions_floor_usage":[55,55],"damage_taken":[{"damage":0.0,"enemies":"Jaw Worm","floor":1.0,"turns":2.0},{"damage":0.0,"enemies":"Small Slimes","floor":2.0,"turns":2.0},{"damage":0.0,"enemies":"2 Louse","floor":3.0,"turns":1.0},{"damage":0.0,"enemies":"Large Slime","floor":4.0,"turns":4.0},{"damage":0.0,"enemies":"2 Fungi Beasts","floor":5.0,"turns":2.0},{"damage":0.0,"enemies":"3 Sentries","floor":10.0,"turns":4.0},{"damage":0.0,"enemies":"Gremlin Nob","floor":12.0,"turns":2.0},{"damage":0.0,"enemies":"The Mushroom Lair","floor":13.0,"turns":3.0},{"damage":0.0,"enemies":"3 Sentries","floor":14.0,"turns":3.0},{"damage":0.0,"enemies":"Fading Forest","floor":16.0,"turns":11.0},{"damage":0.0,"enemies":"3 Byrds","floor":18.0,"turns":3.0},{"damage":0.0,"enemies":"Spheric Guardian","floor":19.0,"turns":3.0},{"damage":0.0,"enemies":"Snecko","floor":20.0,"turns":3.0},{"damage":0.0,"enemies":"Shelled Parasite and Fungi","floor":22.0,"turns":2.0},{"damage":0.0,"enemies":"Book of Stabbing","floor":23.0,"turns":3.0},{"damage":0.0,"enemies":"Sentry and Sphere","floor":25.0,"turns":2.0},{"damage":0.0,"enemies":"Centurion and Healer","floor":27.0,"turns":3.0},{"damage":0.0,"enemies":"Gremlin Leader","floor":30.0,"turns":3.0},{"damage":0.0,"enemies":"Champ","floor":33.0,"turns":5.0},{"damage":0.0,"enemies":"Orb Walker","floor":35.0,"turns":3.0},{"damage":0.0,"enemies":"3 Shapes","floor":36.0,"turns":2.0},{"damage":0.0,"enemies":"Writhing Mass","floor":37.0,"turns":3.0},{"damage":0.0,"enemies":"Transient","floor":38.0,"turns":5.0},{"damage":0,"enemies":"3 Darklings","floor":39,"turns":3},{"damage":0,"enemies":"R_Hoarder","floor":41,"turns":5},{"damage":0,"enemies":"Writhing Mass","floor":44,"turns":3},{"damage":0,"enemies":"Transient","floor":45,"turns":5},{"damage":0,"enemies":"Giant Head","floor":47,"turns":5},{"damage":0,"enemies":"hubris:GrandSnecko","floor":50,"turns":4},{"damage":0,"enemies":"hubris:Merchant","floor":53,"turns":3},{"damage":0,"enemies":"Shield and Spear","floor":54,"turns":4},{"damage":0,"enemies":"The Heart","floor":55,"turns":6}],"seed_played":"1623515367878638159","potions_obtained":[{"floor":4.0,"key":"FearPotion"},{"floor":18.0,"key":"FocusPotion"},{"floor":22.0,"key":"Swift Potion"},{"floor":27.0,"key":"Explosive Potion"},{"floor":38.0,"key":"Weak Potion"},{"floor":53,"key":"LifebloodPotion"}],"is_trial":false,"path_per_floor":["M","M","M","M","M","R","?","R","T","E","$","E","?","E","R","B",null,"M","M","M","AVR","M","E","R","M","T","M","R","?","E","?","R","B",null,"M","M","M","M","M","R","E","R","T","M","M","$","E","?","R","B",null,"R","$","E","B",null],"character_chosen":"DEFECT","items_purchased":["Storm","BargainBundle","Steam Power","Undo","Doom and Gloom","Replay:Bootleg Shield Generator","infinitespire:PuzzleCube","aspiration:Lifesprig","Sling","Fruit Juice","Dexterity Potion","BlessingOfTheForge","Membership Card","hubris:PowerSurge","hubris:EnhanceAbility","DataDisk","hubris:MysteriousPyramids","Capacitor","Steam","Lee\u0027s Waffle","Anchor","Chill","Self Repair","hubris:DeckOfHolding","Barrage","hubris:PowerSurge","Conserve Battery","Golden Egg","Heatsinks","Strange Spoon","hubris:FunFungus","Blue Doll"],"campfire_rested":0,"item_purchase_floors":[0,0,0,0,0,0,0,0,0,0,0,0,0,0,0,0,0,0,0,0,0,0,0,0,0,0,0,11,46,46,46,46],"current_hp_per_floor":[85,85,85,85,85,85,85,85,85,85,85,85,85,85,85,85,91,91,91,91,91,91,101,101,101,101,101,101,27,34,34,34,41,86,86,86,86,93,93,93,93,93,93,95,97,97,101,77,77,79,96,96,101,101,101],"gold":587,"neow_bonus":"","is_daily":false,"chose_seed":false,"campfire_upgraded":7,"win_rate":0.0,"timestamp":1610780226,"path_taken":["M","M","M","M","M","R","?","R","T","E","$","E","?","E","R","BOSS","M","M","M","AVR","M","E","R","M","T","M","R","?","E","?","R","BOSS","M","M","M","M","M","R","E","R","T","M","M","$","E","?","R","BOSS","R","$","E","BOSS"],"items_purchased_type":["Card","Relic","Card","Card","Card","Card","Relic","Relic","Relic","Potion","Potion","Potion","Relic","Card","Card","Relic","Relic","Card","Card","Relic","Relic","Card","Card","Relic","Card","Card","Card","Relic","Card","Relic","Relic","Relic"],"build_version":"2020-12-22","purchased_purges":4,"victory":true,"max_hp_per_floor":[85,85,85,85,85,85,85,85,85,85,85,85,85,85,85,85,91,91,91,91,91,91,101,101,101,101,101,101,101,101,101,101,101,101,101,101,101,101,101,101,101,101,101,101,101,101,101,101,101,101,101,101,101,101,101],"relic_stats":{"Blood Vial":24,"Darkstone Periapt":6,"Strange Spoon":[2],"Lee\u0027s Waffle":56,"TheAbacus":[0],"Happy Flower":[3],"counters":[273,972],"Bronze Scales":[51],"Pandora\u0027s Box":["Conserve Battery","hubris:Prefetch","ReplayTheSpireMod:System Scan","Steam","ReplayTheSpireMod:System Scan"],"obtain_stats":[{"Replay:Accelerometer":49,"infinitespire:BottledMercury":11,"hubris:BallOfYels":29,"Golden Egg":11,"aspiration:PoetsPen_weak":17,"Whetstone":27,"Ginger":17,"Bottled Tornado":0,"hubris:MysteriousPyramids":44,"Sling":45,"Boot":54,"Blood Vial":0,"Replay:Ringing Soul":40,"aspiration:EnhancedActuators":53,"Replay:Bronze Core":17,"MealTicket":0,"hubris:DeckOfHolding":53,"Fusion Hammer":34,"Kunai":40,"hubris:TinFlute":23,"hubris:RGBLights":12,"Replay:Bottled Steam":23,"aspiration:FaultyCoupler":12,"Pear":43,"Velvet Choker":34,"Eternal Feather":20,"ReplayTheSpireMod:SealedPack":20,"Pen Nib":53,"aspiration:IroncladSkillbook":34,"Cables":44,"infinitespire:EvilPickle":33,"Bird Faced Urn":30,"Pandora\u0027s Box":17,"hubris:TenFootPole":0,"aspiration:MysteriousAuxiliaryCore":38,"infinitespire:PuzzleCube":28,"Solar Panel":0,"Carrot":0,"aspiration:Lifesprig":9,"hubris:Metronome":17,"Lantern":19,"Singing Bowl":26,"Blue Doll":46,"Replay:Multitool":41,"Bag of Preparation":45,"hubris:EmptyBottle":38,"Replay:Rubber Ducky":53,"hubris:BlackHole":17,"Matryoshka":0,"hubris:Backtick":17,"WingedGreaves":20,"hubris:FunFungus":46,"infinitespire:Eraser":54,"Replay:Bottled Eggs":17,"aspiration:ChemicalBlood":0,"Potion Belt":29,"Lee\u0027s Waffle":0,"Inserter":48,"NeowsBlessing":0,"Golden Idol":7,"PreservedInsect":0,"The Courier":24,"infinitespire:Joker Card":44,"Geode":30,"Omamori":46,"infinitespire:Lucky Rock":54,"Frozen Egg 2":13,"hubris:Towel":13,"Replay:Arrowhead":23,"Busted Crown":17,"Ornamental Fan":47,"Orrery":48,"Turnip":45,"Garlic":16,"Art of War":48,"Bottled Lightning":12,"ReplayTheSpireMod:Lightbulb":40,"Toy Ornithopter":31,"hubris:BottledRain":26,"infinitespire:Freezer":55,"Ice Cream":31,"Tiny House":44,"Calipers":0,"aspiration:Stabinomicon":25,"Runic Capacitor":50,"Centennial Puzzle":27,"infinitespire:SolderingIron":43,"DollysMirror":53,"Strawberry":14,"Philosopher\u0027s Stone":17,"Prayer Wheel":37,"aspiration:ArtOfWarUpgrade":52,"Iron Hammer":29,"Toxic Egg 2":5,"Girya":26,"Happy Flower":0,"hubris:DuctTape":34,"ReplayTheSpireMod:CursedCoin":0,"hubris:SoftwareUpdate":41,"aspiration:Nostalgia":53,"Replay:Grab Bag":17,"Astrolabe":34,"Oddly Smooth Stone":0,"infinitespire:Beetle Shell":48,"Replay:Kaleidoscope":43,"Question Card":47,"aspiration:HiddenCompartment":53,"Du-Vu Doll":24,"Replay:Baseball":45,"ReplayTheSpireMod:Shallot":48,"Shuriken":43,"Bronze Scales":0,"hubris:PeanutButter":0,"Simple Rune":9,"Onion Ring":26,"Molten Egg 2":43,"ReplayTheSpireMod:TigerMarble":23,"Black Star":22,"Mirror":0,"Symbiotic Virus":43,"Meat on the Bone":0,"ReplayFunnel":44,"Darkstone Periapt":10,"SacredBark":17,"aspiration:TomeofQuesting":10,"hubris:SlimyHat":43,"Replay:Mystery Machine":7,"ClockworkSouvenir":23,"aspiration:StickyExplosives_weak":30,"Replay:Bandana":0,"Nunchaku":25,"Emotion Chip":38,"Dream Catcher":42,"Chameleon Ring":45,"hubris:Icosahedron":48,"TheAbacus":53,"Tiny Chest":7,"Cracked Core":0,"Replay:Drink Me":21,"hubris:DisguiseKit":46,"BargainBundle":0,"Replay:Towering Pillar of Hats":30,"aspiration:FetidBarrel":47,"Guide Book":53,"Replay:WaspNest":53,"Orichalcum":56,"Odd Mushroom":13,"White Beast Statue":20,"Calling Bell":17,"Strange Spoon":46,"CaptainsWheel":0,"DataDisk":27,"Pondfish Scales":43,"Anchor":0,"infinitespire:WardingShard":42,"infinitespire:Satchel":17,"ChewingGum":34,"hubris:BundleOfHerbs":0,"hubris:GrandSneckoEye":36,"Bag of Marbles":0,"Membership Card":0,"PureWater":53,"hubris:Potato":31,"TungstenRod":17,"ReplayTheSpireMod:ShopPack":21,"hubris:NiceRug":53},{"Replay:Accelerometer":97,"infinitespire:BottledMercury":105,"hubris:BallOfYels":118,"Golden Egg":247,"aspiration:PoetsPen_weak":194,"Whetstone":36,"Ginger":166,"Bottled Tornado":100,"hubris:MysteriousPyramids":178,"Sling":153,"Boot":184,"Blood Vial":0,"Replay:Ringing Soul":234,"aspiration:EnhancedActuators":71,"Replay:Bronze Core":7,"MealTicket":22,"hubris:DeckOfHolding":71,"Fusion Hammer":42,"Kunai":125,"hubris:TinFlute":142,"hubris:RGBLights":248,"Replay:Bottled Steam":114,"aspiration:FaultyCoupler":164,"Pear":126,"Velvet Choker":14,"Eternal Feather":8,"ReplayTheSpireMod:SealedPack":32,"Pen Nib":132,"aspiration:IroncladSkillbook":147,"Cables":95,"infinitespire:EvilPickle":62,"Bird Faced Urn":40,"Pandora\u0027s Box":30,"hubris:TenFootPole":100,"aspiration:MysteriousAuxiliaryCore":65,"infinitespire:PuzzleCube":86,"Solar Panel":22,"Carrot":0,"aspiration:Lifesprig":26,"hubris:Metronome":166,"Lantern":167,"Singing Bowl":59,"Blue Doll":268,"Replay:Multitool":45,"Bag of Preparation":95,"hubris:EmptyBottle":232,"Replay:Rubber Ducky":157,"hubris:BlackHole":219,"Matryoshka":100,"hubris:Backtick":139,"WingedGreaves":32,"hubris:FunFungus":268,"infinitespire:Eraser":133,"Replay:Bottled Eggs":251,"aspiration:ChemicalBlood":46,"Potion Belt":227,"Lee\u0027s Waffle":0,"Inserter":21,"NeowsBlessing":0,"Golden Idol":50,"PreservedInsect":134,"The Courier":170,"infinitespire:Joker Card":207,"Geode":12,"Omamori":237,"infinitespire:Lucky Rock":72,"Frozen Egg 2":53,"hubris:Towel":138,"Replay:Arrowhead":170,"Busted Crown":109,"Ornamental Fan":96,"Orrery":21,"Turnip":127,"Garlic":80,"Art of War":269,"Bottled Lightning":28,"ReplayTheSpireMod:Lightbulb":44,"Toy Ornithopter":41,"hubris:BottledRain":9,"infinitespire:Freezer":98,"Ice Cream":228,"Tiny House":95,"Calipers":159,"aspiration:Stabinomicon":35,"Runic Capacitor":97,"Centennial Puzzle":10,"infinitespire:SolderingIron":68,"DollysMirror":71,"Strawberry":79,"Philosopher\u0027s Stone":7,"Prayer Wheel":44,"aspiration:ArtOfWarUpgrade":270,"Iron Hammer":199,"Toxic Egg 2":3,"Girya":197,"Happy Flower":46,"hubris:DuctTape":172,"ReplayTheSpireMod:CursedCoin":46,"hubris:SoftwareUpdate":67,"aspiration:Nostalgia":211,"Replay:Grab Bag":7,"Astrolabe":120,"Oddly Smooth Stone":22,"infinitespire:Beetle Shell":181,"Replay:Kaleidoscope":178,"Question Card":21,"aspiration:HiddenCompartment":132,"Du-Vu Doll":9,"Replay:Baseball":153,"ReplayTheSpireMod:Shallot":155,"Shuriken":152,"Bronze Scales":46,"hubris:PeanutButter":73,"Simple Rune":104,"Onion Ring":116,"Molten Egg 2":235,"ReplayTheSpireMod:TigerMarble":59,"Black Star":223,"Mirror":185,"Symbiotic Virus":266,"Meat on the Bone":134,"ReplayFunnel":178,"Darkstone Periapt":247,"SacredBark":7,"aspiration:TomeofQuesting":5,"hubris:SlimyHat":17,"Replay:Mystery Machine":4,"ClockworkSouvenir":9,"aspiration:StickyExplosives_weak":40,"Replay:Bandana":46,"Nunchaku":116,"Emotion Chip":149,"Dream Catcher":235,"Chameleon Ring":19,"hubris:Icosahedron":69,"TheAbacus":271,"Tiny Chest":162,"Cracked Core":0,"Replay:Drink Me":8,"hubris:DisguiseKit":128,"BargainBundle":22,"Replay:Towering Pillar of Hats":259,"aspiration:FetidBarrel":269,"Guide Book":157,"Replay:WaspNest":211,"Orichalcum":99,"Odd Mushroom":249,"White Beast Statue":196,"Calling Bell":166,"Strange Spoon":268,"CaptainsWheel":46,"DataDisk":86,"Pondfish Scales":206,"Anchor":241,"infinitespire:WardingShard":126,"infinitespire:Satchel":166,"ChewingGum":62,"hubris:BundleOfHerbs":159,"hubris:GrandSneckoEye":90,"Bag of Marbles":213,"Membership Card":100,"PureWater":211,"hubris:Potato":61,"TungstenRod":251,"ReplayTheSpireMod:ShopPack":8,"hubris:NiceRug":71},{"Replay:Accelerometer":396,"infinitespire:BottledMercury":423,"hubris:BallOfYels":451,"Golden Egg":876,"aspiration:PoetsPen_weak":711,"Whetstone":160,"Ginger":622,"Bottled Tornado":415,"hubris:MysteriousPyramids":659,"Sling":564,"Boot":680,"Blood Vial":0,"Replay:Ringing Soul":841,"aspiration:EnhancedActuators":274,"Replay:Bronze Core":30,"MealTicket":111,"hubris:DeckOfHolding":274,"Fusion Hammer":182,"Kunai":462,"hubris:TinFlute":518,"hubris:RGBLights":878,"Replay:Bottled Steam":441,"aspiration:FaultyCoupler":609,"Pear":466,"Velvet Choker":72,"Eternal Feather":33,"ReplayTheSpireMod:SealedPack":147,"Pen Nib":481,"aspiration:IroncladSkillbook":539,"Cables":384,"infinitespire:EvilPickle":245,"Bird Faced Urn":173,"Pandora\u0027s Box":140,"hubris:TenFootPole":415,"aspiration:MysteriousAuxiliaryCore":252,"infinitespire:PuzzleCube":338,"Solar Panel":111,"Carrot":0,"aspiration:Lifesprig":124,"hubris:Metronome":622,"Lantern":627,"Singing Bowl":235,"Blue Doll":950,"Replay:Multitool":193,"Bag of Preparation":384,"hubris:EmptyBottle":835,"Replay:Rubber Ducky":582,"hubris:BlackHole":796,"Matryoshka":415,"hubris:Backtick":507,"WingedGreaves":147,"hubris:FunFungus":950,"infinitespire:Eraser":482,"Replay:Bottled Eggs":895,"aspiration:ChemicalBlood":195,"Potion Belt":822,"Lee\u0027s Waffle":0,"Inserter":104,"NeowsBlessing":0,"Golden Idol":205,"PreservedInsect":485,"The Courier":636,"infinitespire:Joker Card":755,"Geode":57,"Omamori":850,"infinitespire:Lucky Rock":276,"Frozen Egg 2":214,"hubris:Towel":497,"Replay:Arrowhead":636,"Busted Crown":433,"Ornamental Fan":391,"Orrery":104,"Turnip":468,"Garlic":302,"Art of War":955,"Bottled Lightning":131,"ReplayTheSpireMod:Lightbulb":189,"Toy Ornithopter":176,"hubris:BottledRain":37,"infinitespire:Freezer":404,"Ice Cream":825,"Tiny House":384,"Calipers":592,"aspiration:Stabinomicon":156,"Runic Capacitor":396,"Centennial Puzzle":42,"infinitespire:SolderingIron":262,"DollysMirror":274,"Strawberry":299,"Philosopher\u0027s Stone":30,"Prayer Wheel":188,"aspiration:ArtOfWarUpgrade":959,"Iron Hammer":728,"Toxic Egg 2":7,"Girya":720,"Happy Flower":195,"hubris:DuctTape":646,"ReplayTheSpireMod:CursedCoin":195,"hubris:SoftwareUpdate":260,"aspiration:Nostalgia":767,"Replay:Grab Bag":30,"Astrolabe":454,"Oddly Smooth Stone":111,"infinitespire:Beetle Shell":669,"Replay:Kaleidoscope":659,"Question Card":104,"aspiration:HiddenCompartment":481,"Du-Vu Doll":37,"Replay:Baseball":564,"ReplayTheSpireMod:Shallot":573,"Shuriken":560,"Bronze Scales":195,"hubris:PeanutButter":281,"Simple Rune":422,"Onion Ring":447,"Molten Egg 2":843,"ReplayTheSpireMod:TigerMarble":235,"Black Star":810,"Mirror":684,"Symbiotic Virus":942,"Meat on the Bone":485,"ReplayFunnel":659,"Darkstone Periapt":876,"SacredBark":30,"aspiration:TomeofQuesting":17,"hubris:SlimyHat":85,"Replay:Mystery Machine":13,"ClockworkSouvenir":37,"aspiration:StickyExplosives_weak":173,"Replay:Bandana":195,"Nunchaku":447,"Emotion Chip":545,"Dream Catcher":843,"Chameleon Ring":98,"hubris:Icosahedron":265,"TheAbacus":962,"Tiny Chest":603,"Cracked Core":0,"Replay:Drink Me":33,"hubris:DisguiseKit":471,"BargainBundle":111,"Replay:Towering Pillar of Hats":917,"aspiration:FetidBarrel":955,"Guide Book":582,"Replay:WaspNest":767,"Orichalcum":408,"Odd Mushroom":881,"White Beast Statue":717,"Calling Bell":622,"Strange Spoon":950,"CaptainsWheel":195,"DataDisk":338,"Pondfish Scales":752,"Anchor":861,"infinitespire:WardingShard":466,"infinitespire:Satchel":622,"ChewingGum":245,"hubris:BundleOfHerbs":592,"hubris:GrandSneckoEye":356,"Bag of Marbles":773,"Membership Card":415,"PureWater":767,"hubris:Potato":241,"TungstenRod":895,"ReplayTheSpireMod:ShopPack":33,"hubris:NiceRug":274}],"TungstenRod":2},"card_choices":[{"not_picked":["Chaos","Doom and Gloom","Gash"],"picked":"SKIP","floor":1.0},{"not_picked":["Glacier","Ball Lightning"],"picked":"Turbo","floor":2.0},{"not_picked":["Time Bomb","Reprogram"],"picked":"hubris:PowerSurge","floor":3.0},{"not_picked":["Go for the Eyes","Darkness"],"picked":"Turbo","floor":4.0},{"not_picked":["Gash","Cold Snap"],"picked":"Loop","floor":5.0},{"not_picked":["Panic Button","Steam"],"picked":"Multi-Cast","floor":10.0},{"not_picked":["Ball Lightning","ReplayTheSpireMod:System Scan"],"picked":"Melter","floor":12.0},{"not_picked":["Doom and Gloom","Go for the Eyes"],"picked":"Lockon","floor":13.0},{"not_picked":["Compile Driver","Barrage"],"picked":"Steam Power","floor":14.0},{"not_picked":["Buffer","Meteor Strike"],"picked":"Creative AI","floor":16.0},{"not_picked":["Rebound+1","Aggregate","Barrage"],"picked":"SKIP","floor":18.0},{"not_picked":["Redo","Capacitor"],"picked":"FIFO Queue","floor":19.0},{"not_picked":["Beam Cell","Glacier","Sweeping Beam"],"picked":"SKIP","floor":20.0},{"not_picked":["Barrage","ReplayTheSpireMod:Reroute Power+1"],"picked":"Ball Lightning","floor":22.0},{"not_picked":["Aggregate","Compile Driver"],"picked":"Ball Lightning","floor":23.0},{"not_picked":["Barrage","Conserve Battery"],"picked":"hubris:Ukulele","floor":25.0},{"not_picked":["Go for the Eyes","Panic Button"],"picked":"Buffer","floor":27.0},{"not_picked":["Rebound","Beam Cell"],"picked":"Hologram","floor":30.0},{"not_picked":["Streamline","Steam Power"],"picked":"Redo+1","floor":35.0},{"not_picked":["Genetic Algorithm","Doom and Gloom"],"picked":"Leap+1","floor":36.0},{"not_picked":["Streamline","Rip and Tear","Sweeping Beam"],"picked":"SKIP","floor":37.0},{"not_picked":["Stack","Coolheaded"],"picked":"White Noise+1","floor":38.0},{"not_picked":["Multi-Cast","Beam Cell"],"picked":"Rebound+1","floor":39},{"not_picked":["Redo","Seek"],"picked":"hubris:PowerSurge","floor":41},{"not_picked":["Tempest+1","Barrage"],"picked":"Defragment","floor":44},{"not_picked":["ReplayGash+1","Reinforced Body"],"picked":"Tempest","floor":45},{"not_picked":["Sweeping Beam","Stack"],"picked":"Ball Lightning","floor":47},{"not_picked":["Leap","Cold Snap"],"picked":"Coolheaded+1","floor":48},{"not_picked":[],"picked":"Doom and Gloom","floor":53},{"not_picked":[],"picked":"Streamline","floor":53},{"not_picked":[],"picked":"Redo","floor":53},{"not_picked":[],"picked":"Stack+1","floor":53},{"not_picked":[],"picked":"ReplayTheSpireMod:GoodbyeWorld","floor":53},{"not_picked":[],"picked":"Swift Strike","floor":53},{"not_picked":[],"picked":"Crow Ritual","floor":53},{"not_picked":["Multi-Cast","Gash"],"picked":"Turbo","floor":54}],"player_experience":599619,"relics_obtained":[{"floor":9.0,"key":"hubris:BottledRain"},{"floor":10.0,"key":"Darkstone Periapt"},{"floor":12.0,"key":"hubris:RGBLights"},{"floor":13.0,"key":"Odd Mushroom"},{"floor":14.0,"key":"infinitespire:Freezer"},{"floor":17.0,"key":"Oddly Smooth Stone"},{"floor":17.0,"key":"Replay:Bottled Eggs"},{"floor":17.0,"key":"TungstenRod"},{"floor":23.0,"key":"Pear"},{"floor":30.0,"key":"Replay:Towering Pillar of Hats"},{"floor":41,"key":"Blood Vial"},{"floor":43,"key":"Symbiotic Virus"},{"floor":47,"key":"aspiration:FetidBarrel"},{"floor":48,"key":"Art of War"},{"floor":53,"key":"Happy Flower"},{"floor":53,"key":"Replay:Baseball"},{"floor":53,"key":"TheAbacus"},{"floor":53,"key":"aspiration:HiddenCompartment"},{"floor":53,"key":"Calipers"},{"floor":53,"key":"ClockworkSouvenir"},{"floor":54,"key":"Bronze Scales"}],"event_choices":[{"cards_removed":["Defend_B"],"damage_healed":0.0,"max_hp_gain":0.0,"max_hp_loss":0.0,"gold_gain":0.0,"event_name":"The Cleric","player_choice":"Card Removal","floor":7.0,"gold_loss":50.0,"damage_taken":0.0},{"damage_healed":0.0,"max_hp_gain":0.0,"max_hp_loss":0.0,"gold_gain":0.0,"event_name":"Mushrooms","player_choice":"Fought Mushrooms","floor":13.0,"gold_loss":0.0,"damage_taken":0.0}],"is_beta":false,"boss_relics":[{"not_picked":["SlaversCollar","Philosopher\u0027s Stone"],"picked":"Calling Bell"},{"not_picked":["hubris:GrandSneckoEye","Empty Cage"],"picked":"Pandora\u0027s Box"}],"items_purged_floors":[0,0,21,53],"is_endless":false,"potions_floor_spawned":[4,5,10,12,16,18,22,23,27,38,44,45,54],"ascension_level":14}}