{"host":"d66n7ln59ex8canu","time":1610830305,"event":{"mods":["AchievementEnabler","BaseMod","Colored Map","Minty Spire (QoL Compilation)","Quick Restart","StSLib"],"gold_per_floor":[115,115,128,128,141,172,172,186,186,186,186,221,32,47,47,47,47],"floor_reached":16,"language":"ENG","playtime":351,"items_purged":[],"score":149,"play_id":"8e79d42b-2a16-4b92-8ade-3269f0e80894","local_time":"20210116155145","is_ascension_mode":true,"campfire_choices":[{"data":"Blizzard","floor":7,"key":"SMITH"},{"floor":11,"key":"REST"},{"data":"Defragment","floor":15,"key":"SMITH"}],"circlet_count":0,"master_deck":["Strike_B","Strike_B+1","Strike_B","Strike_B+1","Defend_B","Defend_B","Defend_B","Defend_B","Zap","Dualcast","Steam","Conserve Battery","Heatsinks","Blizzard+1","Genetic Algorithm","Defragment+1","Auto Shields"],"relics":["Cracked Core","NeowsBlessing","Art of War","Whetstone","Darkstone Periapt","Anchor","Runic Capacitor"],"acts_visited":["Exordium"],"potions_floor_usage":[12,16,16],"damage_taken":[{"damage":0,"enemies":"Jaw Worm","floor":1,"turns":1},{"damage":0,"enemies":"Cultist","floor":3,"turns":1},{"damage":0,"enemies":"Small Slimes","floor":5,"turns":1},{"damage":38,"enemies":"Lagavulin","floor":6,"turns":8},{"damage":24,"enemies":"2 Fungi Beasts","floor":8,"turns":4},{"damage":8,"enemies":"3 Sentries","floor":12,"turns":4},{"damage":3,"enemies":"Blue Slaver","floor":14,"turns":4},{"damage":21,"enemies":"Hexaghost","floor":16,"turns":9}],"seed_played":"7226414418810727653","potions_obtained":[{"floor":6,"key":"GamblersBrew"},{"floor":8,"key":"PowerPotion"},{"floor":14,"key":"DistilledChaos"}],"is_trial":false,"path_per_floor":["M","?","M","?","M","E","R","M","T","?","R","E","$","M","R","B"],"character_chosen":"DEFECT","items_purchased":["Defragment","Runic Capacitor"],"campfire_rested":1,"item_purchase_floors":[13,13],"current_hp_per_floor":[68,68,68,73,73,35,35,11,11,8,32,24,24,21,21,0,0],"gold":47,"neow_bonus":"THREE_ENEMY_KILL","is_daily":false,"chose_seed":false,"campfire_upgraded":2,"win_rate":0.0,"timestamp":1610830305,"path_taken":["M","?","?","?","M","E","R","M","T","?","R","E","?","M","R","BOSS"],"items_purchased_type":["Card","Relic"],"build_version":"2020-12-22","purchased_purges":0,"victory":false,"max_hp_per_floor":[75,75,75,80,80,80,80,80,80,80,80,80,80,80,80,80,80],"card_choices":[{"not_picked":["Rebound","Gash"],"picked":"Steam","floor":1},{"not_picked":["Go for the Eyes","Steam"],"picked":"Conserve Battery","floor":3},{"not_picked":["Go for the Eyes","Aggregate"],"picked":"Heatsinks","floor":5},{"not_picked":["FTL","Aggregate"],"picked":"Blizzard","floor":6},{"not_picked":["Barrage","Stack","Conserve Battery"],"picked":"SKIP","floor":8},{"not_picked":["Undo","Seek"],"picked":"Genetic Algorithm","floor":12},{"not_picked":["Beam Cell","Rebound"],"picked":"Auto Shields","floor":14}],"player_experience":322169,"relics_obtained":[{"floor":6,"key":"Art of War"},{"floor":9,"key":"Whetstone"},{"floor":12,"key":"Anchor"}],"event_choices":[{"damage_healed":0,"gold_gain":0,"player_choice":"Bought 0 Potions","damage_taken":0,"max_hp_gain":0,"max_hp_loss":0,"event_name":"The Woman in Blue","floor":2,"gold_loss":0},{"damage_healed":0,"gold_gain":0,"player_choice":"Donut","damage_taken":0,"max_hp_gain":5,"max_hp_loss":0,"event_name":"Big Fish","floor":4,"gold_loss":0},{"damage_healed":0,"gold_gain":0,"player_choice":"Success","damage_taken":3,"relics_obtained":["Darkstone Periapt"],"max_hp_gain":0,"max_hp_loss":0,"event_name":"Scrap Ooze","floor":10,"gold_loss":0}],"is_beta":false,"boss_relics":[],"items_purged_floors":[],"is_endless":false,"potions_floor_spawned":[6,8,14],"killed_by":"Hexaghost","ascension_level":7}}