{"host":"bg8va46pgqgvtzim","time":1610808492,"event":{"mods":["BaseMod","Downfall","Minty Spire (QoL Compilation)","Quick Restart","StSLib","SuperFastMode"],"gold_per_floor":[110,125,145,155,155,155,182,182,182,182,182,182,212,232,232,331,331,351,351,369,385,385,412,412,444,444,475,495,508,508,508,508,604,604,618,635,646,453,453,480,491,520,520,551,551,567,584,595,595,595,595,595,303,337,337],"floor_reached":56,"language":"ZHS","playtime":1825,"items_purged":["ReachHeaven+1","FlyingSleeves+1"],"score":1543,"play_id":"1851cecb-9bb4-4c4d-8227-f0e3b31a87b1","local_time":"20210116224812","is_ascension_mode":true,"campfire_choices":[{"floor":6.0,"key":"REST"},{"data":"Eruption","floor":8.0,"key":"SMITH"},{"data":"LessonLearned","floor":11.0,"key":"SMITH"},{"data":"FlurryOfBlows","floor":15.0,"key":"SMITH"},{"data":"Scrawl","floor":24.0,"key":"SMITH"},{"floor":30.0,"key":"RECALL"},{"data":"Prostrate","floor":32.0,"key":"SMITH"},{"floor":45.0,"key":"REST"},{"floor":49.0,"key":"REST"},{"floor":52.0,"key":"REST"}],"circlet_count":0,"master_deck":["Eruption+1","Vigilance+1","LessonLearned+1","Indignation+1","InnerPeace+1","DevaForm+1","FollowUp+1","FlurryOfBlows+1","Halt+1","Scrawl+1","Crescendo+1","Prostrate+1","Omniscience+1","Sanctity+1","Prostrate+1","Pray+1","Omniscience+1","EmptyMind+1","MentalFortress+1","MentalFortress+1","DeusExMachina"],"relics":["PureWater","Smiling Mask","Sundial","Kunai","Ancient Tea Set","Empty Cage","MutagenicStrength","Whetstone","Vajra","Pen Nib","HornCleat","Astrolabe","DollysMirror","Regal Pillow","MealTicket","Ginger","InkBottle","Blood Vial"],"acts_visited":["Exordium","TheCity","TheBeyond","TheEnding"],"potions_floor_usage":[55,55],"damage_taken":[{"damage":12.0,"enemies":"2 Louse","floor":1.0,"turns":2.0},{"damage":5.0,"enemies":"Small Slimes","floor":2.0,"turns":5.0},{"damage":0.0,"enemies":"Cultist","floor":3.0,"turns":2.0},{"damage":4.0,"enemies":"Exordium Wildlife","floor":4.0,"turns":3.0},{"damage":7.0,"enemies":"Lagavulin","floor":7.0,"turns":6.0},{"damage":0.0,"enemies":"3 Sentries","floor":13.0,"turns":6.0},{"damage":0.0,"enemies":"3 Louse","floor":14.0,"turns":1.0},{"damage":34.0,"enemies":"The Guardian","floor":16.0,"turns":11.0},{"damage":0.0,"enemies":"Chosen","floor":18.0,"turns":4.0},{"damage":0.0,"enemies":"3 Byrds","floor":20.0,"turns":4.0},{"damage":0.0,"enemies":"Sentry and Sphere","floor":21.0,"turns":2.0},{"damage":0.0,"enemies":"Book of Stabbing","floor":23.0,"turns":2.0},{"damage":16.0,"enemies":"Slavers","floor":25.0,"turns":3.0},{"damage":5.0,"enemies":"Gremlin Leader","floor":27.0,"turns":4.0},{"damage":4.0,"enemies":"Centurion and Healer","floor":28.0,"turns":4.0},{"damage":2.0,"enemies":"Cultist and Chosen","floor":29.0,"turns":2.0},{"damage":0.0,"enemies":"Champ","floor":33.0,"turns":3.0},{"damage":18.0,"enemies":"3 Darklings","floor":35.0,"turns":3.0},{"damage":0.0,"enemies":"3 Shapes","floor":36.0,"turns":2.0},{"damage":0.0,"enemies":"Maw","floor":37.0,"turns":4.0},{"damage":10.0,"enemies":"Reptomancer","floor":40.0,"turns":3.0},{"damage":0.0,"enemies":"Transient","floor":41.0,"turns":5.0},{"damage":1.0,"enemies":"Giant Head","floor":42.0,"turns":2.0},{"damage":5.0,"enemies":"Nemesis","floor":44.0,"turns":3.0},{"damage":0.0,"enemies":"4 Shapes","floor":46.0,"turns":2.0},{"damage":10.0,"enemies":"Jaw Worm Horde","floor":47.0,"turns":3.0},{"damage":0.0,"enemies":"3 Darklings","floor":48.0,"turns":4.0},{"damage":23.0,"enemies":"Time Eater","floor":50.0,"turns":10.0},{"damage":22.0,"enemies":"Shield and Spear","floor":54.0,"turns":3.0},{"damage":0,"enemies":"The Heart","floor":55,"turns":6}],"seed_played":"-337296709825843659","potions_obtained":[{"floor":1.0,"key":"BottledMiracle"},{"floor":2.0,"key":"Weak Potion"},{"floor":3.0,"key":"DuplicationPotion"},{"floor":7.0,"key":"Explosive Potion"},{"floor":14.0,"key":"StancePotion"},{"floor":16.0,"key":"Ancient Potion"},{"floor":27.0,"key":"Block Potion"},{"floor":28.0,"key":"Dexterity Potion"},{"floor":29.0,"key":"LiquidMemories"},{"floor":40.0,"key":"SpeedPotion"},{"floor":41.0,"key":"SkillPotion"},{"floor":48.0,"key":"Swift Potion"}],"is_trial":false,"path_per_floor":["M","M","M","M","?","R","E","R","T","?","R","?","E","M","R","B",null,"M","?","M","M","?","E","R","E","T","E","M","M","R","?","R","B",null,"M","M","M","$","?","E","M","E","T","E","R","M","M","M","R","B",null,"R","$","E","B",null],"character_chosen":"WATCHER","items_purchased":["DollysMirror","InkBottle"],"campfire_rested":4,"item_purchase_floors":[38,53],"current_hp_per_floor":[60,55,55,51,51,72,65,65,65,53,53,53,53,53,53,19,72,72,72,72,72,72,72,72,56,56,51,47,45,45,45,45,45,72,54,54,54,54,54,44,44,43,43,38,72,72,62,62,72,49,72,72,72,50,52],"gold":337,"neow_bonus":"ONE_RANDOM_RARE_CARD","is_daily":false,"chose_seed":false,"campfire_upgraded":5,"win_rate":0.0,"timestamp":1610808492,"path_taken":["M","M","M","M","?","R","E","R","T","?","R","?","E","M","R","BOSS","M","?","M","M","?","E","R","E","T","E","M","?","R","?","R","BOSS","M","M","M","$","?","E","?","E","T","E","R","M","?","M","R","BOSS","R","$","E","BOSS"],"items_purchased_type":["Relic","Relic"],"build_version":"2020-12-22","purchased_purges":2,"victory":true,"max_hp_per_floor":[72,72,72,72,72,72,72,72,72,72,72,72,72,72,72,72,72,72,72,72,72,72,72,72,72,72,72,72,72,72,72,72,72,72,72,72,72,72,72,72,72,72,72,72,72,72,72,72,72,72,72,72,72,72,72],"card_choices":[{"not_picked":["WaveOfTheHand","Protect","Weave"],"picked":"SKIP","floor":1.0},{"not_picked":["Vengeance","Prostrate"],"picked":"Indignation","floor":2.0},{"not_picked":["ClearTheMind","Wallop"],"picked":"InnerPeace","floor":3.0},{"not_picked":["CrushJoints","EmptyFist","SashWhip"],"picked":"SKIP","floor":4.0},{"not_picked":["EmptyFist","Perseverance"],"picked":"DevaForm","floor":7.0},{"not_picked":["Fasting2","DevaForm"],"picked":"FlurryOfBlows","floor":13.0},{"not_picked":["PathToVictory","CutThroughFate"],"picked":"Halt","floor":14.0},{"not_picked":["Establishment","Wish"],"picked":"Scrawl","floor":16.0},{"not_picked":["Vengeance","CarveReality","Evaluate"],"picked":"SKIP","floor":18.0},{"not_picked":["Wireheading","Halt+1","Protect+1"],"picked":"SKIP","floor":20.0},{"not_picked":["FlyingSleeves","Protect"],"picked":"Crescendo+1","floor":21.0},{"not_picked":["CrushJoints","Pray","ReachHeaven"],"picked":"SKIP","floor":23.0},{"not_picked":["Conclude","Nirvana"],"picked":"SandsOfTime+1","floor":25.0},{"not_picked":["Halt+1","Vengeance","Fasting2"],"picked":"SKIP","floor":27.0},{"not_picked":["EmptyFist","Halt+1","SashWhip"],"picked":"SKIP","floor":28.0},{"not_picked":["Halt","FlyingSleeves"],"picked":"Prostrate","floor":29.0},{"not_picked":["Wish","Vault"],"picked":"Omniscience","floor":33.0},{"not_picked":["FlyingSleeves+1","Indignation"],"picked":"Pray+1","floor":35.0},{"not_picked":["EmptyFist","JustLucky+1","Protect"],"picked":"SKIP","floor":36.0},{"not_picked":["FollowUp","Prostrate","EmptyFist"],"picked":"SKIP","floor":37.0},{"not_picked":["Prostrate+1","Protect"],"picked":"EmptyMind","floor":40.0},{"not_picked":["Pray+1","FlyingSleeves+1","Collect+1"],"picked":"SKIP","floor":41.0},{"not_picked":["JustLucky","Vengeance"],"picked":"MentalFortress+1","floor":42.0},{"not_picked":["FollowUp","Nirvana","Wish"],"picked":"SKIP","floor":44.0},{"not_picked":["BowlingBash+1","Evaluate+1"],"picked":"MentalFortress+1","floor":46.0},{"not_picked":["ThirdEye+1","Vengeance","BowlingBash"],"picked":"SKIP","floor":47.0},{"not_picked":["FollowUp","Weave+1","Prostrate+1"],"picked":"SKIP","floor":48.0},{"not_picked":["LikeWater","Collect"],"picked":"DeusExMachina","floor":54.0}],"player_experience":2289934,"relics_obtained":[{"floor":7.0,"key":"Smiling Mask"},{"floor":9.0,"key":"Sundial"},{"floor":13.0,"key":"Ancient Tea Set"},{"floor":23.0,"key":"Whetstone"},{"floor":25.0,"key":"Vajra"},{"floor":26.0,"key":"Pen Nib"},{"floor":27.0,"key":"HornCleat"},{"floor":40.0,"key":"Regal Pillow"},{"floor":42.0,"key":"MealTicket"},{"floor":44.0,"key":"Ginger"},{"floor":54.0,"key":"Blood Vial"}],"event_choices":[{"damage_healed":0.0,"max_hp_gain":0.0,"max_hp_loss":0.0,"gold_gain":0.0,"event_name":"Shining Light","player_choice":"Ignored","floor":5.0,"gold_loss":0.0,"damage_taken":0.0},{"damage_healed":0.0,"max_hp_gain":0.0,"max_hp_loss":0.0,"gold_gain":0.0,"event_name":"Scrap Ooze","player_choice":"Success","floor":10.0,"gold_loss":0.0,"damage_taken":12.0,"relics_obtained":["Kunai"]},{"damage_healed":0.0,"max_hp_gain":0.0,"max_hp_loss":0.0,"gold_gain":0.0,"cards_transformed":["Defend_P"],"event_name":"Living Wall","player_choice":"Change","floor":12.0,"gold_loss":0.0,"damage_taken":0.0,"cards_obtained":["FollowUp"]},{"damage_healed":0.0,"max_hp_gain":0.0,"max_hp_loss":0.0,"gold_gain":0.0,"event_name":"Drug Dealer","player_choice":"Inject Mutagens","floor":19.0,"gold_loss":0.0,"damage_taken":0.0,"relics_obtained":["MutagenicStrength"]},{"cards_removed":["Strike_P"],"damage_healed":0.0,"max_hp_gain":0.0,"max_hp_loss":0.0,"gold_gain":0.0,"event_name":"Wheel of Change","player_choice":"Card Removal","floor":22.0,"gold_loss":0.0,"damage_taken":0.0},{"cards_removed":["Strike_P"],"damage_healed":0.0,"max_hp_gain":0.0,"max_hp_loss":0.0,"gold_gain":0.0,"event_name":"Back to Basics","player_choice":"Elegance","floor":31.0,"gold_loss":0.0,"damage_taken":0.0},{"damage_healed":0.0,"max_hp_gain":0.0,"max_hp_loss":0.0,"gold_gain":0.0,"cards_transformed":["SandsOfTime"],"event_name":"Transmorgrifier","player_choice":"Transformed","floor":39.0,"gold_loss":0.0,"damage_taken":0.0,"cards_obtained":["FlyingSleeves"]}],"is_beta":false,"boss_relics":[{"not_picked":["Black Star","Velvet Choker"],"picked":"Empty Cage"},{"not_picked":["Fusion Hammer","SacredBark"],"picked":"Astrolabe"}],"items_purged_floors":[38,53],"is_endless":false,"potions_floor_spawned":[1,2,3,7,14,16,20,27,28,29,40,41,42,48,54],"ascension_level":1}}