{"host":"l6f9mxfwcy2g8901","time":1610759094,"event":{"mods":["100% Spire Juice","2.2 Compatiblity","Act Like it!","Arknights The Spire","BaseMod","Better Altar","Better Match","Better Note","Better Sensory Stone","Better Skull","Better Third Choice","BetterRewards","Colored Map","Colored Powertips","Custom Start","Dark Map","Elementarium","Gensokyo","Hermit","Highlight Path","Hubris","Infinite Spire","Jorbs\u0027s Wanderer Trilogy","Lobotomy","Minty Spire (QoL Compilation)","Permanent Neow","Relic Filter","Relic Stats","Replay The Spire","Spicy Shops","StSLib","The Bladedancer","The Blue Laboratory","TheSwordswoman","Wandering Minibosses"],"gold_per_floor":[119,149,149,169,187,197,197,197],"floor_reached":7,"language":"ENG","playtime":790,"items_purged":[],"score":45,"play_id":"2cbb76cb-b348-42e1-8b33-bd203c204fb3","local_time":"20210115170454","is_ascension_mode":false,"campfire_choices":[],"circlet_count":0,"master_deck":["blazmod:Strike","blazmod:Strike","blazmod:Strike","blazmod:Strike","blazmod:Defend","blazmod:Defend","blazmod:Defend","blazmod:Defend","blazmod:ButterflyEffect","blazmod:Kyokasuigetsu","blazmod:Swordstorm","blazmod:KatanaStrike","Normality","blazmod:Swordstorm","blazmod:CrescentMoon","blazmod:MyEverything"],"relics":["blazmod:Venustas","Nunchaku","Ring of Fangs","Ring of Fury"],"acts_visited":["Exordium"],"potions_floor_usage":[],"damage_taken":[{"damage":0,"enemies":"Small Slimes","floor":1,"turns":3},{"damage":2,"enemies":"2 Louse","floor":2,"turns":3},{"damage":2,"enemies":"Cultist","floor":4,"turns":3},{"damage":8,"enemies":"Blue Slaver","floor":5,"turns":4},{"damage":6,"enemies":"Looter","floor":6,"turns":4},{"damage":53,"enemies":"Gremlin Nob","floor":7,"turns":5}],"seed_played":"-1122877729773941089","potions_obtained":[{"floor":5,"key":"blueLaboratory:PhilterOfMotion"},{"floor":6,"key":"blueLaboratory:LouseDecoction"}],"is_trial":false,"path_per_floor":["M","M","?","M","M","M","E"],"character_chosen":"THE_SWORDSWOMAN","items_purchased":[],"campfire_rested":0,"item_purchase_floors":[],"current_hp_per_floor":[40,38,38,36,28,22,0,0],"gold":197,"neow_bonus":"RANDOM_COMMON_RELIC","is_daily":false,"chose_seed":false,"campfire_upgraded":0,"win_rate":0.0,"timestamp":1610759094,"path_taken":["M","M","?","M","M","M","E"],"items_purchased_type":[],"build_version":"2020-12-22","purchased_purges":0,"victory":false,"max_hp_per_floor":[40,40,40,40,40,40,40,40],"relic_stats":{"Nunchaku":[4],"counters":[6,22],"obtain_stats":[{"blazmod:Venustas":0,"Nunchaku":0,"Ring of Fangs":3,"Ring of Fury":3},{"blazmod:Venustas":0,"Nunchaku":0,"Ring of Fangs":2,"Ring of Fury":2},{"blazmod:Venustas":0,"Nunchaku":0,"Ring of Fangs":6,"Ring of Fury":6}]},"card_choices":[{"not_picked":["blazmod:SidewaySolace","blazmod:Valiance"],"picked":"blazmod:Swordstorm","floor":1},{"not_picked":["blazmod:FlashRock","blazmod:Trasient"],"picked":"blazmod:KatanaStrike","floor":2},{"not_picked":["blazmod:DevilDivine","blazmod:BoulderFlash"],"picked":"blazmod:Swordstorm","floor":4},{"not_picked":["blazmod:Observant","blazmod:PhysicalEndurance"],"picked":"blazmod:CrescentMoon","floor":5},{"not_picked":["blazmod:FocusThroughFalls","blazmod:FortifiedVigor"],"picked":"blazmod:MyEverything","floor":6}],"player_experience":238928,"relics_obtained":[{"floor":3,"key":"Ring of Fangs"},{"floor":3,"key":"Ring of Fury"}],"event_choices":[],"is_beta":false,"boss_relics":[],"items_purged_floors":[],"is_endless":false,"potions_floor_spawned":[5,6],"killed_by":"Gremlin Nob","ascension_level":0}}