{"host":"6pgtslebjnyv5xmi","time":1610808420,"event":{"mods":["AchievementEnabler","BaseMod","Colored Map","Minty Spire (QoL Compilation)","Rare Cards Sparkle","StSLib","SuperFastMode","The Cursed","everything is the same but u backflip on backflip"],"gold_per_floor":[110,125,200,200,215,215,227,259,259,259,279,297,308,273,273,373,373,388,487,487,402,65,65,91,91,116,116,128,138,138,138,138,138,138],"floor_reached":33,"language":"KOR","playtime":1447,"items_purged":[],"score":368,"play_id":"5f157f11-984b-4451-88b6-b9eb941f67df","local_time":"20210116234700","is_ascension_mode":true,"campfire_choices":[{"data":"Chill","floor":6.0,"key":"SMITH"},{"data":"Double Energy","floor":15,"key":"SMITH"},{"data":"Echo Form","floor":23,"key":"SMITH"},{"floor":27,"key":"REST"},{"data":"Biased Cognition","floor":32,"key":"SMITH"}],"circlet_count":0,"master_deck":["Zap+1","Dualcast","Seek+1","Gash","Static Discharge","Chill+1","Seek+1","Double Energy+1","Blizzard","Echo Form+1","Biased Cognition+1","Beam Cell","Recycle","Static Discharge","Sweeping Beam","Skim+1","Tempest","Compile Driver","Steam+1","White Noise+1","Hologram+1","Decay"],"relics":["Cracked Core","HornCleat","Lizard Tail","Odd Mushroom","Pandora\u0027s Box","StoneCalendar","Toxic Egg 2","War Paint","Smiling Mask"],"acts_visited":["Exordium","TheCity"],"potions_floor_usage":[33],"damage_taken":[{"damage":0.0,"enemies":"2 Louse","floor":1.0,"turns":2.0},{"damage":2.0,"enemies":"Jaw Worm","floor":2.0,"turns":3.0},{"damage":0.0,"enemies":"Cultist","floor":5.0,"turns":4.0},{"damage":4.0,"enemies":"Looter","floor":7.0,"turns":3.0},{"damage":14.0,"enemies":"Lagavulin","floor":8.0,"turns":5.0},{"damage":13.0,"enemies":"The Mushroom Lair","floor":11.0,"turns":4.0},{"damage":0,"enemies":"2 Fungi Beasts","floor":12,"turns":4},{"damage":6,"enemies":"Large Slime","floor":13,"turns":6},{"damage":59,"enemies":"The Guardian","floor":16,"turns":12},{"damage":13,"enemies":"Shell Parasite","floor":18,"turns":3},{"damage":13,"enemies":"Book of Stabbing","floor":24,"turns":4},{"damage":0,"enemies":"3 Byrds","floor":28,"turns":1},{"damage":34,"enemies":"3 Cultists","floor":29,"turns":4},{"damage":41,"enemies":"Collector","floor":33,"turns":3}],"seed_played":"-1760452045780476233","potions_obtained":[{"floor":2.0,"key":"SkillPotion"},{"floor":5.0,"key":"EssenceOfSteel"},{"floor":7.0,"key":"FearPotion"},{"floor":8.0,"key":"Regen Potion"},{"floor":28,"key":"Ancient Potion"},{"floor":29,"key":"GamblersBrew"}],"is_trial":false,"path_per_floor":["M","M","?","?","M","R","M","E","T","?","?","M","M","?","R","B",null,"M","?","?","?","$","R","E","?","T","R","M","M","?","?","R","B"],"character_chosen":"DEFECT","items_purchased":["Toxic Egg 2","White Noise+1"],"campfire_rested":1,"item_purchase_floors":[22,22],"current_hp_per_floor":[68,66,55,55,55,55,51,37,37,22,21,21,15,33,33,17,61,48,48,34,34,34,34,21,21,21,45,45,11,37,37,37,0,0],"gold":138,"neow_bonus":"ONE_RANDOM_RARE_CARD","is_daily":false,"chose_seed":false,"campfire_upgraded":4,"win_rate":0.0,"timestamp":1610808420,"path_taken":["M","M","?","?","M","R","?","E","T","?","?","M","M","?","R","BOSS","M","?","?","?","$","R","E","?","T","R","M","M","?","?","R","BOSS"],"items_purchased_type":["Relic","Card"],"build_version":"2020-12-22","purchased_purges":0,"victory":false,"max_hp_per_floor":[75,75,75,75,75,75,75,75,75,75,75,75,75,75,75,75,75,75,75,80,80,80,80,80,80,80,80,80,80,80,80,80,80,80],"card_choices":[{"not_picked":["Rip and Tear","Leap"],"picked":"Gash","floor":1.0},{"not_picked":["Rip and Tear","Rebound"],"picked":"Static Discharge","floor":2.0},{"not_picked":["Rebound","Static Discharge"],"picked":"Chill","floor":5.0},{"not_picked":["Barrage","Streamline"],"picked":"Seek","floor":7.0},{"not_picked":["BootSequence","Compile Driver"],"picked":"Double Energy","floor":8.0},{"not_picked":["Glacier","Cold Snap"],"picked":"Blizzard","floor":12},{"not_picked":["Doom and Gloom","Streamline","Recycle"],"picked":"SKIP","floor":13},{"not_picked":["Electrodynamics","Core Surge"],"picked":"Echo Form","floor":16},{"not_picked":["Beam Cell","Sweeping Beam"],"picked":"Steam+1","floor":18},{"not_picked":["Go for the Eyes","Beam Cell","Hello World"],"picked":"SKIP","floor":24},{"not_picked":["Beam Cell+1","Blizzard","Scrape+1"],"picked":"SKIP","floor":28},{"not_picked":["Cold Snap","Stack+1"],"picked":"Hologram+1","floor":29}],"player_experience":960889,"relics_obtained":[{"floor":8.0,"key":"HornCleat"},{"floor":9.0,"key":"Lizard Tail"},{"floor":11.0,"key":"Odd Mushroom"},{"floor":24,"key":"War Paint"},{"floor":26,"key":"Smiling Mask"}],"event_choices":[{"damage_healed":0.0,"max_hp_gain":0.0,"max_hp_loss":0.0,"gold_gain":75.0,"event_name":"World of Goop","player_choice":"Gather Gold","floor":3.0,"gold_loss":0.0,"damage_taken":11.0},{"damage_healed":0.0,"max_hp_gain":0.0,"max_hp_loss":0.0,"gold_gain":0.0,"event_name":"Upgrade Shrine","player_choice":"Upgraded","floor":4.0,"gold_loss":0.0,"damage_taken":0.0,"cards_upgraded":["Zap"]},{"damage_healed":0.0,"max_hp_gain":0.0,"max_hp_loss":0.0,"gold_gain":0.0,"event_name":"Shining Light","player_choice":"Entered Light","floor":10.0,"gold_loss":0.0,"damage_taken":15.0,"cards_upgraded":["Seek","Strike_B"]},{"damage_healed":0.0,"max_hp_gain":0.0,"max_hp_loss":0.0,"gold_gain":0.0,"event_name":"Mushrooms","player_choice":"Fought Mushrooms","floor":11.0,"gold_loss":0.0,"damage_taken":0.0},{"damage_healed":18,"gold_gain":0,"player_choice":"Healed","damage_taken":0,"max_hp_gain":0,"max_hp_loss":0,"event_name":"The Cleric","floor":14,"gold_loss":35},{"damage_healed":0,"gold_gain":99,"player_choice":"Stole From Cult","damage_taken":0,"max_hp_gain":0,"max_hp_loss":0,"event_name":"Nest","floor":19,"gold_loss":0},{"damage_healed":0,"gold_gain":0,"player_choice":"Shed Blood","damage_taken":19,"max_hp_gain":5,"max_hp_loss":0,"event_name":"Forgotten Altar","floor":20,"gold_loss":0},{"damage_healed":0,"gold_gain":0,"player_choice":"Obtained Relic","damage_taken":0,"relics_obtained":["StoneCalendar"],"max_hp_gain":0,"max_hp_loss":0,"event_name":"Addict","floor":21,"gold_loss":85},{"damage_healed":0,"gold_gain":0,"player_choice":"Ignored","damage_taken":0,"max_hp_gain":0,"max_hp_loss":0,"event_name":"Vampires","floor":25,"gold_loss":0},{"damage_healed":26,"gold_gain":0,"player_choice":"Heal","damage_taken":0,"max_hp_gain":0,"max_hp_loss":0,"event_name":"The Library","floor":30,"gold_loss":0},{"damage_healed":0,"gold_gain":0,"player_choice":"Cursed","damage_taken":0,"max_hp_gain":0,"max_hp_loss":0,"event_name":"Wheel of Change","floor":31,"gold_loss":0,"cards_obtained":["Decay"]}],"is_beta":false,"boss_relics":[{"not_picked":["Tiny House","Philosopher\u0027s Stone"],"picked":"Pandora\u0027s Box"}],"items_purged_floors":[],"is_endless":false,"potions_floor_spawned":[2,5,7,8,28,29],"killed_by":"Collector","ascension_level":8}}