{"host":"ok3pmhc1fiz31noj","time":1610803371,"event":{"mods":["AchievementEnabler","BaseMod","Colored Map","Colored Powertips","Minty Spire (QoL Compilation)","Quick Restart","Relic Stats","Replay The Spire","StSLib"],"gold_per_floor":[119,139,89,89,21,55,53,53,79,91,108,141,159,175,175,273,273,292,292,292],"floor_reached":19,"language":"ZHS","playtime":990,"items_purged":["Looming Evil"],"score":204,"play_id":"63ec972e-9f16-4bb6-9b5c-cb2018155fc6","local_time":"20210116212251","is_ascension_mode":false,"campfire_choices":[{"floor":15,"key":"DIG"}],"circlet_count":0,"master_deck":["Strike_B","Strike_B","Strike_B","Defend_B","Defend_B","Defend_B","Zap+1","Dualcast+1","Aggregate","FIFO Queue","Loop","Defragment","Loop","Electrodynamics","Ball Lightning","Auto Shields","Fusion","Panic Button","BasicCrystalCard","Machine Learning","Barrage"],"relics":["Cracked Core","NeowsBlessing","Regal Pillow","Tiny Chest","ReplayTheSpireMod:CursedCoin","War Paint","Centennial Puzzle","Replay:Arrowhead","Inserter"],"acts_visited":["Exordium","TheCity"],"potions_floor_usage":[11,16,16,16],"damage_taken":[{"damage":0,"enemies":"2 Louse","floor":1,"turns":1},{"damage":0,"enemies":"Jaw Worm","floor":2,"turns":1},{"damage":0,"enemies":"3 Sentries","floor":6,"turns":1},{"damage":9,"enemies":"Cultist","floor":10,"turns":4},{"damage":0,"enemies":"3 Louse","floor":11,"turns":2},{"damage":8,"enemies":"Lagavulin","floor":12,"turns":4},{"damage":20,"enemies":"Red Slaver","floor":13,"turns":4},{"damage":10,"enemies":"Looter","floor":14,"turns":3},{"damage":23,"enemies":"Hexaghost","floor":16,"turns":10},{"damage":47,"enemies":"Shell Parasite","floor":18,"turns":9},{"damage":10,"enemies":"Spheric Guardian","floor":19,"turns":3}],"seed_played":"350208817869781793","potions_obtained":[{"floor":1,"key":"AttackPotion"},{"floor":2,"key":"Block Potion"},{"floor":6,"key":"SkillPotion"},{"floor":13,"key":"SkillPotion"},{"floor":18,"key":"Fire Potion"}],"is_trial":false,"path_per_floor":["M","M","?","?","$","E","$","?","T","M","M","E","M","M","R_BF","B",null,"M","M"],"character_chosen":"DEFECT","items_purchased":["Loop","ReplayTheSpireMod:CursedCoin","Loop"],"campfire_rested":0,"item_purchase_floors":[5,7,7],"current_hp_per_floor":[75,75,75,72,72,72,72,72,72,63,63,55,35,25,25,2,75,28,18,18],"gold":292,"neow_bonus":"THREE_ENEMY_KILL","is_daily":false,"chose_seed":false,"campfire_upgraded":0,"win_rate":0.0,"timestamp":1610803371,"path_taken":["M","M","?","?","$","E","?","?","T","?","M","E","M","M","R_BF","BOSS","M","M"],"items_purchased_type":["Card","Relic","Card"],"build_version":"2020-12-22","purchased_purges":1,"victory":false,"max_hp_per_floor":[75,75,75,75,75,75,75,75,75,75,75,75,75,75,75,75,75,75,75,75],"relic_stats":{"Regal Pillow":0,"Centennial Puzzle":[15],"Inserter":[5],"counters":[11,41],"Tiny Chest":0,"War Paint":["Zap","Dualcast"],"obtain_stats":[{"Regal Pillow":4,"Centennial Puzzle":12,"Inserter":17,"NeowsBlessing":0,"ReplayTheSpireMod:CursedCoin":7,"Tiny Chest":6,"War Paint":9,"Cracked Core":0,"Replay:Arrowhead":15},{"Regal Pillow":2,"Centennial Puzzle":6,"Inserter":9,"NeowsBlessing":0,"ReplayTheSpireMod:CursedCoin":3,"Tiny Chest":3,"War Paint":3,"Cracked Core":0,"Replay:Arrowhead":8},{"Regal Pillow":2,"Centennial Puzzle":13,"Inserter":29,"NeowsBlessing":0,"ReplayTheSpireMod:CursedCoin":3,"Tiny Chest":3,"War Paint":3,"Cracked Core":0,"Replay:Arrowhead":19}]},"card_choices":[{"not_picked":["ReplayTheSpireMod:Repulse","Blizzard"],"picked":"Aggregate","floor":1},{"not_picked":["Panic Button","Undo"],"picked":"FIFO Queue","floor":2},{"not_picked":["Hologram","Barrage"],"picked":"Defragment","floor":6},{"not_picked":["Aggregate","Barrage"],"picked":"Ball Lightning","floor":10},{"not_picked":["Compile Driver","ReplayGash"],"picked":"Auto Shields","floor":11},{"not_picked":["Sweeping Beam","Rip and Tear"],"picked":"Fusion","floor":12},{"not_picked":["ReplayTheSpireMod:System Scan","Compile Driver"],"picked":"Panic Button","floor":13},{"not_picked":["Force Field","Go for the Eyes"],"picked":"BasicCrystalCard","floor":14},{"not_picked":["Reboot","Amplify"],"picked":"Machine Learning","floor":16},{"not_picked":["Conserve Battery","Ball Lightning"],"picked":"Barrage","floor":18}],"player_experience":146281,"relics_obtained":[{"floor":6,"key":"Tiny Chest"},{"floor":9,"key":"War Paint"},{"floor":12,"key":"Centennial Puzzle"},{"floor":15,"key":"Replay:Arrowhead"}],"event_choices":[{"cards_removed":["Defend_B"],"damage_healed":0,"gold_gain":0,"player_choice":"Card Removal","damage_taken":0,"max_hp_gain":0,"max_hp_loss":0,"event_name":"The Cleric","floor":3,"gold_loss":50},{"damage_healed":0,"gold_gain":0,"player_choice":"Success","damage_taken":3,"relics_obtained":["Regal Pillow"],"max_hp_gain":0,"max_hp_loss":0,"event_name":"Scrap Ooze","floor":4,"gold_loss":0},{"damage_healed":0,"gold_gain":0,"cards_transformed":["Strike_B"],"player_choice":"Transformed","damage_taken":0,"max_hp_gain":0,"max_hp_loss":0,"event_name":"Transmorgrifier","floor":8,"gold_loss":0,"cards_obtained":["Electrodynamics"]}],"is_beta":false,"boss_relics":[{"not_picked":["Nuclear Battery","Pandora\u0027s Box"],"picked":"Inserter"}],"items_purged_floors":[7],"is_endless":false,"potions_floor_spawned":[1,2,6,13,18],"killed_by":"Spheric Guardian","ascension_level":0}}