{"host":"pgqkv8mh62pnrbci","time":1610801818,"event":{"mods":["2.2 Compatiblity","AchievementEnabler","BaseMod","Custom Start","DeckTracker","Minty Spire (QoL Compilation)","Replay The Spire","StSLib","SuperFastMode","¡¼?Úª?ø«¡½REMEMod"],"gold_per_floor":[115,130,141,141,141,141,141,154,181,206,206,44,44,70,70,149,149,166,81,101,101,120,120,138,154,154,229,229,260,260,275,275,352,352,364,364,125,142,161,161,174,205,205,221,250,267,267,285,285,285,285],"floor_reached":50,"language":"KOR","playtime":1788,"items_purged":["Strike_G"],"score":1363,"play_id":"24b23b29-9bf0-4bbd-836d-cbe9b5e08123","local_time":"20210116215658","is_ascension_mode":true,"campfire_choices":[{"data":"Calculated Gamble","floor":6.0,"key":"SMITH"},{"floor":11.0,"key":"REST"},{"data":"Footwork","floor":13.0,"key":"SMITH"},{"data":"Neutralize","floor":15.0,"key":"SMITH"},{"data":"REME_GreenPollution","floor":23.0,"key":"SMITH"},{"data":"Terror","floor":28.0,"key":"SMITH"},{"data":"Sneak Up","floor":30.0,"key":"SMITH"},{"data":"Blade Dance","floor":32.0,"key":"SMITH"},{"data":"REME_ShadowForm","floor":40.0,"key":"SMITH"},{"data":"Envenom","floor":47,"key":"SMITH"},{"data":"Doppelganger","floor":49,"key":"SMITH"}],"circlet_count":0,"master_deck":["AscendersBane","Strike_G+1","Strike_G","Strike_G","Strike_G","Defend_G","Defend_G","Defend_G","Defend_G","Defend_G+1","Survivor","Neutralize+1","Die Die Die","Calculated Gamble+1","Sneak Up+1","Footwork+1","Dodge and Roll","PiercingWail","Unload","Storm of Steel","REME_GreenPollution+1","PiercingWail","Calculated Gamble+1","Terror+1","Blade Dance+1","Storm of Steel","Escape Plan","Blade Dance+1","Doppelganger+1","Tactician","REME_ShadowForm+1","Envenom+1","ReplayTheSpireMod:Speed Training+1"],"relics":["Ring of the Snake","REME_ComplimentaryCards","Quantum Egg","Pet Ghost","Boot","FossilizedHelix","PreservedInsect","Toy Ornithopter","ChewingGum","Snake Skull","Replay:WaspNest","Bottled Tornado","Dream Catcher","Runic Pyramid","Nunchaku","Bag of Preparation","Replay:Rubber Ducky","Calipers","Singing Bowl"],"acts_visited":["Exordium","TheCity","TheBeyond"],"potions_floor_usage":[45,46,50],"damage_taken":[{"damage":6.0,"enemies":"2 Louse","floor":1.0,"turns":2.0},{"damage":2.0,"enemies":"Jaw Worm","floor":2.0,"turns":4.0},{"damage":6.0,"enemies":"Cultist","floor":3.0,"turns":5.0},{"damage":2.0,"enemies":"Exordium Wildlife","floor":8.0,"turns":6.0},{"damage":0.0,"enemies":"Lagavulin","floor":14.0,"turns":3.0},{"damage":18.0,"enemies":"The Guardian","floor":16.0,"turns":20.0},{"damage":0.0,"enemies":"Spheric Guardian","floor":18.0,"turns":4.0},{"damage":0.0,"enemies":"Chosen","floor":20.0,"turns":4.0},{"damage":0.0,"enemies":"Snake Plant","floor":22.0,"turns":4.0},{"damage":7.0,"enemies":"Shelled Parasite and Fungi","floor":24.0,"turns":3.0},{"damage":0.0,"enemies":"Sentry and Sphere","floor":25.0,"turns":2.0},{"damage":0.0,"enemies":"Slavers","floor":29.0,"turns":2.0},{"damage":0.0,"enemies":"3 Cultists","floor":31.0,"turns":4.0},{"damage":0.0,"enemies":"Automaton","floor":33.0,"turns":5.0},{"damage":0.0,"enemies":"Orb Walker","floor":35.0,"turns":2.0},{"damage":0.0,"enemies":"3 Shapes","floor":38.0,"turns":1.0},{"damage":0.0,"enemies":"Transient","floor":39.0,"turns":6.0},{"damage":0.0,"enemies":"3 Darklings","floor":41.0,"turns":2.0},{"damage":0,"enemies":"Reptomancer","floor":42,"turns":2},{"damage":0,"enemies":"Sphere and 2 Shapes","floor":44,"turns":2},{"damage":0,"enemies":"R_Hoarder","floor":45,"turns":3},{"damage":17,"enemies":"Jaw Worm Horde","floor":46,"turns":2},{"damage":0,"enemies":"Writhing Mass","floor":48,"turns":4},{"damage":76,"enemies":"Time Eater","floor":50,"turns":9}],"seed_played":"7127512714572496335","potions_obtained":[{"floor":2.0,"key":"Fruit Juice"},{"floor":3.0,"key":"AttackPotion"},{"floor":16.0,"key":"Energy Potion"},{"floor":18.0,"key":"BlessingOfTheForge"},{"floor":31.0,"key":"Adrenaline Potion"},{"floor":33.0,"key":"SkillPotion"},{"floor":35.0,"key":"SkillPotion"},{"floor":42,"key":"BlessingOfTheForge"},{"floor":46,"key":"Poison Potion"}],"is_trial":true,"path_per_floor":["M","M","M","?","?","R","T","M","T","?","R","$","R","E","R","B",null,"M","?","M","?","M","R","M","M","T","T","R","E","R","M","R","B",null,"M","?","$","M","M","R","M","E","T","M","E","M","R","M","R","B"],"character_chosen":"THE_SILENT","items_purchased":["PreservedInsect","Bag of Preparation"],"campfire_rested":1,"item_purchase_floors":[12,37],"current_hp_per_floor":[53,56,50,50,29,29,29,27,27,4,25,25,25,25,25,7,55,55,55,55,55,55,55,48,48,48,48,48,53,53,58,58,63,69,69,69,69,69,71,71,71,71,71,71,73,58,58,58,58,0,0],"gold":285,"neow_bonus":"","is_daily":false,"chose_seed":false,"campfire_upgraded":10,"win_rate":0.0,"timestamp":1610801818,"path_taken":["M","M","M","?","?","R","?","?","T","?","R","?","R","E","R","BOSS","M","?","M","?","?","R","M","M","T","?","R","E","R","M","R","BOSS","M","?","$","M","?","R","M","E","T","M","E","M","R","M","R","BOSS"],"items_purchased_type":["Relic","Relic"],"build_version":"2020-12-22","purchased_purges":1,"victory":false,"max_hp_per_floor":[66,71,71,71,71,71,71,71,71,71,71,71,71,71,71,71,71,71,71,71,71,71,71,71,71,71,71,71,71,71,71,71,71,71,71,71,71,71,71,71,71,71,71,71,73,75,75,75,75,75,75],"card_choices":[{"not_picked":["Deadly Poison","Prepared"],"picked":"Calculated Gamble","floor":1.0},{"not_picked":["REME_ShadowStrike","Dodge and Roll"],"picked":"Sneak Up","floor":2.0},{"not_picked":["Slice","Bane"],"picked":"Footwork","floor":3.0},{"not_picked":["Sneak Up","Sucker Punch"],"picked":"Dodge and Roll","floor":8.0},{"not_picked":["Bane","Poisoned Stab"],"picked":"PiercingWail","floor":10.0},{"not_picked":["Setup","Underhanded Strike"],"picked":"Unload","floor":14.0},{"not_picked":["After Image","Envenom"],"picked":"Storm of Steel","floor":16.0},{"not_picked":["Outmaneuver","Bane"],"picked":"REME_GreenPollution","floor":18.0},{"not_picked":["Bane","Dodge and Roll"],"picked":"PiercingWail","floor":20.0},{"not_picked":["Dodge and Roll","Dagger Spray+1"],"picked":"Terror","floor":22.0},{"not_picked":["Hidden Blade","Backflip"],"picked":"Blade Dance+1","floor":24.0},{"not_picked":["Quick Slash","Bane"],"picked":"Storm of Steel","floor":25.0},{"not_picked":["Deflect","Sneak Up"],"picked":"Escape Plan","floor":29.0},{"not_picked":["Flying Knee","Infinite Blades"],"picked":"Blade Dance","floor":31.0},{"not_picked":["Grand Finale","Phantasmal Killer"],"picked":"Doppelganger","floor":33.0},{"not_picked":["Acrobatics","Sucker Punch"],"picked":"Tactician","floor":35.0},{"not_picked":["Noxious Fumes","Slice","Flying Knee"],"picked":"SKIP","floor":38.0},{"not_picked":["Blur","Blade Dance"],"picked":"REME_ShadowForm","floor":39.0},{"not_picked":["Flying Knee","Eviscerate","Slice+1"],"picked":"SKIP","floor":41.0},{"not_picked":["Deflect","Riddle With Holes"],"picked":"Envenom","floor":42},{"not_picked":["Flying Knee+1","Eviscerate+1","Predator"],"picked":"SKIP","floor":44},{"not_picked":["Terror","Prepared+1","Deadly Poison"],"picked":"Singing Bowl","floor":45},{"not_picked":["Cloak And Dagger","Dagger Throw","Dagger Spray"],"picked":"Singing Bowl","floor":46},{"not_picked":["Quick Slash","Flying Knee"],"picked":"ReplayTheSpireMod:Speed Training+1","floor":48}],"player_experience":642059,"relics_obtained":[{"floor":7.0,"key":"Pet Ghost"},{"floor":9.0,"key":"Boot"},{"floor":10.0,"key":"FossilizedHelix"},{"floor":14.0,"key":"Toy Ornithopter"},{"floor":26.0,"key":"Replay:WaspNest"},{"floor":27.0,"key":"Bottled Tornado"},{"floor":29.0,"key":"Dream Catcher"},{"floor":36.0,"key":"Nunchaku"},{"floor":42,"key":"Replay:Rubber Ducky"},{"floor":43,"key":"Calipers"},{"floor":45,"key":"Singing Bowl"}],"event_choices":[{"damage_healed":0.0,"max_hp_gain":0.0,"max_hp_loss":0.0,"gold_gain":0.0,"event_name":"Liars Game","player_choice":"Ignored","floor":4.0,"gold_loss":0.0,"damage_taken":0.0},{"damage_healed":0.0,"max_hp_gain":0.0,"max_hp_loss":0.0,"gold_gain":0.0,"event_name":"Shining Light","player_choice":"Entered Light","floor":5.0,"gold_loss":0.0,"damage_taken":21.0,"cards_upgraded":["Defend_G","Strike_G"]},{"damage_healed":0.0,"max_hp_gain":0.0,"max_hp_loss":0.0,"gold_gain":0.0,"event_name":"Addict","player_choice":"Obtained Relic","floor":19.0,"gold_loss":85.0,"damage_taken":0.0,"relics_obtained":["Snake Skull"]},{"damage_healed":0.0,"max_hp_gain":0.0,"max_hp_loss":0.0,"gold_gain":0.0,"event_name":"Duplicator","player_choice":"Copied","floor":21.0,"gold_loss":0.0,"damage_taken":0.0,"cards_obtained":["Calculated Gamble"]},{"damage_healed":0.0,"max_hp_gain":0.0,"max_hp_loss":0.0,"gold_gain":0.0,"event_name":"Wheel of Change","player_choice":"Relic","floor":36.0,"gold_loss":0.0,"damage_taken":0.0}],"is_beta":false,"boss_relics":[{"not_picked":["Ring of Chaos","Abe\u0027s Treasure"],"picked":"ChewingGum"},{"not_picked":["REME_LowDesire","Runic Dome"],"picked":"Runic Pyramid"}],"items_purged_floors":[37],"is_endless":false,"potions_floor_spawned":[2,3,16,18,20,31,33,35,42,44,46],"killed_by":"Time Eater","ascension_level":19}}