{"host":"7zdktqb5xjtif29d","time":1610758140,"event":{"mods":["AchievementEnabler","BaseMod","Colored Map","Colored Powertips","Highlight Path","Minty Spire (QoL Compilation)","Rare Cards Sparkle","SuperFastMode","Waifu the Spire","everything is the same but u backflip on backflip"],"gold_per_floor":[113,113,132,150,161,161,195,195,221,254,1,1,1,28,28,132,132,151,151,168,183,196,221,221,221,221],"floor_reached":25,"language":"ENG","playtime":1020,"items_purged":[],"score":293,"play_id":"c8a16c0b-72a1-4bb6-8864-edb007734f43","local_time":"20210116004900","is_ascension_mode":true,"campfire_choices":[{"data":"Noxious Fumes","floor":6,"key":"SMITH"},{"floor":8,"key":"REST"},{"floor":12,"key":"REST"},{"data":"Bouncing Flask","floor":15,"key":"SMITH"},{"floor":24,"key":"REST"}],"circlet_count":0,"master_deck":["Strike_G","Strike_G","Strike_G","Strike_G+1","Strike_G","Defend_G","Defend_G+1","Defend_G","Defend_G","Defend_G","Survivor","Neutralize","Parasite","Noxious Fumes+1","Deadly Poison","PiercingWail","Backflip","Bouncing Flask+1","Burst","Bouncing Flask"],"relics":["Ring of the Snake","Dead Branch","Oddly Smooth Stone","Happy Flower","Toy Ornithopter","Meat on the Bone","Mango","Busted Crown","Bottled Tornado"],"acts_visited":["Exordium","TheCity"],"potions_floor_usage":[10,22,23,23,25],"damage_taken":[{"damage":0,"enemies":"Small Slimes","floor":1,"turns":3},{"damage":5,"enemies":"Cultist","floor":3,"turns":6},{"damage":2,"enemies":"Jaw Worm","floor":4,"turns":4},{"damage":6,"enemies":"Blue Slaver","floor":5,"turns":4},{"damage":22,"enemies":"Lagavulin","floor":7,"turns":7},{"damage":29,"enemies":"Gremlin Nob","floor":10,"turns":5},{"damage":0,"enemies":"Lagavulin","floor":14,"turns":5},{"damage":15,"enemies":"The Guardian","floor":16,"turns":8},{"damage":7,"enemies":"Shell Parasite","floor":18,"turns":5},{"damage":2,"enemies":"Spheric Guardian","floor":20,"turns":3},{"damage":28,"enemies":"Centurion and Healer","floor":21,"turns":6},{"damage":51,"enemies":"Cultist and Chosen","floor":22,"turns":5},{"damage":15,"enemies":"Book of Stabbing","floor":23,"turns":6},{"damage":64,"enemies":"Slavers","floor":25,"turns":4}],"seed_played":"2475322459133701304","potions_obtained":[{"floor":2,"key":"Ancient Potion"},{"floor":2,"key":"Strength Potion"},{"floor":2,"key":"CunningPotion"},{"floor":3,"key":"BlessingOfTheForge"},{"floor":14,"key":"DistilledChaos"},{"floor":23,"key":"AttackPotion"}],"is_trial":false,"path_per_floor":["M","?","M","M","M","R","E","R","T","E","$","R","?","E","R","B",null,"M","?","M","M","M","E","R","E"],"character_chosen":"THE_SILENT","items_purchased":["Meat on the Bone"],"campfire_rested":3,"item_purchase_floors":[11],"current_hp_per_floor":[70,70,65,63,57,57,35,56,56,27,27,48,34,60,60,45,84,77,77,75,47,13,20,45,0,0],"gold":221,"neow_bonus":"ONE_RARE_RELIC","is_daily":false,"chose_seed":false,"campfire_upgraded":2,"win_rate":0.0,"timestamp":1610758140,"path_taken":["M","?","M","M","M","R","E","R","T","E","?","R","?","E","R","BOSS","M","?","M","M","?","E","R","E"],"items_purchased_type":["Relic"],"build_version":"2020-12-22","purchased_purges":0,"victory":false,"max_hp_per_floor":[70,70,70,70,70,70,70,70,70,70,70,70,70,84,84,84,84,84,84,84,84,84,84,84,84,84],"card_choices":[{"not_picked":["Quick Slash","Underhanded Strike"],"picked":"Noxious Fumes","floor":1},{"not_picked":["Noxious Fumes","Infinite Blades"],"picked":"Deadly Poison","floor":3},{"not_picked":["Well Laid Plans","Concentrate"],"picked":"PiercingWail","floor":4},{"not_picked":["Flechettes","Sucker Punch"],"picked":"Backflip","floor":5},{"not_picked":["Footwork","Slice","Prepared"],"picked":"SKIP","floor":7},{"not_picked":["Die Die Die","Dagger Spray"],"picked":"Bouncing Flask","floor":10},{"not_picked":["Flechettes","Quick Slash","Acrobatics"],"picked":"SKIP","floor":14},{"not_picked":["Wraith Form v2","Glass Knife"],"picked":"Burst","floor":16},{"not_picked":["Slice"],"picked":"SKIP","floor":18},{"not_picked":["Dagger Spray"],"picked":"SKIP","floor":20},{"not_picked":["Calculated Gamble"],"picked":"SKIP","floor":21},{"not_picked":[],"picked":"Bouncing Flask","floor":22},{"not_picked":["Quick Slash"],"picked":"SKIP","floor":23}],"player_experience":225914,"relics_obtained":[{"floor":7,"key":"Oddly Smooth Stone"},{"floor":9,"key":"Happy Flower"},{"floor":10,"key":"Toy Ornithopter"},{"floor":14,"key":"Mango"},{"floor":23,"key":"Bottled Tornado"}],"event_choices":[{"damage_healed":0,"gold_gain":0,"player_choice":"Got Potions","damage_taken":0,"max_hp_gain":0,"max_hp_loss":0,"event_name":"Lab","floor":2,"gold_loss":0},{"damage_healed":0,"gold_gain":0,"player_choice":"Entered Light","damage_taken":14,"max_hp_gain":0,"max_hp_loss":0,"event_name":"Shining Light","floor":13,"gold_loss":0,"cards_upgraded":["Strike_G","Defend_G"]},{"damage_healed":0,"gold_gain":0,"player_choice":"Bought 0 Potions","damage_taken":0,"max_hp_gain":0,"max_hp_loss":0,"event_name":"The Woman in Blue","floor":19,"gold_loss":0}],"is_beta":false,"boss_relics":[{"not_picked":["Ring of the Serpent","Tiny House"],"picked":"Busted Crown"}],"items_purged_floors":[],"is_endless":false,"potions_floor_spawned":[3,7,14,20,23],"killed_by":"Slavers","ascension_level":2}}