{"host":"cdcsem0stf6rethc","time":1610811316,"event":{"mods":["AchievementEnabler","BaseMod","Colored Map","Highlight Path","Minty Spire (QoL Compilation)","StSLib","The Animator","¡¾ÒÅÎï¿¨ÅÆ¡¿REMEMod"],"gold_per_floor":[114,133,133,133,143,167,167,178,178,195,213,231,306,318,318,318,318],"floor_reached":16,"language":"ZHS","playtime":658,"items_purged":[],"score":98,"play_id":"f9f2bce0-06c6-4d2b-870b-c7b99fd40c55","local_time":"20210116233516","is_ascension_mode":false,"campfire_choices":[{"data":"animator:Spearman","floor":7,"key":"SMITH"},{"floor":15,"key":"REST"}],"circlet_count":0,"master_deck":["animator:Strike_GoblinSlayer","animator:Defend_GoblinSlayer","animator:Strike","animator:Strike","animator:Strike","animator:Defend","animator:Defend","animator:Defend","animator:LizardPriest","animator:DwarfShaman","Enlightenment","animator:UneriGinkaku","animator:YoshinoHaruhiko","animator:Ara","animator:Spearman+1","animator:Shimako","animator:Shichika","animator:Elesis","animator:LuciaKonohana"],"relics":["animator:LivingPicture","animator:TheMissingPiece","REME_ComplimentaryCards","NeowsBlessing","Mummified Hand"],"acts_visited":["Exordium"],"potions_floor_usage":[12],"damage_taken":[{"damage":0,"enemies":"Small Slimes","floor":1,"turns":1},{"damage":0,"enemies":"2 Louse","floor":2,"turns":1},{"damage":0,"enemies":"Cultist","floor":5,"turns":1},{"damage":13,"enemies":"2 Fungi Beasts","floor":6,"turns":3},{"damage":11,"enemies":"Looter","floor":8,"turns":3},{"damage":0,"enemies":"Blue Slaver","floor":10,"turns":3},{"damage":3,"enemies":"Large Slime","floor":11,"turns":5},{"damage":0,"enemies":"2 Fungi Beasts","floor":12,"turns":2},{"damage":9,"enemies":"Looter","floor":14,"turns":3},{"damage":38,"enemies":"Slime Boss","floor":16,"turns":6}],"seed_played":"-2486873694033556247","potions_obtained":[{"floor":5,"key":"GamblersBrew"},{"floor":6,"key":"AttackPotion"},{"floor":12,"key":"CultistPotion"}],"is_trial":false,"path_per_floor":["M","M","?","?","M","M","R","M","T","M","M","M","?","M","R","B"],"character_chosen":"THE_ANIMATOR","items_purchased":[],"campfire_rested":1,"item_purchase_floors":[],"current_hp_per_floor":[66,66,66,66,66,53,53,42,42,42,39,39,28,19,38,0,0],"gold":318,"neow_bonus":"THREE_ENEMY_KILL","is_daily":false,"chose_seed":true,"campfire_upgraded":1,"win_rate":0.0,"timestamp":1610811316,"path_taken":["M","M","?","?","M","M","R","M","T","?","M","M","?","M","R","BOSS"],"items_purchased_type":[],"build_version":"2020-12-22","purchased_purges":0,"victory":false,"max_hp_per_floor":[66,66,66,66,66,66,66,66,66,66,66,66,66,66,66,66,66],"card_choices":[{"not_picked":["animator:Raven","animator:Rider"],"picked":"animator:UneriGinkaku","floor":1},{"not_picked":["animator:LizardPriest","animator:Raven"],"picked":"animator:YoshinoHaruhiko","floor":2},{"not_picked":["animator:SakuyaOhtori","animator:GazelDwargon"],"picked":"animator:Ara","floor":5},{"not_picked":["animator:HighElfArcher","animator:LizardPriest"],"picked":"animator:Spearman","floor":6},{"not_picked":["animator:ToukaNishikujou","animator:Alexander"],"picked":"animator:Shimako","floor":8},{"not_picked":["animator:GuildGirl","animator:Shuna"],"picked":"animator:Shichika","floor":10},{"not_picked":["animator:Spearman","animator:Archer"],"picked":"animator:Elesis","floor":11},{"not_picked":["animator:Shimako","animator:Chibimoth"],"picked":"animator:LuciaKonohana","floor":12},{"not_picked":["animator:UneriGinkaku","animator:Caster","animator:YuiTsuruno"],"picked":"SKIP","floor":14}],"player_experience":182708,"relics_obtained":[{"floor":9,"key":"Mummified Hand"}],"event_choices":[{"damage_healed":0,"gold_gain":0,"player_choice":"Ignored","damage_taken":0,"max_hp_gain":0,"max_hp_loss":0,"event_name":"Liars Game","floor":3,"gold_loss":0},{"damage_healed":0,"gold_gain":0,"player_choice":"Ignored","damage_taken":0,"max_hp_gain":0,"max_hp_loss":0,"event_name":"NoteForYourself","floor":4,"gold_loss":0},{"damage_healed":0,"gold_gain":75,"player_choice":"Gather Gold","damage_taken":11,"max_hp_gain":0,"max_hp_loss":0,"event_name":"World of Goop","floor":13,"gold_loss":0}],"is_beta":false,"boss_relics":[],"items_purged_floors":[],"is_endless":false,"potions_floor_spawned":[5,6,12],"killed_by":"Slime Boss","ascension_level":0}}