{"host":"BK","time":1610775673,"event":{"mods":["BaseMod","Highlight Path","Minty Spire (QoL Compilation)","StSLib"],"gold_per_floor":[118,134,134,134,134,169,169,207,207,227,241,241,265,292,292,375,384,407,67,67,67],"floor_reached":20,"language":"ENG","playtime":847,"items_purged":["Strike_G"],"score":368,"play_id":"3e1c227a-e405-4d1b-8bc2-16bd87d644a5","local_time":"20210115224113","is_ascension_mode":true,"campfire_choices":[{"data":"Neutralize","floor":7,"key":"SMITH"},{"floor":12,"key":"REST"},{"floor":15,"key":"REST"}],"circlet_count":0,"master_deck":["AscendersBane","Strike_G","Strike_G","Defend_G","Defend_G","Defend_G","Defend_G","Survivor","Neutralize+1","Die Die Die","Masterful Stab","Heel Hook","Quick Slash","Catalyst","Acrobatics","Blur","Envenom","Adrenaline","CurseOfTheBell","Crippling Poison+1","Swift Strike"],"relics":["Ring of the Snake","Paper Crane","CeramicFish","Sundial","Calling Bell","Tiny Chest","Frozen Egg 2","Turnip","Membership Card","Bag of Marbles"],"acts_visited":["Exordium","TheCity"],"potions_floor_usage":[6,16],"damage_taken":[{"damage":0,"enemies":"Cultist","floor":1,"turns":4},{"damage":1,"enemies":"2 Louse","floor":2,"turns":2},{"damage":12,"enemies":"Lagavulin","floor":6,"turns":5},{"damage":19,"enemies":"3 Sentries","floor":8,"turns":9},{"damage":0,"enemies":"Jaw Worm","floor":10,"turns":2},{"damage":6,"enemies":"Looter","floor":11,"turns":3},{"damage":4,"enemies":"Lots of Slimes","floor":13,"turns":3},{"damage":10,"enemies":"3 Louse","floor":14,"turns":4},{"damage":22,"enemies":"The Guardian","floor":16,"turns":14},{"damage":46,"enemies":"3 Byrds","floor":18,"turns":9}],"seed_played":"-5880642748007349712","potions_obtained":[{"floor":1,"key":"ColorlessPotion"},{"floor":2,"key":"LiquidMemories"},{"floor":10,"key":"ColorlessPotion"},{"floor":18,"key":"SkillPotion"}],"is_trial":false,"path_per_floor":["M","M","?","?","?","E","R","E","T","M","M","R","M","M","R","B",null,"M","$","?"],"character_chosen":"THE_SILENT","items_purchased":["Membership Card","Swift Strike","Bag of Marbles"],"campfire_rested":2,"item_purchase_floors":[19,19,19],"current_hp_per_floor":[59,58,51,56,56,44,44,25,25,25,19,40,36,26,47,25,60,14,14,0,0],"gold":67,"neow_bonus":"TRANSFORM_CARD","is_daily":false,"chose_seed":false,"campfire_upgraded":1,"win_rate":0.0,"timestamp":1610775673,"path_taken":["M","?","?","?","?","E","R","E","T","M","M","R","M","M","R","BOSS","M","?","?"],"items_purchased_type":["Relic","Card","Relic"],"build_version":"2020-12-18","purchased_purges":1,"victory":false,"max_hp_per_floor":[66,66,66,71,71,71,71,71,71,71,71,71,71,71,71,71,71,71,71,76,76],"card_choices":[{"not_picked":["Caltrops","Backflip"],"picked":"Masterful Stab","floor":1},{"not_picked":["Outmaneuver","Dagger Throw"],"picked":"Heel Hook","floor":2},{"not_picked":["Concentrate","Blade Dance"],"picked":"Quick Slash","floor":6},{"not_picked":["Blur","Escape Plan"],"picked":"Catalyst","floor":8},{"not_picked":["Poisoned Stab","Blade Dance"],"picked":"Acrobatics","floor":10},{"not_picked":["Slice","Prepared","Underhanded Strike"],"picked":"SKIP","floor":11},{"not_picked":["Dagger Throw","Slice"],"picked":"Blur","floor":13},{"not_picked":["Outmaneuver","Underhanded Strike"],"picked":"Envenom","floor":14},{"not_picked":["Doppelganger","Night Terror"],"picked":"Adrenaline","floor":16},{"not_picked":["Caltrops+1","Calculated Gamble"],"picked":"Crippling Poison+1","floor":18}],"player_experience":2504503,"relics_obtained":[{"floor":6,"key":"Paper Crane"},{"floor":8,"key":"CeramicFish"},{"floor":9,"key":"Sundial"},{"floor":17,"key":"Tiny Chest"},{"floor":17,"key":"Frozen Egg 2"},{"floor":17,"key":"Turnip"}],"event_choices":[{"cards_removed":["Strike_G"],"damage_healed":0,"gold_gain":0,"player_choice":"Card Removal","damage_taken":7,"max_hp_gain":0,"max_hp_loss":0,"event_name":"Golden Wing","floor":3,"gold_loss":0},{"damage_healed":0,"gold_gain":0,"player_choice":"Donut","damage_taken":0,"max_hp_gain":5,"max_hp_loss":0,"event_name":"Big Fish","floor":4,"gold_loss":0},{"cards_removed":["Defend_G"],"damage_healed":0,"gold_gain":0,"player_choice":"Purged","damage_taken":0,"max_hp_gain":0,"max_hp_loss":0,"event_name":"Purifier","floor":5,"gold_loss":0}],"is_beta":true,"boss_relics":[{"not_picked":["Fusion Hammer","Sozu"],"picked":"Calling Bell"}],"items_purged_floors":[19],"is_endless":false,"potions_floor_spawned":[1,2,10,13,14,18],"ascension_level":20}}