{"host":"B","time":1610773743,"event":{"mods":["BaseMod","Minty Spire (QoL Compilation)","Quick Restart"],"gold_per_floor":[115,115,131,131,40,40,40,40,66,66,66,92,102,116,116,211,211,222,242,242,242,242],"floor_reached":21,"language":"ENG","playtime":1345,"items_purged":[],"score":222,"play_id":"62c05239-c8a8-4061-bcd4-384680542db8","local_time":"20210115220903","is_ascension_mode":true,"campfire_choices":[{"data":"Sword Boomerang","floor":6,"key":"SMITH"},{"data":"Strike_R","floor":11,"key":"SMITH"},{"data":"Heavy Blade","floor":15,"key":"SMITH"}],"circlet_count":0,"master_deck":["Strike_R+1","Strike_R+1","Strike_R","Strike_R+1","Strike_R","Defend_R","Defend_R","Defend_R","Defend_R","Headbutt+1","Sword Boomerang+1","Dropkick+1","Heavy Blade+1","Metallicize","Seeing Red","Double Tap","Clash"],"relics":["Burning Blood","NeowsBlessing","Bag of Marbles","Charon\u0027s Ashes","Black Star","Nilry\u0027s Codex"],"acts_visited":["Exordium","TheCity"],"potions_floor_usage":[16,16,16,21],"damage_taken":[{"damage":0,"enemies":"Cultist","floor":1,"turns":1},{"damage":0,"enemies":"2 Louse","floor":3,"turns":1},{"damage":0,"enemies":"Lagavulin","floor":12,"turns":1},{"damage":7,"enemies":"Jaw Worm","floor":13,"turns":2},{"damage":0,"enemies":"3 Louse","floor":14,"turns":2},{"damage":55,"enemies":"Hexaghost","floor":16,"turns":8},{"damage":24,"enemies":"Spheric Guardian","floor":18,"turns":4},{"damage":7,"enemies":"Chosen","floor":19,"turns":3},{"damage":51,"enemies":"3 Cultists","floor":21,"turns":6}],"seed_played":"-2771100407124530751","potions_obtained":[{"floor":1,"key":"Swift Potion"},{"floor":13,"key":"Strength Potion"},{"floor":14,"key":"BloodPotion"},{"floor":18,"key":"DuplicationPotion"}],"is_trial":false,"path_per_floor":["M","?","M","?","$","R","?","$","T","?","R","E","M","M","R","B",null,"M","M","?","M"],"character_chosen":"IRONCLAD","items_purchased":["Sword Boomerang","Dropkick"],"campfire_rested":0,"item_purchase_floors":[5,5],"current_hp_per_floor":[80,80,80,64,64,64,64,64,64,64,64,70,69,75,75,42,80,62,61,45,0,0],"gold":242,"neow_bonus":"THREE_ENEMY_KILL","is_daily":false,"chose_seed":false,"campfire_upgraded":3,"win_rate":0.0,"timestamp":1610773743,"path_taken":["M","?","?","?","?","R","?","$","T","?","R","E","?","M","R","BOSS","M","M","?","M"],"items_purchased_type":["Card","Card"],"build_version":"2020-12-18","purchased_purges":0,"victory":false,"max_hp_per_floor":[80,80,80,80,80,80,80,80,80,80,80,80,80,80,80,80,80,80,80,80,80,80],"card_choices":[{"not_picked":["Uppercut","Dark Embrace","Armaments"],"picked":"SKIP","floor":1},{"not_picked":["Iron Wave","Feel No Pain"],"picked":"Headbutt","floor":3},{"not_picked":["Twin Strike","Pommel Strike"],"picked":"Heavy Blade","floor":12},{"not_picked":["Flame Barrier","Bloodletting"],"picked":"Metallicize","floor":13},{"not_picked":["Pommel Strike","Power Through"],"picked":"Seeing Red","floor":14},{"not_picked":["Reaper","Limit Break"],"picked":"Double Tap","floor":16},{"not_picked":["Havoc","Iron Wave"],"picked":"Clash","floor":18},{"not_picked":["Shrug It Off","Whirlwind+1","Warcry"],"picked":"SKIP","floor":19}],"player_experience":89168,"relics_obtained":[{"floor":9,"key":"Bag of Marbles"},{"floor":12,"key":"Charon\u0027s Ashes"},{"floor":20,"key":"Nilry\u0027s Codex"}],"event_choices":[{"cards_removed":["Bash"],"damage_healed":0,"gold_gain":0,"player_choice":"Offered Basic","damage_taken":0,"max_hp_gain":0,"max_hp_loss":0,"event_name":"Bonfire Elementals","floor":2,"gold_loss":0},{"damage_healed":0,"gold_gain":0,"player_choice":"Entered Light","damage_taken":16,"max_hp_gain":0,"max_hp_loss":0,"event_name":"Shining Light","floor":4,"gold_loss":0,"cards_upgraded":["Strike_R","Strike_R"]},{"damage_healed":0,"gold_gain":0,"player_choice":"Grow","damage_taken":0,"max_hp_gain":0,"max_hp_loss":0,"event_name":"Living Wall","floor":7,"gold_loss":0,"cards_upgraded":["Headbutt"]},{"damage_healed":0,"gold_gain":0,"player_choice":"Upgraded","damage_taken":0,"max_hp_gain":0,"max_hp_loss":0,"event_name":"Upgrade Shrine","floor":10,"gold_loss":0,"cards_upgraded":["Dropkick"]},{"damage_healed":0,"gold_gain":0,"player_choice":"Obtained Book","damage_taken":16,"max_hp_gain":0,"max_hp_loss":0,"event_name":"Cursed Tome","floor":20,"gold_loss":0}],"is_beta":true,"boss_relics":[{"not_picked":["Runic Dome","Pandora\u0027s Box"],"picked":"Black Star"}],"items_purged_floors":[],"is_endless":false,"potions_floor_spawned":[1,13,14,18],"killed_by":"3 Cultists","ascension_level":2}}