{"host":"vrsxkkch9ccrec7k","time":1610767560,"event":{"mods":["Act Like it!","BaseMod","Bestiary","Better Sensory Stone","Better Third Choice","Better Vampires","Downfall","Minty Spire (QoL Compilation)","Permanent Neow","Relic Stats","Spicy Shops","StSLib"],"gold_per_floor":[99,112,127,139,156,156,181,181,240,415,415,34,53,81,96,96,96,96],"floor_reached":16,"language":"ENG","playtime":1198,"items_purged":["Doubt"],"score":128,"play_id":"1ab0cb7d-24f3-4259-ba4d-e9186a6fa5f6","local_time":"20210115222600","is_ascension_mode":true,"campfire_choices":[{"data":"hexamod:Float","floor":1,"key":"SMITH"},{"data":"hexamod:GhostOfSpireFuture","floor":6,"key":"SMITH"}],"circlet_count":0,"master_deck":["hexamod:Strike","hexamod:Strike","hexamod:Strike","hexamod:Defend","hexamod:Defend","hexamod:Defend","hexamod:Defend","hexamod:Sear","hexamod:Float+1","hexamod:SwordOfDarkness","hexamod:NightmareStrike","hexamod:GhostOfSpireFuture+1","Bludgeon+1","hexamod:SpectersWail","hexamod:SoulSteal","hexamod:SkipABeat","hexamod:AdvancingGuard","hexamod:Rewind","hexamod:NightmareGuise","hexamod:RetreatToShadows"],"relics":["hexamod:SpiritBrand","Blood Vial","Nunchaku","Orrery","Strawberry"],"acts_visited":["Exordium"],"potions_floor_usage":[9,9],"damage_taken":[{"damage":1,"enemies":"Jaw Worm","floor":2,"turns":4},{"damage":0,"enemies":"Small Slimes","floor":3,"turns":3},{"damage":0,"enemies":"2 Louse","floor":4,"turns":2},{"damage":15,"enemies":"Exordium Thugs","floor":5,"turns":5},{"damage":8,"enemies":"Lagavulin Event","floor":9,"turns":3},{"damage":0,"enemies":"downfall:FleeingMerchant","floor":12,"turns":4},{"damage":0,"enemies":"Large Slime","floor":13,"turns":1},{"damage":27,"enemies":"Gremlin Nob","floor":14,"turns":4},{"damage":10,"enemies":"Exordium Wildlife","floor":15,"turns":3},{"damage":46,"enemies":"IC_STATUS_ARCHETYPE","floor":16,"turns":8}],"seed_played":"1010874172029266878","potions_obtained":[{"floor":4,"key":"Strength Potion"},{"floor":5,"key":"hexamod:DoubleChargePotion"},{"floor":14,"key":"SteroidPotion"}],"is_trial":false,"path_per_floor":["R","M","M","M","M","R","T","?","?","?","?","$","M","E","M","B"],"character_chosen":"THE_SPIRIT","items_purchased":["Orrery","hexamod:Rewind"],"campfire_rested":0,"item_purchase_floors":[12,12],"current_hp_per_floor":[70,69,69,69,54,54,54,45,39,39,62,64,66,48,40,0,0,0],"gold":96,"neow_bonus":"REMOVE_CARD","is_daily":false,"chose_seed":false,"campfire_upgraded":2,"win_rate":0.0,"timestamp":1610767560,"path_taken":["R","M","M","M","M","R","T","?","?","?","?","$","M","E","M","BOSS"],"items_purchased_type":["Relic","Card"],"build_version":"2020-12-22","purchased_purges":1,"victory":false,"max_hp_per_floor":[70,70,70,70,70,70,70,70,70,70,70,70,70,77,77,77,77,77],"relic_stats":{"Blood Vial":12,"Nunchaku":[2],"counters":[10,37],"obtain_stats":[{"Blood Vial":7,"Nunchaku":9,"Strawberry":14,"Orrery":12,"hexamod:SpiritBrand":0},{"Blood Vial":4,"Nunchaku":5,"Strawberry":8,"Orrery":6,"hexamod:SpiritBrand":0},{"Blood Vial":14,"Nunchaku":17,"Strawberry":26,"Orrery":21,"hexamod:SpiritBrand":0}]},"card_choices":[{"not_picked":["hexamod:HeatMetal","hexamod:SecondSeal"],"picked":"hexamod:SwordOfDarkness","floor":2},{"not_picked":["hexamod:GhostLash","hexamod:FlamesFromBeyond"],"picked":"hexamod:NightmareStrike","floor":3},{"not_picked":["hexamod:GhostLash","hexamod:NightmareGuise"],"picked":"hexamod:GhostOfSpireFuture","floor":4},{"not_picked":["hexamod:GhostShield","hexamod:FlamesFromBeyond","hexamod:BurningTouch"],"picked":"SKIP","floor":5},{"not_picked":["hexamod:FourthSeal","hexamod:HeatMetal"],"picked":"hexamod:SpectersWail","floor":9},{"not_picked":["hexamod:SpectralAdrenaline","hexamod:NightmareStrike"],"picked":"hexamod:SoulSteal","floor":12},{"not_picked":["hexamod:SpectralSpark","hexamod:BurningTouch"],"picked":"hexamod:SkipABeat","floor":12},{"not_picked":["hexamod:GhostLash","hexamod:ShieldOfDarkness"],"picked":"hexamod:AdvancingGuard","floor":12},{"not_picked":["hexamod:FastForward","hexamod:InspiringFlames"],"picked":"hexamod:NightmareGuise","floor":13},{"not_picked":["hexamod:Haunt","hexamod:FastForward"],"picked":"hexamod:RetreatToShadows","floor":14},{"not_picked":["hexamod:GhostOfSpirePast","hexamod:HeatShield","hexamod:NightmareStrike"],"picked":"SKIP","floor":15}],"player_experience":1544286,"relics_obtained":[{"floor":7,"key":"Blood Vial"},{"floor":9,"key":"Nunchaku"},{"floor":14,"key":"Strawberry"}],"event_choices":[{"damage_healed":0,"gold_gain":0,"player_choice":"Card ","damage_taken":9,"max_hp_gain":0,"max_hp_loss":0,"event_name":"betterThird:BetterScrap","floor":8,"gold_loss":0,"cards_obtained":["Bludgeon"]},{"damage_healed":23,"gold_gain":0,"player_choice":"Banana","damage_taken":0,"max_hp_gain":0,"max_hp_loss":0,"event_name":"Big Fish","floor":11,"gold_loss":0}],"is_beta":false,"boss_relics":[],"items_purged_floors":[12],"is_endless":false,"potions_floor_spawned":[4,5,14],"killed_by":"IC_STATUS_ARCHETYPE","ascension_level":5}}