{"host":"hptm0vhwolarug47","time":1610780001,"event":{"mods":["BaseMod","Downfall","GifTheSpireLib","Minty Spire (QoL Compilation)","StSLib"],"gold_per_floor":[99,113,113,130,150,65,112,143,135,53,53,74,74,96,124,230,230,230,254,3,22,22,37,37,37,54,80,80,97,110,145,167,275,287,299,321,344,406,98,98,147,147,177,187,211,211,225,256,269,269],"floor_reached":51,"language":"ZHS","playtime":7486,"items_purged":["Pain","hexamod:Defend","hexamod:Sear"],"score":876,"play_id":"fee33290-eae3-4ed9-826d-e2cb141e0006","local_time":"20210116145321","is_ascension_mode":false,"campfire_choices":[{"data":"hexamod:Float","floor":1.0,"key":"SMITH"},{"data":"hexamod:GhostOfSpirePast","floor":11,"key":"SMITH"},{"data":"hexamod:ForkedFlame","floor":18,"key":"SMITH"},{"data":"hexamod:SpectralAdrenaline","floor":28,"key":"SMITH"},{"data":"hexamod:ParanormalForm","floor":35,"key":"SMITH"},{"data":"Master of Strategy","floor":40,"key":"SMITH"},{"data":"hexamod:RadiantFlame","floor":42,"key":"SMITH"},{"data":"hexamod:FastForward","floor":46,"key":"SMITH"}],"circlet_count":0,"master_deck":["hexamod:Float+1","hexamod:RadiantFlame+1","hexamod:SpectralAdrenaline+1","hexamod:GhostOfSpirePast+1","hexamod:NightmareStrike","hexamod:GhostShield","hexamod:Hexaguard","hexamod:BacktrackSmack","hexamod:AdvancingGuard","hexamod:ForkedFlame+1","hexamod:Hexaguard","hexamod:FastForward+1","hexamod:GhostflameBarrier+1","hexamod:Rewind+1","Ghostly","Ghostly","Ghostly","hexamod:CouncilsJustice","hexamod:CouncilsJustice","hexamod:CouncilsJustice","hexamod:FourthSeal","hexamod:FirstSeal","hexamod:ThirdSeal","hexamod:EtherealExpedition+1","hexamod:ParanormalForm+1","hexamod:GhostOfSpirePast+1","Master of Strategy+1","hexamod:Rewind+1","hexamod:GhostOfSpirePresent"],"relics":["hexamod:SpiritBrand","Happy Flower","Ancient Tea Set","Black Star","hexamod:TheBrokenSeal","Strange Spoon","Thread and Needle","Singing Bowl","Bottled Tornado","MawBank","Oddly Smooth Stone","Philosopher\u0027s Stone","CaptainsWheel","PreservedInsect","Nunchaku","Anchor","Vajra","Pocketwatch","Ice Cream"],"acts_visited":["Exordium","TheCity","TheBeyond"],"potions_floor_usage":[8,8,8,12,14,16,16,16,21,27],"damage_taken":[{"damage":6.0,"enemies":"Jaw Worm","floor":2.0,"turns":3.0},{"damage":6.0,"enemies":"Cultist","floor":4.0,"turns":4.0},{"damage":10.0,"enemies":"2 Louse","floor":5.0,"turns":4.0},{"damage":6.0,"enemies":"downfall:FleeingMerchant","floor":6.0,"turns":4.0},{"damage":10,"enemies":"3 Sentries","floor":8,"turns":5},{"damage":2,"enemies":"downfall:FleeingMerchant","floor":10,"turns":4},{"damage":4,"enemies":"Blue Slaver","floor":12,"turns":4},{"damage":4,"enemies":"Red Slaver","floor":14,"turns":3},{"damage":0,"enemies":"2 Fungi Beasts","floor":15,"turns":3},{"damage":16,"enemies":"WA_ARCHETYPE_RETAIN","floor":16,"turns":9},{"damage":7,"enemies":"Shell Parasite","floor":19,"turns":4},{"damage":0,"enemies":"downfall:FleeingMerchant","floor":20,"turns":4},{"damage":0,"enemies":"3 Byrds","floor":21,"turns":4},{"damage":0,"enemies":"Cultist and Chosen","floor":23,"turns":3},{"damage":0,"enemies":"Centurion and Healer","floor":26,"turns":4},{"damage":0,"enemies":"Slavers","floor":27,"turns":4},{"damage":0,"enemies":"Snecko","floor":29,"turns":4},{"damage":0,"enemies":"3 Cultists","floor":30,"turns":4},{"damage":0,"enemies":"Book of Stabbing","floor":31,"turns":5},{"damage":0,"enemies":"Snake Plant","floor":32,"turns":3},{"damage":1,"enemies":"SI_MIRROR_ARCHETYPE","floor":33,"turns":10},{"damage":2,"enemies":"3 Darklings","floor":36,"turns":4},{"damage":0,"enemies":"3 Shapes","floor":37,"turns":4},{"damage":0,"enemies":"3 Shapes","floor":38,"turns":6},{"damage":0,"enemies":"downfall:FleeingMerchant","floor":39,"turns":4},{"damage":0,"enemies":"Nemesis","floor":43,"turns":7},{"damage":1,"enemies":"Jaw Worm Horde","floor":44,"turns":3},{"damage":0,"enemies":"Transient","floor":47,"turns":5},{"damage":0,"enemies":"Giant Head","floor":48,"turns":5},{"damage":0,"enemies":"Spire Growth","floor":49,"turns":4},{"damage":0,"enemies":"IC_BLOCK_ARCHETYPE","floor":50,"turns":8}],"seed_played":"-1418531258323324446","potions_obtained":[{"floor":4.0,"key":"BlessingOfTheForge"},{"floor":5.0,"key":"Fire Potion"},{"floor":5.0,"key":"Fire Potion"},{"floor":6.0,"key":"SteroidPotion"},{"floor":8,"key":"Ancient Potion"},{"floor":8,"key":"Fire Potion"},{"floor":10,"key":"Weak Potion"},{"floor":12,"key":"SneckoOil"},{"floor":12,"key":"SpeedPotion"},{"floor":14,"key":"Weak Potion"},{"floor":15,"key":"DuplicationPotion"},{"floor":16,"key":"SkillPotion"},{"floor":19,"key":"SmokeBomb"},{"floor":19,"key":"Fire Potion"},{"floor":26,"key":"Fire Potion"},{"floor":29,"key":"DuplicationPotion"},{"floor":30,"key":"CultistPotion"},{"floor":31,"key":"PowerPotion"},{"floor":33,"key":"Slimebound:ThreeZeroPotion"},{"floor":33,"key":"Fire Potion"}],"is_trial":false,"path_per_floor":["R","M","?","M","M","$","T","E","?","$","R","M","?","M","M","B",null,"R","M","$","M","?","M","T","?","M","E","R","M","M","E","M","B",null,"R","M","M","?","$","R","T","R","E","M","T","R","M","E","M","B",null],"character_chosen":"THE_SPIRIT","items_purchased":["hexamod:GhostOfSpirePast","Strange Spoon","Master of Strategy"],"campfire_rested":0,"item_purchase_floors":[6,20,39],"current_hp_per_floor":[77,71,71,65,55,49,49,39,32,37,37,40,40,43,50,41,77,77,77,87,87,87,87,87,43,43,43,43,43,43,45,49,49,49,49,53,57,61,63,63,63,63,65,69,69,69,73,75,79,79],"gold":269,"neow_bonus":"TEN_PERCENT_HP_BONUS","is_daily":false,"chose_seed":false,"campfire_upgraded":8,"win_rate":0.0,"timestamp":1610780001,"path_taken":["R","M","?","?","M","$","T","E","?","$","R","M","?","M","M","BOSS","R","M","$","M","?","?","T","?","M","E","R","M","M","E","M","BOSS","R","M","M","?","$","R","T","R","E","M","?","R","?","E","M","BOSS"],"items_purchased_type":["Card","Relic","Card"],"build_version":"2020-12-22","purchased_purges":3,"victory":true,"max_hp_per_floor":[77,77,77,77,77,77,77,77,77,77,77,77,77,77,77,77,77,77,77,87,87,87,87,87,43,43,43,43,43,43,45,49,49,49,49,53,57,61,63,63,63,63,65,69,69,69,73,75,79,79],"card_choices":[{"not_picked":["hexamod:SwordOfDarkness","hexamod:InspiringFlames"],"picked":"hexamod:FourthSeal","floor":2.0},{"not_picked":["hexamod:GhostShield","hexamod:ThermalTransfer"],"picked":"hexamod:RadiantFlame","floor":4.0},{"not_picked":["hexamod:HeatShield","hexamod:ShieldOfDarkness"],"picked":"hexamod:SpectersWail","floor":5.0},{"not_picked":["hexamod:UnleashSpirits","hexamod:HauntingEcho"],"picked":"hexamod:SpectralAdrenaline","floor":6.0},{"not_picked":["hexamod:SpectralAdrenaline","hexamod:FastForward","hexamod:RainOfEmbers"],"picked":"SKIP","floor":8},{"not_picked":["hexamod:Firestarter","hexamod:ThermalTransfer"],"picked":"hexamod:NightmareStrike","floor":10},{"not_picked":["hexamod:WildfireWeapon","hexamod:ShieldOfDarkness"],"picked":"hexamod:GhostShield","floor":10},{"not_picked":["hexamod:BurningTouch","hexamod:HeatMetal","hexamod:HauntingEcho"],"picked":"SKIP","floor":12},{"not_picked":["hexamod:FirstSeal","hexamod:RadiantFlame","hexamod:NecessarySacrifice"],"picked":"SKIP","floor":12},{"not_picked":["hexamod:GhostShield","hexamod:ShieldOfDarkness"],"picked":"hexamod:Hexaguard","floor":14},{"not_picked":["hexamod:NightmareStrike","hexamod:GhostShield"],"picked":"hexamod:BacktrackSmack","floor":14},{"not_picked":["hexamod:InspiringFlames","hexamod:NightmareStrike"],"picked":"hexamod:AdvancingGuard","floor":15},{"not_picked":["hexamod:RainOfEmbers","hexamod:HauntingEcho","hexamod:BacktrackSmack"],"picked":"SKIP","floor":15},{"not_picked":["hexamod:FlameSwitch","hexamod:VolcanoVisage"],"picked":"hexamod:ForkedFlame","floor":16},{"not_picked":["hexamod:GhostOfSpirePresent","hexamod:HexaLevel"],"picked":"hexamod:FifthSeal","floor":16},{"not_picked":["hexamod:GhostflameBarrier","hexamod:GhostOfSpirePast"],"picked":"hexamod:Hexaguard","floor":19},{"not_picked":["hexamod:FirstSeal","hexamod:ThirdSeal"],"picked":"hexamod:SixthSeal","floor":19},{"not_picked":["hexamod:SwordOfDarkness","hexamod:SpectersWail"],"picked":"hexamod:FastForward","floor":19},{"not_picked":["hexamod:GhostLash","hexamod:Hexaguard"],"picked":"hexamod:GhostflameBarrier+1","floor":20},{"not_picked":["hexamod:DynamicBlow","hexamod:AdvancingGuard+1","hexamod:HauntingEcho+1"],"picked":"SKIP","floor":21},{"not_picked":["hexamod:SpectralAdrenaline","hexamod:ShieldOfDarkness"],"picked":"hexamod:Rewind+1","floor":23},{"not_picked":["hexamod:GhostShield","hexamod:UnleashSpirits","hexamod:InspiringFlames"],"picked":"SKIP","floor":26},{"not_picked":["hexamod:SoulSteal","hexamod:BacktrackSmack"],"picked":"hexamod:FourthSeal","floor":27},{"not_picked":["hexamod:RadiantFlame+1","hexamod:Incineration+1"],"picked":"hexamod:FirstSeal","floor":29},{"not_picked":["hexamod:InspiringFlames","hexamod:SecondSeal"],"picked":"hexamod:ThirdSeal","floor":30},{"not_picked":["hexamod:NecessarySacrifice+1","hexamod:Firestarter"],"picked":"hexamod:EtherealExpedition+1","floor":31},{"not_picked":["hexamod:Rewind","hexamod:SecondSeal","hexamod:HeatCrush"],"picked":"Singing Bowl","floor":31},{"not_picked":["hexamod:Rewind","hexamod:HeatMetal","hexamod:BacktrackSmack"],"picked":"Singing Bowl","floor":32},{"not_picked":["hexamod:HexaLevel","hexamod:FastForward+1","hexamod:NecessarySacrifice"],"picked":"Singing Bowl","floor":32},{"not_picked":["hexamod:FlameSwitch","hexamod:UnleashSpirits"],"picked":"hexamod:ParanormalForm","floor":33},{"not_picked":["hexamod:HeatCrush","hexamod:HauntingEcho","hexamod:RadiantFlame"],"picked":"Singing Bowl","floor":36},{"not_picked":["hexamod:Firestarter+1","hexamod:SpectersWail","hexamod:CatchUp+1"],"picked":"Singing Bowl","floor":36},{"not_picked":["hexamod:ThermalTransfer","hexamod:AdvancingGuard+1","hexamod:HauntingEcho"],"picked":"Singing Bowl","floor":37},{"not_picked":["hexamod:SoulSteal","hexamod:Firestarter","hexamod:TurnItUp"],"picked":"Singing Bowl","floor":37},{"not_picked":["hexamod:BurningTouch+1","hexamod:SwordOfDarkness","hexamod:HauntingEcho"],"picked":"Singing Bowl","floor":38},{"not_picked":["hexamod:DynamicBlow","hexamod:BacktrackSmack","hexamod:SpectersWail"],"picked":"Singing Bowl","floor":38},{"not_picked":["hexamod:RetreatToShadows+1","hexamod:Incineration","hexamod:PhantomCloak+1"],"picked":"Singing Bowl","floor":39},{"not_picked":["hexamod:VolcanoVisage","hexamod:ShieldOfDarkness"],"picked":"hexamod:GhostOfSpirePast+1","floor":39},{"not_picked":["hexamod:InspiringFlames","hexamod:EmpoweredFlame"],"picked":"hexamod:Rewind+1","floor":43},{"not_picked":["hexamod:RainOfEmbers","hexamod:SpectralAdrenaline","hexamod:NightmareStrike+1"],"picked":"Singing Bowl","floor":43},{"not_picked":["hexamod:BurningTouch+1","hexamod:EmpoweredFlame+1","hexamod:RecurringNightmare"],"picked":"Singing Bowl","floor":44},{"not_picked":["hexamod:AdvancingGuard","hexamod:ChargedBarrage+1","hexamod:SpectersWail"],"picked":"Singing Bowl","floor":44},{"not_picked":["hexamod:HauntingEcho","hexamod:NightmareGuise","hexamod:Firestarter"],"picked":"Singing Bowl","floor":47},{"not_picked":["hexamod:HeatCrush+1","hexamod:InspiringFlames+1","hexamod:PhantomCloak+1"],"picked":"Singing Bowl","floor":47},{"not_picked":["hexamod:ThirdSeal","hexamod:SoulSteal+1","hexamod:GhostOfSpireFuture+1"],"picked":"Singing Bowl","floor":48},{"not_picked":["hexamod:GhostLash","hexamod:GhostflameBarrier+1"],"picked":"hexamod:GhostOfSpirePresent","floor":48},{"not_picked":["hexamod:Again+1","hexamod:FirstSeal","hexamod:Firestarter"],"picked":"Singing Bowl","floor":49},{"not_picked":["hexamod:NightmareGuise+1","hexamod:RecurringNightmare","hexamod:GhostLash"],"picked":"Singing Bowl","floor":49}],"player_experience":127574,"relics_obtained":[{"floor":7.0,"key":"Happy Flower"},{"floor":8,"key":"Ancient Tea Set"},{"floor":24,"key":"Thread and Needle"},{"floor":27,"key":"Singing Bowl"},{"floor":27,"key":"Bottled Tornado"},{"floor":31,"key":"MawBank"},{"floor":31,"key":"Oddly Smooth Stone"},{"floor":38,"key":"CaptainsWheel"},{"floor":41,"key":"PreservedInsect"},{"floor":43,"key":"Nunchaku"},{"floor":43,"key":"Anchor"},{"floor":45,"key":"Vajra"},{"floor":48,"key":"Pocketwatch"},{"floor":48,"key":"Ice Cream"}],"event_choices":[],"is_beta":false,"boss_relics":[{"not_picked":["Runic Dome","Tiny House"],"picked":"Black Star"},{"not_picked":["Busted Crown","Snecko Eye"],"picked":"Philosopher\u0027s Stone"}],"items_purged_floors":[10,20,39],"is_endless":false,"potions_floor_spawned":[5,8,12,19,26,29,33,36,43,44,49],"ascension_level":0}}