{"host":"4axoa1rfjgnprp9l","time":1610789426,"event":{"mods":["2.2 Compatiblity","AchievementEnabler","BaseMod","Colored Map","DeckTracker","Highlight Path","Minty Spire (QoL Compilation)","Permanent Neow","StSLib","SuperFastMode"],"gold_per_floor":[117,117,133,153,41,74,59,59,85,85,85,85],"floor_reached":11,"language":"KOR","playtime":1931,"items_purged":[],"score":146,"play_id":"a3589ca0-15fc-44ce-b99a-9005d2b24364","local_time":"20210116183026","is_ascension_mode":true,"campfire_choices":[{"floor":8.0,"key":"REST"},{"floor":10.0,"key":"REST"}],"circlet_count":0,"master_deck":["AscendersBane","Strike_G","Strike_G","Strike_G","Defend_G","Defend_G","Defend_G","Defend_G","Defend_G","Survivor","Neutralize","Leg Sweep","Poisoned Stab","Footwork","Backflip","Dagger Throw","Blade Dance"],"relics":["Ring of the Snake","Golden Idol","Bag of Preparation","Potion Belt"],"acts_visited":["Exordium"],"potions_floor_usage":[],"damage_taken":[{"damage":0.0,"enemies":"2 Louse","floor":1.0,"turns":4.0},{"damage":0.0,"enemies":"Jaw Worm","floor":3.0,"turns":8.0},{"damage":5.0,"enemies":"Small Slimes","floor":4.0,"turns":5.0},{"damage":25.0,"enemies":"Gremlin Nob","floor":6.0,"turns":6.0},{"damage":6.0,"enemies":"Exordium Thugs","floor":7.0,"turns":4.0},{"damage":55,"enemies":"Lagavulin","floor":11,"turns":13}],"seed_played":"1756456363256011108","potions_obtained":[{"floor":3.0,"key":"Weak Potion"},{"floor":4.0,"key":"GhostInAJar"}],"is_trial":false,"path_per_floor":["M","?","M","M","$","E","M","R","T","R","E"],"character_chosen":"THE_SILENT","items_purchased":["Backflip","Dagger Throw"],"campfire_rested":2,"item_purchase_floors":[5,5],"current_hp_per_floor":[44,44,44,39,39,14,8,26,26,44,0,0],"gold":85,"neow_bonus":"REMOVE_TWO","is_daily":false,"chose_seed":false,"campfire_upgraded":0,"win_rate":0.0,"timestamp":1610789426,"path_taken":["M","?","M","M","$","E","M","R","T","R","E"],"items_purchased_type":["Card","Card"],"build_version":"2020-12-22","purchased_purges":0,"victory":false,"max_hp_per_floor":[66,60,60,60,60,60,60,60,60,60,60,60],"card_choices":[{"not_picked":["Dodge and Roll","Riddle With Holes"],"picked":"Leg Sweep","floor":1.0},{"not_picked":["Deflect","PiercingWail"],"picked":"Poisoned Stab","floor":3.0},{"not_picked":["Slice","Finisher"],"picked":"Footwork","floor":4.0},{"not_picked":["Grand Finale","Accuracy","Underhanded Strike"],"picked":"SKIP","floor":6.0},{"not_picked":["PiercingWail","Quick Slash"],"picked":"Blade Dance","floor":7.0}],"player_experience":859657,"relics_obtained":[{"floor":6.0,"key":"Bag of Preparation"},{"floor":9.0,"key":"Potion Belt"}],"event_choices":[{"damage_healed":0.0,"max_hp_gain":0.0,"max_hp_loss":6.0,"gold_gain":0.0,"event_name":"Golden Idol","player_choice":"Lose Max HP","floor":2.0,"gold_loss":0.0,"damage_taken":0.0,"relics_obtained":["Golden Idol"]}],"is_beta":false,"boss_relics":[],"items_purged_floors":[],"is_endless":false,"potions_floor_spawned":[3,4],"killed_by":"Lagavulin","ascension_level":20}}