{"host":"9u9ci7gr6x9ja244","time":1610805070,"event":{"mods":["BaseMod","Downfall","Minty Spire (QoL Compilation)","StSLib"],"gold_per_floor":[99,99,99,0,0,34,34,19,33,33,48,148,48,65,81,183,183,83,103,117,117,117,150,150,170,201,201,228,328,341,354,368,473,473,473,485,485,505,515,515,515,545,558,458,268,268,315,335,349,349,349,383,20,20,20,20],"floor_reached":57,"language":"ZHS","playtime":5085,"items_purged":[],"score":1317,"play_id":"7dbf3471-198e-4633-9fd0-0a558ecaaba8","local_time":"20210116215110","is_ascension_mode":false,"campfire_choices":[{"floor":1,"key":"RECALL"},{"data":"Guardian:BodySlam","floor":10,"key":"SMITH"},{"floor":13,"key":"REST"},{"data":"Guardian:GemFinder","floor":18,"key":"SMITH"},{"floor":27,"key":"REST"},{"data":"Guardian:BodySlam","floor":35,"key":"SMITH"},{"data":"Guardian:Planning","floor":40,"key":"SMITH"},{"data":"Guardian:EvasiveProtocol","floor":44,"key":"SMITH"},{"data":"Apotheosis","floor":46,"key":"SMITH"},{"floor":54,"key":"REST"}],"circlet_count":0,"master_deck":["Guardian:CurlUp","Guardian:TwinSlam","Guardian:ShieldSpikes","Guardian:ArmoredProtocol","Guardian:TimeCapacitor","Guardian:TemporalStrike+1","Guardian:Harden","Guardian:BodySlam+1","Guardian:BodySlam+1","Guardian:Incinerate+1","Guardian:ChargeUp","Guardian:GemFinder+1","Guardian:ArmoredProtocol","Guardian:GemFire","Guardian:PiercingHide","Guardian:SpikerProtocol","Guardian:SentryBeam","Guardian:DonusPower+1","Guardian:Planning+1","Guardian:EvasiveProtocol+1","Guardian:BodySlam+1","Guardian:DecasProtection","Guardian:TemporalShield","Guardian:TimeCapacitor+1","Guardian:CrystalBeam","Guardian:CrystalBeam+1","Guardian:BodySlam+1","Guardian:BodySlam+1","Guardian:CrystalBeam+1","Guardian:DonusPower+1","expansioncontent:PrepareCrush","Guardian:Planning+1","Guardian:BodySlam+1","Parasite","Guardian:SpikerProtocol","Guardian:SpikerProtocol+1","Guardian:ChargeCore+1","Guardian:TemporalShield+1","Apotheosis+1","Guardian:BodySlam","Guardian:PrismaticBeam+1","Guardian:TemporalStrike+1","Guardian:ChargeUp+1","Guardian:TimeCapacitor","Guardian:CrystalBeam+1"],"relics":["Guardian:ModeShifterPlus","downfall:HeartsMalice","downfall:ShatteredFragment","Letter Opener","downfall:HeartBlessingRed","Pandora\u0027s Box","downfall:HeartBlessingBlue","Dream Catcher","Mango","Orichalcum","Akabeko","Prayer Wheel","Matryoshka","Juzu Bracelet","Ginger","InkBottle","downfall:HeartBlessingGreen","Dead Branch","Lizard Tail","Whetstone","Chemical X"],"acts_visited":["Exordium","TheCity","TheBeyond","TheEnding"],"potions_floor_usage":[16,16,16,55,55],"damage_taken":[{"damage":0,"enemies":"Small Slimes","floor":3,"turns":1},{"damage":0,"enemies":"downfall:FleeingMerchant","floor":4,"turns":1},{"damage":0,"enemies":"Gremlin Nob","floor":6,"turns":1},{"damage":0,"enemies":"downfall:FleeingMerchant","floor":8,"turns":4},{"damage":9,"enemies":"Cultist","floor":9,"turns":4},{"damage":12,"enemies":"2 Louse","floor":11,"turns":3},{"damage":10,"enemies":"downfall:Heads","floor":12,"turns":5},{"damage":7,"enemies":"2 Fungi Beasts","floor":14,"turns":3},{"damage":15,"enemies":"Exordium Thugs","floor":15,"turns":5},{"damage":30,"enemies":"DF_ARCHETYPE_STREAMLINE","floor":16,"turns":12},{"damage":0,"enemies":"Chosen","floor":19,"turns":3},{"damage":0,"enemies":"Shelled Parasite and Fungi","floor":20,"turns":3},{"damage":12,"enemies":"Slavers","floor":23,"turns":4},{"damage":0,"enemies":"Cultist and Chosen","floor":25,"turns":4},{"damage":18,"enemies":"Gremlin Leader","floor":26,"turns":3},{"damage":18,"enemies":"Slavers","floor":28,"turns":4},{"damage":10,"enemies":"IC_STATUS_ARCHETYPE","floor":29,"turns":4},{"damage":2,"enemies":"Centurion and Healer","floor":30,"turns":2},{"damage":0,"enemies":"Shelled Parasite and Fungi","floor":31,"turns":1},{"damage":12,"enemies":"Snake Plant","floor":32,"turns":3},{"damage":20,"enemies":"SI_MIRROR_ARCHETYPE","floor":33,"turns":7},{"damage":0,"enemies":"3 Shapes","floor":36,"turns":3},{"damage":0,"enemies":"3 Darklings","floor":38,"turns":2},{"damage":10,"enemies":"Writhing Mass","floor":39,"turns":4},{"damage":0,"enemies":"Reptomancer","floor":42,"turns":3},{"damage":5,"enemies":"Spire Growth","floor":43,"turns":3},{"damage":0,"enemies":"downfall:FleeingMerchant","floor":45,"turns":4},{"damage":0,"enemies":"2 Orb Walkers","floor":47,"turns":3},{"damage":0,"enemies":"Sphere and 2 Shapes","floor":48,"turns":3},{"damage":0,"enemies":"Maw","floor":49,"turns":2},{"damage":15,"enemies":"IC_BLOCK_ARCHETYPE","floor":50,"turns":5},{"damage":29,"enemies":"downfall:CharBossMerchant","floor":52,"turns":6},{"damage":35,"enemies":"downfall:NeowBoss","floor":55,"turns":17},{"damage":56,"enemies":"downfall:NeowBossFinal","floor":56,"turns":12}],"seed_played":"-5223682919685486636","potions_obtained":[{"floor":6,"key":"Regen Potion"},{"floor":11,"key":"ColorlessPotion"},{"floor":14,"key":"Weak Potion"},{"floor":16,"key":"ColorlessPotion"},{"floor":19,"key":"SkillPotion"},{"floor":28,"key":"Block Potion"}],"is_trial":false,"path_per_floor":["R","?","M","$","?","E","T","$","M","R","M","?","R","M","M","B",null,"R","M","M","?","?","E","T","M","E","R","E","?","M","M","M","B",null,"R","M","?","M","M","R","T","E","M","R","$","R","?","M","M","B",null,"E","$","R","B","B",null],"character_chosen":"GUARDIAN","items_purchased":["Guardian:TimeCapacitor","Guardian:TemporalStrike","Apotheosis","Whetstone","Chemical X","Guardian:TimeCapacitor"],"campfire_rested":3,"item_purchase_floors":[4,4,45,53,53,53],"current_hp_per_floor":[80,80,80,80,56,56,56,56,47,47,35,25,49,42,27,12,80,90,90,90,90,90,78,92,92,74,104,86,76,74,74,62,42,104,104,104,104,104,94,94,94,94,89,89,89,89,89,89,89,74,104,75,75,104,69,13],"gold":20,"neow_bonus":"THREE_ENEMY_KILL","is_daily":false,"chose_seed":false,"campfire_upgraded":6,"win_rate":0.0,"timestamp":1610805070,"path_taken":["R","?","?","?","?","E","T","$","M","R","M","?","R","M","M","BOSS","R","M","M","?","?","E","T","M","E","R","E","?","?","M","M","BOSS","R","M","?","M","M","R","T","E","M","R","$","R","?","M","M","BOSS","E","$","R","BOSS","BOSS"],"items_purchased_type":["Card","Card","Card","Relic","Relic","Card"],"build_version":"2020-12-22","purchased_purges":0,"victory":true,"max_hp_per_floor":[80,80,80,80,80,80,80,80,80,80,80,80,80,80,80,80,80,90,90,90,90,90,90,104,104,104,104,104,104,104,104,104,104,104,104,104,104,104,104,104,104,104,104,104,104,104,104,104,104,104,104,104,104,104,104,104],"card_choices":[{"not_picked":["Guardian:Gem_Lightblue","Guardian:Gem_Red"],"picked":"Guardian:ShieldSpikes","floor":3},{"not_picked":["Guardian:Gem_Red","Guardian:FloatingOrbs"],"picked":"Guardian:ArmoredProtocol","floor":4},{"not_picked":["Guardian:GemFire","Guardian:EvasiveProtocol"],"picked":"Guardian:Harden","floor":6},{"not_picked":["Guardian:Preprogram","Guardian:VentSteam"],"picked":"Guardian:Suspension","floor":8},{"not_picked":["Guardian:PrismaticBeam","Guardian:Incinerate"],"picked":"Guardian:BodySlam","floor":9},{"not_picked":["Guardian:PrimingBeam","Guardian:TemporalStrike"],"picked":"Guardian:BodySlam","floor":11},{"not_picked":["Guardian:Gem_Lightblue","Guardian:MultiBeam"],"picked":"Guardian:Gem_Blue","floor":14},{"not_picked":["Guardian:Gem_Green","Guardian:BronzeArmor"],"picked":"Guardian:ChargeUp","floor":15},{"not_picked":["Guardian:Gem_Synthetic","Guardian:AncientConstruct"],"picked":"Guardian:GemFinder","floor":16},{"not_picked":["Guardian:Gem_Red","Guardian:Gem_Green"],"picked":"Guardian:Gem_Cyan","floor":19},{"not_picked":["Guardian:Emergency","Guardian:PolyBeam+1"],"picked":"Guardian:DonusPower+1","floor":19},{"not_picked":["Guardian:Gem_Green","Guardian:Gem_Cyan"],"picked":"Guardian:Gem_Red","floor":20},{"not_picked":["Guardian:WalkerClaw","Guardian:CrystalBeam+1"],"picked":"Guardian:Planning+1","floor":20},{"not_picked":["Guardian:Gem_Lightblue","Guardian:Gem_Green"],"picked":"Guardian:Gem_Cyan","floor":23},{"not_picked":["Guardian:BronzeOrb","Guardian:Incinerate+1"],"picked":"Guardian:EvasiveProtocol","floor":23},{"not_picked":["Guardian:MultiBeam","Guardian:Incinerate"],"picked":"Guardian:BodySlam","floor":25},{"not_picked":["Guardian:Gem_Purple","Guardian:WalkerClaw"],"picked":"Guardian:DecasProtection","floor":26},{"not_picked":["Guardian:CrystalBeam","Guardian:Reroute"],"picked":"Guardian:TemporalShield","floor":27},{"not_picked":["Guardian:Gem_Green","Guardian:Gem_Lightblue"],"picked":"Guardian:Gem_Red","floor":28},{"not_picked":["Guardian:ConstructionForm","Guardian:Gem_White"],"picked":"Guardian:TimeCapacitor+1","floor":28},{"not_picked":["Guardian:Preprogram","Guardian:PrismaticBeam+1"],"picked":"Guardian:CrystalBeam","floor":29},{"not_picked":["Guardian:PiercingHide","Guardian:VentSteam"],"picked":"Guardian:CrystalBeam+1","floor":30},{"not_picked":["Guardian:ChargeCore+1","Guardian:Incinerate"],"picked":"Guardian:BodySlam+1","floor":30},{"not_picked":["Guardian:Incinerate","Guardian:Clone+1"],"picked":"Guardian:Gem_Crimson","floor":31},{"not_picked":["Guardian:TimeCapacitor+1","Guardian:Gem_Orange"],"picked":"Guardian:BodySlam+1","floor":31},{"not_picked":["Guardian:Gem_Green","Guardian:Gem_Red"],"picked":"Guardian:Gem_Cyan","floor":32},{"not_picked":["Guardian:Incinerate+1","Guardian:Preprogram","Guardian:Emergency"],"picked":"SKIP","floor":32},{"not_picked":["Guardian:Suspension+1","Guardian:TemporalStrike","Guardian:Gem_Crimson"],"picked":"SKIP","floor":32},{"not_picked":["Guardian:Gem_Cyan","Guardian:Gem_Lightblue"],"picked":"Guardian:Gem_Green","floor":33},{"not_picked":["Guardian:ExploitGems","Guardian:StasisStrike"],"picked":"Guardian:Gem_Synthetic","floor":33},{"not_picked":["Guardian:Gem_Red","Guardian:Gem_Cyan"],"picked":"Guardian:Gem_Green","floor":36},{"not_picked":["Guardian:DonusPower","Guardian:Gem_Purple"],"picked":"Guardian:CrystalBeam+1","floor":36},{"not_picked":["Guardian:Gem_Green","Guardian:ChargeCore+1"],"picked":"Guardian:DonusPower+1","floor":36},{"not_picked":["expansioncontent:PolyBeam","expansioncontent:AwakenDeath"],"picked":"expansioncontent:PrepareCrush","floor":37},{"not_picked":["Guardian:WalkerClaw+1","Guardian:Repulse"],"picked":"Guardian:Planning","floor":38},{"not_picked":["Guardian:Gem_Purple","Guardian:EvasiveProtocol+1"],"picked":"Guardian:BodySlam+1","floor":38},{"not_picked":["Guardian:Reroute","Guardian:MultiBeam"],"picked":"Guardian:SpikerProtocol","floor":39},{"not_picked":["Guardian:ShieldSpikes","Guardian:Emergency+1","Guardian:Gem_Cyan"],"picked":"SKIP","floor":39},{"not_picked":["Guardian:MultiBeam","Guardian:TemporalShield+1"],"picked":"Guardian:SpikerProtocol+1","floor":42},{"not_picked":["Guardian:Preprogram","Guardian:Gem_Cyan"],"picked":"Guardian:ChargeCore+1","floor":43},{"not_picked":["Guardian:Repulse+1","Guardian:TimeCapacitor+1","Guardian:Gem_Lightblue"],"picked":"SKIP","floor":43},{"not_picked":["Guardian:ConstructionForm","Guardian:ChargeCore+1"],"picked":"Guardian:TemporalShield+1","floor":45},{"not_picked":["Guardian:PiercingHide+1","Guardian:Emergency+1"],"picked":"Guardian:BodySlam","floor":47},{"not_picked":["Guardian:VentSteam+1","Guardian:Gem_Red","Guardian:DecasProtection"],"picked":"SKIP","floor":48},{"not_picked":["Guardian:VentSteam","Guardian:Gem_Green","Guardian:SentryBeam+1"],"picked":"SKIP","floor":48},{"not_picked":["Guardian:Gem_Cyan","Guardian:Gem_Lightblue"],"picked":"Guardian:Gem_Green","floor":49},{"not_picked":["Guardian:TemporalShield","Guardian:Planning"],"picked":"Guardian:PrismaticBeam+1","floor":49},{"not_picked":["Guardian:VentSteam+1","Guardian:Gem_Yellow"],"picked":"Guardian:TemporalStrike+1","floor":49},{"not_picked":["Guardian:Gem_Cyan","Guardian:Gem_Lightblue"],"picked":"Guardian:Gem_Red","floor":52},{"not_picked":["Guardian:BronzeArmor","Guardian:Preprogram"],"picked":"Guardian:ChargeUp+1","floor":52},{"not_picked":["Guardian:Recover+1","Guardian:StasisStrike"],"picked":"Guardian:CrystalBeam+1","floor":54}],"player_experience":273850,"relics_obtained":[{"floor":6,"key":"Letter Opener"},{"floor":23,"key":"Dream Catcher"},{"floor":24,"key":"Mango"},{"floor":26,"key":"Orichalcum"},{"floor":28,"key":"Akabeko"},{"floor":29,"key":"Prayer Wheel"},{"floor":29,"key":"Matryoshka"},{"floor":41,"key":"Juzu Bracelet"},{"floor":41,"key":"Ginger"},{"floor":42,"key":"InkBottle"},{"floor":47,"key":"Dead Branch"},{"floor":52,"key":"Lizard Tail"}],"event_choices":[{"damage_healed":0,"gold_gain":0,"player_choice":"Ignored","damage_taken":0,"max_hp_gain":0,"max_hp_loss":0,"event_name":"Vampires","floor":21,"gold_loss":0},{"damage_healed":0,"gold_gain":0,"player_choice":"Fight","damage_taken":0,"max_hp_gain":0,"max_hp_loss":0,"event_name":"Mysterious Sphere","floor":47,"gold_loss":0}],"is_beta":false,"boss_relics":[{"not_picked":["SlaversCollar","Guardian:StasisSlotReductionRelic"],"picked":"Pandora\u0027s Box"},{"not_picked":["SacredBark","Black Star"],"picked":"Guardian:ModeShifterPlus"}],"items_purged_floors":[],"is_endless":false,"potions_floor_spawned":[6,11,14,16,19,28,30,31,32,43,47,48],"ascension_level":0}}