{"host":"ad59wuc8ynh8u2z6","time":1610803765,"event":{"mods":["AchievementEnabler","BaseMod","Colored Powertips","DeckTracker","Highlight Path","Minty Spire (QoL Compilation)","Permanent Neow"],"gold_per_floor":[117,137,150,110,124,154,154,184,184,209,209,225,244,262,262,362,362,377,377,391,405,424,452,452,280,305,155,187,187,187,187,187,283,283,303,178,224,241,91,126,0,0,0,0,30,80,91,423,423,423],"floor_reached":51,"language":"ENG","playtime":1951,"items_purged":["Defend_P","Defend_P","Defend_P","Defend_P"],"score":1222,"play_id":"c4498df5-9742-47d1-b5db-ada517a2ef7f","local_time":"20210116142925","is_ascension_mode":true,"campfire_choices":[{"data":"Wallop","floor":7.0,"key":"SMITH"},{"data":"Conclude","floor":11.0,"key":"SMITH"},{"data":"Wallop","floor":15.0,"key":"SMITH"},{"data":"RitualDagger","floor":29.0,"key":"SMITH"},{"data":"Indignation","floor":32.0,"key":"SMITH"},{"data":"Eruption","floor":42.0,"key":"SMITH"},{"data":"LessonLearned","floor":44.0,"key":"SMITH"},{"data":"WheelKick","floor":49.0,"key":"SMITH"}],"circlet_count":0,"master_deck":["Strike_P","Strike_P+1","Strike_P","Strike_P","Eruption+1","Vigilance","CutThroughFate+1","Wallop+1","Indignation+1","Conclude+1","Wallop+1","LessonLearned+1","RitualDagger+1","WheelKick+1"],"relics":["HolyWater","Turnip","Calipers","Happy Flower","Bronze Scales","Sundial","PreservedInsect","Omamori","Shuriken","Vajra","SacredBark","Prayer Wheel","Lizard Tail","Red Mask","Question Card","Unceasing Top","Pocketwatch","Old Coin"],"acts_visited":["Exordium","TheCity","TheBeyond"],"potions_floor_usage":[50,50,50],"damage_taken":[{"damage":0.0,"enemies":"Jaw Worm","floor":1.0,"turns":3.0},{"damage":0.0,"enemies":"Cultist","floor":2.0,"turns":3.0},{"damage":0.0,"enemies":"Small Slimes","floor":3.0,"turns":3.0},{"damage":0.0,"enemies":"2 Fungi Beasts","floor":5.0,"turns":3.0},{"damage":13.0,"enemies":"3 Sentries","floor":6.0,"turns":10.0},{"damage":0.0,"enemies":"Gremlin Nob","floor":8.0,"turns":3.0},{"damage":0.0,"enemies":"3 Sentries","floor":10.0,"turns":3.0},{"damage":0.0,"enemies":"Lots of Slimes","floor":12.0,"turns":2.0},{"damage":0.0,"enemies":"3 Louse","floor":13.0,"turns":2.0},{"damage":0.0,"enemies":"Large Slime","floor":14.0,"turns":2.0},{"damage":0.0,"enemies":"Slime Boss","floor":16.0,"turns":5.0},{"damage":0.0,"enemies":"Shell Parasite","floor":18.0,"turns":2.0},{"damage":0.0,"enemies":"Chosen","floor":20.0,"turns":2.0},{"damage":17.0,"enemies":"Snake Plant","floor":21.0,"turns":4.0},{"damage":0.0,"enemies":"Sentry and Sphere","floor":22.0,"turns":4.0},{"damage":0.0,"enemies":"Gremlin Leader","floor":23.0,"turns":2.0},{"damage":0.0,"enemies":"Book of Stabbing","floor":28.0,"turns":2.0},{"damage":6.0,"enemies":"Automaton","floor":33.0,"turns":5.0},{"damage":0.0,"enemies":"3 Darklings","floor":35.0,"turns":2.0},{"damage":7.0,"enemies":"2 Orb Walkers","floor":37.0,"turns":3.0},{"damage":0.0,"enemies":"Orb Walker","floor":38.0,"turns":1.0},{"damage":0.0,"enemies":"Reptomancer","floor":40.0,"turns":2.0},{"damage":0.0,"enemies":"Nemesis","floor":45.0,"turns":1.0},{"damage":0.0,"enemies":"Mind Bloom Boss Battle","floor":46.0,"turns":2.0},{"damage":0.0,"enemies":"Transient","floor":47.0,"turns":5.0},{"damage":0.0,"enemies":"Reptomancer","floor":48.0,"turns":2.0},{"damage":0,"enemies":"Time Eater","floor":50,"turns":2}],"seed_played":"7416112823296143760","potions_obtained":[{"floor":1.0,"key":"LiquidMemories"},{"floor":4.0,"key":"BottledMiracle"},{"floor":4.0,"key":"Ambrosia"},{"floor":6.0,"key":"Ancient Potion"},{"floor":10.0,"key":"Fire Potion"},{"floor":13.0,"key":"StancePotion"},{"floor":21.0,"key":"SmokeBomb"},{"floor":22.0,"key":"StancePotion"},{"floor":38.0,"key":"LiquidBronze"},{"floor":46.0,"key":"LiquidMemories"},{"floor":48.0,"key":"Strength Potion"}],"is_trial":false,"path_per_floor":["M","M","M","?","M","E","R","E","T","E","R","M","M","M","R","B",null,"M","?","M","M","M","E","?","$","T","$","E","R","?","?","R","B",null,"M","$","?","M","$","E","?","R","T","R","E","?","M","E","R","B",null],"character_chosen":"WATCHER","items_purchased":["Ambrosia","Strength Potion"],"campfire_rested":0,"item_purchase_floors":[25,27],"current_hp_per_floor":[51,51,51,51,51,38,38,38,38,38,38,38,38,38,38,38,72,72,66,66,49,49,49,36,36,36,36,36,36,36,36,36,30,77,77,77,70,70,70,70,70,70,70,70,70,70,70,70,70,70],"gold":423,"neow_bonus":"ONE_RARE_RELIC","is_daily":false,"chose_seed":false,"campfire_upgraded":8,"win_rate":0.0,"timestamp":1610803765,"path_taken":["M","M","M","?","M","E","R","E","T","E","R","?","M","M","R","BOSS","M","?","M","M","M","E","?","$","T","$","E","R","?","?","R","BOSS","M","?","?","M","$","E","?","R","T","R","E","?","?","E","R","BOSS"],"items_purchased_type":["Potion","Potion"],"build_version":"2020-12-22","purchased_purges":4,"victory":true,"max_hp_per_floor":[72,72,72,72,72,72,72,72,72,72,72,72,72,72,72,72,72,72,72,72,72,72,72,77,77,77,77,77,77,77,77,77,77,77,77,77,77,77,77,77,77,77,77,77,77,77,77,77,77,77],"card_choices":[{"not_picked":["FlyingSleeves","JustLucky"],"picked":"CutThroughFate","floor":1.0},{"not_picked":["EmptyBody","Crescendo","Evaluate"],"picked":"SKIP","floor":2.0},{"not_picked":["DeceiveReality","ForeignInfluence"],"picked":"Wallop","floor":3.0},{"not_picked":["Protect","FlurryOfBlows","FlyingSleeves"],"picked":"SKIP","floor":5.0},{"not_picked":["Halt","Evaluate"],"picked":"Indignation","floor":6.0},{"not_picked":["PathToVictory","BowlingBash"],"picked":"Conclude","floor":8.0},{"not_picked":["Protect","SpiritShield","Study"],"picked":"SKIP","floor":10.0},{"not_picked":["EmptyFist","Collect","Consecrate"],"picked":"SKIP","floor":12.0},{"not_picked":["Protect","EmptyFist"],"picked":"Wallop","floor":13.0},{"not_picked":["Evaluate","Prostrate","Consecrate"],"picked":"SKIP","floor":14.0},{"not_picked":["MasterReality","Omniscience"],"picked":"LessonLearned","floor":16.0},{"not_picked":["Prostrate","Halt","Weave+1"],"picked":"SKIP","floor":18.0},{"not_picked":["BowlingBash","FlurryOfBlows","MentalFortress"],"picked":"SKIP","floor":20.0},{"not_picked":["Prostrate","Study+1","DeceiveReality"],"picked":"SKIP","floor":21.0},{"not_picked":["CrushJoints","Prostrate","ClearTheMind"],"picked":"SKIP","floor":22.0},{"not_picked":["EmptyFist","CrushJoints+1"],"picked":"WheelKick","floor":23.0},{"not_picked":["Halt+1","Adaptation","SignatureMove"],"picked":"SKIP","floor":28.0},{"not_picked":["FlurryOfBlows+1","Indignation","Halt+1"],"picked":"SKIP","floor":35.0},{"not_picked":["Weave+1","Crescendo","Wireheading"],"picked":"SKIP","floor":38.0},{"not_picked":["FollowUp+1","TalkToTheHand+1","Consecrate+1"],"picked":"SKIP","floor":38.0},{"not_picked":["EmptyMind","FearNoEvil+1","Wireheading+1"],"picked":"SKIP","floor":40.0},{"not_picked":["Indignation+1","FlyingSleeves","EmptyFist+1","FlurryOfBlows+1"],"picked":"SKIP","floor":45.0},{"not_picked":["BowlingBash+1","Judgement","InnerPeace","PathToVictory"],"picked":"SKIP","floor":47.0},{"not_picked":["DeceiveReality","PathToVictory+1","BowlingBash","FearNoEvil"],"picked":"SKIP","floor":47.0},{"not_picked":["DeceiveReality+1","FollowUp+1","SashWhip","WreathOfFlame"],"picked":"SKIP","floor":48.0}],"player_experience":58706,"relics_obtained":[{"floor":6.0,"key":"Calipers"},{"floor":8.0,"key":"Happy Flower"},{"floor":9.0,"key":"Bronze Scales"},{"floor":10.0,"key":"Sundial"},{"floor":23.0,"key":"PreservedInsect"},{"floor":26.0,"key":"Omamori"},{"floor":28.0,"key":"Shuriken"},{"floor":37.0,"key":"Prayer Wheel"},{"floor":40.0,"key":"Lizard Tail"},{"floor":43.0,"key":"Question Card"},{"floor":45.0,"key":"Unceasing Top"},{"floor":46.0,"key":"Pocketwatch"},{"floor":48.0,"key":"Old Coin"}],"event_choices":[{"damage_healed":0.0,"max_hp_gain":0.0,"max_hp_loss":0.0,"gold_gain":0.0,"event_name":"The Woman in Blue","player_choice":"Bought 3 Potions","floor":4.0,"gold_loss":0.0,"damage_taken":0.0},{"damage_healed":0.0,"max_hp_gain":0.0,"max_hp_loss":0.0,"gold_gain":0.0,"event_name":"Nest","player_choice":"Joined the Cult","floor":19.0,"gold_loss":0.0,"damage_taken":6.0,"cards_obtained":["RitualDagger"]},{"damage_healed":0.0,"max_hp_gain":5.0,"max_hp_loss":0.0,"gold_gain":0.0,"event_name":"Forgotten Altar","player_choice":"Shed Blood","floor":24.0,"gold_loss":0.0,"damage_taken":18.0},{"damage_healed":0.0,"max_hp_gain":0.0,"max_hp_loss":0.0,"gold_gain":0.0,"event_name":"The Mausoleum","player_choice":"Opened","floor":30.0,"gold_loss":0.0,"damage_taken":0.0,"relics_obtained":["Vajra"]},{"damage_healed":0.0,"max_hp_gain":0.0,"max_hp_loss":0.0,"gold_gain":0.0,"event_name":"Upgrade Shrine","player_choice":"Upgraded","floor":31.0,"gold_loss":0.0,"damage_taken":0.0,"cards_upgraded":["CutThroughFate"]},{"damage_healed":0.0,"max_hp_gain":0.0,"max_hp_loss":0.0,"gold_gain":0.0,"event_name":"Mysterious Sphere","player_choice":"Fight","floor":37.0,"gold_loss":0.0,"damage_taken":0.0},{"damage_healed":0.0,"max_hp_gain":0.0,"max_hp_loss":0.0,"gold_gain":0.0,"event_name":"Tomb of Lord Red Mask","player_choice":"Paid","floor":41.0,"gold_loss":126.0,"damage_taken":0.0,"relics_obtained":["Red Mask"]},{"damage_healed":0.0,"max_hp_gain":0.0,"max_hp_loss":0.0,"gold_gain":0.0,"event_name":"MindBloom","player_choice":"Fight","floor":46.0,"gold_loss":0.0,"damage_taken":0.0}],"is_beta":false,"boss_relics":[{"not_picked":["SlaversCollar","Snecko Eye"],"picked":"HolyWater"},{"not_picked":["Astrolabe","Calling Bell"],"picked":"SacredBark"}],"items_purged_floors":[25,27,36,39],"is_endless":false,"potions_floor_spawned":[1,6,10,12,13,21,22,28,38,40,46,48],"ascension_level":2}}