{"host":"mmqs5ul2bvb60kyc","time":1610789129,"event":{"mods":["AchievementEnabler","BaseMod","Colored Map","Colored Powertips","Good Game Mod","Minty Spire (QoL Compilation)","Quick Restart","StSLib"],"gold_per_floor":[114,114,129,32,107,141,141,166,166,56,74,74,87,106,106,180,180,196,196,214,214,226,255,255,266,266,280,280,308,321,126,126,205,205,217,232,232,249,274,274,306,60,60,600,570,570,228,242,242,242,242,242,93,124,124],"floor_reached":56,"language":"ZHS","playtime":3369,"items_purged":["Strike_G","Strike_G","Riddle With Holes+1"],"score":2256,"play_id":"29383071-6802-4f61-9363-452c7a59ac53","local_time":"20210116172529","is_ascension_mode":true,"campfire_choices":[{"floor":7.0,"key":"REST"},{"data":"Concentrate","floor":12.0,"key":"SMITH"},{"floor":15.0,"key":"REST"},{"data":"Acrobatics","floor":24.0,"key":"SMITH"},{"data":"Calculated Gamble","floor":32.0,"key":"SMITH"},{"data":"Omniscience","floor":40.0,"key":"SMITH"},{"data":"Apotheosis","floor":46.0,"key":"SMITH"},{"floor":49.0,"key":"RECALL"},{"floor":52.0,"key":"DIG"}],"circlet_count":0,"master_deck":["AscendersBane","Defend_G","Defend_G","Defend_G","Defend_G","Defend_G","Survivor","Neutralize","Omniscience+1","Backstab+1","Die Die Die+1","Prepared+1","Concentrate+1","Underhanded Strike+1","Predator","Underhanded Strike","Infinite Blades","Footwork","Infinite Blades","Storm of Steel","Prepared+1","Ghostly","Ghostly","Ghostly","Acrobatics+1","Footwork","Terror","Well Laid Plans","Tactician","Blade Dance","Calculated Gamble+1","Night Terror","Backflip","Secret Weapon","Parasite","Acrobatics+1","Blade Dance+1","Expertise+1","Apotheosis+1","Accuracy","Tactician","Accuracy","Acrobatics","After Image","Night Terror"],"relics":["REME:ComplimentaryCards","Astrolabe","Kunai","Shuriken","Nunchaku","Coffee Dripper","Eternal Feather","Toy Ornithopter","Pantograph","HoveringKite","Prayer Wheel","Blood Vial","Whetstone","FossilizedHelix","Tough Bandages","Ice Cream","Mango","Shovel","Du-Vu Doll","Unceasing Top","CaptainsWheel","Gambling Chip","Torii","Oddly Smooth Stone","InkBottle","HornCleat"],"acts_visited":["Exordium","TheCity","TheBeyond","TheEnding"],"potions_floor_usage":[55],"damage_taken":[{"damage":0.0,"enemies":"Jaw Worm","floor":1.0,"turns":3.0},{"damage":0.0,"enemies":"Cultist","floor":3.0,"turns":4.0},{"damage":39.0,"enemies":"Lagavulin","floor":6.0,"turns":14.0},{"damage":14.0,"enemies":"3 Sentries","floor":8.0,"turns":6.0},{"damage":0.0,"enemies":"Small Slimes","floor":11.0,"turns":3.0},{"damage":0.0,"enemies":"2 Fungi Beasts","floor":13.0,"turns":1.0},{"damage":8.0,"enemies":"Large Slime","floor":14.0,"turns":7.0},{"damage":0.0,"enemies":"Slime Boss","floor":16.0,"turns":6.0},{"damage":29.0,"enemies":"Shell Parasite","floor":18.0,"turns":5.0},{"damage":11.0,"enemies":"2 Thieves","floor":20.0,"turns":2.0},{"damage":2.0,"enemies":"Centurion and Healer","floor":22.0,"turns":5.0},{"damage":8.0,"enemies":"Book of Stabbing","floor":23.0,"turns":6.0},{"damage":2.0,"enemies":"Shelled Parasite and Fungi","floor":25.0,"turns":7.0},{"damage":8.0,"enemies":"Cultist and Chosen","floor":27.0,"turns":5.0},{"damage":0.0,"enemies":"Gremlin Leader","floor":29.0,"turns":5.0},{"damage":7.0,"enemies":"Centurion and Healer","floor":30.0,"turns":6.0},{"damage":33.0,"enemies":"Collector","floor":33.0,"turns":9.0},{"damage":5.0,"enemies":"3 Darklings","floor":35.0,"turns":4.0},{"damage":1.0,"enemies":"Orb Walker","floor":36.0,"turns":3.0},{"damage":10.0,"enemies":"Writhing Mass","floor":38.0,"turns":8.0},{"damage":9.0,"enemies":"Mind Bloom Boss Battle","floor":39.0,"turns":8.0},{"damage":23.0,"enemies":"Nemesis","floor":41.0,"turns":7.0},{"damage":7.0,"enemies":"2 Orb Walkers","floor":44.0,"turns":6.0},{"damage":0.0,"enemies":"Transient","floor":48.0,"turns":5.0},{"damage":0.0,"enemies":"Donu and Deca","floor":50.0,"turns":7.0},{"damage":0.0,"enemies":"Shield and Spear","floor":54.0,"turns":4.0},{"damage":5,"enemies":"The Heart","floor":55,"turns":8}],"seed_played":"6030632491261529167","potions_obtained":[{"floor":1.0,"key":"FearPotion"},{"floor":11.0,"key":"SpeedPotion"},{"floor":13.0,"key":"SpeedPotion"},{"floor":18.0,"key":"EssenceOfSteel"},{"floor":23.0,"key":"Ancient Potion"},{"floor":30.0,"key":"CunningPotion"},{"floor":33.0,"key":"SpeedPotion"},{"floor":38.0,"key":"SkillPotion"},{"floor":39.0,"key":"GamblersBrew"},{"floor":44.0,"key":"DistilledChaos"},{"floor":44.0,"key":"SteroidPotion"},{"floor":44.0,"key":"Block Potion"},{"floor":45.0,"key":"CultistPotion"}],"is_trial":false,"path_per_floor":["M","?","M","$","?","E","R","E","T","$","M","R","M","M","R","B",null,"M","?","M","?","M","E","R","M","T","M","?","E","M","$","R","B",null,"M","M","?","M","?","R","E","$","T","?","?","R","$","M","R","B",null,"R","$","E","B",null],"character_chosen":"THE_SILENT","items_purchased":["Underhanded Strike","Riddle With Holes","Infinite Blades","Blade Dance","Calculated Gamble","Apotheosis","Accuracy","Oddly Smooth Stone","Accuracy","After Image"],"campfire_rested":2,"item_purchase_floors":[4,10,10,31,31,42,42,47,47,53],"current_hp_per_floor":[59,59,59,59,48,9,28,14,14,14,14,14,14,6,25,25,56,27,27,16,16,14,6,21,19,19,11,11,16,9,9,27,10,27,22,21,16,6,22,33,14,14,14,23,23,47,47,47,47,47,47,47,47,47,42],"gold":124,"neow_bonus":"BOSS_RELIC","is_daily":false,"chose_seed":false,"campfire_upgraded":5,"win_rate":0.0,"timestamp":1610789129,"path_taken":["M","?","?","?","?","E","R","E","T","$","M","R","M","M","R","BOSS","M","?","M","?","M","E","R","M","T","M","?","E","M","$","R","BOSS","M","M","?","M","?","R","E","$","T","?","?","R","$","?","R","BOSS","R","$","E","BOSS"],"items_purchased_type":["Card","Card","Card","Card","Card","Card","Card","Relic","Card","Card"],"build_version":"2020-12-22","purchased_purges":3,"victory":true,"max_hp_per_floor":[66,66,66,66,66,66,66,66,66,66,66,66,66,66,66,66,66,66,33,33,33,33,33,33,33,33,33,33,33,33,33,33,33,33,33,33,33,33,33,33,33,33,33,47,47,47,47,47,47,47,47,47,47,47,47],"card_choices":[{"not_picked":["Underhanded Strike","Dodge and Roll"],"picked":"Concentrate","floor":1.0},{"not_picked":["Choke","Outmaneuver","Prepared"],"picked":"SKIP","floor":3.0},{"not_picked":["Prepared","Escape Plan"],"picked":"Predator","floor":6.0},{"not_picked":["Dagger Spray","Deadly Poison"],"picked":"Underhanded Strike","floor":8.0},{"not_picked":["Endless Agony","Deadly Poison","Poisoned Stab"],"picked":"SKIP","floor":11.0},{"not_picked":["Backflip","Outmaneuver"],"picked":"Footwork","floor":13.0},{"not_picked":["Backflip","Dagger Spray"],"picked":"Infinite Blades","floor":14.0},{"not_picked":["Venomology","Malaise"],"picked":"Storm of Steel","floor":16.0},{"not_picked":["Quick Slash","Dagger Spray"],"picked":"Prepared+1","floor":18.0},{"not_picked":["Heel Hook","Sucker Punch","Flying Knee"],"picked":"SKIP","floor":20.0},{"not_picked":["Dagger Throw","Deflect"],"picked":"Acrobatics","floor":22.0},{"not_picked":["All Out Attack","Endless Agony"],"picked":"Footwork","floor":23.0},{"not_picked":["Dash","Predator"],"picked":"Terror","floor":25.0},{"not_picked":["Finisher","Sucker Punch"],"picked":"Well Laid Plans","floor":27.0},{"not_picked":["Grand Finale","PiercingWail","All Out Attack"],"picked":"SKIP","floor":29.0},{"not_picked":["Quick Slash","Bane"],"picked":"Tactician","floor":30.0},{"not_picked":["Grand Finale","A Thousand Cuts"],"picked":"Night Terror","floor":33.0},{"not_picked":["Poisoned Stab","Sucker Punch","Blur"],"picked":"SKIP","floor":35.0},{"not_picked":["Dodge and Roll+1","Catalyst"],"picked":"Backflip","floor":36.0},{"not_picked":["Dark Shackles","Impatience"],"picked":"Secret Weapon","floor":37.0},{"not_picked":["Riddle With Holes","Finisher+1"],"picked":"Acrobatics+1","floor":38.0},{"not_picked":["Bane","Backflip+1"],"picked":"Blade Dance+1","floor":39.0},{"not_picked":["Acrobatics","Underhanded Strike"],"picked":"Expertise+1","floor":41.0},{"not_picked":["Bane","Noxious Fumes"],"picked":"Tactician","floor":44.0},{"not_picked":["Heel Hook+1","PiercingWail"],"picked":"Acrobatics","floor":48.0},{"not_picked":["Quick Slash","Outmaneuver","Flechettes"],"picked":"SKIP","floor":48.0},{"not_picked":["Slice","Terror"],"picked":"Night Terror","floor":54.0}],"player_experience":264791,"relics_obtained":[{"floor":6.0,"key":"Shuriken"},{"floor":8.0,"key":"Nunchaku"},{"floor":23.0,"key":"Eternal Feather"},{"floor":26.0,"key":"Toy Ornithopter"},{"floor":29.0,"key":"Pantograph"},{"floor":39.0,"key":"Prayer Wheel"},{"floor":41.0,"key":"Blood Vial"},{"floor":43.0,"key":"Whetstone"},{"floor":44.0,"key":"FossilizedHelix"},{"floor":44.0,"key":"Tough Bandages"},{"floor":44.0,"key":"Ice Cream"},{"floor":44.0,"key":"Mango"},{"floor":44.0,"key":"Shovel"},{"floor":44.0,"key":"Du-Vu Doll"},{"floor":44.0,"key":"Unceasing Top"},{"floor":44.0,"key":"CaptainsWheel"},{"floor":44.0,"key":"Gambling Chip"},{"floor":44.0,"key":"Torii"},{"floor":52.0,"key":"InkBottle"},{"floor":54.0,"key":"HornCleat"}],"event_choices":[{"damage_healed":0.0,"max_hp_gain":0.0,"max_hp_loss":0.0,"gold_gain":0.0,"event_name":"WeMeetAgain","player_choice":"Gave Potion","floor":2.0,"gold_loss":0.0,"damage_taken":0.0,"relics_obtained":["Kunai"]},{"damage_healed":0.0,"max_hp_gain":0.0,"max_hp_loss":0.0,"gold_gain":75.0,"event_name":"World of Goop","player_choice":"Gather Gold","floor":5.0,"gold_loss":0.0,"damage_taken":11.0},{"damage_healed":0.0,"max_hp_gain":0.0,"max_hp_loss":33.0,"gold_gain":0.0,"event_name":"Ghosts","player_choice":"Became a Ghost","floor":19.0,"gold_loss":0.0,"damage_taken":0.0,"cards_obtained":["Ghostly","Ghostly","Ghostly"]},{"damage_healed":0.0,"max_hp_gain":0.0,"max_hp_loss":0.0,"gold_gain":0.0,"event_name":"Cursed Tome","player_choice":"Ignored","floor":21.0,"gold_loss":0.0,"damage_taken":0.0},{"damage_healed":0.0,"max_hp_gain":0.0,"max_hp_loss":0.0,"gold_gain":0.0,"event_name":"The Mausoleum","player_choice":"Ignored","floor":28.0,"gold_loss":0.0,"damage_taken":0.0},{"damage_healed":0.0,"max_hp_gain":0.0,"max_hp_loss":0.0,"gold_gain":0.0,"event_name":"SensoryStone","player_choice":"Memory 2","floor":37.0,"gold_loss":0.0,"damage_taken":5.0},{"damage_healed":0.0,"max_hp_gain":0.0,"max_hp_loss":0.0,"gold_gain":0.0,"event_name":"MindBloom","player_choice":"Fight","floor":39.0,"gold_loss":0.0,"damage_taken":0.0},{"damage_healed":0.0,"max_hp_gain":0.0,"max_hp_loss":0.0,"gold_gain":0.0,"event_name":"Mysterious Sphere","player_choice":"Fight","floor":44.0,"gold_loss":0.0,"damage_taken":0.0},{"damage_healed":0.0,"max_hp_gain":0.0,"max_hp_loss":0.0,"gold_gain":0.0,"event_name":"Mysterious Sphere","player_choice":"Fight","floor":44.0,"gold_loss":0.0,"damage_taken":0.0},{"damage_healed":0.0,"max_hp_gain":0.0,"max_hp_loss":0.0,"gold_gain":0.0,"event_name":"Mysterious Sphere","player_choice":"Fight","floor":44.0,"gold_loss":0.0,"damage_taken":0.0},{"damage_healed":0.0,"max_hp_gain":0.0,"max_hp_loss":0.0,"gold_gain":0.0,"event_name":"Mysterious Sphere","player_choice":"Fight","floor":44.0,"gold_loss":0.0,"damage_taken":0.0},{"damage_healed":0.0,"max_hp_gain":0.0,"max_hp_loss":0.0,"gold_gain":0.0,"event_name":"Mysterious Sphere","player_choice":"Fight","floor":44.0,"gold_loss":0.0,"damage_taken":0.0},{"damage_healed":0.0,"max_hp_gain":0.0,"max_hp_loss":0.0,"gold_gain":0.0,"event_name":"Mysterious Sphere","player_choice":"Fight","floor":44.0,"gold_loss":0.0,"damage_taken":0.0},{"damage_healed":0.0,"max_hp_gain":0.0,"max_hp_loss":0.0,"gold_gain":0.0,"event_name":"Mysterious Sphere","player_choice":"Fight","floor":44.0,"gold_loss":0.0,"damage_taken":0.0},{"damage_healed":0.0,"max_hp_gain":0.0,"max_hp_loss":0.0,"gold_gain":0.0,"event_name":"Mysterious Sphere","player_choice":"Fight","floor":44.0,"gold_loss":0.0,"damage_taken":0.0},{"damage_healed":0.0,"max_hp_gain":0.0,"max_hp_loss":0.0,"gold_gain":0.0,"event_name":"Mysterious Sphere","player_choice":"Fight","floor":44.0,"gold_loss":0.0,"damage_taken":0.0},{"damage_healed":0.0,"max_hp_gain":0.0,"max_hp_loss":0.0,"gold_gain":0.0,"event_name":"Mysterious Sphere","player_choice":"Fight","floor":44.0,"gold_loss":0.0,"damage_taken":0.0},{"damage_healed":0.0,"max_hp_gain":0.0,"max_hp_loss":0.0,"gold_gain":0.0,"event_name":"The Woman in Blue","player_choice":"Bought 2 Potions","floor":45.0,"gold_loss":0.0,"damage_taken":0.0}],"is_beta":false,"boss_relics":[{"not_picked":["SlaversCollar","SacredBark"],"picked":"Coffee Dripper"},{"not_picked":["Cursed Key","Philosopher\u0027s Stone"],"picked":"HoveringKite"}],"items_purged_floors":[4,31,47],"is_endless":false,"potions_floor_spawned":[1,11,13,18,23,30,33,38,39,44,44,44,44,48],"ascension_level":15}}