{"host":"2brg86hfzr3u5cix","time":1610784835,"event":{"mods":["AchievementEnabler","Ascension Unlocker","BaseMod","CapriCore","DeckTracker","Highlight Path","Keyboard Shortcuts","Minty Spire (QoL Compilation)","Permanent Neow","Relic Stats","StSLib","Twitch Utils","Uncapped","UnlockEverythingMod"],"gold_per_floor":[110,128,140,157,176,206,222,222,245,245,245,245,275,275,275,348,348,362,378,138,138,38,38,38,38],"floor_reached":24,"language":"KOR","playtime":660,"items_purged":["Strike_P","Defend_P"],"score":466,"play_id":"ba08c61f-1143-420c-bb63-41198731ff54","local_time":"20210116171355","is_ascension_mode":true,"campfire_choices":[{"data":"Eruption","floor":8.0,"key":"SMITH"},{"floor":12.0,"key":"REST"},{"floor":15.0,"key":"REST"},{"data":"WreathOfFlame","floor":23.0,"key":"SMITH"}],"circlet_count":0,"master_deck":["AscendersBane","Strike_P","Defend_P","Defend_P","Defend_P+1","Eruption+1","Vigilance","Ragnarok","Crescendo","Tantrum","MentalFortress","FearNoEvil+1","WreathOfFlame+1","Establishment"],"relics":["PureWater","Kunai","Strawberry","Bag of Preparation","Empty Cage","Toolbox"],"acts_visited":["Exordium","TheCity"],"potions_floor_usage":[24],"damage_taken":[{"damage":0.0,"enemies":"Small Slimes","floor":1.0,"turns":2.0},{"damage":0.0,"enemies":"2 Louse","floor":2.0,"turns":2.0},{"damage":1.0,"enemies":"Cultist","floor":3.0,"turns":4.0},{"damage":16.0,"enemies":"Exordium Wildlife","floor":4.0,"turns":3.0},{"damage":0.0,"enemies":"Exordium Thugs","floor":5.0,"turns":3.0},{"damage":34.0,"enemies":"Lagavulin","floor":6.0,"turns":6.0},{"damage":1.0,"enemies":"Looter","floor":7.0,"turns":2.0},{"damage":0.0,"enemies":"Gremlin Gang","floor":11.0,"turns":1.0},{"damage":0.0,"enemies":"Gremlin Nob","floor":13.0,"turns":2.0},{"damage":26.0,"enemies":"Hexaghost","floor":16.0,"turns":6.0},{"damage":0.0,"enemies":"Chosen","floor":18.0,"turns":2.0},{"damage":0.0,"enemies":"Spheric Guardian","floor":19.0,"turns":2.0},{"damage":8,"enemies":"Slavers","floor":24,"turns":3}],"seed_played":"-3074925748084298169","potions_obtained":[{"floor":2.0,"key":"SmokeBomb"},{"floor":4.0,"key":"Swift Potion"},{"floor":7.0,"key":"SpeedPotion"},{"floor":13.0,"key":"EssenceOfSteel"},{"floor":16.0,"key":"FearPotion"},{"floor":19.0,"key":"SpeedPotion"}],"is_trial":false,"path_per_floor":["M","M","M","M","M","E","M","R","T","?","M","R","E","?","R","B",null,"M","M","$","?","$","R","E"],"character_chosen":"WATCHER","items_purchased":["Toolbox"],"campfire_rested":2,"item_purchase_floors":[20],"current_hp_per_floor":[61,61,60,44,44,10,9,9,16,16,16,38,38,15,37,11,59,59,59,59,64,64,64,56,56],"gold":38,"neow_bonus":"ONE_RANDOM_RARE_CARD","is_daily":false,"chose_seed":false,"campfire_upgraded":2,"win_rate":0.0,"timestamp":1610784835,"path_taken":["M","M","M","M","M","E","M","R","T","?","M","R","E","?","R","BOSS","M","M","$","?","$","R","E"],"items_purchased_type":["Relic"],"build_version":"2020-12-22","purchased_purges":2,"victory":false,"max_hp_per_floor":[68,68,68,68,68,68,68,68,75,75,75,75,75,75,75,75,75,75,75,75,75,75,75,75,75],"relic_stats":{"counters":[13,38],"Bag of Preparation":[8],"Kunai":[2],"obtain_stats":[{"Strawberry":9,"Toolbox":20,"Bag of Preparation":13,"Kunai":6,"PureWater":0,"Empty Cage":17},{"Strawberry":7,"Toolbox":12,"Bag of Preparation":9,"Kunai":6,"PureWater":0,"Empty Cage":10},{"Strawberry":22,"Toolbox":35,"Bag of Preparation":25,"Kunai":20,"PureWater":0,"Empty Cage":31}]},"card_choices":[{"not_picked":["ClearTheMind","CutThroughFate"],"picked":"Crescendo","floor":1.0},{"not_picked":["Evaluate","CarveReality"],"picked":"CrushJoints","floor":2.0},{"not_picked":["Fasting2","Perseverance"],"picked":"Tantrum","floor":3.0},{"not_picked":["Prostrate","Nirvana"],"picked":"MentalFortress","floor":4.0},{"not_picked":["CrushJoints","Prostrate","FollowUp"],"picked":"SKIP","floor":5.0},{"not_picked":["FollowUp","CrushJoints","BattleHymn"],"picked":"SKIP","floor":6.0},{"not_picked":["Study","ClearTheMind"],"picked":"FearNoEvil","floor":7.0},{"not_picked":["SashWhip","Brilliance"],"picked":"WreathOfFlame","floor":13.0},{"not_picked":["Wish","ConjureBlade"],"picked":"Establishment","floor":16.0},{"not_picked":["Crescendo","Consecrate","CrushJoints+1"],"picked":"SKIP","floor":18.0},{"not_picked":["FlyingSleeves","CarveReality","CutThroughFate"],"picked":"SKIP","floor":19.0}],"player_experience":320854,"relics_obtained":[{"floor":6.0,"key":"Kunai"},{"floor":9.0,"key":"Strawberry"},{"floor":13.0,"key":"Bag of Preparation"}],"event_choices":[{"damage_healed":0.0,"max_hp_gain":0.0,"max_hp_loss":0.0,"gold_gain":0.0,"event_name":"Dead Adventurer","player_choice":"Searched \u00270\u0027 times","floor":10.0,"gold_loss":0.0,"damage_taken":0.0},{"damage_healed":0.0,"max_hp_gain":0.0,"max_hp_loss":0.0,"gold_gain":0.0,"event_name":"Shining Light","player_choice":"Entered Light","floor":14.0,"gold_loss":0.0,"damage_taken":23.0,"cards_upgraded":["Defend_P","FearNoEvil"]},{"cards_removed":["CrushJoints"],"damage_healed":5.0,"max_hp_gain":0.0,"max_hp_loss":0.0,"gold_gain":0.0,"event_name":"Bonfire Elementals","player_choice":"Offered Common","floor":21.0,"gold_loss":0.0,"damage_taken":0.0},{"cards_removed":["CrushJoints"],"damage_healed":5.0,"max_hp_gain":0.0,"max_hp_loss":0.0,"gold_gain":0.0,"event_name":"Bonfire Elementals","player_choice":"Offered Special","floor":21.0,"gold_loss":0.0,"damage_taken":0.0}],"is_beta":false,"boss_relics":[{"not_picked":["Fusion Hammer","Tiny House"],"picked":"Empty Cage"}],"items_purged_floors":[20,22],"is_endless":false,"potions_floor_spawned":[2,4,7,11,13,16,19],"killed_by":"Slavers","ascension_level":20}}