{"host":"1mv6gj0zv8k9e9tz","time":1610807191,"event":{"mods":["AchievementEnabler","BaseMod","Better Third Choice","Colored Map","KOR Keyword Fix","Minty Spire (QoL Compilation)","Permanent Neow","Rare Cards Sparkle","StSLib"],"gold_per_floor":[116,128,139,139,149,149,69,69,69,89,89,89,104,137,137,214,214,228,503,521,191,241,241,252,268,295,295,315,315,165,165,165,240,240,257,271,227,252,252,252,281,281,281,309,309,309,321,130,130,130,130],"floor_reached":50,"language":"KOR","playtime":3871,"items_purged":["Regret","Strike_G"],"score":896,"play_id":"931accfe-bb28-4a56-9d8d-37f3a7c97d7c","local_time":"20210116232631","is_ascension_mode":true,"campfire_choices":[{"data":"Glass Knife","floor":6.0,"key":"SMITH"},{"data":"Terror","floor":8.0,"key":"SMITH"},{"data":"Blade Dance","floor":11.0,"key":"SMITH"},{"data":"Cloak And Dagger","floor":15.0,"key":"SMITH"},{"data":"After Image","floor":23.0,"key":"SMITH"},{"data":"Cloak And Dagger","floor":27.0,"key":"SMITH"},{"data":"A Thousand Cuts","floor":29.0,"key":"SMITH"},{"data":"Blade Dance","floor":32.0,"key":"SMITH"},{"data":"Night Terror","floor":40.0,"key":"SMITH"},{"data":"Malaise","floor":42.0,"key":"SMITH"},{"floor":46.0,"key":"REST"},{"floor":49.0,"key":"RECALL"}],"circlet_count":0,"master_deck":["AscendersBane","Strike_G","Strike_G","Strike_G","Strike_G","Defend_G","Defend_G","Defend_G","Defend_G","Defend_G","Survivor","Neutralize","Cloak And Dagger+1","Blade Dance+1","PiercingWail","Terror+1","Footwork","Dagger Spray","After Image+1","CurseOfTheBell","Blur","Infinite Blades","Malaise+1","Cloak And Dagger+1","PiercingWail","A Thousand Cuts+1","Blade Dance+1","Night Terror+1","After Image","Leg Sweep","Apotheosis"],"relics":["WristBlade","WingedGreaves","Calling Bell","Boot","Question Card","Bird Faced Urn","Centennial Puzzle","Philosopher\u0027s Stone","Lizard Tail","Blood Vial","Meat on the Bone","Oddly Smooth Stone"],"acts_visited":["Exordium","TheCity","TheBeyond"],"potions_floor_usage":[],"damage_taken":[{"damage":0.0,"enemies":"2 Louse","floor":1.0,"turns":2.0},{"damage":0.0,"enemies":"Cultist","floor":2.0,"turns":3.0},{"damage":0.0,"enemies":"Jaw Worm","floor":3.0,"turns":2.0},{"damage":3.0,"enemies":"Red Slaver","floor":5.0,"turns":2.0},{"damage":5.0,"enemies":"Gremlin Gang","floor":10.0,"turns":3.0},{"damage":5.0,"enemies":"Exordium Thugs","floor":13.0,"turns":4.0},{"damage":6.0,"enemies":"3 Sentries","floor":14.0,"turns":5.0},{"damage":24.0,"enemies":"The Guardian","floor":16.0,"turns":9.0},{"damage":12.0,"enemies":"Shell Parasite","floor":18.0,"turns":6.0},{"damage":18.0,"enemies":"Spheric Guardian","floor":20.0,"turns":4.0},{"damage":1.0,"enemies":"Cultist and Chosen","floor":24.0,"turns":6.0},{"damage":2.0,"enemies":"Snake Plant","floor":25.0,"turns":4.0},{"damage":1.0,"enemies":"Chosen and Byrds","floor":28.0,"turns":4.0},{"damage":26.0,"enemies":"Collector","floor":33.0,"turns":9.0},{"damage":25.0,"enemies":"3 Darklings","floor":35.0,"turns":5.0},{"damage":4.0,"enemies":"Orb Walker","floor":36.0,"turns":4.0},{"damage":14.0,"enemies":"Mind Bloom Boss Battle","floor":38.0,"turns":8.0},{"damage":3.0,"enemies":"Giant Head","floor":41.0,"turns":6.0},{"damage":77.0,"enemies":"Reptomancer","floor":44.0,"turns":8.0},{"damage":15.0,"enemies":"Spire Growth","floor":47.0,"turns":7.0},{"damage":57,"enemies":"Awakened One","floor":50,"turns":5}],"seed_played":"-9112393520728392992","potions_obtained":[{"floor":1.0,"key":"AttackPotion"},{"floor":2.0,"key":"FearPotion"},{"floor":4.0,"key":"SteroidPotion"},{"floor":10.0,"key":"SteroidPotion"},{"floor":16.0,"key":"Energy Potion"},{"floor":20.0,"key":"Fire Potion"},{"floor":24.0,"key":"DistilledChaos"},{"floor":33.0,"key":"Strength Potion"},{"floor":35.0,"key":"PowerPotion"},{"floor":38.0,"key":"Block Potion"},{"floor":41.0,"key":"BlessingOfTheForge"}],"is_trial":false,"path_per_floor":["M","M","M","?","M","R","$","R","T","M","R","?","M","E","R","B",null,"M","?","M","$","?","R","M","M","T","R","M","R","$","?","R","B",null,"M","M","$","?","?","R","E","R","T","E","?","R","M","$","R","B"],"character_chosen":"THE_SILENT","items_purchased":["Terror","Infinite Blades","Malaise","Blade Dance","Leg Sweep","Apotheosis"],"campfire_rested":1,"item_purchase_floors":[7,21,21,30,37,48],"current_hp_per_floor":[59,59,59,59,56,56,56,56,56,51,51,47,42,36,36,12,53,45,45,27,27,27,27,32,32,32,32,35,35,35,35,35,17,54,33,35,35,31,31,31,36,36,36,17,17,36,45,45,45,0,0],"gold":130,"neow_bonus":"BOSS_RELIC","is_daily":false,"chose_seed":false,"campfire_upgraded":10,"win_rate":0.0,"timestamp":1610807191,"path_taken":["M","M","M","?","?","R","$","R","T","M","R","?","M","E","R","BOSS","M","?","?","$","?","R","M","M","T","R","?","R","$","?","R","BOSS","M","M","$","?","?","R","E","R","T","E","?","R","?","$","R","BOSS"],"items_purchased_type":["Card","Card","Card","Card","Card","Card"],"build_version":"2020-12-22","purchased_purges":2,"victory":false,"max_hp_per_floor":[66,66,66,66,66,66,66,66,66,66,66,66,66,66,66,66,66,66,66,66,66,66,66,66,66,66,66,66,66,66,66,66,66,66,66,66,66,66,66,66,66,66,66,66,66,66,66,66,66,66,66],"card_choices":[{"not_picked":["Escape Plan","Poisoned Stab"],"picked":"Cloak And Dagger","floor":1.0},{"not_picked":["Infinite Blades","Heel Hook"],"picked":"Blade Dance","floor":2.0},{"not_picked":["Bane","Acrobatics"],"picked":"Glass Knife","floor":3.0},{"not_picked":["Well Laid Plans","Flying Knee"],"picked":"PiercingWail","floor":5.0},{"not_picked":["Flying Knee","Masterful Stab"],"picked":"Footwork","floor":10.0},{"not_picked":["Predator","Underhanded Strike","Eviscerate"],"picked":"SKIP","floor":13.0},{"not_picked":["Flying Knee","Deflect"],"picked":"Dagger Spray","floor":14.0},{"not_picked":["Corpse Explosion","Venomology"],"picked":"After Image","floor":16.0},{"not_picked":["Underhanded Strike","Sucker Punch","Heel Hook","Bouncing Flask"],"picked":"SKIP","floor":18.0},{"not_picked":["Prepared","Dodge and Roll","Poisoned Stab"],"picked":"Blur","floor":20.0},{"not_picked":["Slice","Prepared","Outmaneuver"],"picked":"Cloak And Dagger","floor":24.0},{"not_picked":["Poisoned Stab","Underhanded Strike","Reflex"],"picked":"PiercingWail","floor":25.0},{"not_picked":["Blur","Bouncing Flask","Bane"],"picked":"A Thousand Cuts","floor":28.0},{"not_picked":["Grand Finale","Malaise","Corpse Explosion"],"picked":"Night Terror","floor":33.0},{"not_picked":["Backstab","Predator","Bane","Cloak And Dagger"],"picked":"SKIP","floor":35.0},{"not_picked":["Catalyst","Deflect","Prepared"],"picked":"After Image","floor":36.0},{"not_picked":["Quick Slash+1","Deadly Poison","Dodge and Roll","Underhanded Strike"],"picked":"SKIP","floor":41.0},{"not_picked":["Dagger Spray","Die Die Die","Flying Knee+1","Leg Sweep"],"picked":"SKIP","floor":44.0},{"not_picked":["Slice","Distraction","Terror","Prepared"],"picked":"SKIP","floor":47.0}],"player_experience":527808,"relics_obtained":[{"floor":14.0,"key":"WingedGreaves"},{"floor":17.0,"key":"Boot"},{"floor":17.0,"key":"Question Card"},{"floor":17.0,"key":"Bird Faced Urn"},{"floor":26.0,"key":"Centennial Puzzle"},{"floor":38.0,"key":"Lizard Tail"},{"floor":41.0,"key":"Blood Vial"},{"floor":43.0,"key":"Meat on the Bone"},{"floor":44.0,"key":"Oddly Smooth Stone"}],"event_choices":[{"damage_healed":0.0,"max_hp_gain":0.0,"max_hp_loss":0.0,"gold_gain":0.0,"event_name":"Lab","player_choice":"Got Potions","floor":4.0,"gold_loss":0.0,"damage_taken":0.0},{"damage_healed":0.0,"max_hp_gain":0.0,"max_hp_loss":0.0,"gold_gain":0.0,"event_name":"The Woman in Blue","player_choice":"Bought 0 Potions","floor":12.0,"gold_loss":0.0,"damage_taken":0.0},{"damage_healed":0.0,"max_hp_gain":0.0,"max_hp_loss":0.0,"gold_gain":275.0,"event_name":"Golden Shrine","player_choice":"Desecrate","floor":19.0,"gold_loss":0.0,"damage_taken":0.0,"cards_obtained":["Regret"]},{"damage_healed":0.0,"max_hp_gain":0.0,"max_hp_loss":0.0,"gold_gain":100.0,"event_name":"The Joust","player_choice":"Bet on Murderer","floor":22.0,"gold_loss":50.0,"damage_taken":0.0},{"damage_healed":0.0,"max_hp_gain":0.0,"max_hp_loss":0.0,"gold_gain":0.0,"event_name":"Ghosts","player_choice":"Ignored","floor":31.0,"gold_loss":0.0,"damage_taken":0.0},{"damage_healed":0.0,"max_hp_gain":0.0,"max_hp_loss":0.0,"gold_gain":0.0,"event_name":"MindBloom","player_choice":"Fight","floor":38.0,"gold_loss":0.0,"damage_taken":0.0},{"cards_removed":["Glass Knife"],"damage_healed":0.0,"max_hp_gain":0.0,"max_hp_loss":0.0,"gold_gain":0.0,"event_name":"Falling","player_choice":"Removed Attack","floor":39.0,"gold_loss":0.0,"damage_taken":0.0},{"damage_healed":0.0,"max_hp_gain":0.0,"max_hp_loss":0.0,"gold_gain":0.0,"event_name":"Tomb of Lord Red Mask","player_choice":"Ignored","floor":45.0,"gold_loss":0.0,"damage_taken":0.0}],"is_beta":false,"boss_relics":[{"not_picked":["Velvet Choker","SacredBark"],"picked":"Calling Bell"},{"not_picked":["Coffee Dripper","Empty Cage"],"picked":"Philosopher\u0027s Stone"}],"items_purged_floors":[21,30],"is_endless":false,"potions_floor_spawned":[1,2,5,10,16,20,24,33,35,38,41],"killed_by":"Awakened One","ascension_level":16}}