{"host":"ss2ocoam53r2lno0","time":1610802432,"event":{"mods":["Act Like it!","BaseMod","ChefMod","Clockwork Mod","Colored Powertips","Curses Come First","Displayed Cursed Tome","Downfall","Evolution","Googly Eyes","Hallownest","Highlight Path","Minty Spire (QoL Compilation)","Poor People Problems","Rare Cards Sparkle","Robot Space Explorer","Shade Mod","Shop Mod","Spicy Shops","StSLib","The Marked"],"gold_per_floor":[115,190,202,202,18,18,35,54,54,54,70,98,98,119,119,119,119],"floor_reached":16,"language":"ENG","playtime":982,"items_purged":["Clockwork:Shield"],"score":213,"play_id":"1f18faf2-de1d-49e0-a155-633fa1984e93","local_time":"20210116140712","is_ascension_mode":true,"campfire_choices":[{"data":"Clockwork:SnapKeep","floor":6,"key":"SMITH"},{"data":"Clockwork:Inspiration","floor":15,"key":"SMITH"}],"circlet_count":0,"master_deck":["Clockwork:SnapKeep+1","Clockwork:Strike","Clockwork:Strike","Clockwork:Shield","Clockwork:Shield","Clockwork:Shield","Clockwork:Tinker","Clockwork:WarmUp","Clockwork:RevUp","Clockwork:Inspiration+1","Clockwork:Inspiration"],"relics":["Clockwork:MomentumEngine","EVO:Axolotl","Membership Card","Pocketwatch","White Beast Statue","Shuriken","Golden Idol","Clockwork:CopperScales"],"acts_visited":["Exordium"],"potions_floor_usage":[16,16,16],"damage_taken":[{"damage":11,"enemies":"2 Louse","floor":1,"turns":5},{"damage":1,"enemies":"Small Slimes","floor":3,"turns":6},{"damage":0,"enemies":"Jaw Worm","floor":7,"turns":5},{"damage":0,"enemies":"Blue Slaver","floor":8,"turns":7},{"damage":0,"enemies":"Looter","floor":11,"turns":4},{"damage":15,"enemies":"3 Sentries","floor":12,"turns":8},{"damage":4,"enemies":"Large Slime","floor":14,"turns":8},{"damage":35,"enemies":"Slime Boss","floor":16,"turns":9}],"seed_played":"5843766559185485732","potions_obtained":[{"floor":8,"key":"Weak Potion"},{"floor":11,"key":"BlessingOfTheForge"},{"floor":12,"key":"SpeedPotion"}],"is_trial":false,"path_per_floor":["M","?","M","?","$","R","M","M","T","T","M","E","?","M","R","B"],"character_chosen":"CLOCKWORK","items_purchased":["Membership Card"],"campfire_rested":0,"item_purchase_floors":[5],"current_hp_per_floor":[66,55,54,47,47,47,47,47,47,47,47,32,32,28,28,0,0],"gold":119,"neow_bonus":"RANDOM_COLORLESS","is_daily":false,"chose_seed":false,"campfire_upgraded":2,"win_rate":0.0,"timestamp":1610802432,"path_taken":["M","?","M","?","?","R","M","M","T","?","M","E","?","M","R","BOSS"],"items_purchased_type":["Relic"],"build_version":"2020-12-22","purchased_purges":1,"victory":false,"max_hp_per_floor":[85,85,85,85,85,85,85,85,85,85,85,85,79,79,79,79,79],"card_choices":[{"not_picked":["Clockwork:ForgeStrike","Clockwork:Friction","Clockwork:SystemHardening"],"picked":"SKIP","floor":1},{"not_picked":["Clockwork:Friction","Clockwork:CogToss","Clockwork:Roundhouse"],"picked":"SKIP","floor":3},{"not_picked":["Clockwork:CraftCopperScales","Clockwork:CogShield"],"picked":"Clockwork:RevUp","floor":7},{"not_picked":["Clockwork:Roundhouse","Clockwork:Improve"],"picked":"Clockwork:Inspiration","floor":8},{"not_picked":["Clockwork:Friction","Clockwork:AdaptiveCannon","Clockwork:StasisBreak"],"picked":"SKIP","floor":11},{"not_picked":["Clockwork:TimeOut","Clockwork:SnapKeep"],"picked":"Clockwork:Inspiration","floor":12},{"not_picked":["Clockwork:AdaptiveCannon","Clockwork:SystemScan"],"picked":"Clockwork:CraftCopperScales","floor":14}],"player_experience":746281,"relics_obtained":[{"floor":9,"key":"Pocketwatch"},{"floor":10,"key":"White Beast Statue"},{"floor":12,"key":"Shuriken"}],"event_choices":[{"damage_healed":0,"gold_gain":75,"player_choice":"Gather Gold","damage_taken":11,"max_hp_gain":0,"max_hp_loss":0,"event_name":"World of Goop","floor":2,"gold_loss":0},{"cards_removed":["Clockwork:Strike"],"damage_healed":0,"gold_gain":0,"player_choice":"Card Removal","damage_taken":7,"max_hp_gain":0,"max_hp_loss":0,"event_name":"Golden Wing","floor":4,"gold_loss":0},{"damage_healed":0,"gold_gain":0,"player_choice":"Lose Max HP","damage_taken":0,"relics_obtained":["Golden Idol"],"max_hp_gain":0,"max_hp_loss":6,"event_name":"Golden Idol","floor":13,"gold_loss":0}],"is_beta":false,"boss_relics":[],"items_purged_floors":[5],"is_endless":false,"potions_floor_spawned":[8,11,12,14],"killed_by":"Slime Boss","ascension_level":8}}