{"host":"x52zk6e1f2bye2h7","time":1610802731,"event":{"mods":["AchievementEnabler","BaseMod","Highlight Path","Minty Spire (QoL Compilation)","everything is the same but u backflip on backflip"],"gold_per_floor":[114,134,12,22,22,22,51,70,70,70,88,108,108,13,13,112,112,130,141,141,160,15,15,15,15,41,61,91,104,104,104],"floor_reached":30,"language":"ENG","playtime":1960,"items_purged":["Defend_P","Strike_P+1"],"score":317,"play_id":"5ea1ea18-d0ad-4661-8eac-e596859a4d3b","local_time":"20210116131211","is_ascension_mode":true,"campfire_choices":[{"data":"LessonLearned","floor":6.0,"key":"SMITH"},{"floor":10.0,"key":"REST"},{"floor":15.0,"key":"RECALL"},{"floor":24.0,"key":"REST"}],"circlet_count":0,"master_deck":["Strike_P+1","Strike_P+1","Defend_P","Defend_P+1","Defend_P+1","Eruption","Vigilance","LessonLearned+1","ThirdEye+1","FlurryOfBlows","JustLucky+1","FollowUp+1","Vengeance","Weave","Crescendo+1","FlurryOfBlows","DeusExMachina+1","EmptyFist","LikeWater","Protect+1","Nirvana"],"relics":["PureWater","Anchor","Bronze Scales","Mercury Hourglass","Pen Nib"],"acts_visited":["Exordium","TheCity"],"potions_floor_usage":[30],"damage_taken":[{"damage":0.0,"enemies":"Cultist","floor":1.0,"turns":2.0},{"damage":12.0,"enemies":"Small Slimes","floor":2.0,"turns":5.0},{"damage":4.0,"enemies":"Jaw Worm","floor":4.0,"turns":4.0},{"damage":16.0,"enemies":"Lagavulin","floor":7.0,"turns":7.0},{"damage":11.0,"enemies":"Exordium Wildlife","floor":8.0,"turns":5.0},{"damage":0.0,"enemies":"Gremlin Gang","floor":11.0,"turns":3.0},{"damage":0.0,"enemies":"3 Louse","floor":12.0,"turns":3.0},{"damage":0.0,"enemies":"Slime Boss","floor":16.0,"turns":7.0},{"damage":12.0,"enemies":"3 Byrds","floor":18.0,"turns":3.0},{"damage":0.0,"enemies":"Shell Parasite","floor":19.0,"turns":3.0},{"damage":15.0,"enemies":"Snecko","floor":21.0,"turns":5.0},{"damage":0.0,"enemies":"3 Cultists","floor":27.0,"turns":4.0},{"damage":16.0,"enemies":"Slavers","floor":28.0,"turns":4.0},{"damage":0,"enemies":"Shelled Parasite and Fungi","floor":29,"turns":3},{"damage":48,"enemies":"Snecko","floor":30,"turns":5}],"seed_played":"908560498738176857","potions_obtained":[{"floor":1.0,"key":"Ancient Potion"},{"floor":4.0,"key":"LiquidMemories"},{"floor":8.0,"key":"LiquidBronze"},{"floor":19.0,"key":"Block Potion"},{"floor":27.0,"key":"FearPotion"},{"floor":28,"key":"EssenceOfSteel"},{"floor":29,"key":"Strength Potion"}],"is_trial":false,"path_per_floor":["M","M","$","M","?","R","E","M","T","R","M","M","?","$","R","B",null,"M","M","?","M","$","?","R","?","T","M","E","M","M"],"character_chosen":"WATCHER","items_purchased":["FlurryOfBlows","Crescendo","FlurryOfBlows","EmptyFist"],"campfire_rested":2,"item_purchase_floors":[3,14,14,22],"current_hp_per_floor":[65,53,53,49,49,49,33,22,22,41,41,41,41,41,41,41,65,53,53,53,38,38,38,57,57,57,57,41,41,0,0],"gold":104,"neow_bonus":"THREE_RARE_CARDS","is_daily":false,"chose_seed":false,"campfire_upgraded":1,"win_rate":0.0,"timestamp":1610802731,"path_taken":["M","M","$","M","?","R","E","M","T","R","M","?","?","$","R","BOSS","M","M","?","M","$","?","R","?","T","?","E","M","M"],"items_purchased_type":["Card","Card","Card","Card"],"build_version":"2020-12-22","purchased_purges":2,"victory":false,"max_hp_per_floor":[65,65,65,65,65,65,65,65,65,65,65,65,65,65,65,65,65,65,65,65,65,65,65,65,65,65,65,65,65,65,65],"card_choices":[{"not_picked":["Vault","DeusExMachina"],"picked":"LessonLearned","floor":0.0},{"not_picked":["Tantrum","PathToVictory","WreathOfFlame"],"picked":"SKIP","floor":1.0},{"not_picked":["EmptyFist","SignatureMove"],"picked":"ThirdEye","floor":2.0},{"not_picked":["WheelKick","Consecrate"],"picked":"JustLucky","floor":4.0},{"not_picked":["Devotion","TalkToTheHand","SashWhip"],"picked":"SKIP","floor":7.0},{"not_picked":["Halt","InnerPeace"],"picked":"Vengeance","floor":8.0},{"not_picked":["ReachHeaven","BowlingBash","Perseverance"],"picked":"SKIP","floor":11.0},{"not_picked":["CutThroughFate","Swivel"],"picked":"Weave","floor":12.0},{"not_picked":["ConjureBlade","Omniscience"],"picked":"DeusExMachina","floor":16.0},{"not_picked":["CrushJoints","ForeignInfluence+1","Sanctity"],"picked":"SKIP","floor":18.0},{"not_picked":["Prostrate","FollowUp","SashWhip"],"picked":"SKIP","floor":19.0},{"not_picked":["CrushJoints","PathToVictory+1","BattleHymn+1"],"picked":"SKIP","floor":21.0},{"not_picked":["Worship","CrushJoints","WreathOfFlame+1"],"picked":"SKIP","floor":27.0},{"not_picked":["Weave","Wish"],"picked":"Protect+1","floor":28},{"not_picked":["CrushJoints+1","Swivel","Nirvana"],"picked":"SKIP","floor":29},{"not_picked":["CrushJoints+1","Swivel"],"picked":"Nirvana","floor":29}],"player_experience":96351,"relics_obtained":[{"floor":7.0,"key":"Anchor"},{"floor":9.0,"key":"Bronze Scales"},{"floor":28,"key":"Pen Nib"}],"event_choices":[{"damage_healed":0.0,"max_hp_gain":0.0,"max_hp_loss":0.0,"gold_gain":0.0,"event_name":"Match and Keep!","player_choice":"1 cards matched","floor":5.0,"gold_loss":0.0,"damage_taken":0.0,"cards_obtained":["FollowUp"]},{"damage_healed":0.0,"max_hp_gain":0.0,"max_hp_loss":0.0,"gold_gain":0.0,"event_name":"WeMeetAgain","player_choice":"Gave Potion","floor":13.0,"gold_loss":0.0,"damage_taken":0.0,"relics_obtained":["Mercury Hourglass"]},{"cards_removed":["Strike_P"],"damage_healed":0.0,"max_hp_gain":0.0,"max_hp_loss":0.0,"gold_gain":0.0,"event_name":"Back to Basics","player_choice":"Elegance","floor":20.0,"gold_loss":0.0,"damage_taken":0.0},{"damage_healed":0.0,"max_hp_gain":0.0,"max_hp_loss":0.0,"gold_gain":0.0,"event_name":"Vampires","player_choice":"Ignored","floor":23.0,"gold_loss":0.0,"damage_taken":0.0},{"damage_healed":0.0,"max_hp_gain":0.0,"max_hp_loss":0.0,"gold_gain":0.0,"event_name":"The Library","player_choice":"Read","floor":25.0,"gold_loss":0.0,"damage_taken":0.0,"cards_obtained":["LikeWater"]}],"is_beta":false,"boss_relics":[{"not_picked":["Ectoplasm","Coffee Dripper","Runic Dome"]}],"items_purged_floors":[3,22],"is_endless":false,"potions_floor_spawned":[1,4,8,19,27,28,29],"killed_by":"Snecko","ascension_level":1}}