{"host":"ydg0vn0pu4pubmdt","time":1610777374,"event":{"mods":["AchievementEnabler","BaseMod","Colored Map","Gold Saver","Minty Spire (QoL Compilation)","Quick Restart","SuperFastMode"],"gold_per_floor":[382,397,322,322,4,4,24,24,24,24,49,63,13,88,88,217,217,232,251,126,576,595,595,595,595],"floor_reached":24,"language":"KOR","playtime":540,"items_purged":["Strike_B","Defend_B","Defend_B"],"score":239,"play_id":"ba37006f-fb4a-4f4d-aede-cf0a1082e87f","local_time":"20210116150934","is_ascension_mode":true,"campfire_choices":[{"data":"Zap","floor":6,"key":"SMITH"},{"data":"Dualcast","floor":10,"key":"SMITH"},{"floor":15,"key":"REST"},{"floor":23,"key":"REST"}],"circlet_count":0,"master_deck":["Defend_B","Zap+1","Dualcast+1","Melter","Streamline","Undo","Cold Snap","Compile Driver","Turbo","Multi-Cast","Beam Cell+1","Redo+1","White Noise+1"],"relics":["Cracked Core","Golden Idol","DataDisk","Nunchaku","Odd Mushroom","Empty Cage"],"acts_visited":["Exordium","TheCity"],"potions_floor_usage":[11,11,16,22,22],"damage_taken":[{"damage":0,"enemies":"Small Slimes","floor":1,"turns":2},{"damage":7,"enemies":"Jaw Worm","floor":2,"turns":3},{"damage":0,"enemies":"Cultist","floor":7,"turns":2},{"damage":7,"enemies":"The Mushroom Lair","floor":11,"turns":3},{"damage":5,"enemies":"Gremlin Gang","floor":12,"turns":3},{"damage":32,"enemies":"Slime Boss","floor":16,"turns":7},{"damage":0,"enemies":"Spheric Guardian","floor":18,"turns":2},{"damage":0,"enemies":"Chosen","floor":19,"turns":3},{"damage":9,"enemies":"3 Cultists","floor":22,"turns":5},{"damage":27,"enemies":"Gremlin Leader","floor":24,"turns":2}],"seed_played":"3854410119272477479","potions_obtained":[{"floor":2,"key":"EntropicBrew"},{"floor":11,"key":"Weak Potion"}],"is_trial":false,"path_per_floor":["M","M","$","?","$","R","M","?","T","R","?","M","?","?","R","B",null,"M","M","$","?","M","R","E"],"character_chosen":"DEFECT","items_purchased":["DataDisk","Undo"],"campfire_rested":2,"item_purchase_floors":[5,5],"current_hp_per_floor":[68,61,61,43,43,43,43,36,36,36,29,24,24,13,35,3,57,57,57,57,11,2,24,0,0],"gold":595,"neow_bonus":"THREE_CARDS","is_daily":false,"chose_seed":false,"campfire_upgraded":2,"win_rate":0.0,"timestamp":1610777374,"path_taken":["M","M","$","?","$","R","M","?","T","R","?","M","?","?","R","BOSS","M","M","$","?","?","R","E"],"items_purchased_type":["Relic","Card"],"build_version":"2020-12-22","purchased_purges":3,"victory":false,"max_hp_per_floor":[75,75,75,75,75,75,75,75,75,75,75,75,75,75,75,75,75,75,75,75,75,75,75,75,75],"card_choices":[{"not_picked":["Leap","Capacitor"],"picked":"Melter","floor":0},{"not_picked":["Ball Lightning","Steam"],"picked":"Streamline","floor":1},{"not_picked":["Melter","Recycle","Hello World"],"picked":"SKIP","floor":2},{"not_picked":["Defragment","Compile Driver"],"picked":"Cold Snap","floor":7},{"not_picked":["Ball Lightning","Steam"],"picked":"Compile Driver","floor":11},{"not_picked":["Hello World","Recycle"],"picked":"Turbo","floor":12},{"not_picked":["Thunder Strike","Machine Learning"],"picked":"Multi-Cast","floor":16},{"not_picked":["Storm+1","Conserve Battery"],"picked":"Beam Cell+1","floor":18},{"not_picked":["Melter","Compile Driver"],"picked":"Redo+1","floor":19},{"not_picked":["Beam Cell+1","Sweeping Beam"],"picked":"White Noise+1","floor":22}],"player_experience":382554,"relics_obtained":[{"floor":9,"key":"Nunchaku"},{"floor":11,"key":"Odd Mushroom"}],"event_choices":[{"damage_healed":0,"gold_gain":0,"player_choice":"Take Damage","damage_taken":18,"relics_obtained":["Golden Idol"],"max_hp_gain":0,"max_hp_loss":0,"event_name":"Golden Idol","floor":4,"gold_loss":0},{"cards_removed":["Defend_B"],"damage_healed":0,"gold_gain":0,"player_choice":"Card Removal","damage_taken":7,"max_hp_gain":0,"max_hp_loss":0,"event_name":"Golden Wing","floor":8,"gold_loss":0},{"damage_healed":0,"gold_gain":0,"player_choice":"Fought Mushrooms","damage_taken":0,"max_hp_gain":0,"max_hp_loss":0,"event_name":"Mushrooms","floor":11,"gold_loss":0},{"cards_removed":["Strike_B"],"damage_healed":0,"gold_gain":0,"player_choice":"Card Removal","damage_taken":0,"max_hp_gain":0,"max_hp_loss":0,"event_name":"The Cleric","floor":13,"gold_loss":50},{"damage_healed":0,"gold_gain":75,"player_choice":"Gather Gold","damage_taken":11,"max_hp_gain":0,"max_hp_loss":0,"event_name":"World of Goop","floor":14,"gold_loss":0},{"damage_healed":0,"gold_gain":450,"player_choice":"GOLD GOLD GOLD GOLD GOLD ","damage_taken":46,"max_hp_gain":0,"max_hp_loss":0,"event_name":"Knowing Skull","floor":21,"potions_obtained":[],"gold_loss":0,"cards_obtained":[]}],"is_beta":false,"boss_relics":[{"not_picked":["Sozu","SlaversCollar"],"picked":"Empty Cage"}],"items_purged_floors":[3,5,20],"is_endless":false,"potions_floor_spawned":[2,11,22],"killed_by":"Gremlin Leader","ascension_level":6}}