{"host":"1sqx9dmsrxu9kvq7","time":1610823820,"event":{"mods":["2.2 Compatiblity","Arknights The Spire","BaseMod","Colored Powertips","Custom Start","Dio Mod","Friendly Minions","Hermit","Highlight Path","HololiveMod","Jorbs\u0027s Wanderer Trilogy","Koishi","MarisaÅiñ∂âJÅ@ñÇóùçπÅj","Minty Spire (QoL Compilation)","Quick Restart","Rare Cards Sparkle","Relic Stats","Shade Mod","Shop Mod","Spicy Shops","StSLib","Td1madao Mod","The Blue Laboratory","The Construct","The Cursed","The Disciple","The Hierophant","The Necromancer","The Runesmith","The Servant 0.9.4","Waifu the Spire","WarShipGirlsR/??è≠èóR mod"],"gold_per_floor":[112,112,124,124,142,142,142,142,142],"floor_reached":8,"language":"ENG","playtime":469,"items_purged":[],"score":46,"play_id":"16111692-5d31-4f2d-bff5-8804618d3a55","local_time":"20210116130340","is_ascension_mode":false,"campfire_choices":[{"floor":6,"key":"RECALL"}],"circlet_count":0,"master_deck":["Shade:Strike_Shade","Shade:Strike_Shade","Shade:Strike_Shade","Shade:Strike_Shade","Shade:Defend_Shade","Shade:Defend_Shade","Shade:Defend_Shade","Shade:Defend_Shade","Shade:AnimateDead","Shade:CarefulCut","Shade:AuraOfUnlife+1","Shade:FleshToFlesh","Shade:Trample"],"relics":["Shade:YorickSkull","NeowsBlessing","Golden Idol","Pen Nib"],"acts_visited":["Exordium"],"potions_floor_usage":[8,8],"damage_taken":[{"damage":0,"enemies":"2 Louse","floor":1,"turns":1},{"damage":0,"enemies":"Jaw Worm","floor":3,"turns":1},{"damage":0,"enemies":"Small Slimes","floor":5,"turns":1},{"damage":37,"enemies":"Lagavulin","floor":8,"turns":12}],"seed_played":"-7793827065458518586","potions_obtained":[{"floor":1,"key":"Weak Potion"},{"floor":3,"key":"blueLaboratory:StoneskinPotion"}],"is_trial":false,"path_per_floor":["M","?","M","?","M","R","?","E"],"character_chosen":"SHADE","items_purchased":[],"campfire_rested":0,"item_purchase_floors":[],"current_hp_per_floor":[65,65,65,60,60,60,35,0,0],"gold":142,"neow_bonus":"THREE_ENEMY_KILL","is_daily":false,"chose_seed":false,"campfire_upgraded":0,"win_rate":0.0,"timestamp":1610823820,"path_taken":["M","?","M","?","M","R","?","E"],"items_purchased_type":[],"build_version":"2020-12-22","purchased_purges":0,"victory":false,"max_hp_per_floor":[65,65,65,60,60,60,60,60,60],"relic_stats":{"counters":[4,15],"Golden Idol":4,"Pen Nib":[1],"obtain_stats":[{"NeowsBlessing":0,"Shade:YorickSkull":0,"Golden Idol":4,"Pen Nib":7},{"NeowsBlessing":0,"Shade:YorickSkull":0,"Golden Idol":2,"Pen Nib":3},{"NeowsBlessing":0,"Shade:YorickSkull":0,"Golden Idol":2,"Pen Nib":3}]},"card_choices":[{"not_picked":["Shade:FuneraryJewels","Shade:RitualOffering"],"picked":"Shade:AuraOfUnlife","floor":1},{"not_picked":["Shade:AblativeArmor","Shade:DangerousRitual"],"picked":"Shade:FleshToFlesh","floor":3},{"not_picked":["Shade:FeralStrike","Shade:SpontaneousRitual"],"picked":"Shade:Trample","floor":5}],"player_experience":248626,"relics_obtained":[],"event_choices":[{"damage_healed":0,"gold_gain":0,"player_choice":"Grow","damage_taken":0,"max_hp_gain":0,"max_hp_loss":0,"event_name":"Living Wall","floor":2,"gold_loss":0,"cards_upgraded":["Shade:AuraOfUnlife"]},{"damage_healed":0,"gold_gain":0,"player_choice":"Lose Max HP","damage_taken":0,"relics_obtained":["Golden Idol"],"max_hp_gain":0,"max_hp_loss":5,"event_name":"Golden Idol","floor":4,"gold_loss":0},{"damage_healed":0,"gold_gain":0,"player_choice":"Success","damage_taken":25,"relics_obtained":["Pen Nib"],"max_hp_gain":0,"max_hp_loss":0,"event_name":"Scrap Ooze","floor":7,"gold_loss":0}],"is_beta":false,"boss_relics":[],"items_purged_floors":[],"is_endless":false,"potions_floor_spawned":[1,3],"killed_by":"Lagavulin","ascension_level":0}}