{"host":"cwd5s03r1oaxs6mx","time":1610805917,"event":{"mods":["Act Like it!","BaseMod","Better Third Choice","BetterRewards","CapriCore","Card Filter","Colored Map","Custom Start","DeckTracker","Friendly Minions","Hubris","Infinite Spire","Marisa£¨Ùöéë¡¡Øª×âÞÞ£©","Minty Spire (QoL Compilation)","Quick Restart","Relic Stats","Shop Mod","Spicy Shops","StSLib","SuperFastMode"],"gold_per_floor":[119,135,7,7,20,51,51,86,112,112,125,139,155,171,171,248,248,260,460,476,491,158,158,172,172,225,225,239,256,256,256],"floor_reached":30,"language":"KOR","playtime":956,"items_purged":["Strike_G","Strike_G"],"score":517,"play_id":"63b499d3-dc44-477f-b1dc-46c6b32fa95b","local_time":"20210116230517","is_ascension_mode":true,"campfire_choices":[{"floor":7,"key":"REST"},{"floor":10,"key":"REST"},{"data":"Apotheosis","floor":15,"key":"SMITH"},{"data":"infinitespire:Neurotoxin","floor":23,"key":"SMITH"}],"circlet_count":0,"master_deck":["AscendersBane","Defend_G","Defend_G","Defend_G","Defend_G","Defend_G","Survivor+1","Neutralize","Panacea","Apotheosis+1","Accuracy","Cloak And Dagger","Panache+1","Escape Plan","Flechettes","Blade Dance","Blade Dance","infinitespire:Neurotoxin+1","CurseOfTheBell","Escape Plan","Finisher","Infinite Blades","Impatience","Bite","Bite","Bite","Bite","Bite","Footwork"],"relics":["Ring of the Snake","Membership Card","hubris:Potato","Tiny Chest","Pen Nib","Calling Bell","Strawberry","Sundial","Thread and Needle","Singing Bowl","Boot","MealTicket","Question Card"],"acts_visited":["Exordium","TheCity"],"potions_floor_usage":[16,16,21,30],"damage_taken":[{"damage":4,"enemies":"Jaw Worm","floor":1,"turns":4},{"damage":11,"enemies":"Small Slimes","floor":2,"turns":4},{"damage":4,"enemies":"Cultist","floor":5,"turns":4},{"damage":18,"enemies":"Gremlin Nob","floor":6,"turns":5},{"damage":13,"enemies":"3 Sentries","floor":8,"turns":8},{"damage":4,"enemies":"Exordium Wildlife","floor":11,"turns":4},{"damage":0,"enemies":"Looter","floor":12,"turns":3},{"damage":17,"enemies":"Gremlin Gang","floor":13,"turns":4},{"damage":0,"enemies":"2 Fungi Beasts","floor":14,"turns":2},{"damage":12,"enemies":"Slime Boss","floor":16,"turns":6},{"damage":18,"enemies":"Chosen","floor":18,"turns":6},{"damage":0,"enemies":"3 Byrds","floor":20,"turns":2},{"damage":8,"enemies":"Sentry and Sphere","floor":21,"turns":5},{"damage":12,"enemies":"Snecko","floor":24,"turns":4},{"damage":2,"enemies":"Chosen and Byrds","floor":28,"turns":5},{"damage":33,"enemies":"Snake Plant","floor":29,"turns":5},{"damage":7,"enemies":"Shelled Parasite and Fungi","floor":30,"turns":1}],"seed_played":"3718826421889296088","potions_obtained":[{"floor":1,"key":"CunningPotion"},{"floor":8,"key":"Regen Potion"},{"floor":16,"key":"FearPotion"},{"floor":18,"key":"AttackPotion"},{"floor":20,"key":"Block Potion"},{"floor":24,"key":"AttackPotion"}],"is_trial":false,"path_per_floor":["M","M","$","?","M","E","R","E","T","R","M","M","M","M","R","B",null,"M","?","M","M","$","R","M","?","T","T","M","M","M"],"character_chosen":"THE_SILENT","items_purchased":["Panacea","Apotheosis","Membership Card","hubris:Potato","Accuracy","Panache","Impatience","Singing Bowl","Boot"],"campfire_rested":2,"item_purchase_floors":[0,0,0,0,0,3,22,22,22],"current_hp_per_floor":[55,44,44,24,20,2,21,8,8,27,23,23,6,6,6,9,59,41,41,41,33,33,33,23,23,23,23,30,3,0,0],"gold":256,"neow_bonus":"","is_daily":false,"chose_seed":false,"campfire_upgraded":2,"win_rate":0.0,"timestamp":1610805917,"path_taken":["M","M","$","?","M","E","R","E","T","R","M","M","M","M","R","BOSS","M","?","?","M","$","R","M","?","T","?","?","M","M"],"items_purchased_type":["Card","Card","Relic","Relic","Card","Card","Card","Relic","Relic"],"build_version":"2020-12-22","purchased_purges":2,"victory":false,"max_hp_per_floor":[66,66,66,66,66,66,66,66,66,66,66,66,66,66,66,66,73,73,73,73,73,73,73,75,52,52,52,52,54,54,54],"relic_stats":{"Singing Bowl":4,"counters":[17,72],"Sundial":[2],"Tiny Chest":1,"MealTicket":0,"Pen Nib":[12],"Boot":[30],"Question Card":2,"obtain_stats":[{"Singing Bowl":22,"Thread and Needle":17,"Pen Nib":8,"Boot":22,"Question Card":27,"Calling Bell":17,"Sundial":17,"Strawberry":17,"Tiny Chest":6,"MealTicket":26,"Membership Card":0,"hubris:Potato":0,"Ring of the Snake":0},{"Singing Bowl":13,"Thread and Needle":10,"Pen Nib":5,"Boot":13,"Question Card":14,"Calling Bell":10,"Sundial":10,"Strawberry":10,"Tiny Chest":4,"MealTicket":14,"Membership Card":0,"hubris:Potato":0,"Ring of the Snake":0},{"Singing Bowl":57,"Thread and Needle":44,"Pen Nib":25,"Boot":57,"Question Card":61,"Calling Bell":44,"Sundial":44,"Strawberry":44,"Tiny Chest":17,"MealTicket":61,"Membership Card":0,"hubris:Potato":0,"Ring of the Snake":0}],"Ring of the Snake":[34]},"card_choices":[{"not_picked":["Calculated Gamble","Noxious Fumes"],"picked":"Cloak And Dagger","floor":1},{"not_picked":["Concentrate","Prepared","Bane"],"picked":"SKIP","floor":2},{"not_picked":["Flying Knee","Bouncing Flask"],"picked":"Escape Plan","floor":5},{"not_picked":["All Out Attack","Prepared","Tools of the Trade"],"picked":"SKIP","floor":6},{"not_picked":["Crippling Poison","Calculated Gamble","Underhanded Strike"],"picked":"SKIP","floor":8},{"not_picked":["Choke","Flying Knee","Dodge and Roll"],"picked":"SKIP","floor":11},{"not_picked":["Dagger Spray","Caltrops"],"picked":"Flechettes","floor":12},{"not_picked":["Dagger Spray","Outmaneuver"],"picked":"Blade Dance","floor":13},{"not_picked":["Dodge and Roll","Terror"],"picked":"Blade Dance","floor":14},{"not_picked":["Unload","Storm of Steel"],"picked":"infinitespire:Neurotoxin","floor":16},{"not_picked":["Backflip","Masterful Stab"],"picked":"Escape Plan","floor":18},{"not_picked":["Finisher","Slice","Bane"],"picked":"SKIP","floor":20},{"not_picked":["Slice","Bane"],"picked":"Finisher","floor":20},{"not_picked":["Dagger Throw","Backstab"],"picked":"Infinite Blades","floor":21},{"not_picked":["Dagger Spray","Deadly Poison","Tactician"],"picked":"Singing Bowl","floor":24},{"not_picked":["Flying Knee","Tactician+1","Acrobatics"],"picked":"Footwork","floor":28},{"not_picked":["Outmaneuver","Choke","Deadly Poison","Leg Sweep"],"picked":"Singing Bowl","floor":29}],"player_experience":1039177,"relics_obtained":[{"floor":6,"key":"Tiny Chest"},{"floor":8,"key":"Pen Nib"},{"floor":17,"key":"Strawberry"},{"floor":17,"key":"Sundial"},{"floor":17,"key":"Thread and Needle"},{"floor":26,"key":"MealTicket"},{"floor":27,"key":"Question Card"}],"event_choices":[{"damage_healed":44,"gold_gain":0,"player_choice":"Upgrade","damage_taken":20,"max_hp_gain":0,"max_hp_loss":66,"event_name":"betterThird:BetterShining","floor":4,"gold_loss":0,"cards_upgraded":["Survivor","Panache"]},{"damage_healed":0,"gold_gain":200,"player_choice":"Gold","damage_taken":0,"max_hp_gain":0,"max_hp_loss":0,"event_name":"Wheel of Change","floor":19,"gold_loss":0},{"damage_healed":0,"gold_gain":0,"player_choice":"Became a vampire","damage_taken":0,"max_hp_gain":0,"max_hp_loss":23,"event_name":"Vampires","floor":25,"gold_loss":0,"cards_obtained":["Bite","Bite","Bite","Bite","Bite"]}],"is_beta":false,"boss_relics":[{"not_picked":["hubris:BlackHole","Coffee Dripper"],"picked":"Calling Bell"}],"items_purged_floors":[3,22],"is_endless":false,"potions_floor_spawned":[1,8,14,16,18,20,24],"killed_by":"Shelled Parasite and Fungi","ascension_level":20}}