{"host":"08t08ld674si40tv","time":1610774000,"event":{"mods":["AchievementEnabler","BaseMod","Colored Map","Minty Spire (QoL Compilation)","StSLib","SuperFastMode"],"gold_per_floor":[117,137,137,137,62,94,117,134,134,152,177,177,193,209,209,283,283,301,301,319,115,133,133,161,161,238,271,271,285,285,285],"floor_reached":30,"language":"KOR","playtime":778,"items_purged":["Defend_B"],"score":559,"play_id":"8d1498ed-b330-447f-997a-6531c8685925","local_time":"20210116141320","is_ascension_mode":true,"campfire_choices":[{"data":"Zap","floor":12,"key":"SMITH"},{"data":"Glacier","floor":15,"key":"SMITH"},{"data":"Turbo","floor":23,"key":"SMITH"},{"floor":25,"key":"REST"}],"circlet_count":0,"master_deck":["AscendersBane","Defend_B","Defend_B","Defend_B","Zap+1","Dualcast","FTL","BootSequence","Glacier+1","Turbo+1","Thunder Strike","Ball Lightning+1","Barrage+1","Loop+1","Loop+1","Conserve Battery","Force Field","Seek"],"relics":["Cracked Core","NeowsBlessing","Mango","Bird Faced Urn","Smiling Mask","Singing Bowl","Akabeko","Astrolabe","Runic Capacitor","Calipers","Lantern"],"acts_visited":["Exordium","TheCity"],"potions_floor_usage":[10,11,16,16,24,24,27,30],"damage_taken":[{"damage":0,"enemies":"2 Louse","floor":1,"turns":1},{"damage":0,"enemies":"Small Slimes","floor":2,"turns":1},{"damage":0,"enemies":"Lagavulin","floor":6,"turns":1},{"damage":0,"enemies":"Jaw Worm","floor":8,"turns":3},{"damage":1,"enemies":"Gremlin Gang","floor":10,"turns":4},{"damage":34,"enemies":"Gremlin Nob","floor":11,"turns":5},{"damage":4,"enemies":"2 Fungi Beasts","floor":13,"turns":3},{"damage":0,"enemies":"3 Louse","floor":14,"turns":3},{"damage":18,"enemies":"The Guardian","floor":16,"turns":22},{"damage":12,"enemies":"3 Byrds","floor":18,"turns":6},{"damage":0,"enemies":"Spheric Guardian","floor":20,"turns":3},{"damage":26,"enemies":"Chosen and Byrds","floor":22,"turns":5},{"damage":23,"enemies":"Gremlin Leader","floor":24,"turns":5},{"damage":56,"enemies":"Book of Stabbing","floor":27,"turns":6},{"damage":1,"enemies":"Snecko","floor":29,"turns":7},{"damage":33,"enemies":"3 Cultists","floor":30,"turns":3}],"seed_played":"2967795175672070634","potions_obtained":[{"floor":1,"key":"DistilledChaos"},{"floor":6,"key":"SpeedPotion"},{"floor":10,"key":"PowerPotion"},{"floor":13,"key":"LiquidMemories"},{"floor":20,"key":"EssenceOfDarkness"},{"floor":22,"key":"SkillPotion"},{"floor":24,"key":"BlessingOfTheForge"},{"floor":29,"key":"Energy Potion"}],"is_trial":false,"path_per_floor":["M","M","?","?","?","E","T","M","T","M","E","R","M","M","R","B",null,"M","?","M","$","M","R","E","R","T","E","?","M","M"],"character_chosen":"DEFECT","items_purchased":["Runic Capacitor"],"campfire_rested":1,"item_purchase_floors":[21],"current_hp_per_floor":[64,64,60,60,60,60,60,60,60,61,31,31,29,29,29,11,71,63,63,67,67,45,45,26,54,54,2,21,26,0,0],"gold":285,"neow_bonus":"THREE_ENEMY_KILL","is_daily":false,"chose_seed":false,"campfire_upgraded":3,"win_rate":0.0,"timestamp":1610774000,"path_taken":["M","M","?","?","?","E","?","M","T","M","E","R","M","M","R","BOSS","M","?","?","$","M","R","E","R","T","E","?","M","M"],"items_purchased_type":["Relic"],"build_version":"2020-12-22","purchased_purges":1,"victory":false,"max_hp_per_floor":[71,71,85,85,85,85,85,85,85,87,89,89,91,91,91,91,91,93,93,95,95,95,95,95,95,95,95,95,97,97,97],"card_choices":[{"not_picked":["Force Field","Steam"],"picked":"FTL","floor":1},{"not_picked":["Steam Power","Consume"],"picked":"BootSequence","floor":2},{"not_picked":["Force Field","Steam Power","Beam Cell"],"picked":"SKIP","floor":6},{"not_picked":["Beam Cell","Ball Lightning"],"picked":"Glacier","floor":8},{"not_picked":["Sweeping Beam","Streamline","Go for the Eyes"],"picked":"Singing Bowl","floor":10},{"not_picked":["Chaos","Rebound","Stack"],"picked":"Singing Bowl","floor":11},{"not_picked":["Sweeping Beam","Hologram","Stack"],"picked":"Singing Bowl","floor":13},{"not_picked":["Redo","Double Energy"],"picked":"Turbo","floor":14},{"not_picked":["Buffer","Rainbow"],"picked":"Thunder Strike","floor":16},{"not_picked":["Streamline","Gash+1","Go for the Eyes"],"picked":"Singing Bowl","floor":18},{"not_picked":["Cold Snap","Auto Shields","Gash"],"picked":"Singing Bowl","floor":20},{"not_picked":["Hello World","Rebound"],"picked":"Conserve Battery","floor":22},{"not_picked":["White Noise","Coolheaded"],"picked":"Force Field","floor":24},{"not_picked":["Compile Driver","Consume"],"picked":"Seek","floor":27},{"not_picked":["Consume","Stack","Rebound"],"picked":"Singing Bowl","floor":29}],"player_experience":227748,"relics_obtained":[{"floor":6,"key":"Bird Faced Urn"},{"floor":7,"key":"Smiling Mask"},{"floor":9,"key":"Singing Bowl"},{"floor":11,"key":"Akabeko"},{"floor":24,"key":"Calipers"},{"floor":27,"key":"Lantern"}],"event_choices":[{"damage_healed":0,"gold_gain":0,"player_choice":"Success","damage_taken":18,"relics_obtained":["Mango"],"max_hp_gain":0,"max_hp_loss":0,"event_name":"Scrap Ooze","floor":3,"gold_loss":0},{"damage_healed":0,"gold_gain":0,"player_choice":"Ignored","damage_taken":0,"max_hp_gain":0,"max_hp_loss":0,"event_name":"Liars Game","floor":4,"gold_loss":0},{"cards_removed":["Strike_B"],"damage_healed":0,"gold_gain":0,"player_choice":"Card Removal","damage_taken":0,"max_hp_gain":0,"max_hp_loss":0,"event_name":"The Cleric","floor":5,"gold_loss":75},{"damage_healed":0,"gold_gain":0,"player_choice":"Copied","damage_taken":0,"max_hp_gain":0,"max_hp_loss":0,"event_name":"Duplicator","floor":19,"gold_loss":0,"cards_obtained":["Loop"]},{"damage_healed":19,"gold_gain":0,"player_choice":"Heal","damage_taken":0,"max_hp_gain":0,"max_hp_loss":0,"event_name":"The Library","floor":28,"gold_loss":0}],"is_beta":false,"boss_relics":[{"not_picked":["Ectoplasm","Velvet Choker"],"picked":"Astrolabe"}],"items_purged_floors":[21],"is_endless":false,"potions_floor_spawned":[1,6,10,13,20,22,24,29],"killed_by":"3 Cultists","ascension_level":15}}