{"host":"fworv1gvvajf3x0f","time":1610804569,"event":{"mods":["AchievementEnabler","Aspiration","BaseMod","Better Match","Better Note","Better Sensory Stone","Better Vampires","Colored Map","Colored Powertips","Displayed Cursed Tome","Good Game Mod","Highlight Path","Infinite Spire","Minty Spire (QoL Compilation)","Poor People Problems","Relic Stats","Replay The Spire","StSLib"],"gold_per_floor":[110,35,51,51,126,126,152,168,168,184,204,222,222,222,222,324,324,343,50,63,63,63,63,63,63,63,80,80,80,80],"floor_reached":29,"language":"ZHS","playtime":2689,"items_purged":["Corpse Explosion","Defend_G"],"score":256,"play_id":"31d47607-0f29-4107-b8bf-6a4819b19611","local_time":"20210116214249","is_ascension_mode":true,"campfire_choices":[{"data":"Bouncing Flask","floor":6,"key":"SMITH"},{"data":"Catalyst","floor":13,"key":"SMITH"},{"floor":15,"key":"REST"},{"floor":23,"key":"REST"}],"circlet_count":0,"master_deck":["Strike_G+1","Strike_G","Strike_G","Strike_G","Defend_G","Defend_G","Defend_G","Defend_G","Survivor","Neutralize","Bouncing Flask+1","Toxin Wave","Catalyst+1","ReplayTheSpireMod:Scrap Shanks","PiercingWail","Poisoned Stab+1","Backflip","Bullet Time","CurseOfTheBell","Blade Dance","Setup+1","Defend_G"],"relics":["Ring of the Snake","REME:ComplimentaryCards","aspiration:Nostalgia","Cracked Core","Strawberry","Ornamental Fan","Calling Bell","aspiration:Lifesprig","Iron Hammer","StoneCalendar","Shuriken","Quantum Egg","aspiration:HummingbirdHeart"],"acts_visited":["Exordium","TheCity"],"potions_floor_usage":[7,16,16,29],"damage_taken":[{"damage":1,"enemies":"2 Louse","floor":1,"turns":3},{"damage":0,"enemies":"Jaw Worm","floor":3,"turns":4},{"damage":19,"enemies":"Gremlin Nob","floor":7,"turns":3},{"damage":7,"enemies":"Small Slimes","floor":8,"turns":3},{"damage":13,"enemies":"Exordium Thugs","floor":10,"turns":4},{"damage":1,"enemies":"Blue Slaver","floor":11,"turns":2},{"damage":0,"enemies":"Large Slime","floor":12,"turns":2},{"damage":31,"enemies":"Fading Forest","floor":16,"turns":11},{"damage":44,"enemies":"2 Thieves","floor":18,"turns":3},{"damage":21,"enemies":"Spheric Guardian","floor":20,"turns":4},{"damage":21,"enemies":"3 Cultists","floor":27,"turns":5},{"damage":33,"enemies":"Chosen and Byrds","floor":29,"turns":4}],"seed_played":"-7965230745720481710","potions_obtained":[{"floor":1,"key":"Death Potion"},{"floor":8,"key":"BlessingOfTheForge"},{"floor":10,"key":"CunningPotion"},{"floor":11,"key":"infinitespire:BlackPotion"},{"floor":18,"key":"SteroidPotion"},{"floor":21,"key":"Regen Potion"},{"floor":21,"key":"LifebloodPotion"},{"floor":21,"key":"Weak Potion"},{"floor":27,"key":"Block Potion"}],"is_trial":false,"path_per_floor":["M","$","M","?","?","R","E","M","T","M","M","M","R","?","R_BF","B",null,"M","$","M","?","AVR","R","$","PTL","PTL","M","T","M"],"character_chosen":"THE_SILENT","items_purchased":["Blade Dance","Shuriken"],"campfire_rested":2,"item_purchase_floors":[19,19],"current_hp_per_floor":[69,69,69,69,58,58,46,39,39,26,25,25,25,10,33,10,77,33,33,12,12,12,35,35,35,35,14,14,0,0],"gold":80,"neow_bonus":"NOSTALGIA","is_daily":false,"chose_seed":false,"campfire_upgraded":2,"win_rate":0.0,"timestamp":1610804569,"path_taken":["M","$","M","?","?","R","E","M","T","M","M","M","R","?","R_BF","BOSS","M","$","M","?","AVR","R","?","PTL","PTL","M","T","M"],"items_purchased_type":["Card","Relic"],"build_version":"2020-12-22","purchased_purges":2,"victory":false,"max_hp_per_floor":[70,70,70,70,70,70,77,77,77,77,77,77,77,77,77,77,77,77,77,77,77,77,77,77,77,77,77,77,77,77],"relic_stats":{"counters":[12,48],"Ornamental Fan":[44],"Shuriken":[4],"StoneCalendar":[0],"obtain_stats":[{"aspiration:Lifesprig":17,"aspiration:Nostalgia":0,"Quantum Egg":22,"StoneCalendar":17,"aspiration:HummingbirdHeart":28,"Calling Bell":17,"REME:ComplimentaryCards":0,"Ornamental Fan":9,"Shuriken":19,"Strawberry":7,"Iron Hammer":17,"Cracked Core":0,"Ring of the Snake":0},{"aspiration:Lifesprig":8,"aspiration:Nostalgia":0,"Quantum Egg":10,"StoneCalendar":8,"aspiration:HummingbirdHeart":11,"Calling Bell":8,"REME:ComplimentaryCards":0,"Ornamental Fan":4,"Shuriken":9,"Strawberry":3,"Iron Hammer":8,"Cracked Core":0,"Ring of the Snake":0},{"aspiration:Lifesprig":32,"aspiration:Nostalgia":0,"Quantum Egg":39,"StoneCalendar":32,"aspiration:HummingbirdHeart":44,"Calling Bell":32,"REME:ComplimentaryCards":0,"Ornamental Fan":13,"Shuriken":35,"Strawberry":10,"Iron Hammer":32,"Cracked Core":0,"Ring of the Snake":0}],"Ring of the Snake":[24]},"card_choices":[{"not_picked":["Dodge and Roll","Escape Plan"],"picked":"Bouncing Flask","floor":1},{"not_picked":["Backflip","Flying Knee"],"picked":"Toxin Wave","floor":3},{"not_picked":["Choke","Skewer"],"picked":"Catalyst","floor":7},{"not_picked":["Bane","Dodge and Roll"],"picked":"ReplayTheSpireMod:Scrap Shanks","floor":8},{"not_picked":["Outmaneuver","All Out Attack"],"picked":"PiercingWail","floor":10},{"not_picked":["Skewer","Dodge and Roll"],"picked":"Poisoned Stab","floor":11},{"not_picked":["Slice","Blur"],"picked":"Backflip","floor":12},{"not_picked":["Night Terror","Malaise"],"picked":"Bullet Time","floor":16},{"not_picked":["Dagger Throw","PiercingWail","Slice+1"],"picked":"SKIP","floor":18},{"not_picked":["Sneak Up","Escape Plan"],"picked":"Setup+1","floor":20},{"not_picked":["Sucker Punch","Footwork","Slice"],"picked":"SKIP","floor":27}],"player_experience":222578,"relics_obtained":[{"floor":7,"key":"Strawberry"},{"floor":9,"key":"Ornamental Fan"},{"floor":17,"key":"aspiration:Lifesprig"},{"floor":17,"key":"Iron Hammer"},{"floor":17,"key":"StoneCalendar"},{"floor":28,"key":"aspiration:HummingbirdHeart"}],"event_choices":[{"damage_healed":0,"gold_gain":75,"player_choice":"Gather Gold","damage_taken":11,"max_hp_gain":0,"max_hp_loss":0,"event_name":"World of Goop","floor":5,"gold_loss":0},{"damage_healed":0,"gold_gain":0,"player_choice":"Entered Light","damage_taken":15,"max_hp_gain":0,"max_hp_loss":0,"event_name":"Shining Light","floor":14,"gold_loss":0,"cards_upgraded":["Poisoned Stab","Strike_G"]},{"damage_healed":0,"gold_gain":0,"player_choice":"Got Potions","damage_taken":0,"max_hp_gain":0,"max_hp_loss":0,"event_name":"Lab","floor":21,"gold_loss":0}],"is_beta":false,"boss_relics":[{"not_picked":["Cursed Key","Replay:Bronze Core"],"picked":"Calling Bell"}],"items_purged_floors":[2,22],"is_endless":false,"potions_floor_spawned":[1,8,10,11,18,27],"killed_by":"Chosen and Byrds","ascension_level":3}}