{"host":"3xls0xm49ftugio7","time":1610831762,"event":{"mods":["2.2 Compatiblity","AchievementEnabler","Act Like it!","BaseMod","Colored Powertips","GifTheSpireLib","Minty Spire (QoL Compilation)","Quick Restart","Relic Stats","StSLib"],"gold_per_floor":[118,118,132,147,163,163,190,2,25,25,25,25,91,137,137,251,251,295,366,410,410,410],"floor_reached":21,"language":"ENG","playtime":689,"items_purged":[],"score":382,"play_id":"826c1106-3cb1-4811-b45f-e3a195bd8fdf","local_time":"20210116231602","is_ascension_mode":true,"campfire_choices":[{"data":"Dualcast","floor":6,"key":"SMITH"},{"data":"HandOfGreed","floor":10,"key":"SMITH"},{"floor":12,"key":"REST"},{"floor":15,"key":"REST"}],"circlet_count":0,"master_deck":["AscendersBane","Strike_B","Strike_B","Strike_B","Strike_B","Defend_B","Defend_B","Defend_B","Defend_B","Zap","Dualcast+1","Sweeping Beam","Coolheaded","Darkness","Doom and Gloom","FTL","HandOfGreed+1","Hologram+1","Turbo+1","Reboot+1","Chill+1","Aggregate+1","Coolheaded+1"],"relics":["Cracked Core","Art of War","Bronze Scales","Centennial Puzzle","Golden Idol","Toxic Egg 2","Philosopher\u0027s Stone"],"acts_visited":["Exordium","TheCity"],"potions_floor_usage":[16,19],"damage_taken":[{"damage":1,"enemies":"2 Louse","floor":1,"turns":3},{"damage":4,"enemies":"Small Slimes","floor":3,"turns":3},{"damage":7,"enemies":"Jaw Worm","floor":4,"turns":3},{"damage":16,"enemies":"Large Slime","floor":5,"turns":4},{"damage":21,"enemies":"3 Sentries","floor":7,"turns":6},{"damage":8,"enemies":"Lagavulin","floor":13,"turns":6},{"damage":6,"enemies":"Blue Slaver","floor":14,"turns":2},{"damage":10,"enemies":"Slime Boss","floor":16,"turns":8},{"damage":16,"enemies":"3 Byrds","floor":18,"turns":3},{"damage":20,"enemies":"2 Thieves","floor":19,"turns":2},{"damage":13,"enemies":"Cultist and Chosen","floor":20,"turns":5},{"damage":20,"enemies":"Snake Plant","floor":21,"turns":1}],"seed_played":"-3849133280450776585","potions_obtained":[{"floor":3,"key":"DistilledChaos"},{"floor":7,"key":"PotionOfCapacity"},{"floor":16,"key":"ColorlessPotion"},{"floor":18,"key":"Dexterity Potion"},{"floor":19,"key":"SpeedPotion"}],"is_trial":false,"path_per_floor":["M","?","M","M","M","R","E","$","T","R","?","R","E","M","R","B",null,"M","M","M","M"],"character_chosen":"DEFECT","items_purchased":["HandOfGreed"],"campfire_rested":2,"item_purchase_floors":[8],"current_hp_per_floor":[70,59,55,48,32,32,11,11,11,11,11,32,24,18,39,29,61,45,25,12,0,0],"gold":410,"neow_bonus":"TEN_PERCENT_HP_BONUS","is_daily":false,"chose_seed":false,"campfire_upgraded":2,"win_rate":0.0,"timestamp":1610831762,"path_taken":["M","?","M","M","M","R","E","$","T","R","?","R","E","M","R","BOSS","M","M","M","M"],"items_purchased_type":["Card"],"build_version":"2020-12-22","purchased_purges":0,"victory":false,"max_hp_per_floor":[78,78,78,78,78,78,78,78,78,78,71,71,71,71,71,71,71,71,71,71,71,71],"relic_stats":{"Centennial Puzzle":[21],"counters":[12,46],"Golden Idol":42,"Bronze Scales":[64],"Art of War":[9],"obtain_stats":[{"Centennial Puzzle":9,"Golden Idol":11,"Bronze Scales":7,"Philosopher\u0027s Stone":17,"Art of War":2,"Toxic Egg 2":13,"Cracked Core":0},{"Centennial Puzzle":5,"Golden Idol":5,"Bronze Scales":5,"Philosopher\u0027s Stone":8,"Art of War":1,"Toxic Egg 2":6,"Cracked Core":0},{"Centennial Puzzle":19,"Golden Idol":19,"Bronze Scales":19,"Philosopher\u0027s Stone":35,"Art of War":3,"Toxic Egg 2":25,"Cracked Core":0}]},"card_choices":[{"not_picked":["Coolheaded","Streamline"],"picked":"Sweeping Beam","floor":1},{"not_picked":["Conserve Battery","Redo"],"picked":"Coolheaded","floor":3},{"not_picked":["Hologram","Hello World"],"picked":"Darkness","floor":4},{"not_picked":["Double Energy","Compile Driver"],"picked":"Doom and Gloom","floor":5},{"not_picked":["Barrage","Double Energy"],"picked":"FTL","floor":7},{"not_picked":["Coolheaded+1","Doom and Gloom"],"picked":"Hologram+1","floor":13},{"not_picked":["Streamline","Blizzard"],"picked":"Turbo+1","floor":14},{"not_picked":["Hyperbeam","Creative AI"],"picked":"Reboot+1","floor":16},{"not_picked":["Darkness+1","Go for the Eyes"],"picked":"Chill+1","floor":18},{"not_picked":["Go for the Eyes","Rebound"],"picked":"Aggregate+1","floor":19},{"not_picked":["Cold Snap","Barrage"],"picked":"Coolheaded+1","floor":20}],"player_experience":694829,"relics_obtained":[{"floor":7,"key":"Bronze Scales"},{"floor":9,"key":"Centennial Puzzle"},{"floor":13,"key":"Toxic Egg 2"}],"event_choices":[{"damage_healed":0,"gold_gain":0,"player_choice":"Success","damage_taken":11,"relics_obtained":["Art of War"],"max_hp_gain":0,"max_hp_loss":0,"event_name":"Scrap Ooze","floor":2,"gold_loss":0},{"damage_healed":0,"gold_gain":0,"player_choice":"Lose Max HP","damage_taken":0,"relics_obtained":["Golden Idol"],"max_hp_gain":0,"max_hp_loss":7,"event_name":"Golden Idol","floor":11,"gold_loss":0}],"is_beta":false,"boss_relics":[{"not_picked":["FrozenCore","Ectoplasm"],"picked":"Philosopher\u0027s Stone"}],"items_purged_floors":[],"is_endless":false,"potions_floor_spawned":[3,7,13,16,18,19],"killed_by":"Snake Plant","ascension_level":20}}