{"host":"y8cpnk8u7pqs5ve6","time":1610784718,"event":{"mods":["Act Like it!","BaseMod","Gold Saver","Hallownest","Hermit","Minty Spire (QoL Compilation)","Quick Restart","StSLib","The Cursed","The Servant 0.9.4","WarShipGirlsR/’ΩΩ¢…Ÿ≈ÆR mod","Yakumo Yukari mod"],"gold_per_floor":[216,228,228,59,79,50,50,68,93,108,108,139,151,176,188,279,291,314,326,318,380,155,155,173,205,287,300,314,41,0,18,18,91,91,108,108,120,134,75,75,75,75,99,116,133,133,43,43,43],"floor_reached":48,"language":"ZHS","playtime":2001,"items_purged":["Defend_R"],"score":814,"play_id":"328081b6-07f5-4abd-8509-0d8142280fbb","local_time":"20210116161158","is_ascension_mode":true,"campfire_choices":[{"data":"Flex","floor":11.0,"key":"SMITH"},{"floor":15.0,"key":"REST"},{"floor":23.0,"key":"RECALL"},{"floor":32,"key":"REST"},{"floor":40,"key":"REST"},{"floor":42,"key":"REST"}],"circlet_count":0,"master_deck":["AscendersBane","Strike_R+1","Strike_R","Strike_R","Defend_R","Defend_R+1","Defend_R","Bash+1","Battle Trance","Pommel Strike","Clash","Flex+1","Flex+1","Thunderclap","Pummel","Offering","Armaments+1","Shrug It Off","Demon Form","Brutality","Battle Trance","Sword Boomerang","Seeing Red","Twin Strike","Reaper","Shrug It Off","Dropkick","Sword Boomerang","Feed","Madness","Madness","Limit Break"],"relics":["Burning Blood","Chemical X","Centennial Puzzle","War Paint","MawBank","Fusion Hammer","Orrery","CaptainsWheel","Bottled Flame","Bottled Lightning","Sozu","Dream Catcher"],"acts_visited":["Exordium","TheCity","TheBeyond"],"potions_floor_usage":[33,35],"damage_taken":[{"damage":3.0,"enemies":"Jaw Worm","floor":1.0,"turns":5.0},{"damage":13.0,"enemies":"2 Louse","floor":2.0,"turns":3.0},{"damage":7.0,"enemies":"Small Slimes","floor":5.0,"turns":3.0},{"damage":10.0,"enemies":"2 Fungi Beasts","floor":8.0,"turns":3.0},{"damage":0.0,"enemies":"Blue Slaver","floor":10.0,"turns":3.0},{"damage":7.0,"enemies":"Lagavulin","floor":12.0,"turns":3.0},{"damage":6.0,"enemies":"Looter","floor":14.0,"turns":2.0},{"damage":23.0,"enemies":"Slime Boss","floor":16.0,"turns":9.0},{"damage":6.0,"enemies":"Spheric Guardian","floor":18.0,"turns":2.0},{"damage":9.0,"enemies":"3 Byrds","floor":24.0,"turns":3.0},{"damage":23.0,"enemies":"Book of Stabbing","floor":25.0,"turns":2.0},{"damage":23,"enemies":"Shelled Parasite and Fungi","floor":27,"turns":4},{"damage":9,"enemies":"Chosen and Byrds","floor":28,"turns":4},{"damage":8,"enemies":"Cultist and Chosen","floor":31,"turns":4},{"damage":41,"enemies":"Automaton","floor":33,"turns":5},{"damage":6,"enemies":"Orb Walker","floor":35,"turns":1},{"damage":6,"enemies":"3 Shapes","floor":37,"turns":1},{"damage":9,"enemies":"Jaw Worm Horde","floor":38,"turns":2},{"damage":9,"enemies":"Maw","floor":44,"turns":4},{"damage":6,"enemies":"3 Darklings","floor":45,"turns":1},{"damage":67,"enemies":"Sphere and 2 Shapes","floor":48,"turns":4}],"seed_played":"-6304509914160485778","potions_obtained":[{"floor":1.0,"key":"Strength Potion"},{"floor":2.0,"key":"Energy Potion"},{"floor":12.0,"key":"Fire Potion"},{"floor":16.0,"key":"GamblersBrew"},{"floor":18.0,"key":"Fire Potion"},{"floor":27,"key":"PowerPotion"}],"is_trial":false,"path_per_floor":["M","M","?","$","M","$","?","M","T","M","R","E","?","M","R","B",null,"M","?","?","?","$","R","M","E","T","M","M","$","?","M","R","B",null,"M","?","M","M","$","R","?","R","T","M","M","?","$","M"],"character_chosen":"IRONCLAD","items_purchased":["Chemical X","Flex","Orrery","Bottled Lightning","Sword Boomerang","Limit Break"],"campfire_rested":4,"item_purchase_floors":[4,6,22,29,39,47],"current_hp_per_floor":[71,64,64,64,63,63,52,48,48,54,54,53,30,30,52,35,65,65,65,65,65,65,65,62,45,45,28,25,25,25,23,45,10,59,59,59,75,75,75,75,75,75,75,72,75,61,61,0,0],"gold":43,"neow_bonus":"REMOVE_CARD","is_daily":false,"chose_seed":false,"campfire_upgraded":1,"win_rate":0.0,"timestamp":1610784718,"path_taken":["M","M","?","$","M","$","?","M","T","M","R","E","?","?","R","BOSS","M","?","?","?","$","R","M","E","T","?","M","$","?","M","R","BOSS","M","?","M","M","$","R","?","R","T","M","M","?","$","M"],"items_purchased_type":["Relic","Card","Relic","Relic","Card","Card"],"build_version":"2020-12-22","purchased_purges":1,"victory":false,"max_hp_per_floor":[75,75,75,75,75,75,75,75,75,75,75,75,75,75,75,75,75,75,75,75,75,75,75,75,75,75,75,75,75,75,75,75,75,75,75,75,75,75,75,75,75,75,75,75,75,75,75,75,75],"card_choices":[{"not_picked":["Burning Pact","Sever Soul"],"picked":"Battle Trance","floor":1.0},{"not_picked":["Body Slam","Clash"],"picked":"Pommel Strike","floor":2.0},{"not_picked":["Perfected Strike","Hemokinesis"],"picked":"Clash","floor":5.0},{"not_picked":["Metallicize","Heavy Blade"],"picked":"Flex","floor":8.0},{"not_picked":["Armaments","Searing Blow"],"picked":"Thunderclap","floor":10.0},{"not_picked":["Sever Soul","Thunderclap","Hemokinesis"],"picked":"SKIP","floor":12.0},{"not_picked":["Rage","Fire Breathing"],"picked":"Pummel","floor":14.0},{"not_picked":["Juggernaut","Feed"],"picked":"Offering","floor":16.0},{"not_picked":["Headbutt","Warcry"],"picked":"Armaments+1","floor":18.0},{"not_picked":[],"picked":"Shrug It Off","floor":20.0},{"not_picked":[],"picked":"Demon Form","floor":20.0},{"not_picked":["Shrug It Off","Berserk"],"picked":"Brutality","floor":22.0},{"not_picked":["Pommel Strike","Clothesline"],"picked":"Battle Trance","floor":22.0},{"not_picked":["Flex","Wild Strike+1"],"picked":"Sword Boomerang","floor":22.0},{"not_picked":["Headbutt","Blood for Blood","Warcry"],"picked":"SKIP","floor":24.0},{"not_picked":["Dark Embrace","Headbutt+1","Havoc"],"picked":"SKIP","floor":25.0},{"not_picked":["Perfected Strike","Headbutt"],"picked":"Seeing Red","floor":27},{"not_picked":["Searing Blow","Corruption","Combust"],"picked":"SKIP","floor":28},{"not_picked":["Havoc","Cleave"],"picked":"Twin Strike","floor":31},{"not_picked":["Fiend Fire","Demon Form"],"picked":"Reaper","floor":33},{"not_picked":["Wild Strike+1","Cleave","Armaments"],"picked":"SKIP","floor":35},{"not_picked":["Flex","Clothesline"],"picked":"Shrug It Off","floor":37},{"not_picked":["Armaments","Twin Strike"],"picked":"Dropkick","floor":38},{"not_picked":["Flex","Perfected Strike+1","Feel No Pain"],"picked":"SKIP","floor":44},{"not_picked":["Carnage","Thunderclap"],"picked":"Feed","floor":45}],"player_experience":218405,"relics_obtained":[{"floor":9.0,"key":"War Paint"},{"floor":12.0,"key":"MawBank"},{"floor":25.0,"key":"CaptainsWheel"},{"floor":26.0,"key":"Bottled Flame"},{"floor":43,"key":"Dream Catcher"}],"event_choices":[{"damage_healed":0.0,"max_hp_gain":0.0,"max_hp_loss":0.0,"gold_gain":0.0,"event_name":"The Cleric","player_choice":"Leave","floor":3.0,"gold_loss":0.0,"damage_taken":0.0},{"damage_healed":0.0,"max_hp_gain":0.0,"max_hp_loss":0.0,"gold_gain":0.0,"event_name":"Scrap Ooze","player_choice":"Success","floor":7.0,"gold_loss":0.0,"damage_taken":11.0,"relics_obtained":["Centennial Puzzle"]},{"damage_healed":0.0,"max_hp_gain":0.0,"max_hp_loss":0.0,"gold_gain":0.0,"event_name":"Shining Light","player_choice":"Entered Light","floor":13.0,"gold_loss":0.0,"damage_taken":23.0,"cards_upgraded":["Bash","Strike_R"]},{"damage_healed":0.0,"max_hp_gain":0.0,"max_hp_loss":0.0,"gold_gain":0.0,"event_name":"Vampires","player_choice":"Ignored","floor":19.0,"gold_loss":0.0,"damage_taken":0.0},{"damage_healed":0.0,"max_hp_gain":0.0,"max_hp_loss":0.0,"gold_gain":50.0,"event_name":"Golden Shrine","player_choice":"Pray","floor":21.0,"gold_loss":0.0,"damage_taken":0.0},{"damage_healed":0,"gold_gain":0,"player_choice":"Paid Fearfully","damage_taken":0,"max_hp_gain":0,"max_hp_loss":0,"event_name":"Masked Bandits","floor":30,"gold_loss":41},{"cards_removed":["Strike_R"],"damage_healed":0,"gold_gain":0,"player_choice":"Removed Attack","damage_taken":0,"max_hp_gain":0,"max_hp_loss":0,"event_name":"Falling","floor":41,"gold_loss":0},{"damage_healed":0,"gold_gain":0,"player_choice":"Embrace Madness","damage_taken":14,"max_hp_gain":0,"max_hp_loss":0,"event_name":"Winding Halls","floor":46,"gold_loss":0,"cards_obtained":["Madness","Madness"]}],"is_beta":false,"boss_relics":[{"not_picked":["Philosopher\u0027s Stone","Astrolabe"],"picked":"Fusion Hammer"},{"not_picked":["Busted Crown","Mark of Pain"],"picked":"Sozu"}],"items_purged_floors":[22],"is_endless":false,"potions_floor_spawned":[1,2,12,16,18,27,28,37,38],"killed_by":"Sphere and 2 Shapes","ascension_level":16}}