{"host":"gmh2c2g66mxmprnw","time":1610804293,"event":{"mods":["BaseMod","Better Match","Colored Powertips","Friendly Minions","Highlight Path","Infinite Spire","Minty Spire (QoL Compilation)","Quick Restart","Relic Sorter","Replay The Spire","Shop Mod","StSLib"],"gold_per_floor":[112,112,112,132,150,175,175,204,257,284,284,295,308,308,308,413,413,427,445,108,119,135,170,170,170,170,170,170,182,1,21,21,123,123,123,25,25,25],"floor_reached":37,"language":"ENG","playtime":2684,"items_purged":["Heavy Blade","Cleave","ReplayTheSpireMod:LeadingStrike"],"score":602,"play_id":"7c376d46-a1dd-4893-9906-305b078616b0","local_time":"20210116043813","is_ascension_mode":true,"campfire_choices":[{"data":"Body Slam","floor":7.0,"key":"SMITH"},{"floor":15.0,"key":"REST"},{"floor":24.0,"key":"REST"},{"data":"True Grit","floor":28.0,"key":"SMITH"},{"floor":32.0,"key":"DIG"},{"data":"Double Tap","floor":35.0,"key":"SMITH"}],"circlet_count":0,"master_deck":["Bash+1","Feel No Pain","Rage+1","Body Slam+1","Second Wind","Juggernaut","Headbutt","Double Tap+1","Infernal Blade","Juggernaut","Barricade","ReplayTheSpireMod:Stacked+1","ReplayTheSpireMod:Stacked","Whirlwind","Rage","Pommel Strike+1","Shrug It Off+1","True Grit+1","ReplayTheSpireMod:Strike From Hell","Seeing Red","Berserk","Iron Wave","Cleave+1","ReplayTheSpireMod:IOU","Evolve","ReplayTheSpireMod:IOU","Bloodletting","Clothesline","Replay:Many Hands","ReplayTheSpireMod:IOU","ReplayTheSpireMod:IOU","ReplayTheSpireMod:Necrogeddon","ReplayTheSpireMod:IOU","ReplayTheSpireMod:IOU","ReplayTheSpireMod:IOU","Pommel Strike","Thunderclap","Inflame"],"relics":["Burning Blood","Replay:Wax Seal","Nunchaku","InkBottle","Replay:Bottled Flurry","Quantum Egg","ReplayTheSpireMod:Spearhead","Membership Card","MerchantsRug","Letter Opener","Peace Pipe","Replay:WaspNest","Charon\u0027s Ashes","Medical Kit","Orichalcum","SacredBark","Bronze Scales","Frozen Eye","HornCleat"],"acts_visited":["Exordium","TheCity","TheEnding"],"potions_floor_usage":[37,37],"damage_taken":[{"damage":3.0,"enemies":"Small Slimes","floor":1.0,"turns":3.0},{"damage":5.0,"enemies":"2 Louse","floor":4.0,"turns":3.0},{"damage":9.0,"enemies":"Cultist","floor":5.0,"turns":4.0},{"damage":16.0,"enemies":"3 Sentries","floor":6.0,"turns":12.0},{"damage":26.0,"enemies":"Lagavulin","floor":8.0,"turns":5.0},{"damage":10.0,"enemies":"3 Sentries","floor":10.0,"turns":5.0},{"damage":17.0,"enemies":"Exordium Thugs","floor":12.0,"turns":4.0},{"damage":10.0,"enemies":"Lots of Slimes","floor":13.0,"turns":3.0},{"damage":27.0,"enemies":"Fading Forest","floor":16.0,"turns":11.0},{"damage":36.0,"enemies":"2 Thieves","floor":18.0,"turns":4.0},{"damage":0.0,"enemies":"Spheric Guardian","floor":19.0,"turns":3.0},{"damage":4.0,"enemies":"Centurion and Healer","floor":21.0,"turns":6.0},{"damage":25.0,"enemies":"Shelled Parasite and Fungi","floor":22.0,"turns":6.0},{"damage":33.0,"enemies":"Nightmare","floor":23.0,"turns":7.0},{"damage":6.0,"enemies":"Snake Plant","floor":29.0,"turns":3.0},{"damage":8.0,"enemies":"Centurion and Healer","floor":31.0,"turns":4.0},{"damage":31.0,"enemies":"Collector","floor":33.0,"turns":8.0},{"damage":86,"enemies":"Shield and Spear","floor":37,"turns":3}],"seed_played":"3073821153973505160","potions_obtained":[{"floor":1.0,"key":"EntropicBrew"},{"floor":6.0,"key":"BlessingOfTheForge"},{"floor":13.0,"key":"Cursed Concoction"},{"floor":16.0,"key":"Elixir"},{"floor":18.0,"key":"SkillPotion"},{"floor":19.0,"key":"BloodPotion"},{"floor":22.0,"key":"Swift Potion"},{"floor":23.0,"key":"Block Potion"},{"floor":29.0,"key":"Adrenaline Potion"}],"is_trial":false,"path_per_floor":["M","?","?","M","M","E","R","E","T","E","?","M","M","T","R","B",null,"M","M","$","M","M","NM","R","?","T","?","R","M","$","M","R","B",null,"R","$","E"],"character_chosen":"IRONCLAD","items_purchased":["Membership Card","MerchantsRug","War Paint","Replay:Wax Seal","True Grit","ReplayTheSpireMod:Strike From Hell","Seeing Red","Charon\u0027s Ashes","Medical Kit","Evolve","CultistPotion","Bloodletting","Bronze Scales","PowerPotion","ReplayTheSpireMod:Necrogeddon","Pommel Strike","Thunderclap","Inflame","GamblersBrew","Explosive Potion","Frozen Eye","HornCleat"],"campfire_rested":2,"item_purchase_floors":[20,20,20,20,20,20,20,30,30,30,30,30,36,36,36,36,36,36,36,36,36,36],"current_hp_per_floor":[80,80,80,80,77,67,67,47,47,43,43,32,28,28,52,31,80,50,56,56,58,39,28,52,52,52,52,52,52,52,50,50,25,80,80,80,0,0],"gold":25,"neow_bonus":"TRANSFORM_CARD","is_daily":false,"chose_seed":false,"campfire_upgraded":3,"win_rate":0.0,"timestamp":1610804293,"path_taken":["M","?","?","M","M","E","R","E","T","E","?","M","?","?","R","BOSS","M","M","?","M","M","NM","R","?","T","?","R","M","$","M","R","BOSS","R","$","E"],"items_purchased_type":["Relic","Relic","Relic","Relic","Card","Card","Card","Relic","Relic","Card","Potion","Card","Relic","Potion","Card","Card","Card","Card","Potion","Potion","Relic","Relic"],"build_version":"2020-12-22","purchased_purges":3,"victory":false,"max_hp_per_floor":[80,80,80,80,80,80,80,80,80,80,80,80,80,80,80,80,80,80,80,80,80,80,80,80,80,80,80,80,80,80,80,80,80,80,80,80,80,80],"card_choices":[{"not_picked":["Heavy Blade","Sword Boomerang"],"picked":"Rage","floor":1.0},{"not_picked":["Flame Barrier","Rage"],"picked":"Body Slam","floor":4.0},{"not_picked":["Battle Trance","ReplayTheSpireMod:Stacked"],"picked":"Second Wind","floor":5.0},{"not_picked":["Ghostly Armor","Immolate"],"picked":"Juggernaut","floor":6.0},{"not_picked":["True Grit","Iron Wave"],"picked":"Headbutt","floor":8.0},{"not_picked":["Ghostly Armor","Carnage"],"picked":"Double Tap","floor":10.0},{"not_picked":["Clash","Disarm","Replay:Undeath\u0027s Touch"],"picked":"SKIP","floor":12.0},{"not_picked":["Perfected Strike","Wild Strike"],"picked":"Infernal Blade","floor":13.0},{"not_picked":["Feed","Limit Break"],"picked":"Juggernaut","floor":16.0},{"not_picked":["Wild Strike","Pommel Strike+1","Replay:Undeath\u0027s Touch"],"picked":"SKIP","floor":18.0},{"not_picked":["Wild Strike","Replay:Undeath\u0027s Touch"],"picked":"Pommel Strike+1","floor":18.0},{"not_picked":["Iron Wave","Havoc"],"picked":"Shrug It Off","floor":19.0},{"not_picked":["Hemokinesis+1","Headbutt+1"],"picked":"Berserk","floor":21.0},{"not_picked":["Second Wind","Havoc+1","Cleave"],"picked":"SKIP","floor":22.0},{"not_picked":["Searing Blow","Thunderclap+1"],"picked":"Iron Wave","floor":23.0},{"not_picked":["Flex","Pommel Strike"],"picked":"Cleave+1","floor":29.0},{"not_picked":["Havoc+1","infinitespire:OneForAll+1"],"picked":"Clothesline","floor":31.0},{"not_picked":["Feed","Fiend Fire"],"picked":"Replay:Many Hands","floor":33.0}],"player_experience":2219120,"relics_obtained":[{"floor":6.0,"key":"Quantum Egg"},{"floor":8.0,"key":"ReplayTheSpireMod:Spearhead"},{"floor":9.0,"key":"Nunchaku"},{"floor":10.0,"key":"Replay:Bottled Flurry"},{"floor":14.0,"key":"InkBottle"},{"floor":23.0,"key":"Letter Opener"},{"floor":26.0,"key":"Replay:WaspNest"},{"floor":32.0,"key":"Orichalcum"}],"event_choices":[{"damage_healed":0.0,"max_hp_gain":0.0,"max_hp_loss":0.0,"gold_gain":0.0,"event_name":"Living Wall","player_choice":"Grow","floor":3.0,"gold_loss":0.0,"damage_taken":0.0,"cards_upgraded":["Bash"]},{"damage_healed":0.0,"max_hp_gain":0.0,"max_hp_loss":0.0,"gold_gain":0.0,"event_name":"Upgrade Shrine","player_choice":"Upgraded","floor":11.0,"gold_loss":0.0,"damage_taken":0.0,"cards_upgraded":["Rage"]},{"damage_healed":0.0,"max_hp_gain":0.0,"max_hp_loss":0.0,"gold_gain":0.0,"event_name":"Addict","player_choice":"Stole Relic","floor":25.0,"gold_loss":0.0,"damage_taken":0.0,"relics_obtained":["Peace Pipe"],"cards_obtained":["Shame"]},{"cards_removed":["Shame"],"damage_healed":0.0,"max_hp_gain":0.0,"max_hp_loss":0.0,"gold_gain":0.0,"event_name":"Back to Basics","player_choice":"Elegance","floor":27.0,"gold_loss":0.0,"damage_taken":0.0}],"is_beta":false,"boss_relics":[{"not_picked":["Cursed Key","Snecko Eye"],"picked":"Pandora\u0027s Box"},{"not_picked":["Replay:Drink Me","Ooze Armor"],"picked":"SacredBark"}],"items_purged_floors":[20,30,36],"is_endless":true,"potions_floor_spawned":[1,6,13,16,18,19,22,23,29],"killed_by":"Shield and Spear","ascension_level":1}}