{"host":"oigynbtg272c19pw","time":1610803016,"event":{"mods":["BaseMod","Colored Map","Minty Spire (QoL Compilation)","Relic Stats","Slay the Relics Exporter","StSLib"],"gold_per_floor":[114,128,128,141,158,193,210,210,210,236,236,251,11,22,22,96,96,111,111,111],"floor_reached":19,"playtime":1348,"items_purged":["Strike_R"],"score":412,"play_id":"8cf96989-a13f-416a-b74c-f8ac70fdbd61","local_time":"20210116141656","is_ascension_mode":true,"campfire_choices":[{"data":"Flame Barrier","floor":8.0,"key":"SMITH"},{"data":"Uppercut","floor":11,"key":"SMITH"},{"data":"Hemokinesis","floor":15,"key":"SMITH"}],"circlet_count":0,"master_deck":["AscendersBane","Bash","Pummel+1","Thunderclap","Flame Barrier+1","Disarm","Cleave","Clash+1","Pummel","Hemokinesis+1","Uppercut+1","Flex","Exhume","Offering","Combust","Burning Pact","Juggernaut","Rupture","Offering","Barricade"],"relics":["Burning Blood","Whetstone","Gambling Chip","TungstenRod","Medical Kit","Pandora\u0027s Box"],"acts_visited":["Exordium","TheCity"],"potions_floor_usage":[10,16],"damage_taken":[{"damage":10.0,"enemies":"Small Slimes","floor":1.0,"turns":3.0},{"damage":3.0,"enemies":"Cultist","floor":2.0,"turns":4.0},{"damage":0.0,"enemies":"2 Louse","floor":4.0,"turns":4.0},{"damage":4.0,"enemies":"Blue Slaver","floor":5.0,"turns":6.0},{"damage":34.0,"enemies":"3 Sentries","floor":6.0,"turns":12.0},{"damage":8.0,"enemies":"3 Louse","floor":7.0,"turns":4.0},{"damage":2,"enemies":"Gremlin Nob","floor":10,"turns":2},{"damage":22,"enemies":"Red Slaver","floor":12,"turns":4},{"damage":14,"enemies":"Lots of Slimes","floor":14,"turns":3},{"damage":24,"enemies":"Slime Boss","floor":16,"turns":8},{"damage":26,"enemies":"2 Thieves","floor":18,"turns":3},{"damage":39,"enemies":"Chosen","floor":19,"turns":5}],"seed_played":"8696399066643565784","potions_obtained":[{"floor":1.0,"key":"Block Potion"},{"floor":2.0,"key":"BlessingOfTheForge"},{"floor":6.0,"key":"SteroidPotion"},{"floor":12,"key":"BlessingOfTheForge"},{"floor":16,"key":"SpeedPotion"}],"is_trial":false,"path_per_floor":["M","M","?","M","M","E","M","R","T","E","R","M","$","M","R","B",null,"M","M"],"character_chosen":"IRONCLAD","items_purchased":["Medical Kit"],"campfire_rested":0,"item_purchase_floors":[13],"current_hp_per_floor":[64,67,67,73,75,47,45,45,45,49,49,33,33,25,25,7,58,38,0,0],"gold":111,"neow_bonus":"TRANSFORM_TWO_CARDS","is_daily":false,"chose_seed":false,"campfire_upgraded":3,"win_rate":0.0,"timestamp":1610803016,"path_taken":["M","M","?","M","M","E","M","R","T","E","R","M","$","M","R","BOSS","M","M"],"items_purchased_type":["Relic"],"build_version":"2020-12-13","purchased_purges":1,"victory":false,"max_hp_per_floor":[75,75,75,75,75,75,75,75,75,75,75,75,75,75,75,75,75,75,75,75],"relic_stats":{"counters":[12,58],"Gambling Chip":[13],"Pandora\u0027s Box":["Combust","Burning Pact","Juggernaut","Rupture","Offering","Barricade"],"Whetstone":["Clash","Pummel"],"Medical Kit":[6],"obtain_stats":[{"Gambling Chip":9,"Pandora\u0027s Box":17,"Whetstone":6,"Medical Kit":13,"Burning Blood":0,"TungstenRod":10},{"Gambling Chip":6,"Pandora\u0027s Box":10,"Whetstone":5,"Medical Kit":8,"Burning Blood":0,"TungstenRod":7},{"Gambling Chip":33,"Pandora\u0027s Box":50,"Whetstone":29,"Medical Kit":39,"Burning Blood":0,"TungstenRod":35}],"Burning Blood":66,"TungstenRod":24},"card_choices":[{"not_picked":["Carnage","Ghostly Armor"],"picked":"Flame Barrier","floor":1.0},{"not_picked":["Thunderclap","Warcry"],"picked":"Disarm","floor":2.0},{"not_picked":["Armaments","Thunderclap"],"picked":"Cleave","floor":4.0},{"not_picked":["Twin Strike","Clothesline"],"picked":"Clash","floor":5.0},{"not_picked":["Twin Strike","Warcry"],"picked":"Pummel","floor":6.0},{"not_picked":["Metallicize","Fire Breathing"],"picked":"Hemokinesis","floor":7.0},{"not_picked":["Combust","Body Slam"],"picked":"Uppercut","floor":10},{"not_picked":["Rampage","Body Slam"],"picked":"Flex","floor":12},{"not_picked":["Disarm","Shrug It Off"],"picked":"Exhume","floor":14},{"not_picked":["Limit Break","Brutality"],"picked":"Offering","floor":16},{"not_picked":["Body Slam","Twin Strike","Rampage"],"picked":"SKIP","floor":18}],"player_experience":1409794,"relics_obtained":[{"floor":6.0,"key":"Whetstone"},{"floor":9.0,"key":"Gambling Chip"},{"floor":10,"key":"TungstenRod"}],"event_choices":[{"cards_removed":["Decay"],"damage_healed":0.0,"max_hp_gain":0.0,"max_hp_loss":0.0,"gold_gain":0.0,"event_name":"Purifier","player_choice":"Purged","floor":3.0,"gold_loss":0.0,"damage_taken":0.0}],"is_beta":false,"boss_relics":[{"not_picked":["Tiny House","Coffee Dripper"],"picked":"Pandora\u0027s Box"}],"items_purged_floors":[13],"is_endless":false,"potions_floor_spawned":[1,2,6,12,16,18],"killed_by":"Chosen","ascension_level":20}}