{"host":"foq4mrde4mssg7vt","time":1610818717,"event":{"mods":["AchievementEnabler","BaseMod","Colored Map","Colored Powertips","Highlight Path","Minty Spire (QoL Compilation)","Relic Stats","everything is the same but u backflip on backflip"],"gold_per_floor":[315,325,336,111,121,121,149,167,218,253,263,263,263,43,43,43,43],"floor_reached":16,"language":"ENG","playtime":554,"items_purged":[],"score":267,"play_id":"e274c1d1-4a99-41cb-961e-dc2e62bbab14","local_time":"20210117013837","is_ascension_mode":true,"campfire_choices":[{"data":"True Grit","floor":6,"key":"SMITH"},{"data":"Feed","floor":13,"key":"SMITH"},{"data":"Metallicize","floor":15,"key":"SMITH"}],"circlet_count":0,"master_deck":["AscendersBane","Strike_R","Strike_R","Strike_R","Strike_R","Strike_R","Defend_R","Defend_R","Defend_R","Defend_R","Bash","Cleave","True Grit+1","Sword Boomerang","Wild Strike","Metallicize+1","Feed+1","Feel No Pain","Decay","Warcry"],"relics":["Burning Blood","Old Coin","Akabeko","MealTicket","PreservedInsect","Singing Bowl","OrangePellets"],"acts_visited":["Exordium"],"potions_floor_usage":[7,16],"damage_taken":[{"damage":3.0,"enemies":"2 Louse","floor":1.0,"turns":3.0},{"damage":12.0,"enemies":"Cultist","floor":2.0,"turns":4.0},{"damage":19.0,"enemies":"Small Slimes","floor":3.0,"turns":3.0},{"damage":6,"enemies":"Exordium Thugs","floor":5,"turns":3},{"damage":0,"enemies":"Gremlin Nob","floor":7,"turns":2},{"damage":12,"enemies":"Blue Slaver","floor":8,"turns":5},{"damage":15,"enemies":"Lagavulin","floor":10,"turns":6},{"damage":9,"enemies":"2 Fungi Beasts","floor":11,"turns":2},{"damage":58,"enemies":"The Guardian","floor":16,"turns":12}],"seed_played":"2071019598963407899","potions_obtained":[{"floor":5,"key":"SteroidPotion"},{"floor":7,"key":"SpeedPotion"},{"floor":10,"key":"GamblersBrew"}],"is_trial":false,"path_per_floor":["M","M","M","$","M","R","E","M","T","E","M","?","R","$","R","B"],"character_chosen":"IRONCLAD","items_purchased":["Akabeko","Sword Boomerang","Warcry","OrangePellets"],"campfire_rested":0,"item_purchase_floors":[4,4,14,14],"current_hp_per_floor":[71,65,52,52,52,52,58,52,52,43,43,43,43,58,58,0,0],"gold":43,"neow_bonus":"ONE_RARE_RELIC","is_daily":false,"chose_seed":false,"campfire_upgraded":3,"win_rate":0.0,"timestamp":1610818717,"path_taken":["M","M","M","$","M","R","E","M","T","E","M","?","R","$","R","BOSS"],"items_purchased_type":["Relic","Card","Card","Relic"],"build_version":"2020-12-22","purchased_purges":0,"victory":false,"max_hp_per_floor":[75,75,75,75,75,75,75,75,75,75,78,78,78,78,78,78,78],"relic_stats":{"OrangePellets":[0],"Singing Bowl":0,"counters":[9,40],"MealTicket":15,"PreservedInsect":29,"obtain_stats":[{"OrangePellets":14,"Singing Bowl":10,"MealTicket":7,"PreservedInsect":9,"Burning Blood":0,"Akabeko":4,"Old Coin":0},{"OrangePellets":8,"Singing Bowl":7,"MealTicket":5,"PreservedInsect":6,"Burning Blood":0,"Akabeko":3,"Old Coin":0},{"OrangePellets":28,"Singing Bowl":26,"MealTicket":15,"PreservedInsect":20,"Burning Blood":0,"Akabeko":10,"Old Coin":0}],"Burning Blood":48},"card_choices":[{"not_picked":["True Grit","Wild Strike"],"picked":"Cleave","floor":1.0},{"not_picked":["Rupture","Bloodletting"],"picked":"True Grit","floor":2.0},{"not_picked":["Intimidate","Clothesline","Rupture"],"picked":"SKIP","floor":3.0},{"not_picked":["Clash","Clothesline"],"picked":"Wild Strike","floor":5},{"not_picked":["Clothesline","Warcry","Cleave"],"picked":"SKIP","floor":7},{"not_picked":["Havoc","Cleave"],"picked":"Metallicize","floor":8},{"not_picked":["Exhume","Clothesline"],"picked":"Feed","floor":10},{"not_picked":["Second Wind","Power Through"],"picked":"Feel No Pain","floor":11}],"player_experience":482960,"relics_obtained":[{"floor":7,"key":"MealTicket"},{"floor":9,"key":"PreservedInsect"},{"floor":10,"key":"Singing Bowl"}],"event_choices":[{"damage_healed":0,"gold_gain":0,"player_choice":"Cursed","damage_taken":0,"max_hp_gain":0,"max_hp_loss":0,"event_name":"Wheel of Change","floor":12,"gold_loss":0,"cards_obtained":["Decay"]}],"is_beta":false,"boss_relics":[],"items_purged_floors":[],"is_endless":false,"potions_floor_spawned":[5,7,10],"killed_by":"The Guardian","ascension_level":19}}