{"host":"CK","time":1610825934,"event":{"mods":["2.2 Compatiblity","BaseMod","Bestiary","Block Reminder","Colored Powertips","DeckTracker","Displayed Cursed Tome","Minty Spire (QoL Compilation)","Permanent Neow","Unknown Chances"],"gold_per_floor":[17,29,29,43,57,57,85,102,102,102,27,27,62,62,62,133,133,143,143,143,143,43,43,74,88,114,130,130,130],"floor_reached":28,"language":"ENG","playtime":1986,"items_purged":["Strike_B","Strike_B"],"score":455,"play_id":"790a8e8f-d7d6-4fc8-8f68-c4d7ea793542","local_time":"20210116113854","is_ascension_mode":true,"campfire_choices":[{"data":"Zap","floor":6,"key":"SMITH"},{"data":"Go for the Eyes","floor":10,"key":"SMITH"},{"data":"Rip and Tear","floor":12,"key":"SMITH"},{"data":"Dualcast","floor":15,"key":"SMITH"},{"data":"Self Repair","floor":23,"key":"SMITH"}],"circlet_count":0,"master_deck":["AscendersBane","Strike_B","Defend_B","Defend_B+1","Defend_B","Zap+1","Dualcast+1","Hologram+1","Go for the Eyes+1","Rip and Tear+1","Self Repair+1","FTL","Echo Form+1","Defragment+1","Consume"],"relics":["Cracked Core","Dead Branch","Frozen Egg 2","War Paint","Bag of Marbles","Coffee Dripper","Cables","StrikeDummy"],"acts_visited":["Exordium","TheCity"],"potions_floor_usage":[16,24,25,27],"damage_taken":[{"damage":1,"enemies":"Cultist","floor":1,"turns":3},{"damage":0,"enemies":"Small Slimes","floor":2,"turns":3},{"damage":2,"enemies":"2 Louse","floor":4,"turns":3},{"damage":6,"enemies":"Looter","floor":5,"turns":2},{"damage":20,"enemies":"Lagavulin","floor":7,"turns":5},{"damage":13,"enemies":"Blue Slaver","floor":8,"turns":2},{"damage":13,"enemies":"Gremlin Nob","floor":13,"turns":4},{"damage":10,"enemies":"Hexaghost","floor":16,"turns":9},{"damage":19,"enemies":"Shell Parasite","floor":18,"turns":3},{"damage":28,"enemies":"Slavers","floor":24,"turns":8},{"damage":0,"enemies":"Chosen","floor":25,"turns":3},{"damage":29,"enemies":"Snecko","floor":27,"turns":6},{"damage":45,"enemies":"Gremlin Leader","floor":28,"turns":4}],"seed_played":"-7895648680127383053","potions_obtained":[{"floor":7,"key":"GamblersBrew"},{"floor":13,"key":"SneckoOil"},{"floor":16,"key":"Block Potion"},{"floor":24,"key":"Swift Potion"}],"is_trial":false,"path_per_floor":["M","M","?","M","M","R","E","M","T","R","$","R","E","?","R","B",null,"M","?","?","T","$","R","E","M","T","M","E"],"character_chosen":"DEFECT","items_purchased":[],"campfire_rested":0,"item_purchase_floors":[],"current_hp_per_floor":[63,63,56,54,48,48,35,29,29,29,29,29,23,23,23,20,58,53,53,33,33,33,33,25,45,45,36,0,0],"gold":130,"neow_bonus":"ONE_RARE_RELIC","is_daily":false,"chose_seed":false,"campfire_upgraded":5,"win_rate":0.0,"timestamp":1610825934,"path_taken":["M","?","?","M","M","R","E","M","T","R","$","R","E","?","R","BOSS","M","?","?","?","?","R","E","M","T","M","E"],"items_purchased_type":[],"build_version":"2020-12-18","purchased_purges":2,"victory":false,"max_hp_per_floor":[71,71,71,71,71,71,71,71,71,71,71,71,71,71,71,71,71,71,71,76,76,76,76,76,76,76,76,76,76],"card_choices":[{"not_picked":["Stack","Gash"],"picked":"Hologram","floor":1},{"not_picked":["Fusion","Cold Snap"],"picked":"Go for the Eyes","floor":2},{"not_picked":["Storm","Loop"],"picked":"Rip and Tear","floor":4},{"not_picked":["Compile Driver","Coolheaded"],"picked":"Self Repair","floor":5},{"not_picked":["Hologram","Barrage","Turbo"],"picked":"SKIP","floor":7},{"not_picked":["Go for the Eyes","Chaos","Barrage"],"picked":"SKIP","floor":8},{"not_picked":["Blizzard","Rebound"],"picked":"FTL","floor":13},{"not_picked":["Meteor Strike","Core Surge"],"picked":"Echo Form+1","floor":16},{"not_picked":["Rip and Tear","Barrage","Heatsinks+1"],"picked":"SKIP","floor":18},{"not_picked":["Coolheaded","Sweeping Beam","Amplify"],"picked":"SKIP","floor":24},{"not_picked":["Steam","Capacitor+1"],"picked":"Defragment+1","floor":25},{"not_picked":["Beam Cell","Go for the Eyes"],"picked":"Consume","floor":27}],"player_experience":1141880,"relics_obtained":[{"floor":7,"key":"Frozen Egg 2"},{"floor":9,"key":"War Paint"},{"floor":13,"key":"Bag of Marbles"},{"floor":21,"key":"Cables"},{"floor":24,"key":"StrikeDummy"}],"event_choices":[{"cards_removed":["Defend_B"],"damage_healed":0,"gold_gain":0,"player_choice":"Card Removal","damage_taken":7,"max_hp_gain":0,"max_hp_loss":0,"event_name":"Golden Wing","floor":3,"gold_loss":0},{"damage_healed":0,"gold_gain":0,"player_choice":"Leave","damage_taken":0,"max_hp_gain":0,"max_hp_loss":0,"event_name":"The Cleric","floor":14,"gold_loss":0},{"cards_removed":["Strike_B"],"damage_healed":0,"gold_gain":0,"player_choice":"Elegance","damage_taken":0,"max_hp_gain":0,"max_hp_loss":0,"event_name":"Back to Basics","floor":19,"gold_loss":0},{"damage_healed":0,"gold_gain":0,"player_choice":"Shed Blood","damage_taken":25,"max_hp_gain":5,"max_hp_loss":0,"event_name":"Forgotten Altar","floor":20,"gold_loss":0}],"is_beta":true,"boss_relics":[{"not_picked":["Black Star","FrozenCore"],"picked":"Coffee Dripper"}],"items_purged_floors":[11,22],"is_endless":false,"potions_floor_spawned":[7,13,16,24],"killed_by":"Gremlin Leader","ascension_level":17}}