{"host":"SpaceMun","time":1610816410,"event":{"mods":["Act Like it!","Astrologer","Bard","BaseMod","Better Third Choice","Gremlin Mod","Hallownest","Hermit","Jorbs\u0027s Wanderer Trilogy","Minty Spire (QoL Compilation)","Relic Stats","Robot Space Explorer","Shop Mod","StSLib","The Animator","The Bug Knight","The Construct","The Forsaken","The Hierophant","The Runesmith","TheBandit","everything is the same but u backflip on backflip","slay the spire mod where everything is the same but ironclad has a cowboy hat"],"gold_per_floor":[12,12,12,31,45,45,55,67,90,90,115,142,142,142,142,239,239,257,39,56,56,111,136,148,148,171,184,195,195,248,248,248,352,352,367,367,367,23,37,37,50,50,73,107,107,57,75,86,86,86,86,86,36,36,36],"floor_reached":54,"language":"ENG","playtime":8795,"items_purged":["HollowMod:NailStrikeStart","HollowMod:SiblingsShadow+1","HollowMod:DreamGate+1","HollowMod:FastStrike"],"score":664,"play_id":"2f77c927-f050-4c96-b0c4-0707030533d4","local_time":"20210116170010","is_ascension_mode":false,"campfire_choices":[{"data":"HollowMod:BaldurShell","floor":6.0,"key":"SMITH"},{"data":"HollowMod:CycloneSlash","floor":10.0,"key":"SMITH"},{"data":"HollowMod:FocusHealStart","floor":13.0,"key":"SMITH"},{"data":"HollowMod:DashSlash","floor":15.0,"key":"SMITH"},{"floor":29,"key":"REST"},{"floor":32,"key":"REST"},{"floor":40,"key":"RECALL"},{"floor":42,"key":"REST"},{"floor":45,"key":"REST"},{"floor":49,"key":"REST"},{"floor":52,"key":"REST"}],"circlet_count":0,"master_deck":["HollowMod:QuickDashStart","HollowMod:QuickDashStart","HollowMod:FocusHealStart+1","HollowMod:PogoStrike","HollowMod:ChannelNail+1","HollowMod:BaldurShell+1","HollowMod:DashSlash+1","HollowMod:CycloneSlash+1","HollowMod:SlysStrikes","HollowMod:GrimmsGift+1","HollowMod:HornetsHelp","HollowMod:HuntersJournal","HollowMod:BaldurShell","HollowMod:CornifersMapStart","HollowMod:CloakDash","HollowMod:Weaversong","HollowMod:VengefulSpirit+1","HollowMod:DashSlash","HollowMod:MonarchWings+1"],"relics":["HollowMod:VesselMask","Calipers","Hallownest:DreamNailRelic","Strawberry","HollowMod:PaleOreRelic","Toy Ornithopter","Fusion Hammer","theForsaken:Lifeblossom","Smiling Mask","Hallownest:WatcherSealRelic","Astrolabe","Hallownest:BeastSealRelic","Toolbox","Centennial Puzzle","Akabeko","Regal Pillow"],"acts_visited":["Hallownest:Greenpath","Hallownest:CityofTears","Hallownest:KingdomsEdge","TheEnding"],"potions_floor_usage":[23,24,33,35,35,50,50],"damage_taken":[{"damage":1.0,"enemies":"Hallownest:2_Baldur","floor":1.0,"turns":3.0},{"damage":0.0,"enemies":"2_ Uuma","floor":4.0,"turns":4.0},{"damage":0.0,"enemies":"Hallownest:monsterHuskWarrior","floor":5.0,"turns":4.0},{"damage":3.0,"enemies":"Hallownest:Wandering_and_Horned","floor":7.0,"turns":6.0},{"damage":11.0,"enemies":"Hallownest:1_Ooma_and_2_Uuma","floor":8.0,"turns":9.0},{"damage":2.0,"enemies":"Hallownest:eliteMossKnight","floor":11.0,"turns":7.0},{"damage":70.0,"enemies":"Hallownest:BossHornet","floor":16.0,"turns":11.0},{"damage":13.0,"enemies":"Hallownest:3_Youths","floor":18.0,"turns":6.0},{"damage":15.0,"enemies":"Hallownest:2_Mistakes","floor":20.0,"turns":6.0},{"damage":23,"enemies":"Hallownest:Glutton_and_Coward","floor":22,"turns":4},{"damage":3,"enemies":"Hallownest:Nosk","floor":23,"turns":6},{"damage":69,"enemies":"Hallownest:3_Mistakes","floor":24,"turns":10},{"damage":20,"enemies":"Hallownest:Master_and_Novice","floor":27,"turns":4},{"damage":14,"enemies":"Hallownest:2_Flukemon","floor":28,"turns":6},{"damage":29,"enemies":"Hallownest:Glutton_and_Coward","floor":30,"turns":4},{"damage":17,"enemies":"Hallownest:BossGrimm","floor":33,"turns":9},{"damage":74,"enemies":"Hallownest:2_Littles","floor":35,"turns":8},{"damage":5,"enemies":"Hallownest:Shield_Heavy","floor":39,"turns":3},{"damage":30,"enemies":"Hallownest:monsterPrimalAspid","floor":41,"turns":4},{"damage":47,"enemies":"Hallownest:StalkingDevout","floor":44,"turns":5},{"damage":11,"enemies":"Hallownest:2_Wing_and_1_Kings","floor":47,"turns":5},{"damage":30,"enemies":"Hallownest:2_Wandering_and_1_Horned","floor":48,"turns":4},{"damage":58,"enemies":"Hallownest:BossGreyPrinceZote","floor":50,"turns":8},{"damage":92,"enemies":"Shield and Spear","floor":54,"turns":3}],"seed_played":"8953955684988810012","potions_obtained":[{"floor":1.0,"key":"LiquidMemories"},{"floor":4.0,"key":"Fire Potion"},{"floor":7.0,"key":"SkillPotion"},{"floor":11.0,"key":"LiquidMemories"},{"floor":20.0,"key":"FearPotion"},{"floor":22,"key":"SteroidPotion"},{"floor":24,"key":"Swift Potion"},{"floor":33,"key":"ColorlessPotion"},{"floor":47,"key":"BlessingOfTheForge"},{"floor":48,"key":"SkillPotion"}],"is_trial":false,"path_per_floor":["M","?","?","M","M","R","M","M","T","R","E","T","R","?","R","B",null,"M","$","M","?","M","E","M","?","T","M","M","R","M","?","R","B",null,"M","?","?","$","M","R","M","R","T","E","R","$","M","M","R","B",null,"R","$","E"],"character_chosen":"THE_BUGKNIGHT","items_purchased":["theForsaken:Lifeblossom","Toolbox","Centennial Puzzle"],"campfire_rested":6,"item_purchase_floors":[19,38,38],"current_hp_per_floor":[74,74,74,75,75,75,75,74,81,81,79,79,79,79,79,26,82,79,79,74,74,67,79,31,31,31,27,29,53,40,40,64,68,82,33,33,33,33,39,39,25,49,49,38,77,77,78,53,82,43,82,82,82,0,0],"gold":36,"neow_bonus":"ONE_RARE_RELIC","is_daily":false,"chose_seed":false,"campfire_upgraded":4,"win_rate":0.0,"timestamp":1610816410,"path_taken":["M","?","?","?","M","R","M","M","T","R","E","?","R","?","R","BOSS","M","$","?","?","M","E","?","?","T","?","M","R","M","?","R","BOSS","M","?","?","$","M","R","M","R","T","E","R","$","M","?","R","BOSS","R","$","E"],"items_purchased_type":["Relic","Relic","Relic"],"build_version":"2020-12-18","purchased_purges":4,"victory":false,"max_hp_per_floor":[75,75,75,75,75,75,75,75,82,82,82,82,82,82,82,82,82,82,82,82,82,82,82,82,82,82,82,82,82,82,82,82,82,82,82,82,82,82,82,82,82,82,82,82,82,82,82,82,82,82,82,82,82,82,82],"relic_stats":{"Centennial Puzzle":[20],"Regal Pillow":20,"counters":[24,139],"Astrolabe":["HollowMod:SiblingsShadow","HollowMod:DreamGate","HollowMod:VengefulSpirit"],"Smiling Mask":225,"obtain_stats":[{"Regal Pillow":44,"Calipers":0,"Astrolabe":34,"HollowMod:VesselMask":0,"theForsaken:Lifeblossom":19,"Hallownest:DreamNailRelic":3,"Smiling Mask":23,"Akabeko":43,"Hallownest:WatcherSealRelic":31,"Centennial Puzzle":38,"Strawberry":9,"Toolbox":38,"Fusion Hammer":17,"HollowMod:PaleOreRelic":11,"Toy Ornithopter":12,"Hallownest:BeastSealRelic":37},{"Regal Pillow":20,"Calipers":0,"Astrolabe":16,"HollowMod:VesselMask":0,"theForsaken:Lifeblossom":8,"Hallownest:DreamNailRelic":1,"Smiling Mask":11,"Akabeko":19,"Hallownest:WatcherSealRelic":15,"Centennial Puzzle":17,"Strawberry":5,"Toolbox":17,"Fusion Hammer":7,"HollowMod:PaleOreRelic":6,"Toy Ornithopter":6,"Hallownest:BeastSealRelic":17},{"Regal Pillow":119,"Calipers":0,"Astrolabe":99,"HollowMod:VesselMask":0,"theForsaken:Lifeblossom":50,"Hallownest:DreamNailRelic":3,"Smiling Mask":66,"Akabeko":114,"Hallownest:WatcherSealRelic":90,"Centennial Puzzle":107,"Strawberry":26,"Toolbox":107,"Fusion Hammer":44,"HollowMod:PaleOreRelic":33,"Toy Ornithopter":33,"Hallownest:BeastSealRelic":107}],"Toy Ornithopter":32},"card_choices":[{"not_picked":["HollowMod:InfectedCysts","HollowMod:VengefulVoid"],"picked":"HollowMod:ChannelNail","floor":1.0},{"not_picked":["HollowMod:VengefulSpirit","HollowMod:TaintedHusks"],"picked":"HollowMod:BaldurShell","floor":4.0},{"not_picked":["HollowMod:WraithStrike","HollowMod:BaldurShell"],"picked":"HollowMod:DashSlash","floor":5.0},{"not_picked":["HollowMod:SoulSplash","HollowMod:GoodIntentions"],"picked":"HollowMod:CycloneSlash","floor":7.0},{"not_picked":["HollowMod:DashSlash","HollowMod:AbyssShriek"],"picked":"HollowMod:FastStrike","floor":8.0},{"not_picked":["HollowMod:NewLittleFool","HollowMod:SoulVessel","HollowMod:GrimmsGift"],"picked":"SKIP","floor":11.0},{"not_picked":["HollowMod:SoulMaster","HollowMod:VoidDash"],"picked":"HollowMod:SlysStrikes","floor":16.0},{"not_picked":["HollowMod:SharpenedNail","HollowMod:DoubleDash+1"],"picked":"HollowMod:GrimmsGift+1","floor":18.0},{"not_picked":["HollowMod:SoulEater+1","HollowMod:LifebloodCocoon","HollowMod:BaldurShell"],"picked":"SKIP","floor":20.0},{"not_picked":["HollowMod:InfectionAssault","HollowMod:NewJinnsSoul","HollowMod:CrystalDash"],"picked":"SKIP","floor":22},{"not_picked":["HollowMod:CycloneSlash","HollowMod:DoubleDash+1"],"picked":"HollowMod:HornetsHelp","floor":23},{"not_picked":["HollowMod:MawleksShell+1","HollowMod:ChannelNail+1"],"picked":"HollowMod:HuntersJournal","floor":24},{"not_picked":["HollowMod:FastStrike","HollowMod:InfectedAttack"],"picked":"HollowMod:BaldurShell","floor":27},{"not_picked":["HollowMod:NewLittleFool+1","HollowMod:SoulStrike+1"],"picked":"HollowMod:CornifersMapStart","floor":28},{"not_picked":["HollowMod:SoulSplash","HollowMod:theNailsmith"],"picked":"HollowMod:CloakDash","floor":30},{"not_picked":["HollowMod:NewInfectedGuardian","HollowMod:Hiveblood"],"picked":"HollowMod:Weaversong","floor":33},{"not_picked":["HollowMod:FallenFury","HollowMod:GoodIntentions+1"],"picked":"HollowMod:DashSlash","floor":35},{"not_picked":["HollowMod:CornifersMapStart","HollowMod:ShapeofUnn","HollowMod:QuirrelsAssistance+1"],"picked":"SKIP","floor":39},{"not_picked":["HollowMod:InfectionAssault+1","HollowMod:SoulSplash+1","HollowMod:VengefulVoid"],"picked":"SKIP","floor":41},{"not_picked":["HollowMod:MawleksShell","HollowMod:GoodIntentions"],"picked":"HollowMod:MonarchWings+1","floor":44},{"not_picked":["HollowMod:NewLittleFool","HollowMod:HowlingWraiths","HollowMod:LifebloodCocoon"],"picked":"SKIP","floor":47},{"not_picked":["HollowMod:AbyssShriek","HollowMod:PerfectDash+1","HollowMod:TaintedHusks+1"],"picked":"SKIP","floor":48}],"player_experience":194429,"relics_obtained":[{"floor":9.0,"key":"Strawberry"},{"floor":11.0,"key":"HollowMod:PaleOreRelic"},{"floor":12.0,"key":"Toy Ornithopter"},{"floor":23,"key":"Smiling Mask"},{"floor":43,"key":"Akabeko"},{"floor":44,"key":"Regal Pillow"}],"event_choices":[],"is_beta":true,"boss_relics":[{"not_picked":["SacredBark","Runic Pyramid"],"picked":"Fusion Hammer"},{"not_picked":["Runic Dome","Tiny House"],"picked":"Astrolabe"}],"items_purged_floors":[19,38,46,53],"is_endless":false,"potions_floor_spawned":[1,4,7,11,20,22,24,33,47,48],"killed_by":"Shield and Spear","ascension_level":0}}