{"host":"agbyy69nq62afhwx","time":1610804566,"event":{"mods":["BaseMod","Colored Map","DeckTracker","Highlight Path","Keyboard Shortcuts","Minty Spire (QoL Compilation)","Quick Restart","StSLib","SuperFastMode","everything is the same but u backflip on backflip"],"gold_per_floor":[116,127,227,245,263,295,295,320,372,157,157,157,167,182,182,182,182],"floor_reached":16,"language":"KOR","playtime":392,"items_purged":["Strike_P"],"score":151,"play_id":"f67cfa52-b842-4226-ad80-3d32d552eca6","local_time":"20210116224246","is_ascension_mode":true,"campfire_choices":[{"data":"Eruption","floor":7.0,"key":"SMITH"},{"floor":12.0,"key":"REST"},{"floor":15.0,"key":"REST"}],"circlet_count":0,"master_deck":["Strike_P","Strike_P","Strike_P","Defend_P","Defend_P","Defend_P","Defend_P","Eruption+1","Vigilance","CrushJoints","FlyingSleeves","InnerPeace","Crescendo","FollowUp","Brilliance","Conclude","Bandage Up","ClearTheMind"],"relics":["PureWater","Yang","Darkstone Periapt","Orichalcum"],"acts_visited":["Exordium"],"potions_floor_usage":[],"damage_taken":[{"damage":9.0,"enemies":"Cultist","floor":1.0,"turns":5.0},{"damage":0.0,"enemies":"Jaw Worm","floor":2.0,"turns":2.0},{"damage":0.0,"enemies":"2 Louse","floor":4.0,"turns":3.0},{"damage":10.0,"enemies":"Red Slaver","floor":5.0,"turns":3.0},{"damage":30.0,"enemies":"Lagavulin","floor":6.0,"turns":6.0},{"damage":21.0,"enemies":"3 Sentries","floor":8.0,"turns":9.0},{"damage":7.0,"enemies":"3 Louse","floor":13.0,"turns":3.0},{"damage":6.0,"enemies":"Looter","floor":14.0,"turns":3.0},{"damage":0,"enemies":"The Guardian","floor":16,"turns":1}],"seed_played":"4670713252258710908","potions_obtained":[{"floor":4.0,"key":"BottledMiracle"},{"floor":6.0,"key":"BottledMiracle"},{"floor":8.0,"key":"ColorlessPotion"}],"is_trial":false,"path_per_floor":["M","M","?","M","M","E","R","E","T","$","?","R","M","M","R","B"],"character_chosen":"WATCHER","items_purchased":["Brilliance"],"campfire_rested":2,"item_purchase_floors":[10],"current_hp_per_floor":[63,63,63,63,53,23,23,2,2,2,2,25,22,20,43,43,43],"gold":182,"neow_bonus":"TEN_PERCENT_HP_BONUS","is_daily":false,"chose_seed":false,"campfire_upgraded":1,"win_rate":0.0,"timestamp":1610804566,"path_taken":["M","M","?","M","M","E","R","E","T","$","?","R","M","?","R","BOSS"],"items_purchased_type":["Card"],"build_version":"2020-12-22","purchased_purges":1,"victory":false,"max_hp_per_floor":[79,79,79,79,79,79,79,79,79,79,79,79,79,79,79,79,79],"card_choices":[{"not_picked":["ThirdEye","JustLucky"],"picked":"CrushJoints","floor":1.0},{"not_picked":["ReachHeaven","EmptyBody"],"picked":"FlyingSleeves","floor":2.0},{"not_picked":["CrushJoints","Tantrum","PathToVictory"],"picked":"SKIP","floor":4.0},{"not_picked":["CutThroughFate","CrushJoints"],"picked":"InnerPeace","floor":5.0},{"not_picked":["Weave","Establishment"],"picked":"Crescendo","floor":6.0},{"not_picked":["PathToVictory","ClearTheMind"],"picked":"FollowUp","floor":8.0},{"not_picked":["Consecrate","Fasting2","ThirdEye"],"picked":"SKIP","floor":13.0},{"not_picked":["WaveOfTheHand","ClearTheMind","JustLucky"],"picked":"SKIP","floor":14.0},{"not_picked":["WaveOfTheHand","JustLucky"],"picked":"ClearTheMind","floor":14.0}],"player_experience":410428,"relics_obtained":[{"floor":6.0,"key":"Yang"},{"floor":8.0,"key":"Darkstone Periapt"},{"floor":9.0,"key":"Orichalcum"}],"event_choices":[{"damage_healed":0.0,"max_hp_gain":0.0,"max_hp_loss":0.0,"gold_gain":100.0,"event_name":"Wheel of Change","player_choice":"Gold","floor":3.0,"gold_loss":0.0,"damage_taken":0.0},{"damage_healed":0.0,"max_hp_gain":0.0,"max_hp_loss":0.0,"gold_gain":0.0,"event_name":"Match and Keep!","player_choice":"2 cards matched","floor":11.0,"gold_loss":0.0,"damage_taken":0.0,"cards_obtained":["Conclude","Bandage Up"]}],"is_beta":false,"boss_relics":[],"items_purged_floors":[10],"is_endless":false,"potions_floor_spawned":[4,6,8,14],"killed_by":"The Guardian","ascension_level":7}}