{"host":"ik8ww1p4uabx5gam","time":1610770466,"event":{"mods":["Always Whale","Aspiration","BaseMod","Beaked The Cultist","Better Third Choice","BetterRewards","Colored Map","Colored Powertips","Conspire","Energized Spire","FetchMod","GifTheSpireLib","Hubris","Infinite Spire","Ironclad Rager","Jedi Mod","Minty Spire (QoL Compilation)","Random Character Button","Replay The Spire","Shop Mod","Spicy Shops","Spikes Relics","StSLib","Stuff the Spire","The Bladedancer","The Blue Laboratory","The Gatherer","Wandering Minibosses","??????REMEMod"],"gold_per_floor":[115,127,127,138,138,171,171,171,194,23,33,33,68,79,79,178,178,236,236,236,255,255,282,299,327,354,379,398,726,743,758,758,856,856,875,890,1052,1052,1066,999,999,1026,1097,1097,1210,1210,1261,1283,1283,1310],"floor_reached":51,"language":"ENG","playtime":2517,"items_purged":["hubris:Greed","Strike_G"],"score":974,"play_id":"b8ee6d94-e302-49cc-b400-cb914bc0815c","local_time":"20210115221426","is_ascension_mode":true,"campfire_choices":[{"data":"conspire:Charge","floor":8.0,"key":"SMITH"},{"data":"Terror","floor":12.0,"key":"SMITH"},{"data":"Neutralize","floor":15.0,"key":"SMITH"},{"data":"Adrenaline","floor":32.0,"key":"SMITH"},{"data":"infinitespire:Fortify","floor":41,"key":"SMITH"},{"data":"infinitespire:Fortify","floor":44,"key":"SMITH"},{"data":"jedi:rejectivetoxin","floor":46,"key":"SMITH"}],"circlet_count":0,"master_deck":["Gatherer:Bulldoze+3","Strike_G+1","Strike_G+1","Strike_G+1","Strike_G+1","Defend_G+1","Defend_G+1","Defend_G+1","Defend_G+1","Defend_G+1","Survivor+1","Neutralize+1","Deadly Poison+1","Backflip+1","Backflip+1","jedi:pocketpoison+1","Terror+1","Prepared+1","jedi:rejectivetoxin+1","Corpse Explosion+1","REME_SpectralBlade+1","jedi:pocketpoison+1","infinitespire:Fortify+1","CurseOfTheBell","Setup+1","StuffTheSpire:Repulse+1","Adrenaline+1","Dodge and Roll+1","ReplayTheSpireMod:From All Sides+1","conspire:Charge+1","infinitespire:Fortify+1","Catalyst+1","jedi:pocketpoison+1","StuffTheSpire:ClusterCrunch+1"],"relics":["Ring of the Snake","REME_ComplimentaryCards","aspiration:Nostalgia","blademaster:DancersAmulet","aspiration:EmptySkull","StuffTheSpire:Mouthbags","ReplayTheSpireMod:CursedCoin","jedi:heavyjacket","Pen Nib","energizedSpire:SpiderWeb","hubris:Towel","Calling Bell","Vajra","hubris:CrystalStatue","Turnip","aspiration:HiddenCompartment","MealTicket","RollingBoulder","StuffTheSpire:Barrel","aspiration:SecretTechniqueScroll","jedi:matchstick","wanderingMiniBosses:LockLocket","Potion Belt","jedi:arcanewood","REME_ArchaeologicalTools","Orichalcum","Mark of the Bloom"],"acts_visited":["Exordium","TheCity","TheBeyond"],"potions_floor_usage":[42,50],"damage_taken":[{"damage":0.0,"enemies":"Cultist","floor":1.0,"turns":2.0},{"damage":0.0,"enemies":"2 Louse","floor":2.0,"turns":3.0},{"damage":0.0,"enemies":"Small Slimes","floor":4.0,"turns":1.0},{"damage":0.0,"enemies":"3 Sentries","floor":6.0,"turns":2.0},{"damage":0.0,"enemies":"Red Slaver","floor":11.0,"turns":2.0},{"damage":0.0,"enemies":"Gremlin Nob","floor":13.0,"turns":3.0},{"damage":0.0,"enemies":"Looter","floor":14.0,"turns":1.0},{"damage":7.0,"enemies":"Fading Forest","floor":16.0,"turns":8.0},{"damage":18.0,"enemies":"2 Thieves","floor":18.0,"turns":4.0},{"damage":0.0,"enemies":"Spheric Guardian","floor":21.0,"turns":3.0},{"damage":9.0,"enemies":"Book of Stabbing","floor":23.0,"turns":4.0},{"damage":2.0,"enemies":"Snecko","floor":24.0,"turns":5.0},{"damage":2.0,"enemies":"Slavers","floor":25.0,"turns":3.0},{"damage":0.0,"enemies":"Book of Stabbing","floor":27.0,"turns":4.0},{"damage":0.0,"enemies":"3 Cultists","floor":28.0,"turns":3.0},{"damage":6.0,"enemies":"Centurion and Healer","floor":29.0,"turns":5.0},{"damage":0.0,"enemies":"Snake Plant","floor":30.0,"turns":4.0},{"damage":0.0,"enemies":"3 Cultists","floor":31.0,"turns":3.0},{"damage":0.0,"enemies":"Collector","floor":33.0,"turns":8.0},{"damage":0.0,"enemies":"Orb Walker","floor":35.0,"turns":4.0},{"damage":0.0,"enemies":"3 Shapes","floor":36.0,"turns":2.0},{"damage":1.0,"enemies":"infinitespire:Three Voidlings","floor":37.0,"turns":3.0},{"damage":69.0,"enemies":"Nightmare_Alpha","floor":37.0,"turns":9.0},{"damage":0,"enemies":"Jaw Worm Horde","floor":39,"turns":4},{"damage":7,"enemies":"Reptomancer","floor":40,"turns":3},{"damage":0,"enemies":"Giant Head","floor":42,"turns":5},{"damage":0,"enemies":"Maw","floor":45,"turns":5},{"damage":0,"enemies":"Nemesis","floor":47,"turns":5},{"damage":0,"enemies":"Transient","floor":48,"turns":5},{"damage":0,"enemies":"Replay:Hell Engine","floor":50,"turns":5}],"seed_played":"4206716232179653862","potions_obtained":[{"floor":6.0,"key":"Swift Potion"},{"floor":11.0,"key":"jedi:hoardpotion"},{"floor":13.0,"key":"Fruit Juice"},{"floor":14.0,"key":"SkillPotion"},{"floor":18.0,"key":"blueLaboratory:BubblePotion"},{"floor":24.0,"key":"blueLaboratory:ArtistsPotion"},{"floor":28.0,"key":"blueLaboratory:BottleOfVodka"},{"floor":31.0,"key":"Fire Potion"},{"floor":33.0,"key":"blueLaboratory:HorrorPotion"},{"floor":35.0,"key":"blueLaboratory:EnvenomedCoating"},{"floor":37,"key":"blueLaboratory:RememoryPotion"},{"floor":47,"key":"blueLaboratory:SuffocatingSmog"},{"floor":48,"key":"blueLaboratory:HorrorPotion"}],"is_trial":false,"path_per_floor":["M","M","?","M","?","E","?","R","T","$","M","R","E","M","R","B",null,"M","?","AVR","M","?","E","M","E","T","E","M","M","M","M","R","B",null,"M","M","?","?","M","E","R","E","T","R","M","R","E","M","R_BF","B",null],"character_chosen":"THE_SILENT","items_purchased":["ReplayTheSpireMod:CursedCoin","jedi:heavyjacket"],"campfire_rested":0,"item_purchase_floors":[10,10],"current_hp_per_floor":[70,70,70,70,70,70,70,70,70,70,70,70,70,75,75,68,75,57,57,57,57,57,48,46,44,44,44,44,38,38,38,38,38,75,75,75,5,5,5,1,1,1,1,1,1,1,1,1,1,1],"gold":1310,"neow_bonus":"NOSTALGIA","is_daily":false,"chose_seed":false,"campfire_upgraded":7,"win_rate":0.0,"timestamp":1610770466,"path_taken":["M","?","?","M","?","E","?","R","T","$","M","R","E","M","R","BOSS","M","?","AVR","M","?","E","M","E","T","E","M","M","M","M","R","BOSS","M","?","?","?","M","E","R","E","T","R","M","R","E","?","R_BF","BOSS"],"items_purchased_type":["Relic","Relic"],"build_version":"2020-12-22","purchased_purges":2,"victory":true,"max_hp_per_floor":[70,70,70,70,70,70,70,70,70,70,70,70,70,75,75,75,75,75,75,75,75,75,75,75,75,75,75,75,75,75,75,75,75,75,75,75,75,75,75,75,75,75,75,75,75,75,75,75,75,75],"card_choices":[{"not_picked":["ReplayTheSpireMod:Speed Training","hubris:Sniper"],"picked":"Deadly Poison","floor":1.0},{"not_picked":["Flying Knee","PiercingWail"],"picked":"Backflip","floor":2.0},{"not_picked":["StuffTheSpire:ClusterCrunch","PiercingWail","StuffTheSpire:Python"],"picked":"SKIP","floor":4.0},{"not_picked":["Blade Dance","Finisher"],"picked":"Backflip","floor":6.0},{"not_picked":["All Out Attack","Flechettes"],"picked":"Terror","floor":11.0},{"not_picked":["REME_SpectralBlade","Backflip","Outmaneuver"],"picked":"SKIP","floor":13.0},{"not_picked":["Toxin Wave","jedi:poisonivy"],"picked":"Prepared","floor":14.0},{"not_picked":["StuffTheSpire:Injection","Sucker Punch"],"picked":"jedi:pocketpoison","floor":18.0},{"not_picked":["Accuracy","Unload"],"picked":"Setup+1","floor":21.0},{"not_picked":["jedi:pocketpoison","StuffTheSpire:ClusterCrunch"],"picked":"StuffTheSpire:Repulse","floor":23.0},{"not_picked":["Dash","Underhanded Strike+1","StuffTheSpire:Incantation"],"picked":"SKIP","floor":24.0},{"not_picked":["Slice","hubris:Counter","Dagger Spray"],"picked":"SKIP","floor":25.0},{"not_picked":["ReplayTheSpireMod:Exploit Weakness","ReplayTheSpireMod:Tripwire"],"picked":"Adrenaline","floor":27.0},{"not_picked":["StuffTheSpire:Sprint","StuffTheSpire:Fury","Outmaneuver"],"picked":"SKIP","floor":28.0},{"not_picked":["Choke","Quick Slash","Reflex+1"],"picked":"SKIP","floor":29.0},{"not_picked":["Deadly Poison","Sucker Punch"],"picked":"Dodge and Roll+1","floor":30.0},{"not_picked":["Eviscerate","Backflip","Deadly Poison"],"picked":"SKIP","floor":31.0},{"not_picked":["ReplayTheSpireMod:Necrosis","Phantasmal Killer"],"picked":"ReplayTheSpireMod:From All Sides","floor":33.0},{"not_picked":["Quick Slash+1","Deadly Poison+1","StuffTheSpire:BumpUp+1"],"picked":"SKIP","floor":35.0},{"not_picked":["Backflip","Cloak And Dagger","StuffTheSpire:ClusterCrunch"],"picked":"SKIP","floor":36.0},{"not_picked":["infinitespire:SealOfDarkness+","infinitespire:Oblivion"],"picked":"infinitespire:Fortify","floor":37},{"not_picked":["Distraction","Underhanded Strike+1","REME_SpectralBlade"],"picked":"SKIP","floor":39},{"not_picked":["Slice","Predator+1"],"picked":"Catalyst+1","floor":40},{"not_picked":["Poisoned Stab","Setup+1"],"picked":"jedi:pocketpoison+1","floor":42},{"not_picked":["Deadly Poison","hubris:Sniper"],"picked":"StuffTheSpire:ClusterCrunch+1","floor":45},{"not_picked":["Predator","Hidden Blade","StuffTheSpire:DoubleShiv"],"picked":"SKIP","floor":47},{"not_picked":["Poisoned Stab","hubris:Sniper+1","ReplayTheSpireMod:Shiv Toss+1"],"picked":"SKIP","floor":48}],"player_experience":1023091,"relics_obtained":[{"floor":6.0,"key":"aspiration:EmptySkull"},{"floor":9.0,"key":"StuffTheSpire:Mouthbags"},{"floor":13.0,"key":"Pen Nib"},{"floor":20.0,"key":"Vajra"},{"floor":20.0,"key":"hubris:CrystalStatue"},{"floor":20.0,"key":"Turnip"},{"floor":23.0,"key":"aspiration:HiddenCompartment"},{"floor":25.0,"key":"MealTicket"},{"floor":26.0,"key":"RollingBoulder"},{"floor":27.0,"key":"StuffTheSpire:Barrel"},{"floor":37,"key":"jedi:matchstick"},{"floor":37,"key":"wanderingMiniBosses:LockLocket"},{"floor":40,"key":"Potion Belt"},{"floor":42,"key":"jedi:arcanewood"},{"floor":43,"key":"REME_ArchaeologicalTools"},{"floor":47,"key":"Orichalcum"}],"event_choices":[{"damage_healed":0.0,"max_hp_gain":0.0,"max_hp_loss":0.0,"gold_gain":0.0,"event_name":"Match and Keep!","player_choice":"1 cards matched","floor":7.0,"gold_loss":0.0,"damage_taken":0.0,"cards_obtained":["jedi:pocketpoison"]},{"damage_healed":0.0,"max_hp_gain":0.0,"max_hp_loss":0.0,"gold_gain":0.0,"event_name":"N\u0027loth","player_choice":"Ignored","floor":22.0,"gold_loss":0.0,"damage_taken":0.0},{"damage_healed":0,"gold_gain":0,"player_choice":"Ignored","damage_taken":0,"max_hp_gain":0,"max_hp_loss":0,"event_name":"N\u0027loth","floor":37,"gold_loss":0},{"damage_healed":0,"gold_gain":0,"player_choice":"0 cards matched","damage_taken":0,"max_hp_gain":0,"max_hp_loss":0,"event_name":"Match and Keep!","floor":38,"gold_loss":0,"cards_obtained":[]},{"damage_healed":0,"gold_gain":0,"player_choice":"Upgrade","damage_taken":0,"relics_obtained":["Mark of the Bloom"],"max_hp_gain":0,"max_hp_loss":0,"event_name":"MindBloom","floor":49,"gold_loss":0,"cards_upgraded":["Strike_G","Strike_G","Strike_G","Strike_G","Defend_G","Defend_G","Defend_G","Defend_G","Defend_G","Survivor","Backflip","Backflip","jedi:pocketpoison","Prepared","Corpse Explosion","REME_SpectralBlade","jedi:pocketpoison","StuffTheSpire:Repulse","ReplayTheSpireMod:From All Sides"]}],"is_beta":false,"boss_relics":[{"not_picked":["Busted Crown","energizedSpire:CursedPentagram"],"picked":"energizedSpire:SpiderWeb"},{"not_picked":["infinitespire:Cupcake","conspire:SlowCooker"],"picked":"aspiration:SecretTechniqueScroll"}],"items_purged_floors":[10,20],"is_endless":false,"potions_floor_spawned":[6,11,13,14,18,24,28,31,33,35,37,47,48],"ascension_level":1}}