{"host":"x3q4ieql2tr7v8o6","time":1610809139,"event":{"mods":["BaseMod","Bestiary","Better Altar","Better Match","Better Note","Better Sensory Stone","Better Skull","Better Third Choice","Colored Map","Colored Powertips","Curses Come First","Minty Spire (QoL Compilation)","StSLib"],"gold_per_floor":[115,13,13,29,41,41,56,56,137,465,465,393,393,406,406,406,406],"floor_reached":16,"language":"ENG","playtime":640,"items_purged":["Strike_G"],"score":175,"play_id":"d9241700-6267-4a37-ba05-601eb3d84fa1","local_time":"20210116145859","is_ascension_mode":true,"campfire_choices":[{"data":"Leg Sweep","floor":6,"key":"SMITH"},{"data":"Finisher","floor":8,"key":"SMITH"},{"data":"Neutralize","floor":11,"key":"SMITH"},{"floor":15,"key":"REST"}],"circlet_count":0,"master_deck":["AscendersBane","Strike_G","Strike_G","Strike_G","Defend_G","Defend_G","Defend_G","Defend_G","Defend_G","Survivor","Neutralize+1","Finisher+1","Cloak And Dagger","Slice","Leg Sweep+1","Quick Slash","Terror","Slice","Cloak And Dagger"],"relics":["Ring of the Snake","Centennial Puzzle","Ornamental Fan","Old Coin"],"acts_visited":["Exordium"],"potions_floor_usage":[16,16],"damage_taken":[{"damage":1,"enemies":"Small Slimes","floor":1,"turns":5},{"damage":0,"enemies":"2 Louse","floor":4,"turns":3},{"damage":0,"enemies":"Cultist","floor":5,"turns":5},{"damage":1,"enemies":"Blue Slaver","floor":7,"turns":3},{"damage":11,"enemies":"3 Sentries","floor":10,"turns":12},{"damage":11,"enemies":"Large Slime","floor":14,"turns":7},{"damage":40,"enemies":"Slime Boss","floor":16,"turns":12}],"seed_played":"8556263399167586975","potions_obtained":[{"floor":1,"key":"GhostInAJar"},{"floor":10,"key":"ColorlessPotion"}],"is_trial":false,"path_per_floor":["M","$","?","M","M","R","M","R","T","E","R","?","?","M","R","B"],"character_chosen":"THE_SILENT","items_purchased":["Slice"],"campfire_rested":1,"item_purchase_floors":[2],"current_hp_per_floor":[58,58,40,40,40,40,39,39,39,28,28,28,28,17,36,0,0],"gold":406,"neow_bonus":"THREE_CARDS","is_daily":false,"chose_seed":false,"campfire_upgraded":3,"win_rate":0.0,"timestamp":1610809139,"path_taken":["M","$","?","M","M","R","M","R","T","E","R","?","?","M","R","BOSS"],"items_purchased_type":["Card"],"build_version":"2020-12-22","purchased_purges":1,"victory":false,"max_hp_per_floor":[66,66,66,66,66,66,66,66,66,66,66,66,66,66,66,66,66],"card_choices":[{"not_picked":["Acrobatics","Deflect"],"picked":"Finisher","floor":0},{"not_picked":["Caltrops","Quick Slash"],"picked":"Cloak And Dagger","floor":1},{"not_picked":["Footwork","Terror"],"picked":"Leg Sweep","floor":4},{"not_picked":["Acrobatics","Dodge and Roll"],"picked":"Quick Slash","floor":5},{"not_picked":["PiercingWail","Setup"],"picked":"Terror","floor":7},{"not_picked":["Dagger Spray","Bane"],"picked":"Slice","floor":10},{"not_picked":["Caltrops","Catalyst"],"picked":"Cloak And Dagger","floor":14}],"player_experience":720728,"relics_obtained":[{"floor":9,"key":"Ornamental Fan"},{"floor":10,"key":"Old Coin"}],"event_choices":[{"damage_healed":0,"gold_gain":0,"player_choice":"Relic ","damage_taken":18,"max_hp_gain":0,"max_hp_loss":0,"event_name":"betterThird:BetterScrap","floor":3,"gold_loss":0,"cards_obtained":["EmptyMind"]},{"damage_healed":0,"gold_gain":0,"player_choice":"Left","damage_taken":0,"max_hp_gain":0,"max_hp_loss":0,"event_name":"betterThird:BetterGoop","floor":12,"gold_loss":72},{"cards_removed":["Strike_G"],"damage_healed":0,"gold_gain":0,"player_choice":"Offered Basic","damage_taken":0,"max_hp_gain":0,"max_hp_loss":0,"event_name":"Bonfire Elementals","floor":13,"gold_loss":0}],"is_beta":false,"boss_relics":[],"items_purged_floors":[2],"is_endless":false,"potions_floor_spawned":[1,10],"killed_by":"Slime Boss","ascension_level":15}}