{"host":"74x1pl1v0521ej6y","time":1610780723,"event":{"mods":["2.2 Compatiblity","AchievementEnabler","BaseMod","Colored Map","Marisa£¨Ùöéë¡¡Øª×âÞÞ£©","Minty Spire (QoL Compilation)","Rare Cards Sparkle","Shop Mod","StSLib","SuperFastMode","The Cursed"],"gold_per_floor":[111,125,138,148,159,187,36,36,59,77,77,91,91,166,166,292,292,313,313,313,326,46,46,46,90,114,114,26,45,45,68,68,192,192,215,215,230,7,7,7],"floor_reached":39,"language":"KOR","playtime":3877,"items_purged":["FinalSpark","OpenUniverse","Strike_MRS","Strike_MRS"],"score":426,"play_id":"86534d29-4cf8-4308-a481-ed2f376f9165","local_time":"20210116160523","is_ascension_mode":false,"campfire_choices":[{"data":"AsteroidBelt","floor":8,"key":"SMITH"},{"data":"AlicesGift","floor":11,"key":"SMITH"},{"data":"AsteroidBelt","floor":15,"key":"SMITH"},{"floor":23,"key":"RECALL"},{"floor":30,"key":"REST"},{"floor":32,"key":"REST"}],"circlet_count":0,"master_deck":["Defend_MRS","Defend_MRS","Defend_MRS","MasterSpark","UpSweep","PowerUp","AlicesGift+1","GrandCross+1","AsteroidBelt+1","LuminesStrike","AsteroidBelt+1","PowerUp","PowerUp","GasGiant","GrandCross","PulseMagic"],"relics":["MiniHakkero","Vajra","Golden Idol","Fusion Hammer","MerchantsRug"],"acts_visited":["Exordium","TheCity","TheBeyond"],"potions_floor_usage":[6,6,16,21,25,33],"damage_taken":[{"damage":3,"enemies":"Small Slimes","floor":1,"turns":3},{"damage":6,"enemies":"Jaw Worm","floor":2,"turns":3},{"damage":0,"enemies":"Cultist","floor":3,"turns":3},{"damage":11,"enemies":"3 Louse","floor":4,"turns":5},{"damage":4,"enemies":"Exordium Wildlife","floor":5,"turns":2},{"damage":20,"enemies":"Lagavulin","floor":6,"turns":4},{"damage":4,"enemies":"Gremlin Gang","floor":10,"turns":3},{"damage":2,"enemies":"Red Slaver","floor":12,"turns":3},{"damage":15,"enemies":"Hexaghost","floor":16,"turns":9},{"damage":0,"enemies":"Chosen","floor":18,"turns":3},{"damage":15,"enemies":"2 Thieves","floor":21,"turns":4},{"damage":32,"enemies":"Book of Stabbing","floor":25,"turns":6},{"damage":3,"enemies":"Centurion and Healer","floor":29,"turns":5},{"damage":0,"enemies":"Snecko","floor":31,"turns":5},{"damage":52,"enemies":"Automaton","floor":33,"turns":10},{"damage":7,"enemies":"3 Shapes","floor":35,"turns":5},{"damage":19,"enemies":"3 Darklings","floor":37,"turns":7},{"damage":60,"enemies":"Maw","floor":39,"turns":8}],"seed_played":"8167404202617255518","potions_obtained":[{"floor":2,"key":"Block Potion"},{"floor":3,"key":"BlessingOfTheForge"},{"floor":10,"key":"EssenceOfSteel"},{"floor":16,"key":"LiquidBronze"},{"floor":29,"key":"FearPotion"}],"is_trial":false,"path_per_floor":["M","M","M","M","M","E","$","R","T","M","R","M","?","?","R","B",null,"M","?","?","M","$","R","$","E","T","?","$","M","R","M","R","B",null,"M","?","M","$","M"],"character_chosen":"MARISA","items_purchased":["AsteroidBelt","LuminesStrike","MerchantsRug","DuplicationPotion","GrandCross","PulseMagic"],"campfire_rested":2,"item_purchase_floors":[7,7,22,22,38,38],"current_hp_per_floor":[72,66,66,55,51,38,38,38,38,34,34,32,32,21,21,6,76,76,76,76,61,61,61,61,29,29,29,29,26,48,48,70,18,76,69,69,50,50,0,0],"gold":7,"neow_bonus":"ONE_RANDOM_RARE_CARD","is_daily":false,"chose_seed":false,"campfire_upgraded":3,"win_rate":0.0,"timestamp":1610780723,"path_taken":["M","M","M","M","M","E","$","R","T","M","R","M","?","?","R","BOSS","M","?","?","?","$","R","$","E","T","?","?","M","R","M","R","BOSS","M","?","M","$","M"],"items_purchased_type":["Card","Card","Relic","Potion","Card","Card"],"build_version":"2020-12-22","purchased_purges":4,"victory":false,"max_hp_per_floor":[75,75,75,75,75,82,82,82,82,82,82,82,76,76,76,76,76,76,76,76,76,76,76,76,76,76,76,76,76,76,76,76,76,76,76,76,76,76,76,76],"card_choices":[{"not_picked":["ShootingEcho","RefractionSpark"],"picked":"OpenUniverse","floor":1},{"not_picked":["OneTimeOff","GravityBeat"],"picked":"PowerUp","floor":2},{"not_picked":["WitchLeyline","DoubleSpark"],"picked":"AlicesGift","floor":3},{"not_picked":["PowerUp","GravityBeat"],"picked":"GrandCross","floor":4},{"not_picked":["PowerUp","NonDirectionalLaser","StarlightTyphoon"],"picked":"SKIP","floor":5},{"not_picked":["Occultation","MilkyWay","DeepEcoloBomb"],"picked":"SKIP","floor":6},{"not_picked":["NonDirectionalLaser","WitchLeyline","Robbery"],"picked":"SKIP","floor":10},{"not_picked":["6A","SuperPerseids"],"picked":"AsteroidBelt","floor":12},{"not_picked":["SuperPerseids","NonDirectionalLaser+1"],"picked":"PowerUp","floor":18},{"not_picked":["6A","Robbery"],"picked":"PowerUp","floor":21},{"not_picked":["SprinkleStarSeal+1","DragonMeteor+1","OneTimeOff+1"],"picked":"SKIP","floor":25},{"not_picked":["WitchOfGreed","6A+1"],"picked":"GasGiant","floor":29},{"not_picked":["MaximisePower","MilkyWay","DarkMatter"],"picked":"SKIP","floor":31},{"not_picked":["6A+1","WitchLeyline+1","MilkyWay"],"picked":"SKIP","floor":35},{"not_picked":["Occultation","DC+1","WitchLeyline"],"picked":"SKIP","floor":37}],"player_experience":101703,"relics_obtained":[{"floor":6,"key":"Strawberry"},{"floor":9,"key":"Vajra"},{"floor":25,"key":"Omamori"}],"event_choices":[{"damage_healed":0,"gold_gain":0,"player_choice":"Lose Max HP","damage_taken":0,"relics_obtained":["Golden Idol"],"max_hp_gain":0,"max_hp_loss":6,"event_name":"Golden Idol","floor":13,"gold_loss":0},{"damage_healed":0,"gold_gain":75,"player_choice":"Gather Gold","damage_taken":11,"max_hp_gain":0,"max_hp_loss":0,"event_name":"World of Goop","floor":14,"gold_loss":0},{"damage_healed":0,"gold_gain":0,"player_choice":"Ignored","damage_taken":0,"max_hp_gain":0,"max_hp_loss":0,"event_name":"The Mausoleum","floor":19,"gold_loss":0},{"damage_healed":0,"gold_gain":0,"player_choice":"Upgraded","damage_taken":0,"max_hp_gain":0,"max_hp_loss":0,"event_name":"Upgrade Shrine","floor":20,"gold_loss":0,"cards_upgraded":["GrandCross"]},{"damage_healed":0,"gold_gain":0,"player_choice":"Ignored","damage_taken":0,"max_hp_gain":0,"max_hp_loss":0,"event_name":"Ghosts","floor":27,"gold_loss":0},{"cards_removed":["Strike_MRS"],"damage_healed":0,"gold_gain":0,"player_choice":"Purged","damage_taken":0,"max_hp_gain":0,"max_hp_loss":0,"event_name":"Purifier","floor":36,"gold_loss":0}],"is_beta":false,"boss_relics":[{"not_picked":["RampagingMagicTools","Calling Bell"],"picked":"Fusion Hammer"},{"not_picked":["Sozu","Black Star"],"picked":"Empty Cage"}],"items_purged_floors":[7,22,28,38],"is_endless":false,"potions_floor_spawned":[2,3,10,16,29],"killed_by":"Maw","ascension_level":0}}