{"host":"szp1d6dso4pv7ddl","time":1610828790,"event":{"mods":["AchievementEnabler","Alarm Clock","BaseMod","Bestiary","Block Reminder","Colored Map","Colored Powertips","Curses Come First","Dark Map","Displayed Cursed Tome","Highlight Path","Minty Spire (QoL Compilation)","Permanent Neow","Quick Restart","Relic Sorter","Relic Stats","StSLib","Synergy Search"],"gold_per_floor":[113,14,14,14,59,59,82,106,133,158,174,174,198,198,198,324,324,347,367,367,218,143,143,177,177,202,202,202,202,48,72,72,193,193,216,91,115,115,77,77,92,92,92,133,149,185,221,252,264,276],"floor_reached":51,"language":"ENG","playtime":3206,"items_purged":["Dualcast","Zap","Strike_B"],"score":982,"play_id":"ce9c9c0d-8498-464e-82b6-e65d39df89b9","local_time":"20210116122630","is_ascension_mode":true,"campfire_choices":[{"floor":6,"key":"REST"},{"data":"Sweeping Beam","floor":12,"key":"SMITH"},{"data":"Steam","floor":15,"key":"SMITH"},{"floor":23,"key":"REST"},{"data":"Streamline","floor":27,"key":"SMITH"},{"floor":29,"key":"REST"},{"data":"Echo Form","floor":32,"key":"SMITH"},{"data":"Ghostly","floor":40,"key":"SMITH"},{"data":"Ghostly","floor":42,"key":"SMITH"},{"floor":49,"key":"REST"}],"circlet_count":0,"master_deck":["Strike_B","Defend_B","Defend_B","Defend_B+1","Reprogram+1","Sweeping Beam+1","BootSequence","Rebound","Steam+1","Echo Form+1","Streamline+1","Gash","Ghostly+1","Ghostly+1","Ghostly","Ghostly","Ghostly","Echo Form+1","Melter","Steam+1","Reinforced Body+1"],"relics":["Cracked Core","Golden Idol","Lantern","MealTicket","Busted Crown","StrikeDummy","Centennial Puzzle","Bag of Marbles","SacredBark","Peace Pipe","Bronze Scales","MawBank"],"acts_visited":["Exordium","TheCity","TheBeyond"],"potions_floor_usage":[16,16],"damage_taken":[{"damage":2,"enemies":"Jaw Worm","floor":1,"turns":3},{"damage":0,"enemies":"2 Louse","floor":7,"turns":2},{"damage":0,"enemies":"Cultist","floor":8,"turns":3},{"damage":0,"enemies":"Exordium Wildlife","floor":10,"turns":3},{"damage":3,"enemies":"Blue Slaver","floor":11,"turns":3},{"damage":0,"enemies":"Looter","floor":13,"turns":2},{"damage":28,"enemies":"Slime Boss","floor":16,"turns":12},{"damage":28,"enemies":"3 Byrds","floor":18,"turns":7},{"damage":4,"enemies":"Spheric Guardian","floor":19,"turns":5},{"damage":44,"enemies":"Slavers","floor":24,"turns":7},{"damage":1,"enemies":"Centurion and Healer","floor":31,"turns":6},{"damage":8,"enemies":"Champ","floor":33,"turns":10},{"damage":2,"enemies":"3 Shapes","floor":35,"turns":8},{"damage":0,"enemies":"3 Darklings","floor":37,"turns":7},{"damage":5,"enemies":"Transient","floor":41,"turns":5},{"damage":0,"enemies":"Giant Head","floor":44,"turns":8},{"damage":1,"enemies":"Jaw Worm Horde","floor":45,"turns":6},{"damage":2,"enemies":"Reptomancer","floor":46,"turns":7},{"damage":0,"enemies":"Maw","floor":47,"turns":8},{"damage":0,"enemies":"Sphere and 2 Shapes","floor":48,"turns":7},{"damage":29,"enemies":"Time Eater","floor":50,"turns":11}],"seed_played":"7552956281764530276","potions_obtained":[{"floor":1,"key":"Explosive Potion"},{"floor":8,"key":"EssenceOfDarkness"},{"floor":11,"key":"Swift Potion"},{"floor":13,"key":"FairyPotion"},{"floor":18,"key":"SteroidPotion"},{"floor":19,"key":"PotionOfCapacity"},{"floor":37,"key":"SteroidPotion"},{"floor":46,"key":"FearPotion"}],"is_trial":false,"path_per_floor":["M","$","?","?","T","R","M","M","T","M","M","R","M","?","R","B",null,"M","M","?","$","?","R","E","?","T","R","?","R","$","M","R","B",null,"M","$","M","?","$","R","M","R","T","E","M","E","M","M","R","B",null],"character_chosen":"DEFECT","items_purchased":["Sweeping Beam","Gash","Bag of Marbles","Melter"],"campfire_rested":4,"item_purchase_floors":[2,21,30,39],"current_hp_per_floor":[48,48,33,15,15,37,37,37,37,37,34,34,34,39,39,11,63,35,31,31,46,46,70,26,26,26,26,26,38,40,39,39,31,38,36,40,40,40,40,40,35,35,35,35,34,32,32,32,40,11],"gold":288,"neow_bonus":"REMOVE_TWO","is_daily":false,"chose_seed":false,"campfire_upgraded":6,"win_rate":0.0,"timestamp":1610828790,"path_taken":["M","$","?","?","?","R","M","M","T","M","M","R","?","?","R","BOSS","M","M","?","$","?","R","E","?","T","R","?","R","$","M","R","BOSS","M","$","M","?","$","R","M","R","T","E","M","E","M","?","R","BOSS"],"items_purchased_type":["Card","Card","Relic","Card"],"build_version":"2020-12-22","purchased_purges":3,"victory":true,"max_hp_per_floor":[75,75,75,75,75,75,75,75,75,75,75,75,75,80,80,80,80,80,80,80,80,80,80,80,40,40,40,40,40,40,40,40,40,40,40,40,40,40,40,40,40,40,40,40,40,40,40,40,40,40],"relic_stats":{"Peace Pipe":0,"Centennial Puzzle":[21],"Busted Crown":26,"counters":[21,130],"Golden Idol":159,"Bronze Scales":[118],"MealTicket":21,"MawBank":60,"obtain_stats":[{"Peace Pipe":43,"Lantern":5,"Centennial Puzzle":26,"Busted Crown":17,"Golden Idol":4,"SacredBark":34,"Bronze Scales":44,"MealTicket":9,"Bag of Marbles":30,"Cracked Core":0,"StrikeDummy":24,"MawBank":46},{"Peace Pipe":15,"Lantern":1,"Centennial Puzzle":10,"Busted Crown":7,"Golden Idol":1,"SacredBark":12,"Bronze Scales":16,"MealTicket":3,"Bag of Marbles":10,"Cracked Core":0,"StrikeDummy":10,"MawBank":18},{"Peace Pipe":83,"Lantern":3,"Centennial Puzzle":47,"Busted Crown":28,"Golden Idol":3,"SacredBark":63,"Bronze Scales":91,"MealTicket":8,"Bag of Marbles":47,"Cracked Core":0,"StrikeDummy":47,"MawBank":104}]},"card_choices":[{"not_picked":["Leap","Beam Cell"],"picked":"Reprogram","floor":1},{"not_picked":["Cold Snap","Redo"],"picked":"BootSequence","floor":7},{"not_picked":["Compile Driver","Hologram"],"picked":"Rebound","floor":8},{"not_picked":["Aggregate","Ball Lightning","Compile Driver"],"picked":"SKIP","floor":10},{"not_picked":["Chaos","Lockon","Stack"],"picked":"SKIP","floor":11},{"not_picked":["Ball Lightning","Rainbow"],"picked":"Steam","floor":13},{"not_picked":["Electrodynamics","All For One"],"picked":"Echo Form","floor":16},{"not_picked":["Defragment"],"picked":"SKIP","floor":18},{"not_picked":[],"picked":"Streamline","floor":19},{"not_picked":["Cold Snap+1"],"picked":"SKIP","floor":24},{"not_picked":["Defragment"],"picked":"SKIP","floor":31},{"not_picked":[],"picked":"Echo Form","floor":33},{"not_picked":["Hologram+1"],"picked":"SKIP","floor":35},{"not_picked":["Compile Driver+1"],"picked":"SKIP","floor":37},{"not_picked":["Reprogram+1"],"picked":"SKIP","floor":41},{"not_picked":["Turbo+1"],"picked":"SKIP","floor":44},{"not_picked":["Ball Lightning+1"],"picked":"SKIP","floor":45},{"not_picked":[],"picked":"Steam+1","floor":46},{"not_picked":["White Noise+1"],"picked":"SKIP","floor":47},{"not_picked":[],"picked":"Reinforced Body+1","floor":48}],"player_experience":1188012,"relics_obtained":[{"floor":5,"key":"Lantern"},{"floor":9,"key":"MealTicket"},{"floor":24,"key":"StrikeDummy"},{"floor":26,"key":"Centennial Puzzle"},{"floor":43,"key":"Peace Pipe"},{"floor":44,"key":"Bronze Scales"},{"floor":46,"key":"MawBank"}],"event_choices":[{"damage_healed":0,"gold_gain":0,"player_choice":"Entered Light","damage_taken":15,"max_hp_gain":0,"max_hp_loss":0,"event_name":"Shining Light","floor":3,"gold_loss":0,"cards_upgraded":["Defend_B","Reprogram"]},{"damage_healed":0,"gold_gain":0,"player_choice":"Take Damage","damage_taken":18,"relics_obtained":["Golden Idol"],"max_hp_gain":0,"max_hp_loss":0,"event_name":"Golden Idol","floor":4,"gold_loss":0},{"damage_healed":0,"gold_gain":0,"player_choice":"Donut","damage_taken":0,"max_hp_gain":5,"max_hp_loss":0,"event_name":"Big Fish","floor":14,"gold_loss":0},{"damage_healed":0,"gold_gain":0,"player_choice":"Ignored","damage_taken":0,"max_hp_gain":0,"max_hp_loss":0,"event_name":"Cursed Tome","floor":20,"gold_loss":0},{"cards_removed":["Strike_B"],"damage_healed":0,"gold_gain":0,"player_choice":"Gave Gold","damage_taken":0,"max_hp_gain":0,"max_hp_loss":0,"event_name":"Beggar","floor":22,"gold_loss":75},{"damage_healed":0,"gold_gain":0,"player_choice":"Became a Ghost","damage_taken":0,"max_hp_gain":0,"max_hp_loss":40,"event_name":"Ghosts","floor":25,"gold_loss":0,"cards_obtained":["Ghostly","Ghostly","Ghostly","Ghostly","Ghostly"]},{"damage_healed":0,"gold_gain":0,"player_choice":"Ignored","damage_taken":0,"max_hp_gain":0,"max_hp_loss":0,"event_name":"Vampires","floor":28,"gold_loss":0},{"damage_healed":0,"gold_gain":0,"player_choice":"Forge","damage_taken":0,"max_hp_gain":0,"max_hp_loss":0,"event_name":"Accursed Blacksmith","floor":38,"gold_loss":0,"cards_upgraded":["Echo Form"]}],"is_beta":false,"boss_relics":[{"not_picked":["Inserter","Coffee Dripper"],"picked":"Busted Crown"},{"not_picked":["Pandora\u0027s Box","Tiny House"],"picked":"SacredBark"}],"items_purged_floors":[2,21,36],"is_endless":false,"potions_floor_spawned":[1,8,11,13,18,19,33,37,46,48],"ascension_level":7}}