{"host":"2i0myh7fqij2ti1z","time":1610774140,"event":{"mods":["Aspiration","BaseMod","Better Third Choice","Colored Powertips","Conspire","Evolution","FoggyMod","GifTheSpireLib","Highlight Path","Hubris","Minty Spire (QoL Compilation)","Permanent Neow","Quick Restart","Random Character Button","Random Character Mod","Replay The Spire","Shop Mod","Spicy Shops","StSLib","Stuff the Spire","The Construct","Wandering Minibosses","vexMod","óô»ðÖ¸ÄÏ"],"gold_per_floor":[115,115,154,8,23,52,103,103,103,103,132,49,49,49],"floor_reached":13,"language":"ENG","playtime":612,"items_purged":["conspire:GhostlyStrike"],"score":98,"play_id":"d91fc16f-cc20-4c97-b408-0241bc61c63c","local_time":"20210116131540","is_ascension_mode":true,"campfire_choices":[],"circlet_count":0,"master_deck":["conspire:GhostlyStrike+1","conspire:GhostlyStrike+1","conspire:GhostlyStrike+1","conspire:GhostlyDefend+1","conspire:GhostlyDefend","conspire:GhostlyDefend","Bash+1","Intimidate","Demon Form","Warcry","Dropkick"],"relics":["Burning Blood","EVO:Axolotl","Whetstone","Counterbalance","Golden Egg","hubris:MysteriousPyramids","Simple Rune","Membership Card"],"acts_visited":["Exordium"],"potions_floor_usage":[13],"damage_taken":[{"damage":7.0,"enemies":"Jaw Worm","floor":1.0,"turns":3.0},{"damage":41.0,"enemies":"conspire:MimicChest","floor":3.0,"turns":7.0},{"damage":4.0,"enemies":"2 Louse","floor":5.0,"turns":3.0},{"damage":12.0,"enemies":"Gremlin Nob","floor":6.0,"turns":4.0},{"damage":18.0,"enemies":"Lagavulin","floor":11.0,"turns":4.0},{"damage":15,"enemies":"3 Sentries","floor":13,"turns":4}],"seed_played":"-6914352056397493454","potions_obtained":[{"floor":1.0,"key":"Ancient Potion"},{"floor":6.0,"key":"Ancient Potion"},{"floor":11.0,"key":"Adrenaline Potion"}],"is_trial":false,"path_per_floor":["M","?","?","$","M","E","?","?","T","?","E","$","E"],"character_chosen":"IRONCLAD","items_purchased":["Demon Form","Membership Card"],"campfire_rested":0,"item_purchase_floors":[4,12],"current_hp_per_floor":[79,79,44,44,46,40,40,40,40,24,12,12,0,0],"gold":49,"neow_bonus":"RANDOM_EVENT","is_daily":false,"chose_seed":false,"campfire_upgraded":0,"win_rate":0.0,"timestamp":1610774140,"path_taken":["M","?","?","$","?","E","?","?","T","?","E","?","E"],"items_purchased_type":["Card","Relic"],"build_version":"2020-12-22","purchased_purges":1,"victory":false,"max_hp_per_floor":[80,80,80,80,80,80,80,80,80,80,80,80,80,80],"card_choices":[{"not_picked":["Thunderclap","Headbutt"],"picked":"Intimidate","floor":1.0},{"not_picked":["Pommel Strike","Rampage"],"picked":"Warcry","floor":5.0},{"not_picked":["Flex","Intimidate","Searing Blow"],"picked":"SKIP","floor":6.0},{"not_picked":["Dual Wield","ReplayTheSpireMod:Muscle Training"],"picked":"Dropkick","floor":11.0}],"player_experience":231485,"relics_obtained":[{"floor":3.0,"key":"Whetstone"},{"floor":6.0,"key":"Counterbalance"},{"floor":7.0,"key":"Golden Egg"},{"floor":9.0,"key":"hubris:MysteriousPyramids"},{"floor":11.0,"key":"Simple Rune"}],"event_choices":[{"damage_healed":0.0,"max_hp_gain":0.0,"max_hp_loss":0.0,"gold_gain":0.0,"event_name":"conspire:LoneGhost","player_choice":"Agree","floor":2.0,"gold_loss":0.0,"damage_taken":0.0},{"cards_removed":["conspire:GhostlyDefend"],"damage_healed":0.0,"max_hp_gain":0.0,"max_hp_loss":0.0,"gold_gain":0.0,"event_name":"Living Wall","player_choice":"Forget","floor":8.0,"gold_loss":0.0,"damage_taken":0.0},{"damage_healed":40.0,"max_hp_gain":0.0,"max_hp_loss":80.0,"gold_gain":0.0,"event_name":"betterThird:BetterShining","player_choice":"Upgrade","floor":10.0,"gold_loss":0.0,"damage_taken":16.0,"cards_upgraded":["conspire:GhostlyStrike","conspire:GhostlyStrike"]}],"is_beta":false,"boss_relics":[],"items_purged_floors":[12],"is_endless":false,"potions_floor_spawned":[1,6,11],"killed_by":"3 Sentries","ascension_level":2}}