{"host":"ymn6un3ro3vi042j","time":1610777838,"event":{"mods":["AchievementEnabler","Act Like it!","BaseMod","Bestiary","Better Third Choice","BetterRewards","Colored Map","Colored Powertips","Curses Come First","Dark Map","DeckTracker","Downfall","Highlight Path","Minty Spire (QoL Compilation)","Poor People Problems","Rare Cards Sparkle","StSLib","everything is the same but u backflip on backflip"],"gold_per_floor":[112,131,91,110,137,137,166,185,210,36,48,48,48,0,0,0,0],"floor_reached":16,"language":"ENG","playtime":623,"items_purged":[],"score":100,"play_id":"3a8a682c-4668-412c-9708-7cb13a6d515d","local_time":"20210115221718","is_ascension_mode":false,"campfire_choices":[{"data":"Catalyst","floor":6,"key":"SMITH"},{"floor":12,"key":"REST"},{"floor":15,"key":"REST"}],"circlet_count":0,"master_deck":["Strike_G","Strike_G","Strike_G","Strike_G","Strike_G","Defend_G","Defend_G","Defend_G","Defend_G","Survivor","Neutralize","Dramatic Entrance","Catalyst+1","Prepared","Envenom","Deflect","Deadly Poison","Discovery","Well Laid Plans","Backstab","Tools of the Trade","Enlightenment"],"relics":["Ring of the Snake","betterThird:SlimedRelic","Juzu Bracelet","Ninja Scroll","Strawberry"],"acts_visited":["Exordium"],"potions_floor_usage":[16,16,16],"damage_taken":[{"damage":0,"enemies":"Cultist","floor":1,"turns":3},{"damage":0,"enemies":"Jaw Worm","floor":2,"turns":4},{"damage":0,"enemies":"Small Slimes","floor":4,"turns":3},{"damage":52,"enemies":"Gremlin Nob","floor":7,"turns":6},{"damage":4,"enemies":"3 Louse","floor":8,"turns":3},{"damage":4,"enemies":"Looter","floor":11,"turns":2},{"damage":64,"enemies":"Slime Boss","floor":16,"turns":14}],"seed_played":"-4885409003092619126","potions_obtained":[{"floor":7,"key":"Poison Potion"},{"floor":8,"key":"SpeedPotion"},{"floor":11,"key":"FearPotion"}],"is_trial":false,"path_per_floor":["M","M","?","M","T","R","E","M","T","$","M","R","?","?","R","B"],"character_chosen":"THE_SILENT","items_purchased":["Discovery","Well Laid Plans"],"campfire_rested":2,"item_purchase_floors":[10,10],"current_hp_per_floor":[70,70,59,59,59,59,7,3,10,10,6,29,29,35,59,0,0],"gold":0,"neow_bonus":"RANDOM_COLORLESS","is_daily":false,"chose_seed":false,"campfire_upgraded":1,"win_rate":0.0,"timestamp":1610777838,"path_taken":["M","M","?","M","?","R","E","M","T","$","M","R","?","?","R","BOSS"],"items_purchased_type":["Card","Card"],"build_version":"2020-12-22","purchased_purges":0,"victory":false,"max_hp_per_floor":[70,70,70,70,70,70,70,70,77,77,77,77,77,83,83,83,83],"card_choices":[{"not_picked":["Deep Breath","Flash of Steel"],"picked":"Dramatic Entrance","floor":0},{"not_picked":["Cloak And Dagger","Dagger Spray"],"picked":"Catalyst","floor":1},{"not_picked":["Underhanded Strike","Dodge and Roll"],"picked":"Prepared","floor":2},{"not_picked":["Slice","Acrobatics"],"picked":"Envenom","floor":4},{"not_picked":["Sucker Punch","Heel Hook"],"picked":"Deflect","floor":7},{"not_picked":["Bane","PiercingWail"],"picked":"Deadly Poison","floor":8},{"not_picked":["Acrobatics","PiercingWail"],"picked":"Backstab","floor":11}],"player_experience":40266,"relics_obtained":[{"floor":5,"key":"Juzu Bracelet"},{"floor":7,"key":"Ninja Scroll"},{"floor":9,"key":"Strawberry"}],"event_choices":[{"damage_healed":0,"gold_gain":0,"player_choice":"Slimed","damage_taken":11,"max_hp_gain":0,"max_hp_loss":0,"event_name":"betterThird:BetterGoop","floor":3,"gold_loss":40},{"damage_healed":0,"gold_gain":0,"cards_transformed":["Defend_G"],"player_choice":"Change","damage_taken":0,"max_hp_gain":0,"max_hp_loss":0,"event_name":"Living Wall","floor":13,"gold_loss":0,"cards_obtained":["Tools of the Trade"]},{"damage_healed":0,"gold_gain":0,"player_choice":"RENOUNCE","damage_taken":48,"max_hp_gain":0,"max_hp_loss":0,"event_name":"betterThird:BetterSerpent","floor":14,"gold_loss":48,"cards_obtained":["Enlightenment"]}],"is_beta":false,"boss_relics":[],"items_purged_floors":[],"is_endless":false,"potions_floor_spawned":[7,8,11],"killed_by":"Slime Boss","ascension_level":0}}