{"host":"r5cycnjhcbwgkpkf","time":1610771748,"event":{"mods":["2.2 Compatiblity","AchievementEnabler","BaseMod","Bestiary","Better Match","Better Note","Better Skull","Better Third Choice","BetterRewards","Colored Map","Colored Powertips","Downfall","Infinite Spire","Minty Spire (QoL Compilation)","Spicy Shops","StSLib"],"gold_per_floor":[99,113,25,45,58,158,210,210,210,227,247,247,247,259,277,378,378,378,394,494,119,137,137,188,188,188,205,224,224,224,242,255,255,255],"floor_reached":33,"language":"ENG","playtime":2349,"items_purged":[],"score":241,"play_id":"77960f09-982a-4d28-8f5d-7fb12fe9a208","local_time":"20210115203548","is_ascension_mode":false,"campfire_choices":[{"data":"bronze:Virus","floor":1.0,"key":"SMITH"},{"data":"bronze:Overheat","floor":9.0,"key":"SMITH"},{"floor":13.0,"key":"REST"},{"data":"bronze:Mutator","floor":18.0,"key":"SMITH"},{"data":"bronze:ClassDefault","floor":23.0,"key":"SMITH"},{"floor":30.0,"key":"REST"},{"data":"bronze:AlphaBuild","floor":30.0,"key":"SMITH"}],"circlet_count":0,"master_deck":["bronze:Strike","bronze:Strike","bronze:Strike","bronze:Strike","bronze:Defend","bronze:Defend","bronze:Defend","bronze:Defend","bronze:Replicate","bronze:Goto","bronze:Virus+1","bronze:OilSpill","bronze:Branch","bronze:Repair","bronze:BitShift","bronze:Overheat+1","bronze:ClassDefault+1","bronze:HyperBeam","bronze:Spike","bronze:ChosenStrike","bronze:Shield","bronze:Mutator+1","bronze:DecaBeam","bronze:FineTuning","bronze:ForLoop+1","bronze:BuggyMess","bronze:DelayedSlice","bronze:Allocate","bronze:AlphaBuild+1","bronze:HardenedForm"],"relics":["bronze:BronzeCore","MealTicket","Cursed Key","Omamori","Toolbox","bronze:SilverBullet","infinitespire:Magic Flask"],"acts_visited":["Exordium","TheCity"],"potions_floor_usage":[33,33,33,33],"damage_taken":[{"damage":0.0,"enemies":"Cultist","floor":2.0,"turns":3.0},{"damage":0.0,"enemies":"downfall:FleeingMerchant","floor":3.0,"turns":4.0},{"damage":2.0,"enemies":"Small Slimes","floor":4.0,"turns":3.0},{"damage":0.0,"enemies":"2 Louse","floor":5.0,"turns":2.0},{"damage":19.0,"enemies":"Exordium Thugs","floor":10.0,"turns":3.0},{"damage":4.0,"enemies":"Large Slime","floor":11.0,"turns":4.0},{"damage":8.0,"enemies":"Large Slime","floor":12.0,"turns":4.0},{"damage":10.0,"enemies":"Exordium Wildlife","floor":14.0,"turns":4.0},{"damage":37.0,"enemies":"Gremlin Gang","floor":15.0,"turns":6.0},{"damage":40.0,"enemies":"WA_ARCHETYPE_RETAIN","floor":16.0,"turns":6.0},{"damage":2.0,"enemies":"Spheric Guardian","floor":19.0,"turns":3.0},{"damage":24.0,"enemies":"Spheric Guardian","floor":20.0,"turns":4.0},{"damage":0.0,"enemies":"downfall:FleeingMerchant","floor":21.0,"turns":4.0},{"damage":13.0,"enemies":"3 Byrds","floor":22.0,"turns":3.0},{"damage":8.0,"enemies":"Sentry and Sphere","floor":27.0,"turns":3.0},{"damage":5.0,"enemies":"Chosen and Byrds","floor":28.0,"turns":4.0},{"damage":20.0,"enemies":"3 Cultists","floor":31.0,"turns":4.0},{"damage":4.0,"enemies":"Snake Plant","floor":32.0,"turns":2.0},{"damage":72,"enemies":"SI_MIRROR_ARCHETYPE","floor":33,"turns":8}],"seed_played":"2898942211977203553","potions_obtained":[{"floor":2.0,"key":"Energy Potion"},{"floor":4.0,"key":"DistilledChaos"},{"floor":10.0,"key":"PowerPotion"},{"floor":20.0,"key":"Regen Potion"},{"floor":31.0,"key":"SneckoOil"},{"floor":32.0,"key":"EntropicBrew"}],"is_trial":false,"path_per_floor":["R","M","$","M","M","?","T","?","R","M","M","?","R","M","M","B",null,"R","M","?","$","M","R","T","AVR","?","M","M","?","R","M","M","B"],"character_chosen":"THE_AUTOMATON","items_purchased":["bronze:Repair","Omamori","bronze:BuggyMess","Toolbox"],"campfire_rested":2,"item_purchase_floors":[3,21,21,21],"current_hp_per_floor":[70,70,70,68,68,68,68,68,68,56,59,51,70,67,37,4,70,70,68,64,70,64,64,64,64,51,43,57,57,75,62,58,0,0],"gold":255,"neow_bonus":"ONE_RANDOM_RARE_CARD","is_daily":false,"chose_seed":false,"campfire_upgraded":5,"win_rate":0.0,"timestamp":1610771748,"path_taken":["R","M","?","M","M","?","T","?","R","M","?","?","R","M","M","BOSS","R","M","?","$","M","R","T","AVR","?","?","M","?","R","M","M","BOSS"],"items_purchased_type":["Card","Relic","Card","Relic"],"build_version":"2020-12-22","purchased_purges":0,"victory":false,"max_hp_per_floor":[70,70,70,70,70,70,70,70,70,70,70,70,70,70,70,70,70,70,70,70,70,70,70,70,70,75,75,75,75,75,75,75,75,75],"card_choices":[{"not_picked":["bronze:Invalidate","bronze:Shield"],"picked":"bronze:OilSpill","floor":2.0},{"not_picked":["bronze:ChildClass","bronze:Deprecate"],"picked":"bronze:Branch","floor":3.0},{"not_picked":["bronze:Frontload","bronze:FollowUp"],"picked":"bronze:BitShift","floor":4.0},{"not_picked":["bronze:DelayedGuard","bronze:Repulsor"],"picked":"bronze:Overheat","floor":5.0},{"not_picked":["bronze:Shield","bronze:OilSpill"],"picked":"bronze:ClassDefault","floor":10.0},{"not_picked":["bronze:Deprecate","bronze:WildBeam"],"picked":"bronze:HyperBeam","floor":11.0},{"not_picked":[],"picked":"bronze:Spike","floor":12.0},{"not_picked":["bronze:BugBarrage","bronze:Flail"],"picked":"bronze:ChosenStrike","floor":12.0},{"not_picked":["bronze:Branch","bronze:WildBeam","bronze:MaxOutput"],"picked":"SKIP","floor":14.0},{"not_picked":["bronze:Shell","bronze:NullPointer"],"picked":"bronze:Shield","floor":15.0},{"not_picked":["bronze:ShipIt","bronze:Format"],"picked":"bronze:Mutator","floor":16.0},{"not_picked":["bronze:Shell+1","bronze:Repair","bronze:Branch"],"picked":"SKIP","floor":19.0},{"not_picked":[],"picked":"bronze:DecaBeam","floor":20.0},{"not_picked":["bronze:BugBarrage","bronze:DelayedGuard+1"],"picked":"bronze:FineTuning","floor":20.0},{"not_picked":["bronze:Shield+1","bronze:CutThrough+1"],"picked":"bronze:ForLoop+1","floor":21.0},{"not_picked":["bronze:OilSpill","bronze:DelayedGuard+1"],"picked":"bronze:DelayedSlice","floor":22.0},{"not_picked":["bronze:OilSpill+1","bronze:ForceShield+1"],"picked":"bronze:Allocate","floor":27.0},{"not_picked":["bronze:Overheat","bronze:Branch","bronze:Safeguard"],"picked":"SKIP","floor":28.0},{"not_picked":["bronze:Turbo","bronze:NullPointer"],"picked":"bronze:HardenedForm","floor":31.0},{"not_picked":["bronze:Philosophize","bronze:DarkDash+1","bronze:Shield"],"picked":"SKIP","floor":32.0}],"player_experience":435153,"relics_obtained":[{"floor":7.0,"key":"MealTicket"},{"floor":24.0,"key":"bronze:SilverBullet"}],"event_choices":[{"damage_healed":0.0,"max_hp_gain":0.0,"max_hp_loss":0.0,"gold_gain":0.0,"event_name":"betterNote:BetterNote","player_choice":"Ignored","floor":8.0,"gold_loss":0.0,"damage_taken":0.0,"cards_obtained":["infinitespire:Collect"]},{"damage_healed":0.0,"max_hp_gain":0.0,"max_hp_loss":0.0,"gold_gain":0.0,"event_name":"The Library","player_choice":"Read","floor":29.0,"gold_loss":0.0,"damage_taken":0.0,"cards_obtained":["bronze:AlphaBuild"]}],"is_beta":false,"boss_relics":[{"not_picked":["Pandora\u0027s Box","Sozu"],"picked":"Cursed Key"}],"items_purged_floors":[],"is_endless":false,"potions_floor_spawned":[2,4,10,20,31,32],"killed_by":"SI_MIRROR_ARCHETYPE","ascension_level":0}}