{"host":"qheym18ww6mhskxf","time":1610755403,"event":{"mods":["BaseMod","CapriCore","Friendly Minions","GungeonMod","KOR Keyword Fix","Kiyohime£¨?ýï£©","Minty Spire (QoL Compilation)","Prisma Mod","Quick Restart","RRrroohrrRGHHhhh!!","Rare Cards Sparkle","Shop Mod","Spicy Shops","StSLib","Td1madao Mod","Username Fix"],"gold_per_floor":[113,113,127,146,169,169,204,204,204,0,0,25,50,62,74,207,219,246,173,9,32,566,1101,1101,1026,1026,1490,115,576,1081,1590,1590,1710,1710,1734,45,69,69,84,520,583,1106,1106,1610,42,42,42,42,42],"floor_reached":48,"language":"KOR","playtime":1628,"items_purged":["Strike_R","Defend_R","Defend_R"],"score":1628,"play_id":"e524765a-ca75-4f42-80f3-002e908ed5b0","local_time":"20210116090323","daily_mods":["Heirloom","Time Dilation","DeadlyEvents","Elite Swarm"],"is_ascension_mode":true,"campfire_choices":[{"data":"Anger","floor":6.0,"key":"SMITH"},{"data":"PrismaMod:IllyaPartialInstallAssassin","floor":8.0,"key":"SMITH"},{"floor":15.0,"key":"REST"},{"floor":24.0,"key":"REST"},{"data":"PrismaMod:IllyaCheapAttack","floor":32.0,"key":"SMITH"}],"circlet_count":0,"master_deck":["Strike_R+1","Strike_R+1","Strike_R","Defend_R+1","Defend_R+1","Bash","PrismaMod:IllyaPartialInstallAssassin+1","Anger+1","PrismaMod:IllyaCheapAttack+1","PrismaMod:IllyaBerserCAR+1","Trip+1","PrismaMod:IllyaCarnivalDefend+1","PrismaMod:IllyaCarnivalDefend+1","Limit Break+1","Double Tap+1","PrismaMod:IllyaUncommonAOEAttack+1","Shrug It Off+1","Barricade+1","Trip+1","Master of Strategy+1"],"relics":["Burning Blood","Ice Cream","Golden Idol","Orichalcum","Nunchaku","MerchantsRug","HandDrill","rorgmod:Black Star","Bag of Marbles","rorgmod:Ceramic Fish","Pen Nib","Ancient Tea Set","Akabeko","Toy Ornithopter","Centennial Puzzle","DemoMod:Metronome","Bottled Lightning","The Courier","Toxic Egg 2","Meat on the Bone","Mercury Hourglass","Self Forming Clay","Shuriken","Lantern","Molten Egg 2","Happy Flower","Anchor","PreservedInsect","Letter Opener","Frozen Egg 2","White Beast Statue","Question Card","Ornamental Fan","DemoMod:SerJunkan","DemoMod:Junk","DemoMod:BlueGuonStone","DemoMod:PinkGuonStone","Sundial","Runic Pyramid","Vajra","Paper Frog","Shovel","DemoMod:WhiteGuonStone","rorgmod:The Boot","DemoMod:Bottle","Oddly Smooth Stone","InkBottle","Blood Vial","Singing Bowl","DemoMod:OrangeGuonStone","Bag of Preparation","StoneCalendar","Smiling Mask","HornCleat","Gremlin Horn","DemoMod:MeltedRock","Potion Belt","Sling","Peace Pipe","DemoMod:SevenLeafClover","Cauldron","Lizard Tail","Charon\u0027s Ashes","Calipers","DemoMod:Orange","Ginger","Pocketwatch","Mango","DemoMod:GlassGuonStoneRelic"],"acts_visited":["Exordium","TheCity","TheBeyond"],"potions_floor_usage":[],"damage_taken":[{"damage":4.0,"enemies":"2 Louse","floor":1.0,"turns":4.0},{"damage":2.0,"enemies":"Jaw Worm","floor":3.0,"turns":3.0},{"damage":0.0,"enemies":"Cultist","floor":4.0,"turns":3.0},{"damage":18.0,"enemies":"3 Sentries","floor":7.0,"turns":8.0},{"damage":10.0,"enemies":"2 Fungi Beasts","floor":12.0,"turns":3.0},{"damage":1.0,"enemies":"Blue Slaver","floor":13.0,"turns":2.0},{"damage":29.0,"enemies":"Hexaghost","floor":16.0,"turns":8.0},{"damage":15.0,"enemies":"Shell Parasite","floor":18.0,"turns":4.0},{"damage":5.0,"enemies":"Chosen","floor":21.0,"turns":3.0},{"damage":40.0,"enemies":"Book of Stabbing","floor":22.0,"turns":5.0},{"damage":27.0,"enemies":"Gremlin Leader","floor":23.0,"turns":8.0},{"damage":17.0,"enemies":"Book of Stabbing","floor":27.0,"turns":3.0},{"damage":0.0,"enemies":"Gremlin Leader","floor":29.0,"turns":2.0},{"damage":0.0,"enemies":"Slavers","floor":30.0,"turns":2.0},{"damage":0.0,"enemies":"Book of Stabbing","floor":31.0,"turns":3.0},{"damage":39.0,"enemies":"Automaton","floor":33.0,"turns":8.0},{"damage":0.0,"enemies":"3 Darklings","floor":35.0,"turns":5.0},{"damage":0.0,"enemies":"3 Shapes","floor":37.0,"turns":2.0},{"damage":0.0,"enemies":"Writhing Mass","floor":39.0,"turns":3.0},{"damage":0.0,"enemies":"Nemesis","floor":40.0,"turns":1.0},{"damage":0.0,"enemies":"Mind Bloom Boss Battle","floor":41.0,"turns":3.0},{"damage":0.0,"enemies":"Giant Head","floor":42.0,"turns":4.0},{"damage":0.0,"enemies":"Nemesis","floor":44.0,"turns":1.0},{"damage":0.0,"enemies":"Giant Head","floor":46.0,"turns":2.0},{"damage":0,"enemies":"3 Darklings","floor":48,"turns":1}],"seed_played":"-7328692955787007738","potions_obtained":[{"floor":4.0,"key":"Block Potion"},{"floor":7.0,"key":"Swift Potion"},{"floor":13.0,"key":"EssenceOfSteel"},{"floor":33.0,"key":"PowerPotion"},{"floor":35.0,"key":"Block Potion"},{"floor":37.0,"key":"Explosive Potion"},{"floor":39.0,"key":"BlessingOfTheForge"},{"floor":41.0,"key":"Swift Potion"},{"floor":45.0,"key":"SmokeBomb"},{"floor":45.0,"key":"Explosive Potion"},{"floor":45.0,"key":"Dexterity Potion"},{"floor":45.0,"key":"FairyPotion"},{"floor":45.0,"key":"Fire Potion"}],"is_trial":true,"path_per_floor":["M","?","M","M","T","R","E","R","T","$","?","M","M","?","R","B",null,"M","?","$","M","E","E","R","?","T","E","$","E","E","E","R","B",null,"M","$","M","?","M","E","?","E","T","E","$","E","?","M"],"character_chosen":"IRONCLAD","items_purchased":["MerchantsRug","HandDrill","rorgmod:Ceramic Fish","Trip","Self Forming Clay","Shuriken","Lantern","Molten Egg 2","Happy Flower","Anchor","Omamori","PreservedInsect","DollysMirror","Vajra","Paper Frog","Shovel","DemoMod:WhiteGuonStone","rorgmod:The Boot","DemoMod:Bottle","Oddly Smooth Stone","InkBottle","Blood Vial","Singing Bowl","DemoMod:OrangeGuonStone","Trip+1","Potion Belt","Sling","Peace Pipe","DemoMod:SevenLeafClover","Cauldron","Lizard Tail","Charon\u0027s Ashes","Calipers","DemoMod:Orange"],"campfire_rested":2,"item_purchase_floors":[10,10,20,20,28,28,28,28,28,28,28,28,28,36,36,36,36,36,36,36,36,36,36,36,45,45,45,45,45,45,45,45,45,45],"current_hp_per_floor":[74,54,58,64,64,64,52,52,52,52,52,48,53,37,61,38,70,61,61,61,62,28,7,31,31,31,20,20,38,66,79,79,58,87,93,93,97,97,99,101,103,105,105,105,117,133,133,133,133],"gold":42,"neow_bonus":"","is_daily":false,"chose_seed":false,"campfire_upgraded":3,"win_rate":0.0,"timestamp":1610755403,"path_taken":["M","?","M","M","?","R","?","R","T","$","?","M","?","?","R","BOSS","M","?","$","?","?","E","R","?","T","E","?","E","?","E","R","BOSS","M","$","?","?","M","E","?","E","T","E","$","E","?","?"],"items_purchased_type":["Relic","Relic","Relic","Card","Relic","Relic","Relic","Relic","Relic","Relic","Relic","Relic","Relic","Relic","Relic","Relic","Relic","Relic","Relic","Relic","Relic","Relic","Relic","Relic","Card","Relic","Relic","Relic","Relic","Relic","Relic","Relic","Relic","Relic"],"build_version":"2020-12-22","purchased_purges":3,"victory":false,"max_hp_per_floor":[80,80,80,80,80,80,80,80,80,80,80,80,80,80,80,80,80,80,80,80,80,80,80,80,80,80,80,80,80,90,97,97,97,97,97,97,97,97,99,101,103,105,105,105,117,133,133,133,133],"card_choices":[{"not_picked":["Evolve","Seeing Red"],"picked":"PrismaMod:IllyaPartialInstallAssassin","floor":1.0},{"not_picked":["Carnage","PrismaMod:IllyaStunPoison"],"picked":"Anger","floor":3.0},{"not_picked":["PrismaMod:IllyaReinForce","Wild Strike","Clash"],"picked":"SKIP","floor":4.0},{"not_picked":["Offering","PrismaMod:IllyaUberAttackChannel","Brutality"],"picked":"SKIP","floor":7.0},{"not_picked":["Headbutt","Clash"],"picked":"PrismaMod:IllyaCheapAttack","floor":12.0},{"not_picked":["Twin Strike","PrismaMod:IllyaGun"],"picked":"PrismaMod:IllyaBerserCAR","floor":13.0},{"not_picked":["PrismaMod:IllyaCheapChannelAttack","Clothesline+1","PrismaMod:IllyaStunPoison+1"],"picked":"SKIP","floor":18.0},{"not_picked":["PrismaMod:IllyaPoisoningPhantasm+1","PrismaMod:IllyaAOECommonAttack","Pummel"],"picked":"SKIP","floor":21.0},{"not_picked":["PrismaMod:IllyaUberAttackChannel","Bludgeon","Limit Break"],"picked":"SKIP","floor":22.0},{"not_picked":["PrismaMod:IllyaCarnivalAttack","Offering","rorgmod:Immolate"],"picked":"SKIP","floor":23.0},{"not_picked":["PrismaMod:IllyaUberAttackChannel+1","Corruption"],"picked":"PrismaMod:IllyaCarnivalDefend+1","floor":27.0},{"not_picked":["PrismaMod:IllyaCarnivalPrismaAstolfo+1","PrismaMod:IllyaUberAttackChannel+1"],"picked":"Limit Break+1","floor":29.0},{"not_picked":["Offering+1","Corruption+1","Demon Form+1","Feed+1"],"picked":"SKIP","floor":30.0},{"not_picked":["Bludgeon+1","Juggernaut+1","rorgmod:Immolate+1"],"picked":"Double Tap+1","floor":31.0},{"not_picked":["Clothesline+1","DemoMod:BlackBlade+1","PrismaMod:IllyaRapidFire+1"],"picked":"PrismaMod:IllyaUncommonAOEAttack+1","floor":35.0},{"not_picked":["Anger+1","Cleave+1","PrismaMod:IllyaPoisonBomb+1"],"picked":"Shrug It Off+1","floor":37.0},{"not_picked":["PrismaMod:IllyaHassanGift+1","PrismaMod:IllyaDetonatingBlow+1","PrismaMod:IllyaUberChannel+1","PrismaMod:IllyaFeed+1"],"picked":"Singing Bowl","floor":39.0},{"not_picked":["PrismaMod:IllyaCarnivalAttack+1","Corruption+1","Fiend Fire+1","PrismaMod:IllyaUberDefendChannel+1"],"picked":"Singing Bowl","floor":40.0},{"not_picked":["PrismaMod:IllyaGrailKun+1","PrismaMod:IllyaPartialInstallAssassin+1","PrismaMod:IllyaUncommonAttack+1","Iron Wave+1"],"picked":"Singing Bowl","floor":41.0},{"not_picked":["Fiend Fire+1","PrismaMod:IllyaUberDefendChannel+1","Impervious+1","Juggernaut+1"],"picked":"Singing Bowl","floor":42.0},{"not_picked":["PrismaMod:IllyaCarnivalAttack+1","Demon Form+1","Double Tap+1"],"picked":"Barricade+1","floor":44.0},{"not_picked":["PrismaMod:IllyaZwei+1","Brutality+1","Impervious+1","PrismaMod:IllyaCarnivalOrbs+1"],"picked":"Singing Bowl","floor":46.0},{"not_picked":["Metamorphosis+1","Dark Shackles+1","The Bomb+1"],"picked":"Master of Strategy+1","floor":47.0}],"player_experience":450171,"relics_obtained":[{"floor":5.0,"key":"Orichalcum"},{"floor":7.0,"key":"Nunchaku"},{"floor":9.0,"key":"DemoMod:JetPack"},{"floor":22.0,"key":"War Paint"},{"floor":22.0,"key":"Pen Nib"},{"floor":22.0,"key":"Ancient Tea Set"},{"floor":22.0,"key":"Akabeko"},{"floor":23.0,"key":"Whetstone"},{"floor":23.0,"key":"Toy Ornithopter"},{"floor":23.0,"key":"Centennial Puzzle"},{"floor":23.0,"key":"DemoMod:Metronome"},{"floor":26.0,"key":"Bottled Lightning"},{"floor":27.0,"key":"The Courier"},{"floor":27.0,"key":"Toxic Egg 2"},{"floor":27.0,"key":"Meat on the Bone"},{"floor":27.0,"key":"Mercury Hourglass"},{"floor":29.0,"key":"Letter Opener"},{"floor":29.0,"key":"Frozen Egg 2"},{"floor":29.0,"key":"White Beast Statue"},{"floor":29.0,"key":"Question Card"},{"floor":30.0,"key":"Pear"},{"floor":30.0,"key":"Ornamental Fan"},{"floor":30.0,"key":"DemoMod:DecoyRelic"},{"floor":30.0,"key":"DemoMod:SerJunkan"},{"floor":31.0,"key":"DemoMod:Junk"},{"floor":31.0,"key":"DemoMod:BlueGuonStone"},{"floor":31.0,"key":"DemoMod:PinkGuonStone"},{"floor":31.0,"key":"Sundial"},{"floor":40.0,"key":"Bag of Preparation"},{"floor":40.0,"key":"DemoMod:Junk"},{"floor":40.0,"key":"DemoMod:Junk"},{"floor":40.0,"key":"DemoMod:Junk"},{"floor":41.0,"key":"StoneCalendar"},{"floor":42.0,"key":"DemoMod:Junk"},{"floor":42.0,"key":"DemoMod:Junk"},{"floor":42.0,"key":"Smiling Mask"},{"floor":42.0,"key":"DemoMod:Junk"},{"floor":43.0,"key":"HornCleat"},{"floor":44.0,"key":"Gremlin Horn"},{"floor":44.0,"key":"DemoMod:MeltedRock"},{"floor":44.0,"key":"DemoMod:Junk"},{"floor":44.0,"key":"DemoMod:Junk"},{"floor":46.0,"key":"Ginger"},{"floor":46.0,"key":"Pocketwatch"},{"floor":46.0,"key":"DemoMod:Junk"},{"floor":46.0,"key":"Mango"}],"event_choices":[{"damage_healed":0.0,"max_hp_gain":0.0,"max_hp_loss":0.0,"gold_gain":0.0,"event_name":"Golden Idol","player_choice":"Take Damage","floor":2.0,"gold_loss":0.0,"damage_taken":20.0,"relics_obtained":["Golden Idol"]},{"damage_healed":0.0,"max_hp_gain":0.0,"max_hp_loss":0.0,"gold_gain":0.0,"event_name":"Dead Adventurer","player_choice":"Searched \u00271\u0027 times","floor":11.0,"gold_loss":0.0,"damage_taken":0.0,"relics_obtained":["MawBank"]},{"damage_healed":0.0,"max_hp_gain":0.0,"max_hp_loss":0.0,"gold_gain":0.0,"event_name":"Shining Light","player_choice":"Entered Light","floor":14.0,"gold_loss":0.0,"damage_taken":16.0,"cards_upgraded":["Strike_R","Defend_R"]},{"damage_healed":0.0,"max_hp_gain":0.0,"max_hp_loss":0.0,"gold_gain":0.0,"event_name":"Addict","player_choice":"Obtained Relic","floor":19.0,"gold_loss":85.0,"damage_taken":0.0,"relics_obtained":["Bag of Marbles"]},{"cards_removed":["Strike_R"],"damage_healed":0.0,"max_hp_gain":0.0,"max_hp_loss":0.0,"gold_gain":0.0,"event_name":"Beggar","player_choice":"Gave Gold","floor":25.0,"gold_loss":75.0,"damage_taken":0.0},{"damage_healed":0.0,"max_hp_gain":0.0,"max_hp_loss":0.0,"gold_gain":0.0,"event_name":"The Moai Head","player_choice":"Ignored","floor":38.0,"gold_loss":0.0,"damage_taken":0.0},{"damage_healed":0.0,"max_hp_gain":0.0,"max_hp_loss":0.0,"gold_gain":0.0,"event_name":"MindBloom","player_choice":"Fight","floor":41.0,"gold_loss":0.0,"damage_taken":0.0},{"damage_healed":0.0,"max_hp_gain":0.0,"max_hp_loss":0.0,"gold_gain":0.0,"event_name":"SensoryStone","player_choice":"Memory 1","floor":47.0,"gold_loss":0.0,"damage_taken":0.0}],"is_beta":false,"boss_relics":[{"not_picked":["Runic Dome","Runic Cube"],"picked":"rorgmod:Black Star"},{"not_picked":["Cursed Key","Fusion Hammer"],"picked":"Runic Pyramid"}],"items_purged_floors":[28,36,45],"is_endless":true,"potions_floor_spawned":[4,7,13,22,29,30,31,33,35,37,39,40,41,42,44,46],"killed_by":"3 Darklings","ascension_level":9}}