{"host":"mmro3auxcbu5pwad","time":1610810704,"event":{"mods":["Aspiration","BaseMod","Conspire","Energized Spire","Halation","Hubris","Infinite Spire","Minty Spire (QoL Compilation)","Permanent Neow","Replay The Spire","StSLib","vexMod"],"gold_per_floor":[17,17,17,17,30,30,47,75,102,170,170,196,212,235,235,356,356,371,371,371,389,72,72,116,116,142,157,180,219,219,237,237,367,367,392,417,293,293,293,293,312,312,337,361,361,361,361,376,376,376],"floor_reached":51,"language":"ENG","playtime":1497,"items_purged":["Strike_B"],"score":743,"play_id":"0724a13c-906f-4dad-afa1-e1c9d93d7a93","local_time":"20210116162504","is_ascension_mode":true,"campfire_choices":[{"data":"Zap","floor":6,"key":"SMITH"},{"floor":15,"key":"REST"},{"data":"Leap","floor":23,"key":"SMITH"},{"data":"Defend_B","floor":25,"key":"SMITH"},{"floor":30,"key":"REST"},{"data":"hubris:Ukulele","floor":32,"key":"SMITH"},{"data":"Leap","floor":40,"key":"SMITH"},{"data":"Lockon","floor":42,"key":"SMITH"},{"data":"Dualcast","floor":47,"key":"SMITH"},{"floor":49,"key":"REST"}],"circlet_count":0,"master_deck":["Defend_B+1","Defend_B+1","Defend_B+1","Defend_B+1","Zap+1","Dualcast+1","Static Discharge+1","Lockon+1","Auto Shields+1","hubris:Ukulele+1","Leap+1","Electrodynamics+1","Loop+1","hubris:Ukulele+1","Genetic Algorithm+1","Leap+1","Loop+1","Stack+1"],"relics":["Cracked Core","Tiny Chest","Anchor","PreservedInsect","Meat on the Bone","Golden Idol","Bag of Preparation","infinitespire:WardingShard","infinitespire:Bottled Soul","Ancient Tea Set","vexMod:ImprovementManual","Omamori","ReplayTheSpireMod:Lightbulb"],"acts_visited":["Exordium","TheCity","TheBeyond"],"potions_floor_usage":[8,29,33,48,50,50],"damage_taken":[{"damage":0,"enemies":"Small Slimes","floor":1,"turns":3},{"damage":3,"enemies":"Jaw Worm","floor":5,"turns":3},{"damage":0,"enemies":"2 Louse","floor":7,"turns":2},{"damage":15,"enemies":"Gremlin Nob","floor":8,"turns":4},{"damage":12,"enemies":"Gremlin Gang","floor":13,"turns":4},{"damage":9,"enemies":"Exordium Wildlife","floor":14,"turns":3},{"damage":6,"enemies":"The Guardian","floor":16,"turns":8},{"damage":0,"enemies":"Spheric Guardian","floor":18,"turns":3},{"damage":2,"enemies":"Shell Parasite","floor":21,"turns":5},{"damage":0,"enemies":"Gremlin Leader","floor":24,"turns":4},{"damage":2,"enemies":"Centurion and Healer","floor":27,"turns":4},{"damage":10,"enemies":"Shelled Parasite and Fungi","floor":28,"turns":5},{"damage":22,"enemies":"conspire:SneckoGhost","floor":29,"turns":4},{"damage":2,"enemies":"Snake Plant","floor":31,"turns":2},{"damage":33,"enemies":"Automaton","floor":33,"turns":6},{"damage":0,"enemies":"3 Darklings","floor":35,"turns":4},{"damage":3,"enemies":"Orb Walker","floor":36,"turns":3},{"damage":0,"enemies":"Sphere and 2 Shapes","floor":41,"turns":4},{"damage":12,"enemies":"Writhing Mass","floor":44,"turns":3},{"damage":0,"enemies":"3 Darklings","floor":48,"turns":5},{"damage":58,"enemies":"Awakened One","floor":50,"turns":10}],"seed_played":"-5267025477271964056","potions_obtained":[{"floor":5,"key":"Weak Potion"},{"floor":7,"key":"Fire Potion"},{"floor":13,"key":"Elixir"},{"floor":21,"key":"Dexterity Potion"},{"floor":27,"key":"CultistPotion"},{"floor":29,"key":"DistilledChaos"},{"floor":36,"key":"Strength Potion"},{"floor":48,"key":"SpeedPotion"}],"is_trial":false,"path_per_floor":["M","?","?","?","M","R","M","E","T","T","?","T","M","M","R","B",null,"M","?","?","M","$","R","E","R","T","M","M","E","R","M","R","B",null,"M","M","$","T","?","R","M","R","T","M","?","?","R","M","R","B",null],"character_chosen":"DEFECT","items_purchased":["infinitespire:WardingShard","Loop+1","Leap"],"campfire_rested":3,"item_purchase_floors":[22,22,37],"current_hp_per_floor":[75,75,75,75,72,72,72,57,57,57,57,57,45,36,56,50,69,69,69,69,67,67,67,67,67,67,65,55,45,65,63,63,42,69,69,66,66,66,66,66,66,66,66,54,54,54,54,54,69,23],"gold":376,"neow_bonus":"TRANSFORM_TWO_CARDS","is_daily":false,"chose_seed":false,"campfire_upgraded":7,"win_rate":0.0,"timestamp":1610810704,"path_taken":["M","?","?","?","?","R","M","E","T","?","?","?","M","M","R","BOSS","M","?","?","M","$","R","E","R","T","M","?","E","R","M","R","BOSS","M","M","$","?","?","R","M","R","T","M","?","?","R","M","R","BOSS"],"items_purchased_type":["Relic","Card","Card"],"build_version":"2020-12-22","purchased_purges":1,"victory":true,"max_hp_per_floor":[75,75,75,75,75,75,75,75,75,75,69,69,69,69,69,69,69,69,69,69,69,69,69,69,69,69,69,69,69,69,69,69,69,69,69,69,69,69,69,69,69,69,69,69,69,69,69,69,69,69],"card_choices":[{"not_picked":["Turbo","Leap"],"picked":"Lockon","floor":1},{"not_picked":["Stack","Storm"],"picked":"Auto Shields","floor":5},{"not_picked":["Barrage","Beam Cell","Compile Driver"],"picked":"SKIP","floor":7},{"not_picked":["Stack","Sweeping Beam","Barrage"],"picked":"SKIP","floor":8},{"not_picked":["Go for the Eyes","conspire:Rain"],"picked":"hubris:Ukulele","floor":13},{"not_picked":["Sweeping Beam","Cold Snap"],"picked":"Leap","floor":14},{"not_picked":["Rainbow","Amplify"],"picked":"Electrodynamics","floor":16},{"not_picked":["aspiration:Polymerization","Rebound","ReplayTheSpireMod:System Scan"],"picked":"SKIP","floor":18},{"not_picked":["Stack","Panic Button","BasicCrystalCard"],"picked":"SKIP","floor":21},{"not_picked":["Rainbow","Cold Snap","ReplaySolidLightProjector"],"picked":"SKIP","floor":24},{"not_picked":["Turbo","Scrape+1","Streamline+1"],"picked":"SKIP","floor":27},{"not_picked":["ReplaySort+1","Gash"],"picked":"hubris:Ukulele+1","floor":28},{"not_picked":["Coolheaded","Darkness","Steam"],"picked":"SKIP","floor":29},{"not_picked":["Barrage+1","ReplayTheSpireMod:System Scan","hubris:PowerSurge"],"picked":"SKIP","floor":31},{"not_picked":["Sweeping Beam","conspire:SharedLibrary+1","Ball Lightning+1"],"picked":"SKIP","floor":35},{"not_picked":["Chaos","Time Bomb+1","Genetic Algorithm+1"],"picked":"SKIP","floor":36},{"not_picked":["Chaos","Time Bomb+1"],"picked":"Genetic Algorithm+1","floor":36},{"not_picked":["Cold Snap+1","Steam"],"picked":"Loop+1","floor":41},{"not_picked":["Hologram","Sweeping Beam+1","Coolheaded"],"picked":"SKIP","floor":44},{"not_picked":["ReplayTheSpireMod:GoodbyeWorld","Ball Lightning+1"],"picked":"Stack+1","floor":48}],"player_experience":41816,"relics_obtained":[{"floor":8,"key":"Anchor"},{"floor":9,"key":"PreservedInsect"},{"floor":10,"key":"Meat on the Bone"},{"floor":12,"key":"Bag of Preparation"},{"floor":24,"key":"infinitespire:Bottled Soul"},{"floor":26,"key":"Ancient Tea Set"},{"floor":38,"key":"Omamori"},{"floor":43,"key":"ReplayTheSpireMod:Lightbulb"}],"event_choices":[{"cards_removed":["Beam Cell"],"damage_healed":0,"gold_gain":0,"player_choice":"Gave Card","damage_taken":0,"relics_obtained":["Tiny Chest"],"max_hp_gain":0,"max_hp_loss":0,"event_name":"WeMeetAgain","floor":4,"gold_loss":0},{"damage_healed":0,"gold_gain":0,"player_choice":"Lose Max HP","damage_taken":0,"relics_obtained":["Golden Idol"],"max_hp_gain":0,"max_hp_loss":6,"event_name":"Golden Idol","floor":11,"gold_loss":0},{"damage_healed":0,"gold_gain":0,"player_choice":"Ignored","damage_taken":0,"max_hp_gain":0,"max_hp_loss":0,"event_name":"Ghosts","floor":19,"gold_loss":0},{"damage_healed":0,"gold_gain":0,"player_choice":"Upgraded","damage_taken":0,"max_hp_gain":0,"max_hp_loss":0,"event_name":"Upgrade Shrine","floor":20,"gold_loss":0,"cards_upgraded":["Electrodynamics"]}],"is_beta":false,"boss_relics":[{"not_picked":["hubris:GrandSneckoEye","aspiration:Stellarator","energizedSpire:HugeHouse"]},{"not_picked":["Sozu","energizedSpire:NeverEndingSparkler"],"picked":"vexMod:ImprovementManual"}],"items_purged_floors":[37],"is_endless":false,"potions_floor_spawned":[5,7,13,21,27,29,36,48],"ascension_level":1}}