{"host":"6a06qhlf17v5rcww","time":1610824704,"event":{"mods":["Act Like it!","Aspiration","BaseMod","Beaked The Cultist","Better Altar","Better Match","Better Note","Better Sensory Stone","Better Skull","Better Third Choice","Better Vampires","BetterRewards","Block Reminder","Colored Powertips","Downfall","Gensokyo","Infinite Spire","Minty Spire (QoL Compilation)","Pale of the Ancients","Poor People Problems","Rare Cards Sparkle","Shade Mod","StSLib","The Bug Knight","The Jungle","The Marked"],"gold_per_floor":[199,209,226,241,541,541,566,595,612,412,374,374,374,404,424,424,424,424],"floor_reached":16,"language":"ENG","playtime":3944,"items_purged":[],"score":127,"play_id":"d5ea0e85-13ad-4dee-9ecf-39847d2b2d9e","local_time":"20210116141824","is_ascension_mode":true,"campfire_choices":[{"floor":1.0,"key":"RECALL"},{"data":"hexamod:FastForward","floor":10.0,"key":"SMITH"},{"data":"hexamod:GhostOfSpirePresent","floor":13.0,"key":"SMITH"}],"circlet_count":0,"master_deck":["hexamod:Strike","hexamod:Strike","hexamod:Strike+1","hexamod:Strike","hexamod:Defend","hexamod:Defend","hexamod:Defend","hexamod:Defend","hexamod:Sear","hexamod:Float+1","hexamod:FirstSeal","hexamod:Hexaguard","hexamod:SuperheatedStrike+1","downfall:Icky","downfall:Icky","hexamod:Hexaguard","hexamod:FastForward+1","hexamod:Hexaguard","hexamod:GhostOfSpirePresent+1","hexamod:InspiringFlames","downfall:Malfunctioning","hexamod:ApocalypseNow","hexamod:CatchUp"],"relics":["hexamod:SpiritBrand","Ancient Tea Set","downfall:HeartBlessingRed","downfall:HeartBlessingBlue","MealTicket"],"acts_visited":["Exordium"],"potions_floor_usage":[16,16],"damage_taken":[{"damage":9.0,"enemies":"infinitespire:Voidling","floor":2.0,"turns":5.0},{"damage":1.0,"enemies":"Small Slimes","floor":3.0,"turns":4.0},{"damage":3.0,"enemies":"2 Louse","floor":4.0,"turns":5.0},{"damage":13.0,"enemies":"HollowMod:MossKnight","floor":8.0,"turns":16.0},{"damage":0.0,"enemies":"Red Slaver","floor":9.0,"turns":4.0},{"damage":0.0,"enemies":"downfall:FleeingMerchant","floor":11.0,"turns":4.0},{"damage":29.0,"enemies":"3 Sentries","floor":14.0,"turns":8.0},{"damage":4.0,"enemies":"Blue Slaver","floor":15.0,"turns":3.0},{"damage":104,"enemies":"DF_ARCHETYPE_STREAMLINE","floor":16,"turns":14}],"seed_played":"2117965591670909643","potions_obtained":[{"floor":3.0,"key":"PowerPotion"},{"floor":8.0,"key":"Ancient Potion"},{"floor":9.0,"key":"ColorlessPotion"},{"floor":14.0,"key":"hexamod:SoulburnPotion"}],"is_trial":false,"path_per_floor":["R","M","M","M","?","?","T","E","M","R","$","?","R","E","M","B"],"character_chosen":"THE_SPIRIT","items_purchased":["hexamod:InspiringFlames"],"campfire_rested":0,"item_purchase_floors":[11],"current_hp_per_floor":[70,70,70,70,70,70,70,64,70,80,80,80,80,51,54,0,0,0],"gold":424,"neow_bonus":"HUNDRED_GOLD","is_daily":false,"chose_seed":false,"campfire_upgraded":2,"win_rate":0.0,"timestamp":1610824704,"path_taken":["R","M","M","?","?","?","T","E","?","R","$","?","R","E","M","BOSS"],"items_purchased_type":["Card"],"build_version":"2020-12-22","purchased_purges":0,"victory":false,"max_hp_per_floor":[70,70,70,70,70,70,70,70,70,80,80,80,80,80,80,80,80,80],"card_choices":[{"not_picked":["hexamod:BacktrackSmack","hexamod:ThermalTransfer"],"picked":"hexamod:FirstSeal","floor":2.0},{"not_picked":["hexamod:NightmareStrike","hexamod:SpectersWail"],"picked":"hexamod:Hexaguard","floor":3.0},{"not_picked":["hexamod:PhantomFireball","hexamod:GhostLash"],"picked":"hexamod:SuperheatedStrike","floor":4.0},{"not_picked":["hexamod:SpectersWail","hexamod:HauntingEcho"],"picked":"hexamod:FastForward","floor":8.0},{"not_picked":["hexamod:Firestarter","hexamod:CatchUp"],"picked":"hexamod:Hexaguard","floor":9.0},{"not_picked":["hexamod:SuperheatedStrike","hexamod:GhostOfSpireFuture"],"picked":"hexamod:GhostOfSpirePresent","floor":11.0},{"not_picked":["hexamod:GhostShield","hexamod:AdvancingGuard"],"picked":"hexamod:ApocalypseNow","floor":14.0},{"not_picked":["hexamod:DynamicBlow","hexamod:GhostOfSpireFuture"],"picked":"hexamod:CatchUp","floor":15.0}],"player_experience":736960,"relics_obtained":[{"floor":8.0,"key":"Ancient Tea Set"},{"floor":14.0,"key":"MealTicket"}],"event_choices":[],"is_beta":false,"boss_relics":[],"items_purged_floors":[],"is_endless":false,"potions_floor_spawned":[3,8,9,14],"killed_by":"DF_ARCHETYPE_STREAMLINE","ascension_level":3}}