{"host":"utqe55yv0jihe4d6","time":1610763048,"event":{"mods":["2.2 Compatiblity","AchievementEnabler","BaseMod","Block Reminder","Colored Map","Colored Powertips","Minty Spire (QoL Compilation)","Quick Restart","Rare Cards Sparkle","Relic Stats","SuperFastMode"],"gold_per_floor":[99,99,99,59,59,59,59,59,59,59,59,1,1,1,1,1,1,1,0,0,0,0,0,0],"floor_reached":23,"language":"ENG","playtime":550,"items_purged":[],"score":422,"play_id":"0478aab7-3595-4e96-95f0-017be0853ea8","local_time":"20210115211048","is_ascension_mode":true,"campfire_choices":[{"data":"Inflame","floor":6,"key":"SMITH"},{"data":"Inflame","floor":11,"key":"SMITH"},{"data":"Bash","floor":15,"key":"SMITH"}],"circlet_count":0,"master_deck":["AscendersBane","Strike_R","Strike_R","Strike_R","Defend_R","Defend_R","Defend_R","Defend_R","Bash+1","Headbutt","Wild Strike","Inflame+1","Clothesline","Spot Weakness","Inflame+1","Sword Boomerang","Limit Break","Battle Trance+1","Inflame"],"relics":["Ectoplasm","MawBank","Akabeko","InkBottle","Bag of Preparation","Empty Cage","FaceOfCleric"],"acts_visited":["Exordium","TheCity"],"potions_floor_usage":[22],"damage_taken":[{"damage":0,"enemies":"Small Slimes","floor":1,"turns":4},{"damage":2,"enemies":"Jaw Worm","floor":2,"turns":3},{"damage":0,"enemies":"Cultist","floor":3,"turns":2},{"damage":1,"enemies":"2 Fungi Beasts","floor":5,"turns":3},{"damage":20,"enemies":"Lagavulin","floor":7,"turns":6},{"damage":3,"enemies":"Gremlin Nob","floor":10,"turns":3},{"damage":0,"enemies":"Red Slaver","floor":13,"turns":1},{"damage":10,"enemies":"Lagavulin","floor":14,"turns":4},{"damage":18,"enemies":"Slime Boss","floor":16,"turns":7},{"damage":17,"enemies":"Shell Parasite","floor":18,"turns":3},{"damage":23,"enemies":"2 Thieves","floor":19,"turns":3},{"damage":1,"enemies":"Centurion and Healer","floor":22,"turns":3},{"damage":19,"enemies":"Slavers","floor":23,"turns":1}],"seed_played":"7870497151487786228","potions_obtained":[{"floor":5,"key":"Dexterity Potion"},{"floor":7,"key":"SmokeBomb"},{"floor":10,"key":"SkillPotion"},{"floor":13,"key":"SteroidPotion"}],"is_trial":false,"path_per_floor":["M","M","M","?","M","R","E","$","T","E","R","$","M","E","R","B",null,"M","M","?","?","M","E"],"character_chosen":"IRONCLAD","items_purchased":["Sword Boomerang"],"campfire_rested":0,"item_purchase_floors":[12],"current_hp_per_floor":[68,66,66,66,65,65,45,45,45,42,42,42,42,32,32,14,60,43,20,11,11,11,0,0],"gold":0,"neow_bonus":"BOSS_RELIC","is_daily":false,"chose_seed":false,"campfire_upgraded":3,"win_rate":0.0,"timestamp":1610763048,"path_taken":["M","M","M","?","M","R","E","$","T","E","R","$","M","E","R","BOSS","M","M","?","?","?","E"],"items_purchased_type":["Card"],"build_version":"2020-12-22","purchased_purges":0,"victory":false,"max_hp_per_floor":[75,75,75,75,75,75,75,75,75,75,75,75,75,75,75,75,75,75,75,75,75,76,76,76],"relic_stats":{"FaceOfCleric":1,"counters":[13,43],"Ectoplasm":347,"Bag of Preparation":[10],"MawBank":0,"obtain_stats":[{"FaceOfCleric":21,"Ectoplasm":0,"Bag of Preparation":14,"MawBank":7,"Empty Cage":17,"Burning Blood":0,"Akabeko":9,"InkBottle":10},{"FaceOfCleric":11,"Ectoplasm":0,"Bag of Preparation":8,"MawBank":5,"Empty Cage":9,"Burning Blood":0,"Akabeko":5,"InkBottle":6},{"FaceOfCleric":39,"Ectoplasm":0,"Bag of Preparation":26,"MawBank":18,"Empty Cage":33,"Burning Blood":0,"Akabeko":18,"InkBottle":21}],"InkBottle":[7]},"card_choices":[{"not_picked":["Havoc","Intimidate"],"picked":"Headbutt","floor":1},{"not_picked":["Clash","Flex"],"picked":"Wild Strike","floor":2},{"not_picked":["Iron Wave","Sentinel"],"picked":"Inflame","floor":3},{"not_picked":["Clash","Burning Pact"],"picked":"Clothesline","floor":5},{"not_picked":["Burning Pact","Inflame"],"picked":"Spot Weakness","floor":7},{"not_picked":["Pummel","Carnage"],"picked":"Inflame","floor":10},{"not_picked":["Heavy Blade","Body Slam","Berserk"],"picked":"SKIP","floor":13},{"not_picked":["Headbutt","Havoc","Seeing Red"],"picked":"SKIP","floor":14},{"not_picked":["Demon Form","Double Tap"],"picked":"Limit Break","floor":16},{"not_picked":["Uppercut","Flex"],"picked":"Battle Trance+1","floor":18},{"not_picked":["Carnage","Headbutt","Clothesline"],"picked":"SKIP","floor":19},{"not_picked":["Perfected Strike","Thunderclap"],"picked":"Inflame","floor":22}],"player_experience":2941465,"relics_obtained":[{"floor":7,"key":"MawBank"},{"floor":9,"key":"Akabeko"},{"floor":10,"key":"InkBottle"},{"floor":14,"key":"Bag of Preparation"}],"event_choices":[{"damage_healed":0,"gold_gain":0,"player_choice":"Left Gold","damage_taken":0,"max_hp_gain":0,"max_hp_loss":0,"event_name":"World of Goop","floor":4,"gold_loss":40},{"damage_healed":0,"gold_gain":0,"player_choice":"Stopped","damage_taken":9,"max_hp_gain":0,"max_hp_loss":0,"event_name":"Cursed Tome","floor":20,"gold_loss":0},{"damage_healed":0,"gold_gain":0,"player_choice":"Trade","damage_taken":0,"relics_obtained":["FaceOfCleric"],"max_hp_gain":0,"max_hp_loss":0,"event_name":"FaceTrader","floor":21,"gold_loss":0}],"is_beta":false,"boss_relics":[{"not_picked":["Calling Bell","Runic Dome"],"picked":"Empty Cage"}],"items_purged_floors":[],"is_endless":false,"potions_floor_spawned":[5,7,10,13,16,18],"killed_by":"Slavers","ascension_level":20}}