{"host":"mai03x2ekbjy4059","time":1610762360,"event":{"mods":["2.2 Compatiblity","BaseMod","DeckTracker","Highlight Path","Keyboard Shortcuts","Minty Spire (QoL Compilation)","Permanent Neow","Quick Restart","SuperFastMode","everything is the same but u backflip on backflip"],"gold_per_floor":[114,114,130,151,171,204,379,415,442,442,465,508,523,554,554,673,673,694,714,739,285,301,332,332,372,372,372,372],"floor_reached":27,"language":"KOR","playtime":678,"items_purged":["Doubt"],"score":299,"play_id":"1c41e32f-651f-4b2d-8f12-fd38add36da5","local_time":"20210116105920","is_ascension_mode":true,"campfire_choices":[{"data":"Storm","floor":15.0,"key":"SMITH"},{"floor":24.0,"key":"REST"}],"circlet_count":0,"master_deck":["Strike_B","Strike_B","Strike_B","Strike_B","Defend_B","Defend_B","Defend_B","Defend_B","Zap+1","Dualcast","Storm+1","Static Discharge","Steam","Thunder Strike","Self Repair","Capacitor","Core Surge","Defragment","Storm","Heatsinks","FTL"],"relics":["Cracked Core","Golden Idol","Toy Ornithopter","DataDisk","Bronze Scales","Centennial Puzzle","PreservedInsect","Du-Vu Doll","Inserter","Unceasing Top","Ancient Tea Set","Toxic Egg 2","Cables"],"acts_visited":["Exordium","TheCity"],"potions_floor_usage":[27,27],"damage_taken":[{"damage":1.0,"enemies":"Cultist","floor":1.0,"turns":3.0},{"damage":1.0,"enemies":"Jaw Worm","floor":3.0,"turns":3.0},{"damage":0.0,"enemies":"2 Louse","floor":4.0,"turns":3.0},{"damage":5.0,"enemies":"Exordium Thugs","floor":5.0,"turns":5.0},{"damage":18.0,"enemies":"Gremlin Nob","floor":6.0,"turns":4.0},{"damage":15.0,"enemies":"Lagavulin","floor":8.0,"turns":6.0},{"damage":5.0,"enemies":"Looter","floor":11.0,"turns":2.0},{"damage":6.0,"enemies":"3 Sentries","floor":12.0,"turns":5.0},{"damage":5.0,"enemies":"Red Slaver","floor":13.0,"turns":3.0},{"damage":8.0,"enemies":"Gremlin Nob","floor":14.0,"turns":2.0},{"damage":5.0,"enemies":"Hexaghost","floor":16.0,"turns":8.0},{"damage":5.0,"enemies":"3 Byrds","floor":18.0,"turns":3.0},{"damage":11.0,"enemies":"Shell Parasite","floor":19.0,"turns":4.0},{"damage":37.0,"enemies":"Shelled Parasite and Fungi","floor":20.0,"turns":4.0},{"damage":11.0,"enemies":"Cultist and Chosen","floor":22.0,"turns":4.0},{"damage":19.0,"enemies":"Book of Stabbing","floor":23.0,"turns":2.0},{"damage":48.0,"enemies":"Slavers","floor":25.0,"turns":3.0},{"damage":22,"enemies":"Gremlin Leader","floor":27,"turns":1}],"seed_played":"-1121702022196886038","potions_obtained":[{"floor":1.0,"key":"Explosive Potion"},{"floor":3.0,"key":"SkillPotion"},{"floor":6.0,"key":"BlessingOfTheForge"},{"floor":8.0,"key":"PowerPotion"},{"floor":18.0,"key":"SteroidPotion"},{"floor":19.0,"key":"GamblersBrew"},{"floor":20.0,"key":"PowerPotion"},{"floor":25.0,"key":"BlessingOfTheForge"}],"is_trial":false,"path_per_floor":["M","?","M","M","M","E","?","E","T","T","M","E","M","E","R","B",null,"M","M","M","$","M","E","R","E","T","E"],"character_chosen":"DEFECT","items_purchased":["Unceasing Top","Heatsinks"],"campfire_rested":1,"item_purchase_floors":[21,21],"current_hp_per_floor":[74,56,55,55,50,32,32,17,17,17,17,16,11,15,15,17,75,75,71,46,46,35,28,50,9,9,0,0],"gold":372,"neow_bonus":"UPGRADE_CARD","is_daily":false,"chose_seed":false,"campfire_upgraded":1,"win_rate":0.0,"timestamp":1610762360,"path_taken":["M","?","M","M","M","E","?","E","T","?","M","E","?","E","R","BOSS","M","?","?","$","M","E","R","E","T","E"],"items_purchased_type":["Relic","Card"],"build_version":"2020-12-22","purchased_purges":1,"victory":false,"max_hp_per_floor":[75,75,75,75,75,75,75,75,75,75,75,75,75,75,75,75,75,75,75,75,75,75,75,75,75,75,75,75],"card_choices":[{"not_picked":["Steam Power","Redo"],"picked":"Storm","floor":1.0},{"not_picked":["Sunder","Turbo"],"picked":"Static Discharge","floor":3.0},{"not_picked":["Barrage","Cold Snap","Sweeping Beam"],"picked":"SKIP","floor":4.0},{"not_picked":["Melter","Beam Cell"],"picked":"Steam","floor":5.0},{"not_picked":["Undo","Melter","Rip and Tear"],"picked":"SKIP","floor":6.0},{"not_picked":["Steam","Beam Cell"],"picked":"Thunder Strike","floor":8.0},{"not_picked":["Rebound","Undo","Redo"],"picked":"SKIP","floor":11.0},{"not_picked":["Compile Driver","Lockon","Beam Cell"],"picked":"SKIP","floor":12.0},{"not_picked":["Go for the Eyes","Glacier"],"picked":"Self Repair","floor":13.0},{"not_picked":["Aggregate","Darkness"],"picked":"Capacitor","floor":14.0},{"not_picked":["Rainbow","Multi-Cast"],"picked":"Core Surge","floor":16.0},{"not_picked":["Go for the Eyes","Scrape"],"picked":"Defragment","floor":18.0},{"not_picked":["Beam Cell","Compile Driver","Coolheaded"],"picked":"SKIP","floor":19.0},{"not_picked":["Rebound","Sweeping Beam"],"picked":"Storm","floor":20.0},{"not_picked":["Redo+1","Streamline","Coolheaded"],"picked":"SKIP","floor":22.0},{"not_picked":["Doom and Gloom","Core Surge","Coolheaded"],"picked":"SKIP","floor":23.0},{"not_picked":["Redo+1","Lockon+1"],"picked":"FTL","floor":25.0}],"player_experience":1041898,"relics_obtained":[{"floor":6.0,"key":"Toy Ornithopter"},{"floor":8.0,"key":"DataDisk"},{"floor":9.0,"key":"Bronze Scales"},{"floor":10.0,"key":"Centennial Puzzle"},{"floor":12.0,"key":"PreservedInsect"},{"floor":14.0,"key":"Du-Vu Doll"},{"floor":23.0,"key":"Ancient Tea Set"},{"floor":25.0,"key":"Toxic Egg 2"},{"floor":26.0,"key":"Cables"}],"event_choices":[{"damage_healed":0.0,"max_hp_gain":0.0,"max_hp_loss":0.0,"gold_gain":0.0,"event_name":"Golden Idol","player_choice":"Take Damage","floor":2.0,"gold_loss":0.0,"damage_taken":18.0,"relics_obtained":["Golden Idol"]},{"damage_healed":0.0,"max_hp_gain":0.0,"max_hp_loss":0.0,"gold_gain":175.0,"event_name":"Liars Game","player_choice":"AGREE","floor":7.0,"gold_loss":0.0,"damage_taken":0.0,"cards_obtained":["Doubt"]}],"is_beta":false,"boss_relics":[{"not_picked":["Calling Bell","Tiny House"],"picked":"Inserter"}],"items_purged_floors":[21],"is_endless":false,"potions_floor_spawned":[1,3,6,8,18,19,20,25],"killed_by":"Gremlin Leader","ascension_level":1}}