{"host":"e2ju6k0wppswbhbd","time":1610759812,"event":{"mods":["BaseMod","Minty Spire (QoL Compilation)","Rare Cards Sparkle","StSLib"],"gold_per_floor":[11,21,21,37,60,60,104,104,131,156,199,199,222,235,235,360,360,354,354,367,392,415,415,415],"floor_reached":23,"language":"FRA","playtime":2535,"items_purged":[],"score":205,"play_id":"aa27e9ca-9266-450d-a605-4ba06a1c229b","local_time":"20210116021652","is_ascension_mode":false,"campfire_choices":[{"floor":6,"key":"RECALL"},{"data":"Neutralize","floor":8,"key":"SMITH"},{"data":"Backflip","floor":15,"key":"SMITH"}],"circlet_count":0,"master_deck":["Strike_G","Strike_G","Strike_G","Strike_G","Strike_G","Defend_G","Defend_G","Defend_G","Defend_G","Defend_G","Survivor","Neutralize+1","Escape Plan","All Out Attack","Injury","PiercingWail","Backstab","Backflip+1","Dagger Spray","Bullet Time","Underhanded Strike","After Image","Dagger Throw","Heel Hook","Flying Knee","Deflect+1"],"relics":["Ring of the Snake","Golden Idol","Ancient Tea Set","Orichalcum","Smiling Mask","Happy Flower","Sozu"],"acts_visited":["Exordium","TheCity"],"potions_floor_usage":[7,7,11,11,16],"damage_taken":[{"damage":0,"enemies":"Small Slimes","floor":1,"turns":5},{"damage":0,"enemies":"Jaw Worm","floor":2,"turns":6},{"damage":0,"enemies":"2 Louse","floor":4,"turns":4},{"damage":1,"enemies":"Red Slaver","floor":5,"turns":6},{"damage":19,"enemies":"Gremlin Nob","floor":7,"turns":4},{"damage":0,"enemies":"Large Slime","floor":10,"turns":6},{"damage":22,"enemies":"Lagavulin","floor":11,"turns":9},{"damage":0,"enemies":"Blue Slaver","floor":14,"turns":4},{"damage":36,"enemies":"Slime Boss","floor":16,"turns":12},{"damage":3,"enemies":"2 Thieves","floor":18,"turns":4},{"damage":0,"enemies":"Chosen","floor":20,"turns":6},{"damage":26,"enemies":"Snake Plant","floor":21,"turns":7},{"damage":48,"enemies":"Centurion and Healer","floor":22,"turns":9},{"damage":10,"enemies":"Gremlin Leader","floor":23,"turns":3}],"seed_played":"8351404752751518023","potions_obtained":[{"floor":2,"key":"Strength Potion"},{"floor":4,"key":"Weak Potion"},{"floor":7,"key":"AttackPotion"},{"floor":10,"key":"GamblersBrew"},{"floor":11,"key":"Strength Potion"}],"is_trial":false,"path_per_floor":["M","M","?","M","M","R","E","R","T","M","E","?","T","M","R","B",null,"M","?","M","M","M","E"],"character_chosen":"THE_SILENT","items_purchased":[],"campfire_rested":0,"item_purchase_floors":[],"current_hp_per_floor":[84,84,84,84,83,83,64,64,64,64,42,42,42,42,42,6,84,81,84,84,58,10,0,0],"gold":415,"neow_bonus":"TWENTY_PERCENT_HP_BONUS","is_daily":false,"chose_seed":false,"campfire_upgraded":2,"win_rate":0.0,"timestamp":1610759812,"path_taken":["M","M","?","M","M","R","E","R","T","M","E","?","?","M","R","BOSS","M","?","M","M","M","E"],"items_purchased_type":[],"build_version":"2020-12-22","purchased_purges":0,"victory":false,"max_hp_per_floor":[84,84,84,84,84,84,84,84,84,84,84,84,84,84,84,84,84,84,84,84,84,84,84,84],"card_choices":[{"not_picked":["Flying Knee","Setup"],"picked":"Escape Plan","floor":1},{"not_picked":["Blade Dance","Calculated Gamble"],"picked":"All Out Attack","floor":2},{"not_picked":["Dagger Throw","Underhanded Strike"],"picked":"PiercingWail","floor":4},{"not_picked":["Endless Agony","Terror"],"picked":"Backstab","floor":5},{"not_picked":["PiercingWail","Terror"],"picked":"Backflip","floor":7},{"not_picked":["Setup","Bane"],"picked":"Dagger Spray","floor":10},{"not_picked":["Quick Slash","Infinite Blades"],"picked":"Bullet Time","floor":11},{"not_picked":["Dagger Spray","Well Laid Plans"],"picked":"Underhanded Strike","floor":14},{"not_picked":["Die Die Die","Storm of Steel"],"picked":"After Image","floor":16},{"not_picked":["Slice+1","Predator"],"picked":"Dagger Throw","floor":18},{"not_picked":["Quick Slash","Eviscerate"],"picked":"Heel Hook","floor":20},{"not_picked":["Cloak And Dagger","Dagger Throw"],"picked":"Flying Knee","floor":21},{"not_picked":["Choke","Dodge and Roll"],"picked":"Deflect+1","floor":22}],"player_experience":2681606,"relics_obtained":[{"floor":7,"key":"Ancient Tea Set"},{"floor":9,"key":"Orichalcum"},{"floor":11,"key":"Smiling Mask"},{"floor":13,"key":"Happy Flower"}],"event_choices":[{"damage_healed":0,"gold_gain":0,"player_choice":"Take Wound","damage_taken":0,"relics_obtained":["Golden Idol"],"max_hp_gain":0,"max_hp_loss":0,"event_name":"Golden Idol","floor":3,"gold_loss":0,"cards_obtained":["Injury"]},{"damage_healed":0,"gold_gain":0,"player_choice":"Ignored","damage_taken":0,"max_hp_gain":0,"max_hp_loss":0,"event_name":"Liars Game","floor":12,"gold_loss":0},{"damage_healed":3,"gold_gain":0,"player_choice":"Full Heal","damage_taken":0,"max_hp_gain":0,"max_hp_loss":0,"event_name":"Wheel of Change","floor":19,"gold_loss":0}],"is_beta":false,"boss_relics":[{"not_picked":["Velvet Choker","Snecko Eye"],"picked":"Sozu"}],"items_purged_floors":[],"is_endless":false,"potions_floor_spawned":[2,4,7,10,11,18,21,22],"killed_by":"Gremlin Leader","ascension_level":0}}