{"host":"t7mx8yfj1no5p62f","time":1610757009,"event":{"mods":["BaseMod","Bestiary","Colored Map","Colored Powertips","Minty Spire (QoL Compilation)","Relic Stats","StSLib","ojb\u0027s Info Mod"],"gold_per_floor":[110,110,121,44,44,73,83,83,109,109,142,154,166,183,183,259,259,259,159,159,159,159,159,159,159,159,159,19,19,19,19,19,19,19,19,0,0,0,0,0,0,0,0,0,0,0,0,0,0,0,0,0,0,0,0,0,0],"floor_reached":56,"language":"ENG","playtime":3428,"items_purged":["Strike_G"],"score":2170,"play_id":"8bdba816-0c82-4504-be1d-ab8efa00b746","local_time":"20210115193009","is_ascension_mode":true,"campfire_choices":[{"data":"Crippling Poison","floor":8.0,"key":"SMITH"},{"data":"Noxious Fumes","floor":10.0,"key":"SMITH"},{"data":"Bouncing Flask","floor":15.0,"key":"SMITH"},{"data":"Wraith Form v2","floor":23.0,"key":"SMITH"},{"floor":27.0,"key":"REST"},{"data":"Burst","floor":32.0,"key":"SMITH"},{"data":"Ghostly","floor":42.0,"key":"SMITH"},{"data":"Ghostly","floor":44.0,"key":"SMITH"},{"floor":49.0,"key":"RECALL"},{"data":"Ghostly","floor":53,"key":"SMITH"}],"circlet_count":0,"master_deck":["AscendersBane","Strike_G","Strike_G","Strike_G","Defend_G","Defend_G","Defend_G","Defend_G","Defend_G","Survivor","Neutralize","Noxious Fumes+1","Crippling Poison+1","All Out Attack","Dash","Blur","Burst+1","Deadly Poison","Backflip","Bouncing Flask+1","Wraith Form v2+1","Escape Plan","Well Laid Plans+1","PiercingWail","Ghostly+1","Ghostly+1","Ghostly+1","Venomology","Adrenaline","Backflip","Acrobatics","Acrobatics","PiercingWail"],"relics":["Ring of the Snake","NeowsBlessing","MealTicket","Ancient Tea Set","Smiling Mask","Ectoplasm","Centennial Puzzle","FossilizedHelix","Mercury Hourglass","PreservedInsect","Coffee Dripper","Red Mask","MawBank","Strawberry","Blood Vial","Lantern","Bag of Preparation"],"acts_visited":["Exordium","TheCity","TheBeyond","TheEnding"],"potions_floor_usage":[51,51,55,55,56,56,56,56],"damage_taken":[{"damage":0.0,"enemies":"Small Slimes","floor":1.0,"turns":1.0},{"damage":0.0,"enemies":"Cultist","floor":3.0,"turns":1.0},{"damage":0.0,"enemies":"Gremlin Nob","floor":6.0,"turns":1.0},{"damage":0.0,"enemies":"Jaw Worm","floor":7.0,"turns":3.0},{"damage":21.0,"enemies":"Lagavulin","floor":11.0,"turns":8.0},{"damage":3.0,"enemies":"Looter","floor":12.0,"turns":4.0},{"damage":1.0,"enemies":"Gremlin Gang","floor":13.0,"turns":2.0},{"damage":11.0,"enemies":"3 Louse","floor":14.0,"turns":3.0},{"damage":12.0,"enemies":"The Guardian","floor":16.0,"turns":9.0},{"damage":5.0,"enemies":"3 Byrds","floor":18.0,"turns":4.0},{"damage":7.0,"enemies":"2 Thieves","floor":19.0,"turns":5.0},{"damage":0.0,"enemies":"Snecko","floor":21.0,"turns":4.0},{"damage":2.0,"enemies":"Centurion and Healer","floor":22.0,"turns":7.0},{"damage":20.0,"enemies":"Book of Stabbing","floor":24.0,"turns":6.0},{"damage":6.0,"enemies":"Colosseum Slavers","floor":29.0,"turns":5.0},{"damage":7.0,"enemies":"Colosseum Nobs","floor":29.0,"turns":6.0},{"damage":0.0,"enemies":"Slavers","floor":31.0,"turns":5.0},{"damage":1.0,"enemies":"Collector","floor":33.0,"turns":7.0},{"damage":0.0,"enemies":"Orb Walker","floor":35.0,"turns":5.0},{"damage":0.0,"enemies":"3 Darklings","floor":37.0,"turns":5.0},{"damage":0.0,"enemies":"4 Shapes","floor":38.0,"turns":4.0},{"damage":3.0,"enemies":"Reptomancer","floor":40.0,"turns":6.0},{"damage":0.0,"enemies":"Spire Growth","floor":41.0,"turns":6.0},{"damage":1.0,"enemies":"Giant Head","floor":45.0,"turns":9.0},{"damage":0.0,"enemies":"3 Darklings","floor":46.0,"turns":4.0},{"damage":6.0,"enemies":"Reptomancer","floor":47.0,"turns":6.0},{"damage":19.0,"enemies":"Time Eater","floor":50.0,"turns":17.0},{"damage":0,"enemies":"Donu and Deca","floor":51,"turns":12},{"damage":0,"enemies":"Shield and Spear","floor":55,"turns":9},{"damage":53,"enemies":"The Heart","floor":56,"turns":12}],"seed_played":"8519168187013082545","potions_obtained":[{"floor":2.0,"key":"CunningPotion"},{"floor":2.0,"key":"ColorlessPotion"},{"floor":3.0,"key":"BlessingOfTheForge"},{"floor":7.0,"key":"ColorlessPotion"},{"floor":11.0,"key":"CunningPotion"},{"floor":16.0,"key":"Fire Potion"},{"floor":18.0,"key":"LiquidMemories"},{"floor":24.0,"key":"PowerPotion"},{"floor":35.0,"key":"Poison Potion"},{"floor":55,"key":"Strength Potion"}],"is_trial":false,"path_per_floor":["M","?","M","$","$","E","M","R","T","R","E","M","M","M","R","B",null,"M","M","?","M","M","R","E","?","T","R","$","?","?","E","R","B",null,"M","?","M","M","?","E","M","R","T","R","E","M","E","?","R","B","B",null,"R","$","E","B"],"character_chosen":"THE_SILENT","items_purchased":["All Out Attack","Well Laid Plans"],"campfire_rested":1,"item_purchase_floors":[4,28],"current_hp_per_floor":[59,59,59,59,59,59,59,59,59,59,38,35,34,23,23,11,52,47,40,40,40,38,38,18,18,18,37,52,39,33,33,33,32,33,33,33,33,33,33,30,30,30,37,37,36,38,34,34,34,17,19,35,35,40,40,0,0],"gold":0,"neow_bonus":"THREE_ENEMY_KILL","is_daily":false,"chose_seed":false,"campfire_upgraded":8,"win_rate":0.0,"timestamp":1610757009,"path_taken":["M","?","M","?","$","E","M","R","T","R","E","?","M","M","R","BOSS","M","M","?","?","M","R","E","?","T","R","$","?","?","E","R","BOSS","M","?","M","M","?","E","?","R","T","R","E","M","E","?","R","BOSS","BOSS","R","$","E","BOSS"],"items_purchased_type":["Card","Card"],"build_version":"2020-12-22","purchased_purges":1,"victory":false,"max_hp_per_floor":[66,66,66,66,66,66,66,66,66,66,66,66,66,66,66,66,66,66,66,66,66,66,66,66,66,66,66,66,66,33,33,33,33,33,33,33,33,33,33,33,33,33,40,40,40,40,40,40,40,40,40,40,40,40,40,40,40],"relic_stats":{"Blood Vial":8,"Centennial Puzzle":[24],"counters":[30,176],"MealTicket":20,"Ectoplasm":759,"PreservedInsect":329,"Bag of Preparation":[2],"Smiling Mask":25,"MawBank":0,"obtain_stats":[{"Lantern":47,"NeowsBlessing":0,"PreservedInsect":31,"Bag of Preparation":55,"Ancient Tea Set":9,"Smiling Mask":11,"MawBank":40,"Mercury Hourglass":29,"Blood Vial":45,"Centennial Puzzle":24,"Strawberry":43,"MealTicket":6,"Ectoplasm":17,"Coffee Dripper":34,"Red Mask":36,"FossilizedHelix":29,"Ring of the Snake":0},{"Lantern":26,"NeowsBlessing":0,"PreservedInsect":17,"Bag of Preparation":29,"Ancient Tea Set":4,"Smiling Mask":5,"MawBank":22,"Mercury Hourglass":16,"Blood Vial":24,"Centennial Puzzle":14,"Strawberry":23,"MealTicket":3,"Ectoplasm":9,"Coffee Dripper":18,"Red Mask":19,"FossilizedHelix":16,"Ring of the Snake":0},{"Lantern":126,"NeowsBlessing":0,"PreservedInsect":74,"Bag of Preparation":164,"Ancient Tea Set":6,"Smiling Mask":14,"MawBank":101,"Mercury Hourglass":69,"Blood Vial":116,"Centennial Puzzle":58,"Strawberry":107,"MealTicket":3,"Ectoplasm":32,"Coffee Dripper":81,"Red Mask":86,"FossilizedHelix":69,"Ring of the Snake":0}],"Ring of the Snake":[60],"Mercury Hourglass":[449]},"card_choices":[{"not_picked":["Poisoned Stab","Crippling Poison"],"picked":"Noxious Fumes","floor":1.0},{"not_picked":["Blur","Cloak And Dagger"],"picked":"Crippling Poison","floor":3.0},{"not_picked":["Deflect","Predator"],"picked":"Dash","floor":6.0},{"not_picked":["Cloak And Dagger","Bane"],"picked":"Blur","floor":7.0},{"not_picked":["Accuracy","Dash"],"picked":"Burst","floor":11.0},{"not_picked":["Bane","Reflex"],"picked":"Deadly Poison","floor":12.0},{"not_picked":["Endless Agony","Expertise"],"picked":"Backflip","floor":13.0},{"not_picked":["Poisoned Stab","Outmaneuver"],"picked":"Bouncing Flask","floor":14.0},{"not_picked":["Envenom","Doppelganger"],"picked":"Wraith Form v2","floor":16.0},{"not_picked":["Underhanded Strike","Cloak And Dagger","Sucker Punch+1"],"picked":"SKIP","floor":18.0},{"not_picked":["Outmaneuver","Sucker Punch"],"picked":"Escape Plan","floor":19.0},{"not_picked":["Slice","Reflex","Dagger Spray+1"],"picked":"SKIP","floor":21.0},{"not_picked":["Underhanded Strike","Outmaneuver","Crippling Poison"],"picked":"SKIP","floor":22.0},{"not_picked":["Dash","Poisoned Stab","Predator"],"picked":"SKIP","floor":24.0},{"not_picked":["Dagger Spray","Backstab+1"],"picked":"PiercingWail","floor":29.0},{"not_picked":["Slice+1","PiercingWail"],"picked":"Venomology","floor":31.0},{"not_picked":["A Thousand Cuts","Burst"],"picked":"Adrenaline","floor":33.0},{"not_picked":["Slice","Outmaneuver","Skewer"],"picked":"SKIP","floor":35.0},{"not_picked":["Distraction","Flechettes"],"picked":"Backflip","floor":37.0},{"not_picked":["Cloak And Dagger","Dash+1","Blade Dance"],"picked":"SKIP","floor":38.0},{"not_picked":["Escape Plan","Distraction","Blade Dance"],"picked":"SKIP","floor":40.0},{"not_picked":["Dagger Throw","Prepared","Dagger Spray"],"picked":"SKIP","floor":41.0},{"not_picked":["Dagger Spray","Prepared+1"],"picked":"Acrobatics","floor":45.0},{"not_picked":["Bullet Time","PiercingWail"],"picked":"Acrobatics","floor":46.0},{"not_picked":["Slice+1","Dagger Throw","Outmaneuver+1"],"picked":"SKIP","floor":47.0},{"not_picked":["Accuracy","Quick Slash"],"picked":"PiercingWail","floor":55}],"player_experience":1773131,"relics_obtained":[{"floor":6.0,"key":"MealTicket"},{"floor":9.0,"key":"Ancient Tea Set"},{"floor":11.0,"key":"Smiling Mask"},{"floor":24.0,"key":"Centennial Puzzle"},{"floor":29.0,"key":"FossilizedHelix"},{"floor":29.0,"key":"Mercury Hourglass"},{"floor":31.0,"key":"PreservedInsect"},{"floor":40.0,"key":"MawBank"},{"floor":43.0,"key":"Strawberry"},{"floor":45.0,"key":"Blood Vial"},{"floor":47.0,"key":"Lantern"},{"floor":55,"key":"Bag of Preparation"}],"event_choices":[{"damage_healed":0.0,"max_hp_gain":0.0,"max_hp_loss":0.0,"gold_gain":0.0,"event_name":"Lab","player_choice":"Got Potions","floor":2.0,"gold_loss":0.0,"damage_taken":0.0},{"cards_removed":["Strike_G"],"damage_healed":0.0,"max_hp_gain":0.0,"max_hp_loss":0.0,"gold_gain":0.0,"event_name":"Purifier","player_choice":"Purged","floor":20.0,"gold_loss":0.0,"damage_taken":0.0},{"damage_healed":0.0,"max_hp_gain":0.0,"max_hp_loss":0.0,"gold_gain":0.0,"event_name":"The Mausoleum","player_choice":"Ignored","floor":25.0,"gold_loss":0.0,"damage_taken":0.0},{"damage_healed":0.0,"max_hp_gain":0.0,"max_hp_loss":0.0,"gold_gain":0.0,"event_name":"Colosseum","player_choice":"Fight","floor":29.0,"gold_loss":0.0,"damage_taken":0.0},{"damage_healed":0.0,"max_hp_gain":0.0,"max_hp_loss":0.0,"gold_gain":0.0,"event_name":"Colosseum","player_choice":"Fought Nobs","floor":29.0,"gold_loss":0.0,"damage_taken":0.0},{"damage_healed":0.0,"max_hp_gain":0.0,"max_hp_loss":33.0,"gold_gain":0.0,"event_name":"Ghosts","player_choice":"Became a Ghost","floor":30.0,"gold_loss":0.0,"damage_taken":0.0,"cards_obtained":["Ghostly","Ghostly","Ghostly"]},{"damage_healed":0.0,"max_hp_gain":0.0,"max_hp_loss":0.0,"gold_gain":0.0,"event_name":"Tomb of Lord Red Mask","player_choice":"Paid","floor":36.0,"gold_loss":19.0,"damage_taken":0.0,"relics_obtained":["Red Mask"]},{"damage_healed":0.0,"max_hp_gain":0.0,"max_hp_loss":0.0,"gold_gain":0.0,"event_name":"Match and Keep!","player_choice":"0 cards matched","floor":39.0,"gold_loss":0.0,"damage_taken":0.0,"cards_obtained":[]},{"damage_healed":0.0,"max_hp_gain":0.0,"max_hp_loss":0.0,"gold_gain":0.0,"event_name":"Accursed Blacksmith","player_choice":"Forge","floor":48.0,"gold_loss":0.0,"damage_taken":0.0,"cards_upgraded":["Well Laid Plans"]}],"is_beta":false,"boss_relics":[{"not_picked":["WristBlade","Tiny House"],"picked":"Ectoplasm"},{"not_picked":["Busted Crown","Philosopher\u0027s Stone"],"picked":"Coffee Dripper"}],"items_purged_floors":[28],"is_endless":false,"potions_floor_spawned":[3,6,7,11,16,18,24,29,31,35,45,55],"killed_by":"The Heart","ascension_level":20}}