{"host":"krqozg1tp0zpuvz3","time":1610812209,"event":{"mods":["AchievementEnabler","BaseMod","Better Match","Better Note","Better Sensory Stone","Better Third Choice","BetterRewards","Colored Map","DeckTracker","Keyboard Shortcuts","Minty Spire (QoL Compilation)","Permanent Neow","Relic Stats","Shop Mod","StSLib","SuperFastMode"],"gold_per_floor":[118,133,55,55,55,9,9,34,34,72,72,106,106,129,129,257,257,272,292,192,215,215,215,215,215,215,231,250,289,289,414,414,538,538,556,577,602,602,665,665,681,681,707,25,107,121,121,142,142,142],"floor_reached":51,"language":"KOR","playtime":2116,"items_purged":["Strike_P","Strike_P","Defend_P"],"score":1054,"play_id":"879e0dca-25b9-47a6-9a7b-74b5df32b881","local_time":"20210117005009","is_ascension_mode":true,"campfire_choices":[{"floor":7,"key":"REST"},{"floor":11,"key":"REST"},{"data":"Eruption","floor":13,"key":"SMITH"},{"floor":15,"key":"REST"},{"floor":23,"key":"REST"},{"data":"Ragnarok","floor":25,"key":"SMITH"},{"data":"Crescendo","floor":30,"key":"SMITH"},{"floor":32,"key":"REST"},{"data":"ClearTheMind","floor":40,"key":"SMITH"},{"data":"FearNoEvil","floor":42,"key":"SMITH"},{"data":"MentalFortress","floor":47,"key":"SMITH"},{"floor":49,"key":"REST"}],"circlet_count":0,"master_deck":["Defend_P","Eruption+1","Vigilance","ClearTheMind+1","Meditate+1","MentalFortress+1","Halt+1","Tantrum","Ragnarok+1","FearNoEvil+1","FlurryOfBlows","SashWhip","Tantrum","Crescendo+1","Sanctity+1","FollowUp+1","FlurryOfBlows"],"relics":["PureWater","Thread and Needle","Ice Cream","Ginger","Golden Idol","Singing Bowl","Sundial","Bag of Preparation","Matryoshka","War Paint","CloakClasp","HornCleat","Philosopher\u0027s Stone","StoneCalendar","Centennial Puzzle","MawBank","Ornamental Fan","StrikeDummy","Regal Pillow","Bottled Flame"],"acts_visited":["Exordium","TheCity","TheBeyond"],"potions_floor_usage":[12,28,31,37,50,50],"damage_taken":[{"damage":0,"enemies":"Cultist","floor":1,"turns":3},{"damage":0,"enemies":"Small Slimes","floor":2,"turns":5},{"damage":0,"enemies":"Jaw Worm","floor":8,"turns":5},{"damage":25,"enemies":"Gremlin Nob","floor":10,"turns":5},{"damage":14,"enemies":"Lagavulin","floor":12,"turns":8},{"damage":0,"enemies":"2 Fungi Beasts","floor":14,"turns":2},{"damage":39,"enemies":"Hexaghost","floor":16,"turns":11},{"damage":18,"enemies":"2 Thieves","floor":18,"turns":5},{"damage":0,"enemies":"3 Byrds","floor":19,"turns":4},{"damage":18,"enemies":"Snake Plant","floor":21,"turns":4},{"damage":0,"enemies":"Chosen and Byrds","floor":27,"turns":3},{"damage":0,"enemies":"3 Cultists","floor":28,"turns":2},{"damage":4,"enemies":"Slavers","floor":29,"turns":4},{"damage":0,"enemies":"Colosseum Slavers","floor":31,"turns":3},{"damage":28,"enemies":"Colosseum Nobs","floor":31,"turns":4},{"damage":0,"enemies":"Automaton","floor":33,"turns":6},{"damage":68,"enemies":"3 Shapes","floor":35,"turns":4},{"damage":0,"enemies":"3 Darklings","floor":36,"turns":5},{"damage":0,"enemies":"Maw","floor":37,"turns":5},{"damage":0,"enemies":"Mind Bloom Boss Battle","floor":39,"turns":4},{"damage":12,"enemies":"Writhing Mass","floor":41,"turns":5},{"damage":0,"enemies":"Transient","floor":46,"turns":5},{"damage":16,"enemies":"Sphere and 2 Shapes","floor":48,"turns":3},{"damage":77,"enemies":"Awakened One","floor":50,"turns":9}],"seed_played":"4662952988597855399","potions_obtained":[{"floor":8,"key":"LiquidBronze"},{"floor":12,"key":"Fruit Juice"},{"floor":14,"key":"GamblersBrew"},{"floor":18,"key":"DistilledChaos"},{"floor":28,"key":"Block Potion"},{"floor":33,"key":"Swift Potion"}],"is_trial":false,"path_per_floor":["M","M","$","?","?","$","R","M","T","E","R","E","R","M","R","B",null,"M","M","$","M","?","R","?","R","T","M","M","E","R","?","R","B",null,"M","M","M","?","?","R","M","R","T","$","T","M","R","M","R","B",null],"character_chosen":"WATCHER","items_purchased":["Ice Cream","Ginger","MentalFortress","Halt","Ornamental Fan","FlurryOfBlows","BottledMiracle","StrikeDummy"],"campfire_rested":6,"item_purchase_floors":[0,0,3,6,44,44,44,44],"current_hp_per_floor":[33,33,33,33,33,33,53,53,53,30,50,43,43,45,68,29,66,48,48,48,32,32,56,56,56,56,58,60,56,56,30,55,57,80,14,14,16,80,80,80,70,70,70,70,70,72,72,58,86,9],"gold":142,"neow_bonus":"","is_daily":false,"chose_seed":false,"campfire_upgraded":6,"win_rate":0.0,"timestamp":1610812209,"path_taken":["M","M","$","?","?","?","R","M","T","E","R","E","R","M","R","BOSS","M","M","$","M","?","R","?","R","T","M","?","E","R","?","R","BOSS","M","M","M","?","?","R","M","R","T","$","?","M","R","M","R","BOSS"],"items_purchased_type":["Relic","Relic","Card","Card","Relic","Card","Potion","Relic"],"build_version":"2020-12-22","purchased_purges":3,"victory":true,"max_hp_per_floor":[72,72,72,67,67,67,67,67,67,69,69,76,76,78,78,78,78,78,78,78,80,80,80,80,80,80,82,84,84,84,86,86,88,88,90,90,92,80,80,80,82,82,82,82,82,84,84,86,86,86],"relic_stats":{"Regal Pillow":3,"Singing Bowl":26,"counters":[29,134],"Golden Idol":190,"StoneCalendar":[52],"Bag of Preparation":[38],"CloakClasp":[133],"Ginger":[12],"War Paint":["Halt","Meditate"],"MawBank":12,"Centennial Puzzle":[6],"Sundial":[20],"Ornamental Fan":[80],"obtain_stats":[{"Ice Cream":0,"Regal Pillow":45,"Singing Bowl":9,"StoneCalendar":39,"Bag of Preparation":12,"CloakClasp":31,"Ginger":0,"Centennial Puzzle":43,"Matryoshka":26,"HornCleat":31,"Mummified Hand":0,"Sundial":10,"Gambling Chip":0,"Philosopher\u0027s Stone":34,"Golden Idol":4,"Oddly Smooth Stone":0,"Thread and Needle":0,"War Paint":29,"Medical Kit":0,"MawBank":43,"Peace Pipe":0,"Bottled Flame":45,"Ornamental Fan":44,"PureWater":0,"StrikeDummy":44},{"Ice Cream":5,"Regal Pillow":26,"Singing Bowl":8,"StoneCalendar":25,"Bag of Preparation":10,"CloakClasp":20,"Ginger":5,"Centennial Puzzle":26,"Matryoshka":15,"HornCleat":20,"Mummified Hand":0,"Sundial":9,"Gambling Chip":0,"Philosopher\u0027s Stone":21,"Golden Idol":7,"Oddly Smooth Stone":0,"Thread and Needle":5,"War Paint":18,"Medical Kit":0,"MawBank":26,"Peace Pipe":0,"Bottled Flame":26,"Ornamental Fan":26,"PureWater":0,"StrikeDummy":26},{"Ice Cream":20,"Regal Pillow":117,"Singing Bowl":33,"StoneCalendar":112,"Bag of Preparation":46,"CloakClasp":88,"Ginger":20,"Centennial Puzzle":117,"Matryoshka":72,"HornCleat":88,"Mummified Hand":0,"Sundial":38,"Gambling Chip":0,"Philosopher\u0027s Stone":94,"Golden Idol":28,"Oddly Smooth Stone":0,"Thread and Needle":20,"War Paint":81,"Medical Kit":0,"MawBank":117,"Peace Pipe":0,"Bottled Flame":117,"Ornamental Fan":117,"PureWater":0,"StrikeDummy":117}]},"card_choices":[{"not_picked":["BowlingBash","Sanctity"],"picked":"ClearTheMind","floor":1},{"not_picked":["WindmillStrike","EmptyFist"],"picked":"Meditate","floor":2},{"not_picked":["CutThroughFate","ThirdEye"],"picked":"Tantrum","floor":8},{"not_picked":["Alpha","EmptyBody","Evaluate"],"picked":"Singing Bowl","floor":10},{"not_picked":["Wish","Halt","Vengeance"],"picked":"Singing Bowl","floor":12},{"not_picked":["BowlingBash","Halt","Collect"],"picked":"Singing Bowl","floor":14},{"not_picked":["Wish","Devotion"],"picked":"Ragnarok","floor":16},{"not_picked":["Consecrate","JustLucky"],"picked":"FearNoEvil","floor":18},{"not_picked":["ClearTheMind","Tantrum"],"picked":"FlurryOfBlows","floor":19},{"not_picked":["Sanctity","CrushJoints+1","BowlingBash"],"picked":"Singing Bowl","floor":21},{"not_picked":["ThirdEye","WreathOfFlame","Protect"],"picked":"Singing Bowl","floor":27},{"not_picked":["CutThroughFate","CrushJoints","FlyingSleeves"],"picked":"Singing Bowl","floor":28},{"not_picked":["Worship","Collect"],"picked":"Crescendo","floor":29},{"not_picked":["EmptyBody","BowlingBash","CutThroughFate+1"],"picked":"Singing Bowl","floor":31},{"not_picked":["Vault","ConjureBlade","Establishment"],"picked":"Singing Bowl","floor":33},{"not_picked":["PathToVictory","BowlingBash+1","SignatureMove"],"picked":"Singing Bowl","floor":35},{"not_picked":["Pray","Weave"],"picked":"Sanctity+1","floor":36},{"not_picked":["Evaluate+1","CarveReality+1","CrushJoints"],"picked":"Singing Bowl","floor":37},{"not_picked":["Tantrum+1","Ragnarok"],"picked":"FollowUp+1","floor":39},{"not_picked":["FearNoEvil+1","FlyingSleeves+1","CrushJoints+1"],"picked":"Singing Bowl","floor":41},{"not_picked":["PathToVictory+1","Evaluate+1","Halt+1"],"picked":"Singing Bowl","floor":46},{"not_picked":["Nirvana+1","SashWhip+1","EmptyFist"],"picked":"Singing Bowl","floor":48}],"player_experience":327166,"relics_obtained":[{"floor":9,"key":"Singing Bowl"},{"floor":10,"key":"Sundial"},{"floor":12,"key":"Bag of Preparation"},{"floor":26,"key":"Matryoshka"},{"floor":29,"key":"War Paint"},{"floor":31,"key":"CloakClasp"},{"floor":31,"key":"HornCleat"},{"floor":39,"key":"StoneCalendar"},{"floor":43,"key":"Centennial Puzzle"},{"floor":43,"key":"MawBank"},{"floor":45,"key":"Regal Pillow"},{"floor":45,"key":"Bottled Flame"}],"event_choices":[{"damage_healed":0,"gold_gain":0,"player_choice":"Lose Max HP","damage_taken":0,"relics_obtained":["Golden Idol"],"max_hp_gain":0,"max_hp_loss":5,"event_name":"Golden Idol","floor":4,"gold_loss":0},{"cards_removed":["Strike_P"],"damage_healed":0,"gold_gain":0,"player_choice":"Forget","damage_taken":0,"max_hp_gain":0,"max_hp_loss":0,"event_name":"Living Wall","floor":5,"gold_loss":0},{"damage_healed":0,"gold_gain":0,"cards_transformed":["Defend_P","Strike_P"],"player_choice":"Became Test Subject","damage_taken":0,"max_hp_gain":0,"max_hp_loss":0,"event_name":"Drug Dealer","floor":22,"gold_loss":0,"cards_obtained":["SashWhip","Tantrum"]},{"cards_removed":["Defend_P"],"damage_healed":0,"gold_gain":0,"player_choice":"Purged","damage_taken":0,"max_hp_gain":0,"max_hp_loss":0,"event_name":"Purifier","floor":24,"gold_loss":0},{"damage_healed":0,"gold_gain":0,"player_choice":"Fight","damage_taken":0,"max_hp_gain":0,"max_hp_loss":0,"event_name":"Colosseum","floor":31,"gold_loss":0},{"damage_healed":0,"gold_gain":0,"player_choice":"Fought Nobs","damage_taken":0,"max_hp_gain":0,"max_hp_loss":0,"event_name":"Colosseum","floor":31,"gold_loss":0},{"damage_healed":80,"gold_gain":0,"player_choice":"Heal","damage_taken":0,"max_hp_gain":0,"max_hp_loss":12,"event_name":"The Moai Head","floor":38,"gold_loss":0},{"damage_healed":0,"gold_gain":0,"player_choice":"Fight","damage_taken":0,"max_hp_gain":0,"max_hp_loss":0,"event_name":"MindBloom","floor":39,"gold_loss":0}],"is_beta":false,"boss_relics":[{"not_picked":["Runic Dome","Ectoplasm","Snecko Eye"]},{"not_picked":["Tiny House","Empty Cage"],"picked":"Philosopher\u0027s Stone"}],"items_purged_floors":[0,20,44],"is_endless":false,"potions_floor_spawned":[8,12,14,18,27,28,29,33,35,36,46],"ascension_level":9}}