{"host":"1a3cjta80tad0aqj","time":1610816561,"event":{"mods":["2.2 Compatiblity","AchievementEnabler","BaseMod","Colored Map","DeckTracker","KOR Keyword Fix","Keyboard Shortcuts","Minty Spire (QoL Compilation)","Permanent Neow","Quick Restart","Random Character Button","StSLib","SuperFastMode","everything is the same but u backflip on backflip"],"gold_per_floor":[109,109,120,120,120,120,137,168,168,181,0,0,28,48,48,143,143,157,171,184,40,40,72,84,84,84,100,100,126,126,41,41,144,144,154,154,167,77,96,96,131,131,131,151,201,214,228,3,3,3,3,3,3,38,38,38],"floor_reached":55,"language":"KOR","playtime":3084,"items_purged":[],"score":893,"play_id":"b2769512-8a55-4643-9f84-79f0f2637fe0","local_time":"20210117020241","is_ascension_mode":true,"campfire_choices":[{"data":"Dualcast","floor":6.0,"key":"SMITH"},{"floor":12.0,"key":"REST"},{"floor":15.0,"key":"RECALL"},{"floor":25.0,"key":"REST"},{"floor":28.0,"key":"REST"},{"floor":30.0,"key":"REST"},{"floor":32.0,"key":"REST"},{"data":"Sunder","floor":40.0,"key":"SMITH"},{"data":"Chill","floor":42.0,"key":"SMITH"},{"data":"Capacitor","floor":49.0,"key":"SMITH"},{"data":"Aggregate","floor":52.0,"key":"SMITH"}],"circlet_count":0,"master_deck":["Strike_B","Strike_B+1","Defend_B","Defend_B","Defend_B","Zap","Dualcast+1","Chill+1","Gash","Aggregate+1","Sunder+1","Glacier+1","Coolheaded+1","Double Energy+1","Buffer+1","Redo+1","Go for the Eyes","Coolheaded+1","Genetic Algorithm+1","Glacier+1","Decay","Meteor Strike+1","Barrage+1","Meteor Strike","Gash+1","Streamline+1","Coolheaded+1","Compile Driver+1","Shame","Ball Lightning+1","Stack+1","Loop+1","Aggregate+1","Capacitor+1","Hologram+1"],"relics":["Cracked Core","DataDisk","Ice Cream","Toxic Egg 2","TheAbacus","Mummified Hand","Cursed Key","Potion Belt","Oddly Smooth Stone","Red Mask","Calipers","Inserter","Pen Nib","Pear","Unceasing Top","Blood Vial","Whetstone"],"acts_visited":["TheCity","TheBeyond","TheEnding"],"potions_floor_usage":[55,55],"damage_taken":[{"damage":0.0,"enemies":"2 Louse","floor":1.0,"turns":2.0},{"damage":0.0,"enemies":"Cultist","floor":3.0,"turns":2.0},{"damage":0.0,"enemies":"Small Slimes","floor":7.0,"turns":2.0},{"damage":27.0,"enemies":"Lagavulin","floor":8.0,"turns":6.0},{"damage":3.0,"enemies":"Gremlin Gang","floor":10.0,"turns":5.0},{"damage":4.0,"enemies":"Gremlin Nob","floor":13.0,"turns":4.0},{"damage":0.0,"enemies":"Exordium Wildlife","floor":14.0,"turns":7.0},{"damage":22.0,"enemies":"Slime Boss","floor":16.0,"turns":11.0},{"damage":2.0,"enemies":"Chosen","floor":18.0,"turns":4.0},{"damage":0.0,"enemies":"2 Thieves","floor":19.0,"turns":4.0},{"damage":10.0,"enemies":"Snake Plant","floor":20.0,"turns":5.0},{"damage":52.0,"enemies":"Gremlin Leader","floor":23.0,"turns":10.0},{"damage":0.0,"enemies":"Snecko","floor":24.0,"turns":5.0},{"damage":19.0,"enemies":"Cultist and Chosen","floor":27.0,"turns":11.0},{"damage":20.0,"enemies":"Masked Bandits","floor":29.0,"turns":6.0},{"damage":0.0,"enemies":"Champ","floor":33.0,"turns":19.0},{"damage":3.0,"enemies":"3 Shapes","floor":35.0,"turns":5.0},{"damage":0.0,"enemies":"Orb Walker","floor":37.0,"turns":2.0},{"damage":0.0,"enemies":"Maw","floor":39.0,"turns":9.0},{"damage":0.0,"enemies":"Nemesis","floor":41.0,"turns":9.0},{"damage":0.0,"enemies":"4 Shapes","floor":44.0,"turns":5.0},{"damage":0.0,"enemies":"Mind Bloom Boss Battle","floor":45.0,"turns":6.0},{"damage":0.0,"enemies":"3 Darklings","floor":46.0,"turns":6.0},{"damage":9.0,"enemies":"Writhing Mass","floor":47.0,"turns":7.0},{"damage":0.0,"enemies":"Awakened One","floor":50.0,"turns":10.0},{"damage":23.0,"enemies":"Shield and Spear","floor":54.0,"turns":8.0},{"damage":82,"enemies":"The Heart","floor":55,"turns":8}],"seed_played":"-3310554683803087825","potions_obtained":[{"floor":1.0,"key":"BlessingOfTheForge"},{"floor":8.0,"key":"ColorlessPotion"},{"floor":16.0,"key":"LiquidMemories"},{"floor":19.0,"key":"Block Potion"},{"floor":20.0,"key":"EssenceOfSteel"},{"floor":23.0,"key":"EssenceOfSteel"},{"floor":27.0,"key":"ColorlessPotion"},{"floor":33.0,"key":"Strength Potion"},{"floor":35.0,"key":"LiquidBronze"},{"floor":37.0,"key":"FearPotion"},{"floor":41.0,"key":"AttackPotion"}],"is_trial":false,"path_per_floor":["M","$","M","$","?","R","M","E","T","M","$","R","E","M","R","B",null,"M","M","M","$","?","E","M","R","T","M","R","?","R","?","R","B",null,"M","$","M","?","M","R","E","R","T","M","?","M","M","$","R","B",null,"R","$","E","B"],"character_chosen":"DEFECT","items_purchased":["Glacier+1","TheAbacus","Potion Belt","Capacitor","Blood Vial"],"campfire_rested":5,"item_purchase_floors":[11,11,21,48,48],"current_hp_per_floor":[75,75,75,75,75,75,75,48,48,45,45,67,63,63,63,41,75,73,73,63,63,63,11,11,33,33,14,36,16,38,38,60,60,75,72,72,72,72,72,72,72,72,82,82,82,82,73,73,73,75,85,85,85,62,0,0],"gold":38,"neow_bonus":"RANDOM_COMMON_RELIC","is_daily":false,"chose_seed":false,"campfire_upgraded":5,"win_rate":0.0,"timestamp":1610816561,"path_taken":["M","$","M","$","?","R","M","E","T","M","$","R","E","M","R","BOSS","M","M","?","$","?","E","?","R","T","M","R","?","R","?","R","BOSS","M","$","M","?","?","R","E","R","T","M","?","M","M","$","R","BOSS","R","$","E","BOSS"],"items_purchased_type":["Card","Relic","Relic","Card","Relic"],"build_version":"2020-12-22","purchased_purges":0,"victory":false,"max_hp_per_floor":[75,75,75,75,75,75,75,75,75,75,75,75,75,75,75,75,75,75,75,75,75,75,75,75,75,75,75,75,75,75,75,75,75,75,75,75,75,75,75,75,75,75,85,85,85,85,85,85,85,85,85,85,85,85,85,85],"card_choices":[{"not_picked":["Reprogram","Steam","Recycle"],"picked":"SKIP","floor":1.0},{"not_picked":["Stack","Go for the Eyes"],"picked":"Chill","floor":3.0},{"not_picked":["Leap","Redo"],"picked":"Gash","floor":7.0},{"not_picked":["Stack","Steam Power"],"picked":"Aggregate","floor":8.0},{"not_picked":["Hologram+1","Ball Lightning"],"picked":"Sunder","floor":10.0},{"not_picked":["Recycle+1","Amplify+1"],"picked":"Coolheaded+1","floor":13.0},{"not_picked":["Steam+1","Steam Power+1"],"picked":"Double Energy+1","floor":14.0},{"not_picked":["Core Surge","Fission+1"],"picked":"Buffer","floor":16.0},{"not_picked":["Steam+1","Storm+1"],"picked":"Redo+1","floor":18.0},{"not_picked":["Rip and Tear","Beam Cell"],"picked":"Go for the Eyes","floor":19.0},{"not_picked":["Loop","FTL"],"picked":"Coolheaded+1","floor":20.0},{"not_picked":["Recycle+1","Fusion+1"],"picked":"Genetic Algorithm+1","floor":23.0},{"not_picked":["Sweeping Beam+1","Auto Shields+1"],"picked":"Glacier+1","floor":24.0},{"not_picked":["Reprogram+1","Coolheaded+1"],"picked":"Meteor Strike","floor":27.0},{"not_picked":["Conserve Battery+1","Force Field+1"],"picked":"Barrage+1","floor":29.0},{"not_picked":["Core Surge","Multi-Cast+1"],"picked":"Meteor Strike","floor":33.0},{"not_picked":["Beam Cell","Turbo+1"],"picked":"Gash+1","floor":35.0},{"not_picked":["Beam Cell","Rip and Tear+1"],"picked":"Streamline+1","floor":37.0},{"not_picked":["Heatsinks","Streamline"],"picked":"Coolheaded+1","floor":39.0},{"not_picked":["Core Surge","Self Repair"],"picked":"Compile Driver+1","floor":41.0},{"not_picked":["Double Energy+1","Conserve Battery+1"],"picked":"Ball Lightning+1","floor":44.0},{"not_picked":["Beam Cell","Conserve Battery+1"],"picked":"Stack+1","floor":45.0},{"not_picked":["Rip and Tear","Cold Snap+1"],"picked":"Loop+1","floor":46.0},{"not_picked":["Beam Cell+1","Redo+1"],"picked":"Aggregate+1","floor":47.0},{"not_picked":["FTL","Lockon+1"],"picked":"Hologram+1","floor":54.0}],"player_experience":678393,"relics_obtained":[{"floor":8.0,"key":"Ice Cream"},{"floor":9.0,"key":"Toxic Egg 2"},{"floor":13.0,"key":"Mummified Hand"},{"floor":23.0,"key":"Oddly Smooth Stone"},{"floor":29.0,"key":"Red Mask"},{"floor":41.0,"key":"Pen Nib"},{"floor":43.0,"key":"Pear"},{"floor":45.0,"key":"Unceasing Top"},{"floor":54.0,"key":"Whetstone"}],"event_choices":[{"cards_removed":["Defend_B"],"damage_healed":0.0,"max_hp_gain":0.0,"max_hp_loss":0.0,"gold_gain":0.0,"event_name":"Purifier","player_choice":"Purged","floor":5.0,"gold_loss":0.0,"damage_taken":0.0},{"cards_removed":["Strike_B"],"damage_healed":0.0,"max_hp_gain":0.0,"max_hp_loss":0.0,"gold_gain":0.0,"event_name":"Purifier","player_choice":"Purged","floor":22.0,"gold_loss":0.0,"damage_taken":0.0},{"damage_healed":0.0,"max_hp_gain":0.0,"max_hp_loss":0.0,"gold_gain":0.0,"event_name":"Masked Bandits","player_choice":"Fought Bandits","floor":29.0,"gold_loss":0.0,"damage_taken":0.0},{"damage_healed":0.0,"max_hp_gain":0.0,"max_hp_loss":0.0,"gold_gain":0.0,"event_name":"Addict","player_choice":"Obtained Relic","floor":31.0,"gold_loss":85.0,"damage_taken":0.0,"relics_obtained":["Calipers"]},{"cards_removed":["Strike_B"],"damage_healed":0.0,"max_hp_gain":0.0,"max_hp_loss":0.0,"gold_gain":0.0,"event_name":"Designer","player_choice":"Upgrade and Remove","floor":38.0,"gold_loss":90.0,"damage_taken":0.0,"cards_upgraded":["Buffer"]},{"damage_healed":0.0,"max_hp_gain":0.0,"max_hp_loss":0.0,"gold_gain":0.0,"event_name":"MindBloom","player_choice":"Fight","floor":45.0,"gold_loss":0.0,"damage_taken":0.0}],"is_beta":false,"boss_relics":[{"not_picked":["Snecko Eye","SacredBark"],"picked":"Cursed Key"},{"not_picked":["Runic Pyramid","Velvet Choker"],"picked":"Inserter"}],"items_purged_floors":[],"is_endless":false,"potions_floor_spawned":[1,8,16,19,20,23,27,33,35,37,41,45,47],"killed_by":"The Heart","ascension_level":1}}