{"host":"s5olpoz35hr9wai9","time":1610769657,"event":{"mods":["Act Like it!","BaseMod","Colored Powertips","Friendly Minions","Gensokyo","Kiyohime£®«Âºß£©","Koishi","KomeijiMod","Marisa£®ÏF”Í°°ƒß¿Ì…≥£©","Minty Spire (QoL Compilation)","Quick Restart","Reimu£®≤©¿ˆ¡È√Œ£©","Remilia£®¿Ÿ√◊¿Ú—«£©","Replay The Spire","Shop Mod","StSLib","The Administrix","The Animator","The Servant 0.9.4","Youmu£®ªÍ∆«—˝√Œ£©","Yuyuko"],"gold_per_floor":[114,94,112,112,112,287,287,312,312,323,346,346,67,78,96,110,110,110,110],"floor_reached":18,"language":"ZHS","playtime":498,"items_purged":["Doubt"],"score":158,"play_id":"222dfeb5-e4ca-4a69-aedc-188f1bd32909","local_time":"20210116120057","is_ascension_mode":true,"campfire_choices":[{"data":"Revamp","floor":9,"key":"SMITH"},{"data":"Defy","floor":12,"key":"SMITH"},{"floor":17,"key":"REST"}],"circlet_count":0,"master_deck":["Strike_S","Strike_S","Strike_S","Strike_S","Defend_S","Defend_S+1","Defend_S","Defend_S","KidneyShot","Exchange+1","Revamp+1","Moonlight","Contraction","Defy+1","ShiftingGears","Metamorphosis","Replace","SurpressingFire","Rewind"],"relics":["Uniform","NeowsBlessing","War Paint","Broom"],"acts_visited":["Exordium"],"potions_floor_usage":[16],"damage_taken":[{"damage":0,"enemies":"2 Louse","floor":1,"turns":1},{"damage":0,"enemies":"Cultist","floor":3,"turns":1},{"damage":0,"enemies":"Lagavulin","floor":8,"turns":2},{"damage":3,"enemies":"Small Slimes","floor":10,"turns":4},{"damage":21,"enemies":"Gremlin Gang","floor":14,"turns":6},{"damage":4,"enemies":"2 Fungi Beasts","floor":15,"turns":3},{"damage":33,"enemies":"Lots of Slimes","floor":16,"turns":5},{"damage":0,"enemies":"The Guardian","floor":18,"turns":4}],"seed_played":"6149758519051909800","potions_obtained":[{"floor":2,"key":"Fire Potion"},{"floor":7,"key":"GamblersBrew"},{"floor":7,"key":"Reflective Coating"}],"is_trial":false,"path_per_floor":["M","?","M","PTL","PTL","?","?","E","R","M","T","R","$","M","M","M","R","B"],"character_chosen":"THE_SERVANT","items_purchased":["ShiftingGears","Metamorphosis"],"campfire_rested":1,"item_purchase_floors":[13,13],"current_hp_per_floor":[65,65,65,65,65,65,65,65,65,62,62,62,62,41,37,4,23,23,23],"gold":110,"neow_bonus":"THREE_ENEMY_KILL","is_daily":false,"chose_seed":false,"campfire_upgraded":2,"win_rate":0.0,"timestamp":1610769657,"path_taken":["M","?","?","PTL","PTL","?","?","E","R","?","T","R","$","M","M","M","R","BOSS"],"items_purchased_type":["Card","Card"],"build_version":"2020-12-22","purchased_purges":1,"victory":false,"max_hp_per_floor":[65,65,65,65,65,65,65,65,65,65,65,65,65,65,65,65,65,65,65],"card_choices":[{"not_picked":["Starlight","Read"],"picked":"Revamp","floor":1},{"not_picked":["Spin","InstantArmor"],"picked":"Moonlight","floor":3},{"not_picked":["ReturningBlade","Defy"],"picked":"Contraction","floor":8},{"not_picked":["Revamp","ReturningBlade"],"picked":"Defy","floor":10},{"not_picked":["Defy","Contraction"],"picked":"Replace","floor":14},{"not_picked":["Defy","Potential"],"picked":"SurpressingFire","floor":15},{"not_picked":["Desolation","Revamp"],"picked":"Rewind","floor":16}],"player_experience":234786,"relics_obtained":[{"floor":8,"key":"War Paint"},{"floor":11,"key":"Broom"}],"event_choices":[{"damage_healed":0,"gold_gain":0,"player_choice":"Bought 1 Potion","damage_taken":0,"max_hp_gain":0,"max_hp_loss":0,"event_name":"The Woman in Blue","floor":2,"gold_loss":0},{"damage_healed":0,"gold_gain":175,"player_choice":"AGREE","damage_taken":0,"max_hp_gain":0,"max_hp_loss":0,"event_name":"Liars Game","floor":6,"gold_loss":0,"cards_obtained":["Doubt"]},{"damage_healed":0,"gold_gain":0,"player_choice":"Got Potions","damage_taken":0,"max_hp_gain":0,"max_hp_loss":0,"event_name":"Lab","floor":7,"gold_loss":0}],"is_beta":false,"boss_relics":[],"items_purged_floors":[13],"is_endless":false,"potions_floor_spawned":[8,15],"killed_by":"The Guardian","ascension_level":3}}