{"host":"irc1izoeqqttpzsx","time":1610773797,"event":{"mods":["2.2 Compatiblity","Aspiration","BaseMod","Better Note","BetterRewards","Colored Map","Colored Powertips","Conspire","DeckTracker","GifTheSpireLib","Highlight Path","Hubris","Mad Scientist","Mimic Mod","Minty Spire (QoL Compilation)","Rare Cards Sparkle","Relic Sorter","Replay The Spire","Shop Mod","Spikes Relics","StSLib","SuperFastMode","The Servant 0.9.4","Trackpad","Uncapped"],"gold_per_floor":[112,212,228,283,283,310,322,322,403,403,441,441,54,68,68,164,164,178,178,26,66,76,76,96,96,177,203,215,248,248,273,273,377,377,391,69,87,15,42,42,42,75,75,105,105,139,153,186,186,186,186,186,60,90,90],"floor_reached":56,"language":"ENG","playtime":2034,"items_purged":["Strike_P","Strike_P"],"score":1335,"play_id":"5faddb1b-edff-4399-88eb-6c8fcdc61107","local_time":"20210116000957","is_ascension_mode":true,"campfire_choices":[{"data":"PathToVictory","floor":8,"key":"SMITH"},{"data":"ConjureBlade","floor":10,"key":"SMITH"},{"data":"PathToVictory","floor":12,"key":"SMITH"},{"data":"Halt","floor":15,"key":"SMITH"},{"data":"Vault","floor":23,"key":"SMITH"},{"data":"hubris:DuctTapeCard","floor":25,"key":"SMITH"},{"floor":40,"key":"RECALL"},{"data":"Offering","floor":45,"key":"SMITH"},{"floor":49,"key":"REST"},{"data":"DeusExMachina","floor":52,"key":"SMITH"}],"circlet_count":0,"master_deck":["Strike_P","Strike_P","Defend_P+1","Defend_P","Defend_P","Defend_P+1","Eruption","Vigilance","Replay:BluntJabs","Replay:Anticipation+1","Prostrate","ConjureBlade+1","PathToVictory+1","PathToVictory+1","Halt+1","Vault+1","hubris:DuctTapeCard+2","PathToVictory+1","Omniscience+1","DeusExMachina+1","Offering+1"],"relics":["PureWater","NeowsBlessing","Replay:Bottled Flurry","hubris:Towel","ReplayFunnel","Bottled Lightning","trackpad:AdjectivePendant","Anchor","Guide Book","conspire:SpecialSausage","hubris:DuctTape","Singing Bowl","Mummified Hand","Pear","Rawhide","Replay:Wax Seal","hubris:Backtick","hubris:Zylophone","Membership Card","aspiration:SeaSaltIceCream","aspiration:Nostalgia","m_ChemicalBlood","Lee\u0027s Waffle","Replay:Kaleidoscope","Oddly Smooth Stone","War Paint","Regal Pillow","Bronze Scales","Replay:Baseball","trackpad:ByrdCharm","Orichalcum"],"acts_visited":["Exordium","TheCity","TheBeyond","TheEnding"],"potions_floor_usage":[33,42,48,50,50,54,55],"damage_taken":[{"damage":0,"enemies":"2 Louse","floor":1,"turns":1},{"damage":0,"enemies":"Cultist","floor":3,"turns":1},{"damage":0,"enemies":"Lagavulin","floor":6,"turns":2},{"damage":0,"enemies":"Jaw Worm","floor":7,"turns":3},{"damage":0,"enemies":"2 Fungi Beasts","floor":11,"turns":8},{"damage":1,"enemies":"2 Fungi Beasts","floor":14,"turns":4},{"damage":4,"enemies":"Hexaghost","floor":16,"turns":8},{"damage":0,"enemies":"Spheric Guardian","floor":18,"turns":8},{"damage":1,"enemies":"Chosen","floor":21,"turns":8},{"damage":5,"enemies":"Chosen","floor":22,"turns":6},{"damage":1,"enemies":"Shelled Parasite and Fungi","floor":24,"turns":5},{"damage":0,"enemies":"conspire:Head Lice","floor":27,"turns":5},{"damage":8,"enemies":"Centurion and Healer","floor":28,"turns":5},{"damage":28,"enemies":"Slavers","floor":29,"turns":7},{"damage":28,"enemies":"Book of Stabbing","floor":31,"turns":5},{"damage":17,"enemies":"Collector","floor":33,"turns":9},{"damage":2,"enemies":"Orb Walker","floor":35,"turns":5},{"damage":1,"enemies":"3 Shapes","floor":37,"turns":5},{"damage":7,"enemies":"conspire:MimicChest","floor":39,"turns":5},{"damage":23,"enemies":"R_Hoarder","floor":42,"turns":6},{"damage":6,"enemies":"Reptomancer","floor":44,"turns":4},{"damage":13,"enemies":"R_Hoarder","floor":46,"turns":4},{"damage":28,"enemies":"3 Darklings","floor":47,"turns":4},{"damage":18,"enemies":"Reptomancer","floor":48,"turns":2},{"damage":14,"enemies":"Replay:Hell Engine","floor":50,"turns":5},{"damage":10,"enemies":"Shield and Spear","floor":54,"turns":6},{"damage":64,"enemies":"The Heart","floor":55,"turns":7}],"seed_played":"7524607505875940228","potions_obtained":[{"floor":1,"key":"PowerPotion"},{"floor":4,"key":"Milkshake"},{"floor":14,"key":"Swift Potion"},{"floor":18,"key":"DuplicationPotion"},{"floor":35,"key":"Energy Potion"},{"floor":44,"key":"BottledMiracle"},{"floor":48,"key":"FearPotion"},{"floor":54,"key":"Elixir"}],"is_trial":false,"path_per_floor":["M","?","M","?","?","E","M","R","T","R","MIM","R","$","M","R","B",null,"M","?","$","MIM","M","R","M","R","T","E","M","E","?","E","R_BF","B",null,"M","$","M","$","?","R","?","E","T","E","R","E","M","E","R","B",null,"R","$","E","B",null],"character_chosen":"WATCHER","items_purchased":["Alpha","Guide Book","Vault","Membership Card","aspiration:SeaSaltIceCream","Lee\u0027s Waffle","trackpad:ByrdCharm"],"campfire_rested":1,"item_purchase_floors":[13,13,20,36,36,38,53],"current_hp_per_floor":[72,72,72,54,54,54,54,54,54,54,54,54,54,53,53,49,72,72,72,72,73,70,70,71,71,71,81,75,49,49,21,48,31,92,92,92,93,103,98,98,98,77,77,71,71,60,35,21,69,56,113,113,113,106,49],"gold":90,"neow_bonus":"THREE_ENEMY_KILL","is_daily":false,"chose_seed":false,"campfire_upgraded":8,"win_rate":0.0,"timestamp":1610773797,"path_taken":["M","?","?","?","?","E","M","R","T","R","?","R","$","?","R","BOSS","M","?","$","?","M","R","M","R","T","E","M","E","?","E","R_BF","BOSS","M","$","M","$","?","R","?","E","T","E","R","E","M","E","R","BOSS","R","$","E","BOSS"],"items_purchased_type":["Card","Relic","Card","Relic","Relic","Relic","Relic"],"build_version":"2020-12-22","purchased_purges":2,"victory":true,"max_hp_per_floor":[72,72,72,72,72,72,72,72,72,72,72,72,72,72,72,72,72,72,72,72,74,76,76,78,78,78,88,90,92,92,92,92,92,92,94,94,96,103,105,105,105,107,107,107,107,109,111,113,113,113,113,113,113,115,115],"card_choices":[{"not_picked":["SignatureMove","Halt"],"picked":"Replay:BluntJabs","floor":1},{"not_picked":["BowlingBash","ThirdEye"],"picked":"Replay:Anticipation","floor":3},{"not_picked":["Meditate","EmptyMind"],"picked":"Prostrate","floor":4},{"not_picked":["Replay:Cycle","EmptyFist"],"picked":"ConjureBlade","floor":6},{"not_picked":["EmptyMind","Meditate"],"picked":"PathToVictory","floor":7},{"not_picked":["WheelKick","EmptyBody"],"picked":"PathToVictory","floor":11},{"not_picked":["InnerPeace","Protect"],"picked":"Halt","floor":14},{"not_picked":["Scrawl","Establishment"],"picked":"DevaForm","floor":16},{"not_picked":["FollowUp","Replay:AtTheReady","CutThroughFate"],"picked":"SKIP","floor":18},{"not_picked":["BattleHymn+1","Replay:BluntJabs","Devotion"],"picked":"Singing Bowl","floor":21},{"not_picked":["FlurryOfBlows","Halt","JustLucky"],"picked":"Singing Bowl","floor":22},{"not_picked":["Replay:Cycle+1","FollowUp","FearNoEvil+1"],"picked":"Singing Bowl","floor":24},{"not_picked":["MentalFortress","Study"],"picked":"PathToVictory","floor":27},{"not_picked":["FlyingSleeves","BowlingBash","JustLucky"],"picked":"Singing Bowl","floor":28},{"not_picked":["FlurryOfBlows","CarveReality","ThirdEye"],"picked":"Singing Bowl","floor":29},{"not_picked":["FollowUp","ClearTheMind"],"picked":"Omniscience","floor":31},{"not_picked":["Replay:AllIn","ConjureBlade"],"picked":"DeusExMachina","floor":33},{"not_picked":["SashWhip","Evaluate+1","Crescendo"],"picked":"Singing Bowl","floor":35},{"not_picked":["ThirdEye+1","Adaptation+1","CrushJoints+1"],"picked":"Singing Bowl","floor":37},{"not_picked":["SashWhip","FlyingSleeves+1","Crescendo"],"picked":"Singing Bowl","floor":39},{"not_picked":["Halt+1","Nirvana","ForeignInfluence"],"picked":"Singing Bowl","floor":42},{"not_picked":["ThirdEye+1","Perseverance"],"picked":"Offering","floor":44},{"not_picked":["ClearTheMind","JustLucky","Replay:BluntJabs+1"],"picked":"Singing Bowl","floor":46},{"not_picked":["SignatureMove","Replay:BluntJabs","Replay:Anticipation"],"picked":"Singing Bowl","floor":47},{"not_picked":["Weave+1","FlurryOfBlows+1","Prostrate"],"picked":"Singing Bowl","floor":48},{"not_picked":["Vengeance+1","SashWhip+1","EmptyFist"],"picked":"Singing Bowl","floor":54}],"player_experience":506990,"relics_obtained":[{"floor":4,"key":"Replay:Bottled Flurry"},{"floor":6,"key":"ReplayFunnel"},{"floor":9,"key":"Bottled Lightning"},{"floor":11,"key":"trackpad:AdjectivePendant"},{"floor":11,"key":"Anchor"},{"floor":21,"key":"hubris:DuctTape"},{"floor":21,"key":"Singing Bowl"},{"floor":26,"key":"Mummified Hand"},{"floor":27,"key":"Pear"},{"floor":29,"key":"Rawhide"},{"floor":31,"key":"Replay:Wax Seal"},{"floor":39,"key":"Replay:Kaleidoscope"},{"floor":42,"key":"Oddly Smooth Stone"},{"floor":43,"key":"War Paint"},{"floor":44,"key":"Regal Pillow"},{"floor":46,"key":"Bronze Scales"},{"floor":48,"key":"Replay:Baseball"},{"floor":54,"key":"Orichalcum"}],"event_choices":[{"damage_healed":0,"gold_gain":100,"player_choice":"Pray","damage_taken":0,"max_hp_gain":0,"max_hp_loss":0,"event_name":"Golden Shrine","floor":2,"gold_loss":0},{"damage_healed":0,"gold_gain":0,"player_choice":"0 cards matched","damage_taken":0,"max_hp_gain":0,"max_hp_loss":0,"event_name":"Match and Keep!","floor":19,"gold_loss":0,"cards_obtained":[]},{"damage_healed":0,"gold_gain":0,"player_choice":"Upgraded","damage_taken":0,"max_hp_gain":0,"max_hp_loss":0,"event_name":"Upgrade Shrine","floor":30,"gold_loss":0,"cards_upgraded":["PathToVictory"]},{"damage_healed":0,"gold_gain":0,"player_choice":"Leave","damage_taken":0,"max_hp_gain":0,"max_hp_loss":0,"event_name":"conspire:Investor","floor":41,"gold_loss":0}],"is_beta":false,"boss_relics":[{"not_picked":["hubris:BlackHole","Replay:Wanted Poster"],"picked":"conspire:SpecialSausage"},{"not_picked":["Pandora\u0027s Box","Replay:Bronze Core"],"picked":"hubris:Backtick"}],"items_purged_floors":[13,36],"is_endless":false,"potions_floor_spawned":[1,14,18,22,35,39,44,48,54],"ascension_level":1}}