{"host":"9l1knhxfturzliqa","time":1610765577,"event":{"mods":["BaseMod","Colored Map","Colored Powertips","DeckTracker","Highlight Path","Keyboard Shortcuts","Minty Spire (QoL Compilation)","Random Character Button"],"gold_per_floor":[109,124,138,138,155,155,184,184,252,232,249,263,283,297,297,374,374,394,394,408,408,39,72,72,72,72,105,105,105,105],"floor_reached":29,"language":"KOR","playtime":1663,"items_purged":[],"score":504,"play_id":"d9faaab0-e844-4575-9aef-0da06d94d96f","local_time":"20210116115257","is_ascension_mode":true,"campfire_choices":[{"data":"Night Terror","floor":6.0,"key":"SMITH"},{"data":"Glass Knife","floor":8.0,"key":"SMITH"},{"floor":15.0,"key":"REST"},{"floor":24.0,"key":"REST"},{"floor":28.0,"key":"REST"}],"circlet_count":0,"master_deck":["AscendersBane","Strike_G","Defend_G","Defend_G","Defend_G","Survivor","Neutralize","Glass Knife+1","Night Terror+1","Dagger Spray","Blade Dance","Dagger Throw","Poisoned Stab","Cloak And Dagger","Wraith Form v2","Tactician","Heel Hook","Tools of the Trade","Catalyst+1","Dash+1","A Thousand Cuts+1","Backflip+1","Malaise","Sadistic Nature","Footwork"],"relics":["Ring of the Snake","Du-Vu Doll","Paper Crane","Astrolabe","HandDrill","Pen Nib","Matryoshka","PreservedInsect"],"acts_visited":["Exordium","TheCity"],"potions_floor_usage":[],"damage_taken":[{"damage":0.0,"enemies":"Jaw Worm","floor":1.0,"turns":4.0},{"damage":4.0,"enemies":"Small Slimes","floor":2.0,"turns":5.0},{"damage":1.0,"enemies":"Cultist","floor":3.0,"turns":3.0},{"damage":1.0,"enemies":"Blue Slaver","floor":5.0,"turns":4.0},{"damage":25.0,"enemies":"Lagavulin","floor":7.0,"turns":9.0},{"damage":0.0,"enemies":"2 Fungi Beasts","floor":11.0,"turns":2.0},{"damage":8.0,"enemies":"Exordium Wildlife","floor":12.0,"turns":3.0},{"damage":2.0,"enemies":"Blue Slaver","floor":13.0,"turns":3.0},{"damage":0.0,"enemies":"Gremlin Gang","floor":14.0,"turns":2.0},{"damage":18.0,"enemies":"The Guardian","floor":16.0,"turns":13.0},{"damage":8.0,"enemies":"3 Byrds","floor":18.0,"turns":4.0},{"damage":16.0,"enemies":"2 Thieves","floor":20.0,"turns":4.0},{"damage":15.0,"enemies":"Gremlin Leader","floor":23.0,"turns":7.0},{"damage":26.0,"enemies":"Slavers","floor":27.0,"turns":5.0},{"damage":19,"enemies":"Shelled Parasite and Fungi","floor":29,"turns":4}],"seed_played":"69318587263155063","potions_obtained":[{"floor":2.0,"key":"SneckoOil"},{"floor":7.0,"key":"BlessingOfTheForge"},{"floor":10.0,"key":"ColorlessPotion"},{"floor":12.0,"key":"Dexterity Potion"},{"floor":23.0,"key":"Energy Potion"}],"is_trial":false,"path_per_floor":["M","M","M","?","M","R","E","R","T","?","M","M","M","M","R","B",null,"M","?","M","?","$","E","R","?","T","E","R","M"],"character_chosen":"THE_SILENT","items_purchased":["Sadistic Nature","HandDrill"],"campfire_rested":3,"item_purchase_floors":[22,22],"current_hp_per_floor":[59,55,54,47,46,46,21,21,21,21,21,13,11,11,29,11,48,40,40,24,24,24,9,27,27,27,1,19,0,0],"gold":105,"neow_bonus":"TRANSFORM_TWO_CARDS","is_daily":false,"chose_seed":false,"campfire_upgraded":2,"win_rate":0.0,"timestamp":1610765577,"path_taken":["M","M","M","?","M","R","E","R","T","?","M","M","M","M","R","BOSS","M","?","M","?","$","E","R","?","T","E","R","?"],"items_purchased_type":["Card","Relic"],"build_version":"2020-12-22","purchased_purges":0,"victory":false,"max_hp_per_floor":[60,60,60,60,60,60,60,60,60,60,60,60,60,60,60,60,60,60,60,60,60,60,60,60,60,60,60,60,60,60],"card_choices":[{"not_picked":["Deflect","Outmaneuver"],"picked":"Dagger Spray","floor":1.0},{"not_picked":["Underhanded Strike","Riddle With Holes"],"picked":"Blade Dance","floor":2.0},{"not_picked":["Predator","Distraction","All Out Attack"],"picked":"SKIP","floor":3.0},{"not_picked":["Setup","Eviscerate"],"picked":"Dagger Throw","floor":5.0},{"not_picked":["Calculated Gamble","Blade Dance"],"picked":"Poisoned Stab","floor":7.0},{"not_picked":["Eviscerate","Prepared"],"picked":"Cloak And Dagger","floor":11.0},{"not_picked":["Sucker Punch","Finisher"],"picked":"Wraith Form v2","floor":12.0},{"not_picked":["Slice","Blade Dance"],"picked":"Tactician","floor":13.0},{"not_picked":["Dagger Spray","Concentrate"],"picked":"Heel Hook","floor":14.0},{"not_picked":["A Thousand Cuts","Doppelganger"],"picked":"Tools of the Trade","floor":16.0},{"not_picked":["Dagger Throw","Poisoned Stab"],"picked":"Backflip+1","floor":18.0},{"not_picked":["Dagger Throw","Backflip","Slice"],"picked":"SKIP","floor":20.0},{"not_picked":["Dagger Throw","Catalyst"],"picked":"Footwork","floor":23.0},{"not_picked":["Distraction","Masterful Stab","Acrobatics"],"picked":"SKIP","floor":27.0}],"player_experience":463662,"relics_obtained":[{"floor":7.0,"key":"Du-Vu Doll"},{"floor":9.0,"key":"Paper Crane"},{"floor":23.0,"key":"Pen Nib"},{"floor":26.0,"key":"Matryoshka"},{"floor":27.0,"key":"PreservedInsect"}],"event_choices":[{"cards_removed":["Strike_G"],"damage_healed":0.0,"max_hp_gain":0.0,"max_hp_loss":0.0,"gold_gain":0.0,"event_name":"Golden Wing","player_choice":"Card Removal","floor":4.0,"gold_loss":0.0,"damage_taken":7.0},{"damage_healed":0.0,"max_hp_gain":0.0,"max_hp_loss":0.0,"gold_gain":0.0,"event_name":"The Woman in Blue","player_choice":"Bought 1 Potion","floor":10.0,"gold_loss":0.0,"damage_taken":0.0},{"damage_healed":0.0,"max_hp_gain":0.0,"max_hp_loss":0.0,"gold_gain":0.0,"event_name":"The Library","player_choice":"Read","floor":19.0,"gold_loss":0.0,"damage_taken":0.0,"cards_obtained":["Malaise"]},{"damage_healed":0.0,"max_hp_gain":0.0,"max_hp_loss":0.0,"gold_gain":0.0,"event_name":"Forgotten Altar","player_choice":"Smashed Altar","floor":21.0,"gold_loss":0.0,"damage_taken":0.0,"cards_obtained":["Decay"]},{"cards_removed":["Decay"],"damage_healed":0.0,"max_hp_gain":0.0,"max_hp_loss":0.0,"gold_gain":0.0,"event_name":"Back to Basics","player_choice":"Elegance","floor":25.0,"gold_loss":0.0,"damage_taken":0.0}],"is_beta":false,"boss_relics":[{"not_picked":["Runic Dome","Philosopher\u0027s Stone"],"picked":"Astrolabe"}],"items_purged_floors":[],"is_endless":false,"potions_floor_spawned":[2,7,12,13,14,23],"killed_by":"Shelled Parasite and Fungi","ascension_level":18}}