{"host":"d61fcf2p3sjwe6yo","time":1610817340,"event":{"mods":["AchievementEnabler","BaseMod","Colored Map","Downfall","Minty Spire (QoL Compilation)","StSLib","SuperFastMode"],"gold_per_floor":[99,119,119,129,129,144,144,44,78,78,93,105,139,156,175,278,278,278,293,303,315,327,327,350,180,213,231,264,264,275,310,322,427,427,227,245,264,318,533,553,622,622,636,736,611,621,621,654,672,672,672,700,144,144,144,144,144],"floor_reached":56,"language":"ENG","playtime":4228,"items_purged":["Parasite","bronze:Strike","Shame"],"score":1122,"play_id":"1354d4a5-2c19-4fe2-900d-ad70c8c93191","local_time":"20210116201540","is_ascension_mode":true,"campfire_choices":[{"floor":1.0,"key":"RECALL"},{"data":"bronze:Defend","floor":8.0,"key":"SMITH"},{"data":"bronze:FineTuning","floor":10.0,"key":"SMITH"},{"data":"bronze:SpaghettiCode","floor":18.0,"key":"SMITH"},{"data":"bronze:SpaghettiCode","floor":23.0,"key":"SMITH"},{"data":"bronze:OilSpill","floor":35.0,"key":"SMITH"},{"floor":42,"key":"REST"},{"floor":54,"key":"REST"}],"circlet_count":0,"master_deck":["bronze:Strike","bronze:Strike","bronze:Strike","bronze:Defend","bronze:Defend","bronze:Defend","bronze:Defend+1","bronze:Replicate+1","bronze:Goto+1","bronze:OilSpill+1","bronze:FineTuning+1","bronze:OilSpill+1","bronze:SpaghettiCode+1","bronze:InfiniteBeams","bronze:SpaghettiCode+1","bronze:Shell","bronze:OilSpill","bronze:Repulsor","bronze:OilSpill","bronze:OilSpill","bronze:Verify","Injury","bronze:Shell+1","CurseOfTheBell","downfall:Icky","Clumsy","Doubt","bronze:HardenedForm","downfall:Bewildered","bronze:Repulsor+1","bronze:OilSpill+1"],"relics":["bronze:BronzeCore","WingedGreaves","HornCleat","downfall:HeartBlessingRed","Akabeko","Gambling Chip","Cursed Key","Bag of Marbles","StrikeDummy","Pear","SlaversCollar","downfall:HeartBlessingGreen","downfall:HeartBlessingBlue","TungstenRod","bronze:CableSpool","Calling Bell","hexamod:BolsterEngine","Darkstone Periapt","Guardian:GemstoneGun","Question Card","Prayer Wheel","PreservedInsect","Bag of Preparation","Guardian:BottledAnomaly","Ornamental Fan"],"acts_visited":["Exordium","TheCity","TheBeyond","TheEnding"],"potions_floor_usage":[43,52,52,56],"damage_taken":[{"damage":0.0,"enemies":"Cultist","floor":2.0,"turns":3.0},{"damage":0.0,"enemies":"Small Slimes","floor":4.0,"turns":3.0},{"damage":2.0,"enemies":"2 Louse","floor":6.0,"turns":3.0},{"damage":13.0,"enemies":"3 Sentries","floor":9.0,"turns":7.0},{"damage":8.0,"enemies":"Lots of Slimes","floor":11.0,"turns":3.0},{"damage":0.0,"enemies":"3 Louse","floor":12.0,"turns":3.0},{"damage":0.0,"enemies":"Gremlin Nob","floor":13.0,"turns":2.0},{"damage":12.0,"enemies":"Blue Slaver","floor":14.0,"turns":2.0},{"damage":0.0,"enemies":"Exordium Thugs","floor":15.0,"turns":3.0},{"damage":32.0,"enemies":"DF_ARCHETYPE_STREAMLINE","floor":16.0,"turns":6.0},{"damage":0.0,"enemies":"3 Byrds","floor":19.0,"turns":3.0},{"damage":0.0,"enemies":"Chosen","floor":20.0,"turns":3.0},{"damage":1.0,"enemies":"Snecko","floor":21.0,"turns":3.0},{"damage":0.0,"enemies":"Snake Plant","floor":22.0,"turns":1.0},{"damage":0.0,"enemies":"downfall:FleeingMerchant","floor":25.0,"turns":4.0},{"damage":0.0,"enemies":"Slavers","floor":26.0,"turns":2.0},{"damage":0.0,"enemies":"Shelled Parasite and Fungi","floor":27.0,"turns":1.0},{"damage":0.0,"enemies":"Book of Stabbing","floor":28.0,"turns":3.0},{"damage":8.0,"enemies":"3 Cultists","floor":30.0,"turns":4.0},{"damage":0.0,"enemies":"Slavers","floor":31.0,"turns":6.0},{"damage":0.0,"enemies":"Centurion and Healer","floor":32.0,"turns":2.0},{"damage":2.0,"enemies":"WA_ARCHETYPE_CALM","floor":33.0,"turns":5.0},{"damage":0.0,"enemies":"Orb Walker","floor":36.0,"turns":2.0},{"damage":17.0,"enemies":"3 Darklings","floor":37.0,"turns":4.0},{"damage":49.0,"enemies":"2 Orb Walkers","floor":38.0,"turns":4.0},{"damage":6.0,"enemies":"downfall:FleeingMerchant","floor":39.0,"turns":3.0},{"damage":0,"enemies":"Transient","floor":40,"turns":5},{"damage":3,"enemies":"Writhing Mass","floor":43,"turns":4},{"damage":8,"enemies":"4 Shapes","floor":46,"turns":5},{"damage":3,"enemies":"Nemesis","floor":48,"turns":3},{"damage":7,"enemies":"Spire Growth","floor":49,"turns":3},{"damage":34,"enemies":"SI_POISON_ARCHETYPE","floor":50,"turns":8},{"damage":121,"enemies":"downfall:CharBossMerchant","floor":52,"turns":8},{"damage":0,"enemies":"downfall:NeowBoss","floor":55,"turns":14},{"damage":82,"enemies":"downfall:NeowBossFinal","floor":56,"turns":8}],"seed_played":"-8088906734257454194","potions_obtained":[{"floor":6.0,"key":"Regen Potion"},{"floor":13.0,"key":"SmokeBomb"},{"floor":14.0,"key":"champ:CounterPotion"},{"floor":20.0,"key":"champ:CounterPotion"},{"floor":21.0,"key":"EssenceOfSteel"},{"floor":26.0,"key":"Regen Potion"},{"floor":33.0,"key":"DistilledChaos"},{"floor":37.0,"key":"Energy Potion"},{"floor":40,"key":"Fire Potion"},{"floor":43,"key":"PowerPotion"}],"is_trial":false,"path_per_floor":["R","M","?","M","?","M","T","R","E","R","M","M","E","M","M","B",null,"R","M","M","M","M","R","T","$","E","M","E","?","M","E","M","B",null,"R","M","M","?","$","M","T","R","M","?","$","M","T","E","M","B",null,"E","$","R","B","B"],"character_chosen":"THE_AUTOMATON","items_purchased":["bronze:Repulsor","Bag of Preparation","Guardian:BottledAnomaly","Ornamental Fan"],"campfire_rested":2,"item_purchase_floors":[25,53,53,53],"current_hp_per_floor":[77,77,65,65,65,63,63,63,50,50,42,42,42,30,30,10,77,77,77,77,76,76,76,76,74,74,74,74,60,52,62,62,60,89,99,99,82,33,27,27,27,56,53,76,76,68,74,71,64,30,128,21,21,59,59,0,0],"gold":144,"neow_bonus":"TEN_PERCENT_HP_BONUS","is_daily":false,"chose_seed":false,"campfire_upgraded":5,"win_rate":0.0,"timestamp":1610817340,"path_taken":["R","?","?","M","?","M","T","R","E","R","M","?","E","M","M","BOSS","R","M","M","M","M","R","T","$","E","M","E","?","M","E","M","BOSS","R","M","M","?","$","M","T","R","M","?","$","?","?","E","M","BOSS","E","$","R","BOSS","BOSS"],"items_purchased_type":["Card","Relic","Relic","Relic"],"build_version":"2020-12-22","purchased_purges":3,"victory":false,"max_hp_per_floor":[77,77,77,77,77,77,77,77,77,77,77,77,77,77,77,77,77,77,77,77,77,77,77,77,74,74,74,74,79,79,89,89,89,89,99,99,99,99,99,99,99,99,99,122,122,122,128,128,128,128,128,128,128,128,128,128,128],"card_choices":[{"not_picked":["bronze:DelayedGuard","bronze:Philosophize","bronze:DelayedSlice"],"picked":"SKIP","floor":2.0},{"not_picked":["bronze:Invalidate","bronze:BuggyMess"],"picked":"bronze:OilSpill","floor":4.0},{"not_picked":["bronze:Iterate","bronze:BugBarrage","bronze:Invalidate"],"picked":"SKIP","floor":6.0},{"not_picked":["bronze:FollowUp","bronze:Iterate"],"picked":"bronze:FineTuning","floor":9.0},{"not_picked":["bronze:Shield","bronze:DelayedSlice"],"picked":"bronze:OilSpill","floor":11.0},{"not_picked":["bronze:BitShift","bronze:ForceShield","bronze:Allocate"],"picked":"SKIP","floor":12.0},{"not_picked":["bronze:Boost","bronze:DelayedSlice","bronze:DelayedGuard"],"picked":"SKIP","floor":13.0},{"not_picked":["bronze:DelayedSlice","bronze:Overload"],"picked":"bronze:SpaghettiCode","floor":14.0},{"not_picked":["bronze:Frontload","bronze:CutThrough"],"picked":"bronze:InfiniteBeams","floor":15.0},{"not_picked":["bronze:ShipIt","bronze:Virus"],"picked":"bronze:SpaghettiCode","floor":16.0},{"not_picked":["bronze:Constructor","bronze:Refactor","bronze:Overheat"],"picked":"SKIP","floor":19.0},{"not_picked":["bronze:Turbo","bronze:InfiniteBeams","bronze:ForceShield"],"picked":"SKIP","floor":20.0},{"not_picked":["bronze:Shield+1","bronze:WhirlingStrike"],"picked":"bronze:Shell","floor":21.0},{"not_picked":["bronze:Deprecate","bronze:Flail","bronze:DelayedGuard"],"picked":"SKIP","floor":22.0},{"not_picked":["bronze:Overheat","bronze:Invalidate"],"picked":"bronze:OilSpill","floor":25.0},{"not_picked":["bronze:DelayedSlice","bronze:RecursiveStrike","bronze:Overheat"],"picked":"SKIP","floor":26.0},{"not_picked":["bronze:Frontload","bronze:Turbo","bronze:Flail"],"picked":"SKIP","floor":27.0},{"not_picked":["bronze:Refactor","bronze:Backtrace","bronze:DelayedGuard"],"picked":"SKIP","floor":28.0},{"not_picked":["bronze:CutThrough","bronze:ItsAFeature"],"picked":"bronze:OilSpill","floor":30.0},{"not_picked":["bronze:FineTuning","bronze:Fortify"],"picked":"bronze:OilSpill","floor":31.0},{"not_picked":["bronze:Invalidate+1","bronze:Refactor","bronze:FollowUp"],"picked":"SKIP","floor":32.0},{"not_picked":["bronze:AlphaBuild","bronze:ShipIt"],"picked":"bronze:Verify","floor":33.0},{"not_picked":["bronze:Safeguard+1","bronze:Deprecate+1","bronze:Frontload+1"],"picked":"SKIP","floor":36.0},{"not_picked":["bronze:Allocate","bronze:Overheat","bronze:WildBeam+1"],"picked":"SKIP","floor":37.0},{"not_picked":["bronze:CutThrough+1","bronze:DigitalCarnage","bronze:BugBarrage"],"picked":"SKIP","floor":39.0},{"not_picked":["bronze:CutThrough+1","bronze:Turbo","bronze:BugBarrage"],"picked":"SKIP","floor":40},{"not_picked":["bronze:ItsAFeature","bronze:DelayedGuard"],"picked":"bronze:Shell+1","floor":43},{"not_picked":["bronze:BitShift","bronze:HyperBeam","bronze:Shield"],"picked":"SKIP","floor":46},{"not_picked":["bronze:Refactor","bronze:Overheat+1","bronze:ForceShield+1","bronze:ChosenStrike"],"picked":"SKIP","floor":48},{"not_picked":["bronze:OilSpill+1","bronze:BugBarrage+1","bronze:Turbo"],"picked":"bronze:Repulsor+1","floor":49},{"not_picked":["bronze:DelayedSlice+1","bronze:NullPointer+1","bronze:CloningBeam+1"],"picked":"bronze:OilSpill+1","floor":49},{"not_picked":["bronze:Overheat+1","bronze:FineTuning","bronze:Invalidate","bronze:Turbo"],"picked":"SKIP","floor":52}],"player_experience":560937,"relics_obtained":[{"floor":7.0,"key":"HornCleat"},{"floor":9.0,"key":"Akabeko"},{"floor":13.0,"key":"Gambling Chip"},{"floor":26.0,"key":"Bag of Marbles"},{"floor":28.0,"key":"StrikeDummy"},{"floor":31.0,"key":"Pear"},{"floor":38.0,"key":"TungstenRod"},{"floor":41,"key":"bronze:CableSpool"},{"floor":44,"key":"hexamod:BolsterEngine"},{"floor":44,"key":"Darkstone Periapt"},{"floor":44,"key":"Guardian:GemstoneGun"},{"floor":47,"key":"Question Card"},{"floor":48,"key":"Prayer Wheel"},{"floor":52,"key":"PreservedInsect"}],"event_choices":[{"damage_healed":0.0,"max_hp_gain":0.0,"max_hp_loss":0.0,"gold_gain":0.0,"event_name":"Scrap Ooze","player_choice":"Success","floor":3.0,"gold_loss":0.0,"damage_taken":12.0,"relics_obtained":["WingedGreaves"]},{"damage_healed":0.0,"max_hp_gain":0.0,"max_hp_loss":0.0,"gold_gain":0.0,"event_name":"Mysterious Sphere","player_choice":"Fight","floor":38.0,"gold_loss":0.0,"damage_taken":0.0}],"is_beta":false,"boss_relics":[{"not_picked":["bronze:MakeshiftBattery","Pandora\u0027s Box"],"picked":"Cursed Key"},{"not_picked":["Astrolabe","Black Star"],"picked":"SlaversCollar"}],"items_purged_floors":[25,39,45],"is_endless":false,"potions_floor_spawned":[6,13,14,20,21,26,27,28,33,37,40,43,46,48],"killed_by":"downfall:NeowBossFinal","ascension_level":1}}