{"host":"fuszjwm6fqgjjp4d","time":1610771262,"event":{"mods":["BaseMod","Bestiary","Colored Map","DeckTracker","Minty Spire (QoL Compilation)","Permanent Neow","Relic Sorter","Relic Stats","StSLib"],"gold_per_floor":[109,121,46,196,196,196,226,243,268,40,51,51,51,70,70,145,145,162,162,210,229,229,229,249,249,249,267,284,294,294,84,84,162,162,182,182,182,182,197,197,208,208,208,233,248,248,259,259,259,259],"floor_reached":51,"language":"ENG","playtime":2476,"items_purged":["Doubt"],"score":1339,"play_id":"c2d087f6-64fb-47b4-a087-1edc0b18ac14","local_time":"20210115222742","is_ascension_mode":true,"campfire_choices":[{"data":"Eruption","floor":6,"key":"SMITH"},{"data":"Scrawl","floor":13,"key":"SMITH"},{"data":"Brilliance","floor":15,"key":"SMITH"},{"data":"Blasphemy","floor":23,"key":"SMITH"},{"data":"Fasting2","floor":25,"key":"SMITH"},{"data":"TalkToTheHand","floor":32,"key":"SMITH"},{"data":"Tantrum","floor":40,"key":"SMITH"},{"data":"Vault","floor":46,"key":"SMITH"},{"data":"TalkToTheHand","floor":49,"key":"SMITH"}],"circlet_count":0,"master_deck":["AscendersBane","Strike_P+1","Strike_P+1","Strike_P+1","Strike_P+1","Defend_P+1","Defend_P+1","Defend_P+1","Eruption+1","Vigilance","Brilliance+1","Halt+1","Tantrum","Scrawl+1","FearNoEvil","Tantrum+1","Consecrate","Blasphemy+1","FearNoEvil+1","Indignation+1","TalkToTheHand+1","Brilliance","FollowUp+1","Wallop+1","Dark Shackles","WheelKick+1","Vault+1","TalkToTheHand+1"],"relics":["PureWater","Nunchaku","Happy Flower","Philosopher\u0027s Stone","Ancient Tea Set","Prayer Wheel","MutagenicStrength","Sling","Coffee Dripper","Ginger","White Beast Statue"],"acts_visited":["Exordium","TheCity","TheBeyond"],"potions_floor_usage":[8,11,18,33,35,50,50],"damage_taken":[{"damage":7,"enemies":"2 Louse","floor":1,"turns":2},{"damage":0,"enemies":"Jaw Worm","floor":2,"turns":1},{"damage":20,"enemies":"3 Sentries","floor":7,"turns":4},{"damage":0,"enemies":"Small Slimes","floor":8,"turns":1},{"damage":3,"enemies":"Exordium Thugs","floor":11,"turns":2},{"damage":0,"enemies":"Looter","floor":14,"turns":1},{"damage":0,"enemies":"Slime Boss","floor":16,"turns":3},{"damage":4,"enemies":"2 Thieves","floor":18,"turns":2},{"damage":16,"enemies":"Shell Parasite","floor":21,"turns":2},{"damage":0,"enemies":"Snecko","floor":24,"turns":1},{"damage":0,"enemies":"Snake Plant","floor":27,"turns":2},{"damage":2,"enemies":"Centurion and Healer","floor":28,"turns":3},{"damage":17,"enemies":"Shelled Parasite and Fungi","floor":29,"turns":4},{"damage":30,"enemies":"Champ","floor":33,"turns":5},{"damage":0,"enemies":"Orb Walker","floor":35,"turns":1},{"damage":0,"enemies":"3 Shapes","floor":39,"turns":4},{"damage":6,"enemies":"Spire Growth","floor":41,"turns":4},{"damage":0,"enemies":"Nemesis","floor":44,"turns":3},{"damage":0,"enemies":"3 Darklings","floor":45,"turns":2},{"damage":0,"enemies":"Transient","floor":47,"turns":5},{"damage":29,"enemies":"Donu and Deca","floor":50,"turns":6}],"seed_played":"7875211057875782640","potions_obtained":[{"floor":7,"key":"SteroidPotion"},{"floor":8,"key":"StancePotion"},{"floor":14,"key":"EssenceOfSteel"},{"floor":16,"key":"Fire Potion"},{"floor":21,"key":"SteroidPotion"},{"floor":33,"key":"FearPotion"},{"floor":39,"key":"DuplicationPotion"},{"floor":42,"key":"SmokeBomb"},{"floor":44,"key":"GamblersBrew"},{"floor":45,"key":"Ambrosia"}],"is_trial":false,"path_per_floor":["M","M","?","?","?","R","E","M","T","$","M","$","R","M","R","B",null,"M","?","T","M","?","R","M","R","T","M","M","M","?","$","R","B",null,"M","?","?","?","M","R","M","?","T","E","M","R","M","?","R","B",null],"character_chosen":"WATCHER","items_purchased":["Tantrum","FairyPotion","TalkToTheHand","Sling"],"campfire_rested":0,"item_purchase_floors":[10,10,31,31],"current_hp_per_floor":[54,54,54,54,34,34,14,14,14,14,11,11,11,11,11,11,54,50,50,50,34,24,24,24,24,24,24,22,5,5,5,5,20,56,56,56,56,56,56,56,50,50,50,50,50,50,50,50,50,21],"gold":259,"neow_bonus":"ONE_RANDOM_RARE_CARD","is_daily":false,"chose_seed":false,"campfire_upgraded":9,"win_rate":0.0,"timestamp":1610771262,"path_taken":["M","M","?","?","?","R","E","M","T","$","M","?","R","M","R","BOSS","M","?","?","M","?","R","M","R","T","?","M","M","?","$","R","BOSS","M","?","?","?","?","R","M","?","T","E","M","R","?","?","R","BOSS"],"items_purchased_type":["Card","Potion","Card","Relic"],"build_version":"2020-12-22","purchased_purges":1,"victory":true,"max_hp_per_floor":[68,68,68,68,68,68,68,68,68,68,68,68,68,68,68,68,68,68,68,68,68,68,68,68,68,68,68,68,68,68,68,68,68,68,68,65,65,65,65,65,65,65,65,65,65,65,65,65,65,65],"relic_stats":{"Nunchaku":[14],"Happy Flower":[16],"counters":[21,58],"Prayer Wheel":8,"Ginger":[0],"obtain_stats":[{"Nunchaku":7,"Happy Flower":9,"MutagenicStrength":30,"Philosopher\u0027s Stone":17,"Prayer Wheel":26,"Coffee Dripper":34,"Ginger":43,"PureWater":0,"Ancient Tea Set":20,"Sling":31,"White Beast Statue":44},{"Nunchaku":3,"Happy Flower":4,"MutagenicStrength":13,"Philosopher\u0027s Stone":7,"Prayer Wheel":10,"Coffee Dripper":14,"Ginger":17,"PureWater":0,"Ancient Tea Set":8,"Sling":13,"White Beast Statue":18},{"Nunchaku":7,"Happy Flower":8,"MutagenicStrength":28,"Philosopher\u0027s Stone":14,"Prayer Wheel":19,"Coffee Dripper":33,"Ginger":42,"PureWater":0,"Ancient Tea Set":16,"Sling":28,"White Beast Statue":45}]},"card_choices":[{"not_picked":["ClearTheMind","WindmillStrike","Halt"],"picked":"SKIP","floor":1},{"not_picked":["ClearTheMind","WindmillStrike"],"picked":"Halt","floor":1},{"not_picked":["Worship","CrushJoints"],"picked":"Tantrum","floor":2},{"not_picked":["Meditate","SashWhip"],"picked":"Scrawl","floor":7},{"not_picked":["Sanctity","Evaluate"],"picked":"FearNoEvil","floor":8},{"not_picked":["EmptyBody","CrushJoints"],"picked":"Consecrate","floor":11},{"not_picked":["ClearTheMind","EmptyBody","Crescendo"],"picked":"SKIP","floor":14},{"not_picked":["Omniscience","Establishment"],"picked":"Blasphemy","floor":16},{"not_picked":["PathToVictory+1","ClearTheMind"],"picked":"Fasting2","floor":18},{"not_picked":["Prostrate","Meditate"],"picked":"FearNoEvil+1","floor":21},{"not_picked":["FlurryOfBlows","Fasting2","Nirvana"],"picked":"SKIP","floor":24},{"not_picked":["JustLucky","PathToVictory"],"picked":"Indignation+1","floor":27},{"not_picked":["ClearTheMind","PathToVictory","EmptyMind"],"picked":"SKIP","floor":27},{"not_picked":["Blasphemy","Sanctity","Study"],"picked":"SKIP","floor":28},{"not_picked":["EmptyBody","ThirdEye","InnerPeace+1"],"picked":"SKIP","floor":28},{"not_picked":["Perseverance","Protect","BowlingBash"],"picked":"SKIP","floor":29},{"not_picked":["FlyingSleeves","Consecrate","CutThroughFate"],"picked":"SKIP","floor":29},{"not_picked":["Omniscience","Alpha"],"picked":"Brilliance","floor":33},{"not_picked":["CrushJoints+1","CutThroughFate"],"picked":"FollowUp+1","floor":35},{"not_picked":["FlurryOfBlows","Wireheading"],"picked":"Wallop+1","floor":35},{"not_picked":["Bandage Up","Swift Strike"],"picked":"Dark Shackles","floor":38},{"not_picked":["BattleHymn","PathToVictory","Evaluate+1"],"picked":"SKIP","floor":39},{"not_picked":["BattleHymn","SignatureMove+1","Crescendo+1"],"picked":"SKIP","floor":39},{"not_picked":["ClearTheMind+1","Crescendo"],"picked":"WheelKick+1","floor":41},{"not_picked":["Prostrate+1","FearNoEvil+1","FlyingSleeves"],"picked":"SKIP","floor":41},{"not_picked":["Halt","FollowUp"],"picked":"Vault","floor":44},{"not_picked":["ReachHeaven","FlurryOfBlows","Study+1"],"picked":"SKIP","floor":45},{"not_picked":["Halt","Prostrate","FlurryOfBlows"],"picked":"SKIP","floor":45},{"not_picked":["BowlingBash+1","Nirvana+1"],"picked":"TalkToTheHand","floor":47},{"not_picked":["EmptyMind+1","Nirvana","Sanctity"],"picked":"SKIP","floor":47}],"player_experience":1294738,"relics_obtained":[{"floor":7,"key":"Nunchaku"},{"floor":9,"key":"Happy Flower"},{"floor":20,"key":"Ancient Tea Set"},{"floor":26,"key":"Prayer Wheel"},{"floor":43,"key":"Ginger"},{"floor":44,"key":"White Beast Statue"}],"event_choices":[{"cards_removed":["Defend_P"],"damage_healed":0,"gold_gain":0,"player_choice":"Card Removal","damage_taken":0,"max_hp_gain":0,"max_hp_loss":0,"event_name":"The Cleric","floor":3,"gold_loss":75},{"damage_healed":0,"gold_gain":150,"player_choice":"AGREE","damage_taken":0,"max_hp_gain":0,"max_hp_loss":0,"event_name":"Liars Game","floor":4,"gold_loss":0,"cards_obtained":["Doubt"]},{"damage_healed":0,"gold_gain":0,"player_choice":"Entered Light","damage_taken":20,"max_hp_gain":0,"max_hp_loss":0,"event_name":"Shining Light","floor":5,"gold_loss":0,"cards_upgraded":["Defend_P","Halt"]},{"damage_healed":0,"gold_gain":0,"player_choice":"Simplicity","damage_taken":0,"max_hp_gain":0,"max_hp_loss":0,"event_name":"Back to Basics","floor":19,"gold_loss":0,"cards_upgraded":["Strike_P","Strike_P","Strike_P","Strike_P","Defend_P","Defend_P"]},{"damage_healed":0,"gold_gain":0,"player_choice":"Damaged","damage_taken":10,"max_hp_gain":0,"max_hp_loss":0,"event_name":"Wheel of Change","floor":22,"gold_loss":0},{"damage_healed":0,"gold_gain":0,"player_choice":"Inject Mutagens","damage_taken":0,"relics_obtained":["MutagenicStrength"],"max_hp_gain":0,"max_hp_loss":0,"event_name":"Drug Dealer","floor":30,"gold_loss":0},{"damage_healed":0,"gold_gain":0,"player_choice":"Max HP","damage_taken":0,"max_hp_gain":0,"max_hp_loss":3,"event_name":"Winding Halls","floor":36,"gold_loss":0},{"damage_healed":0,"gold_gain":0,"player_choice":"Ignored","damage_taken":0,"max_hp_gain":0,"max_hp_loss":0,"event_name":"Tomb of Lord Red Mask","floor":37,"gold_loss":0},{"damage_healed":0,"gold_gain":0,"player_choice":"Memory 1","damage_taken":0,"max_hp_gain":0,"max_hp_loss":0,"event_name":"SensoryStone","floor":38,"gold_loss":0},{"damage_healed":0,"gold_gain":0,"player_choice":"Got Potions","damage_taken":0,"max_hp_gain":0,"max_hp_loss":0,"event_name":"Lab","floor":42,"gold_loss":0},{"cards_removed":["Fasting2"],"damage_healed":0,"gold_gain":0,"player_choice":"Removed Power","damage_taken":0,"max_hp_gain":0,"max_hp_loss":0,"event_name":"Falling","floor":48,"gold_loss":0}],"is_beta":false,"boss_relics":[{"not_picked":["Snecko Eye","Pandora\u0027s Box"],"picked":"Philosopher\u0027s Stone"},{"not_picked":["Fusion Hammer","Runic Pyramid"],"picked":"Coffee Dripper"}],"items_purged_floors":[10],"is_endless":false,"potions_floor_spawned":[7,8,14,16,21,24,33,39,44,45,47],"ascension_level":16}}