{"host":"9u9ci7gr6x9ja244","time":1610774725,"event":{"mods":["BaseMod","Downfall","Minty Spire (QoL Compilation)","StSLib"],"gold_per_floor":[0,16,26,38,48,48,48,61,91,106,106,106,6,23,39,140,140,40,55,55,55,55,55,55,69,87,107,107,139,156,156,156,156],"floor_reached":31,"language":"ZHS","playtime":2034,"items_purged":[],"score":424,"play_id":"9baa76fc-5df0-49f7-9ae2-bb3553b389e4","local_time":"20210116132525","is_ascension_mode":true,"campfire_choices":[{"data":"Magnetism","floor":1,"key":"SMITH"},{"data":"Slimebound:Split","floor":6,"key":"SMITH"},{"floor":13,"key":"RECALL"},{"data":"Slimebound:MassRepurpose","floor":18,"key":"SMITH"},{"data":"Slimebound:Darklings","floor":23,"key":"SMITH"}],"circlet_count":0,"master_deck":["Slimebound:Tackle","Slimebound:Split+1","Slimebound:CorrosiveSpit","Magnetism+1","Slimebound:GoopSpray","Slimebound:SplitBruiser","Slimebound:Gluttony","Slimebound:ViciousTackle","Slimebound:Schlurp","Slimebound:PressTheAttack","Slimebound:Schlurp","Slimebound:SlimeSpikes","Slimebound:Darklings+1","Slimebound:MassRepurpose+1","Slimebound:ForwardTackle","Slimebound:BestDefense","Slimebound:SlimeTap","Slimebound:LeechingTouch","Slimebound:SpikyOuterGoop","Slimebound:FirmFortitude","Slimebound:SplitLeeching+1","downfall:Bewildered","Injury","downfall:Bewildered","Decay","downfall:Haunted","Slimebound:LeechLife","Slimebound:GoopTackle","Slimebound:SlimeSpikes","Slimebound:SamplingLick+1","Slimebound:Nibble","Slimebound:SplitSpecialist","Slimebound:SelfFormingGoo"],"relics":["Slimebound:AbsorbEndCombat","Darkstone Periapt","downfall:HeartBlessingBlue","Pandora\u0027s Box","downfall:HeartBlessingRed","Cursed Key","Juzu Bracelet","Gambling Chip"],"acts_visited":["Exordium","TheCity"],"potions_floor_usage":[14,14,26,27,29,30],"damage_taken":[{"damage":1,"enemies":"Cultist","floor":2,"turns":4},{"damage":0,"enemies":"Small Slimes","floor":3,"turns":3},{"damage":0,"enemies":"2 Louse","floor":4,"turns":3},{"damage":14,"enemies":"Blue Slaver","floor":5,"turns":4},{"damage":9,"enemies":"2 Fungi Beasts","floor":8,"turns":4},{"damage":17,"enemies":"Gremlin Nob","floor":9,"turns":4},{"damage":7,"enemies":"Blue Slaver","floor":10,"turns":4},{"damage":17,"enemies":"Gremlin Gang","floor":14,"turns":4},{"damage":7,"enemies":"3 Louse","floor":15,"turns":3},{"damage":41,"enemies":"SI_SHIV_ARCHETYPE","floor":16,"turns":7},{"damage":25,"enemies":"3 Byrds","floor":19,"turns":5},{"damage":0,"enemies":"Chosen","floor":22,"turns":1},{"damage":32,"enemies":"Centurion and Healer","floor":25,"turns":6},{"damage":31,"enemies":"Chosen and Byrds","floor":26,"turns":6},{"damage":19,"enemies":"Snecko","floor":27,"turns":6},{"damage":12,"enemies":"Gremlin Leader","floor":29,"turns":7},{"damage":23,"enemies":"Shelled Parasite and Fungi","floor":30,"turns":4},{"damage":19,"enemies":"Chosen and Byrds","floor":31,"turns":6}],"seed_played":"5758131859111663886","potions_obtained":[{"floor":2,"key":"EssenceOfSteel"},{"floor":5,"key":"PowerPotion"},{"floor":8,"key":"Swift Potion"},{"floor":9,"key":"AttackPotion"},{"floor":14,"key":"LiquidMemories"},{"floor":25,"key":"Slimebound:ThreeZeroPotion"},{"floor":27,"key":"bronze:BurnAndBuffPotion"},{"floor":29,"key":"Block Potion"}],"is_trial":false,"path_per_floor":["R","M","M","M","M","R","T","M","E","M","?","?","R","M","M","B",null,"R","M","?","?","M","R","T","M","M","M","?","E","M","M"],"character_chosen":"SLIMEBOUND","items_purchased":[],"campfire_rested":0,"item_purchase_floors":[],"current_hp_per_floor":[65,65,65,65,53,53,53,47,33,27,48,48,58,44,40,3,75,75,54,54,84,84,84,90,68,41,23,23,30,11,0,0,0],"gold":156,"neow_bonus":"RANDOM_COLORLESS_2","is_daily":false,"chose_seed":false,"campfire_upgraded":4,"win_rate":0.0,"timestamp":1610774725,"path_taken":["R","M","M","M","M","R","T","?","E","M","?","?","R","M","M","BOSS","R","M","?","?","M","R","T","M","M","M","?","E","M","M"],"items_purchased_type":[],"build_version":"2020-12-22","purchased_purges":0,"victory":false,"max_hp_per_floor":[65,65,65,65,65,65,65,65,65,65,65,65,75,75,75,75,75,75,75,75,105,105,105,111,111,111,111,111,111,111,111,111,111],"card_choices":[{"not_picked":["Master of Strategy","Thinking Ahead"],"picked":"Magnetism","floor":0},{"not_picked":["Slimebound:SplitLeeching","Slimebound:SlimeSpikes"],"picked":"Slimebound:GoopSpray","floor":2},{"not_picked":["Slimebound:DisruptingSlam","Slimebound:FlameTackle","Slimebound:FinishingTackle"],"picked":"SKIP","floor":3},{"not_picked":["Slimebound:Dissolve","Slimebound:Equalize"],"picked":"Slimebound:SplitBruiser","floor":4},{"not_picked":["Slimebound:Prepare","Slimebound:Grow"],"picked":"Slimebound:Gluttony","floor":5},{"not_picked":["Slimebound:ItLooksTasty","Slimebound:ComboTackle"],"picked":"Slimebound:ViciousTackle","floor":8},{"not_picked":["Slimebound:Prepare","Slimebound:AcidTongue"],"picked":"Slimebound:Schlurp","floor":9},{"not_picked":["Slimebound:Dissolve","Slimebound:Prepare"],"picked":"Slimebound:PressTheAttack","floor":10},{"not_picked":["Slimebound:PressTheAttack","Slimebound:DivideAndConquer"],"picked":"Slimebound:Schlurp","floor":14},{"not_picked":["Slimebound:FormOfPuddle","Slimebound:FlameTackle"],"picked":"Slimebound:SlimeSpikes","floor":15},{"not_picked":["Slimebound:PrepareCrush","Slimebound:LeechLife"],"picked":"Slimebound:Darklings","floor":16},{"not_picked":["Slimebound:SlimeSpikes","Slimebound:Replication"],"picked":"Slimebound:SplitLeeching+1","floor":19},{"not_picked":["Slimebound:ComboTackle","Slimebound:RollThrough"],"picked":"Slimebound:GoopTackle","floor":22},{"not_picked":["Slimebound:ServeAndProtect","Slimebound:GrowthPunch"],"picked":"Slimebound:SlimeSpikes","floor":25},{"not_picked":["Slimebound:Prepare","Slimebound:LeechingTouch"],"picked":"Slimebound:SamplingLick+1","floor":26},{"not_picked":["Slimebound:LivingWall","Slimebound:GoopSpray"],"picked":"Slimebound:Nibble","floor":27},{"not_picked":["Slimebound:LeechingTouch","Slimebound:GoopTackle+1"],"picked":"Slimebound:SplitSpecialist","floor":29},{"not_picked":["Slimebound:BestDefense","Slimebound:Schlurp+1"],"picked":"Slimebound:SelfFormingGoo","floor":30}],"player_experience":251418,"relics_obtained":[{"floor":9,"key":"Darkstone Periapt"},{"floor":24,"key":"Juzu Bracelet"},{"floor":29,"key":"Gambling Chip"}],"event_choices":[{"damage_healed":21,"gold_gain":0,"player_choice":"Banana","damage_taken":0,"max_hp_gain":0,"max_hp_loss":0,"event_name":"Big Fish","floor":11,"gold_loss":0},{"damage_healed":0,"gold_gain":0,"player_choice":"Ignored","damage_taken":0,"max_hp_gain":0,"max_hp_loss":0,"event_name":"Vampires","floor":20,"gold_loss":0}],"is_beta":false,"boss_relics":[{"not_picked":["Black Star","Fusion Hammer"],"picked":"Pandora\u0027s Box"}],"items_purged_floors":[],"is_endless":false,"potions_floor_spawned":[2,5,8,9,14,25,27,29],"killed_by":"Chosen and Byrds","ascension_level":1}}