{"host":"94qggqh0xz0sp6ai","time":1610835005,"event":{"mods":["100% Spire Juice","Abigail Mod","Act Like it!","BaseMod","CapriCore","Downfall","Friendly Minions","Gensokyo","Hermit","Jorbs\u0027s Wanderer Trilogy","Koishi","Marisa（霧雨　魔理沙）","Minty Spire (QoL Compilation)","Permanent Neow","Reimu（博??梦）","StSLib","The Alterego","The Construct","The Cursed","The Hierophant","The Immortal","The Marked","The Servant 0.9.4","TheBandit","Waifu the Spire"],"gold_per_floor":[110,265,284,179,51,51,85,85,85,101,129,142,142,22,22,124,4,4,4,4,4,4,4,4,4,4,4,4,4,4,4,4,4,4,4,4,4,4,4,4,4,4,4,4,4,4,4,4,4,4],"floor_reached":51,"language":"ENG","playtime":2503,"items_purged":["Regret"],"score":758,"play_id":"9fbd16fd-cb33-4c26-80bc-c6e0b455428f","local_time":"20210116161005","is_ascension_mode":false,"campfire_choices":[{"data":"Moonworks:DeployBits","floor":6,"key":"SMITH"},{"data":"Moonworks:SakisCookie","floor":8,"key":"SMITH"},{"data":"1","floor":13,"key":"LIFT"},{"data":"2","floor":15,"key":"LIFT"},{"data":"3","floor":24,"key":"LIFT"},{"data":"Moonworks:Dinner","floor":29,"key":"SMITH"},{"floor":32,"key":"REST"},{"data":"Moonworks:MiracleWalker","floor":40,"key":"SMITH"},{"data":"Moonworks:StarBlastingFuse","floor":42,"key":"SMITH"},{"data":"Moonworks:IndiscriminateFireSupport","floor":45,"key":"SMITH"},{"floor":49,"key":"REST"}],"circlet_count":0,"master_deck":["Moonworks:Strike","Moonworks:Strike","Moonworks:Strike","Moonworks:Defend+1","Moonworks:Defend+1","Moonworks:Defend","Moonworks:Defend","Moonworks:Ambush","Moonworks:LongDistanceShot","Moonworks:StiffCrystal","Moonworks:DeployBits+1","Moonworks:UnluckyCharm","Moonworks:StiffCrystal","Moonworks:NicePresent","Moonworks:SakisCookie+1","Moonworks:IndiscriminateFireSupport+1","Moonworks:CompletionReward","Moonworks:Poppoformation","Moonworks:StarBlastingFuse+1","Moonworks:FullSpeedAlicianrone+1","Moonworks:DeployBits+1","Moonworks:ImOnFire","Moonworks:EvilSpyWorkPreparation","Moonworks:Dinner+1","Moonworks:MiracleWalker+1","Moonworks:UnpaidWork+1","Moonworks:GoAway","Moonworks:BigBangBell+1","Moonworks:EvilSpyWorkPreparation+1","Moonworks:NicePresent+1","Moonworks:StarBlastingFuse+1","Moonworks:RedAndBlue+1"],"relics":["Moonworks:BrokenBomb","Moonworks:Homemark","CaptainsWheel","Girya","War Paint","Ectoplasm","Lantern","Nilry\u0027s Codex","Kunai","Spirit Poop","Singing Bowl","SacredBark","construct:BoolHorns","CatCart","MealTicket","InkBottle"],"acts_visited":["Exordium","TheCity","TheBeyond"],"potions_floor_usage":[7,11,23,30,33,38,50,50],"damage_taken":[{"damage":0,"enemies":"2 Louse","floor":1,"turns":3},{"damage":4,"enemies":"Cultist","floor":3,"turns":4},{"damage":0,"enemies":"Small Slimes","floor":4,"turns":3},{"damage":30,"enemies":"Gremlin Nob","floor":7,"turns":5},{"damage":0,"enemies":"3 Louse","floor":10,"turns":4},{"damage":0,"enemies":"Lagavulin","floor":11,"turns":4},{"damage":3,"enemies":"Red Slaver","floor":12,"turns":4},{"damage":17,"enemies":"Slime Boss","floor":16,"turns":10},{"damage":0,"enemies":"Spheric Guardian","floor":18,"turns":2},{"damage":6,"enemies":"Shell Parasite","floor":19,"turns":3},{"damage":6,"enemies":"Centurion and Healer","floor":20,"turns":6},{"damage":0,"enemies":"Snecko","floor":23,"turns":4},{"damage":17,"enemies":"Snake Plant","floor":27,"turns":4},{"damage":8,"enemies":"Slavers","floor":30,"turns":4},{"damage":19,"enemies":"Shelled Parasite and Fungi","floor":31,"turns":4},{"damage":31,"enemies":"Automaton","floor":33,"turns":8},{"damage":3,"enemies":"3 Shapes","floor":35,"turns":3},{"damage":0,"enemies":"Mind Bloom Boss Battle","floor":36,"turns":4},{"damage":6,"enemies":"Orb Walker","floor":37,"turns":5},{"damage":1,"enemies":"Orin","floor":38,"turns":9},{"damage":1,"enemies":"3 Darklings","floor":39,"turns":4},{"damage":23,"enemies":"Maw","floor":41,"turns":7},{"damage":5,"enemies":"4 Shapes","floor":44,"turns":3},{"damage":22,"enemies":"Nemesis","floor":46,"turns":7},{"damage":5,"enemies":"Writhing Mass","floor":48,"turns":4},{"damage":20,"enemies":"Awakened One","floor":50,"turns":12}],"seed_played":"-178844344904024477","potions_obtained":[{"floor":1,"key":"Swift Potion"},{"floor":7,"key":"SpeedPotion"},{"floor":10,"key":"GrandPatriotsElixir:ReiMu"},{"floor":12,"key":"PowerPotion"},{"floor":19,"key":"ColorlessPotion"},{"floor":27,"key":"Regen Potion"},{"floor":31,"key":"Weak Potion"},{"floor":36,"key":"SteroidPotion"},{"floor":37,"key":"EssenceOfSteel"},{"floor":46,"key":"champ:CounterPotion"}],"is_trial":false,"path_per_floor":["M","?","M","M","$","R","E","R","T","M","E","M","R","$","R","B",null,"M","M","M","$","?","M","R","?","T","M","?","R","E","M","R","B",null,"M","?","M","?","M","R","M","R","T","M","R","E","?","M","R","B",null],"character_chosen":"THE_STARBREAKER","items_purchased":["Moonworks:NicePresent"],"campfire_rested":2,"item_purchase_floors":[5],"current_hp_per_floor":[60,60,56,56,56,56,26,26,26,29,32,32,32,32,32,18,60,60,54,51,51,51,51,51,35,35,21,21,21,40,21,39,33,60,59,62,62,65,65,65,45,45,45,47,47,40,40,42,63,51],"gold":4,"neow_bonus":"TRANSFORM_CARD","is_daily":false,"chose_seed":false,"campfire_upgraded":6,"win_rate":0.0,"timestamp":1610835005,"path_taken":["M","?","M","M","$","R","E","R","T","?","E","M","R","$","R","BOSS","M","M","M","$","?","M","R","?","T","M","?","R","E","?","R","BOSS","M","?","M","?","?","R","M","R","T","M","R","E","?","M","R","BOSS"],"items_purchased_type":["Card"],"build_version":"2020-12-22","purchased_purges":1,"victory":true,"max_hp_per_floor":[60,60,60,60,60,60,60,60,60,60,60,60,60,60,60,60,60,60,60,60,60,60,60,60,60,60,60,60,60,60,60,60,60,60,62,62,64,66,66,66,68,68,68,68,68,70,70,70,70,70],"card_choices":[{"not_picked":["Moonworks:ImOnFire","Moonworks:BigMagnum"],"picked":"Moonworks:DeployBits","floor":1},{"not_picked":["Moonworks:ScrambledEve","Moonworks:ImOnFire"],"picked":"Moonworks:UnluckyCharm","floor":3},{"not_picked":["Moonworks:ImmovableObject","Moonworks:BigMagnum"],"picked":"Moonworks:StiffCrystal","floor":4},{"not_picked":["Moonworks:FinalSurgery","Moonworks:BigMagnum"],"picked":"Moonworks:SakisCookie","floor":7},{"not_picked":["Moonworks:UnpaidWork","Moonworks:DeployBits"],"picked":"Moonworks:IndiscriminateFireSupport","floor":10},{"not_picked":["Moonworks:NicePresent","Moonworks:BigMagnum"],"picked":"Moonworks:CompletionReward","floor":11},{"not_picked":["Moonworks:SealedMemories","Moonworks:UnluckyCharm"],"picked":"Moonworks:Poppoformation","floor":12},{"not_picked":["Moonworks:FinalBattle","Moonworks:GoAway"],"picked":"Moonworks:StarBlastingFuse","floor":16},{"not_picked":["Moonworks:DeployBits","Moonworks:UnluckyCharm"],"picked":"Moonworks:FullSpeedAlicianrone+1","floor":18},{"not_picked":["Moonworks:IndiscriminateFireSupport","Moonworks:CloudOfSeagulls+1"],"picked":"Moonworks:DeployBits+1","floor":19},{"not_picked":["Moonworks:Poppoformation+1","Moonworks:Assault"],"picked":"Moonworks:ImOnFire","floor":20},{"not_picked":["Moonworks:AngelHand","Moonworks:NicePresent"],"picked":"Moonworks:EvilSpyWorkPreparation","floor":23},{"not_picked":["Moonworks:JonathanRush+1","Moonworks:Assault"],"picked":"Moonworks:Dinner","floor":27},{"not_picked":["Moonworks:JonathanRush+1","Moonworks:WindyEnchantment"],"picked":"Moonworks:MiracleWalker","floor":30},{"not_picked":["Moonworks:ScrambledEve","Moonworks:Assault"],"picked":"Moonworks:UnpaidWork+1","floor":31},{"not_picked":["Moonworks:Wanted","Moonworks:FinalBattle"],"picked":"Moonworks:GoAway","floor":33},{"not_picked":["Moonworks:WindyEnchantment","Moonworks:ImOnFire+1","Moonworks:JonathanRush"],"picked":"Singing Bowl","floor":35},{"not_picked":["Moonworks:Assault+1","Moonworks:ImOnFire"],"picked":"Moonworks:BigBangBell+1","floor":36},{"not_picked":["Moonworks:CloudOfSeagulls","Moonworks:ImOnFire+1","Moonworks:LulusLuckyEgg+1"],"picked":"Singing Bowl","floor":37},{"not_picked":["Moonworks:Assault+1","Moonworks:CloudOfSeagulls+1","Moonworks:ImOnFire+1"],"picked":"Singing Bowl","floor":38},{"not_picked":["Moonworks:JonathanRush+1","Moonworks:CloudOfSeagulls+1"],"picked":"Moonworks:EvilSpyWorkPreparation+1","floor":39},{"not_picked":["Moonworks:WindyEnchantment+1","Moonworks:CloudOfSeagulls","Moonworks:HolyNight"],"picked":"Singing Bowl","floor":41},{"not_picked":["Moonworks:SweetBattle","Moonworks:DevilHand+1"],"picked":"Moonworks:NicePresent+1","floor":44},{"not_picked":["Moonworks:AwakeningOfTalent+1","Moonworks:LulusLuckyEgg","Moonworks:EvilSpyWorkPreparation"],"picked":"Singing Bowl","floor":46},{"not_picked":["Moonworks:DeployBits+1","Moonworks:CloudOfSeagulls+1"],"picked":"Moonworks:RedAndBlue+1","floor":48}],"player_experience":1390550,"relics_obtained":[{"floor":7,"key":"CaptainsWheel"},{"floor":9,"key":"Girya"},{"floor":11,"key":"War Paint"},{"floor":25,"key":"Nilry\u0027s Codex"},{"floor":26,"key":"Kunai"},{"floor":30,"key":"Singing Bowl"},{"floor":36,"key":"construct:BoolHorns"},{"floor":38,"key":"CatCart"},{"floor":43,"key":"MealTicket"},{"floor":46,"key":"InkBottle"}],"event_choices":[{"damage_healed":0,"gold_gain":275,"player_choice":"Desecrate","damage_taken":0,"max_hp_gain":0,"max_hp_loss":0,"event_name":"Golden Shrine","floor":2,"gold_loss":0,"cards_obtained":["Regret"]},{"damage_healed":0,"gold_gain":0,"player_choice":"Opened","damage_taken":0,"relics_obtained":["Lantern"],"max_hp_gain":0,"max_hp_loss":0,"event_name":"The Mausoleum","floor":22,"gold_loss":0,"cards_obtained":["Writhe"]},{"damage_healed":0,"gold_gain":0,"player_choice":"Obtained Book","damage_taken":16,"max_hp_gain":0,"max_hp_loss":0,"event_name":"Cursed Tome","floor":25,"gold_loss":0},{"cards_removed":["Writhe"],"damage_healed":0,"gold_gain":0,"player_choice":"Offered Curse","damage_taken":0,"relics_obtained":["Spirit Poop"],"max_hp_gain":0,"max_hp_loss":0,"event_name":"Bonfire Elementals","floor":28,"gold_loss":0},{"damage_healed":0,"gold_gain":0,"player_choice":"Fight","damage_taken":0,"max_hp_gain":0,"max_hp_loss":0,"event_name":"MindBloom","floor":36,"gold_loss":0},{"damage_healed":0,"gold_gain":0,"player_choice":"Fight","damage_taken":0,"max_hp_gain":0,"max_hp_loss":0,"event_name":"OrinTheCat","floor":38,"gold_loss":0},{"damage_healed":0,"gold_gain":0,"player_choice":"Copied","damage_taken":0,"max_hp_gain":0,"max_hp_loss":0,"event_name":"Duplicator","floor":47,"gold_loss":0,"cards_obtained":["Moonworks:StarBlastingFuse"]}],"is_beta":false,"boss_relics":[{"not_picked":["Runic Pyramid","Velvet Choker"],"picked":"Ectoplasm"},{"not_picked":["Pandora\u0027s Box","Tiny House"],"picked":"SacredBark"}],"items_purged_floors":[5],"is_endless":false,"potions_floor_spawned":[1,7,10,12,19,20,27,31,36,37,46],"ascension_level":0}}