{"host":"q2l6xtlpu05lrop8","time":1610838606,"event":{"mods":["AchievementEnabler","BaseMod","Colored Map","Googly Eyes","Minty Spire (QoL Compilation)","Slay the Streamer","StSLib","The IronCluck","slay the spire mod where everything is the same but ironclad has a cowboy hat"],"gold_per_floor":[114,39,39,56,66,66,91,111,111,111,111,32,32,58,72,72,146,146,162,173,173,173,226,258,10,36,106,106,135,135,47,58,85,85,159,159,171,181,181,181,206,232,60,60,60,60,76,76,76,76,108,108,108,108,108,49,81,81,81],"floor_reached":58,"language":"ENG","playtime":4694,"items_purged":["Regret"],"score":1845,"play_id":"b017bc1d-1516-4dde-b533-4c680ba05fd6","local_time":"20210116151006","is_ascension_mode":true,"campfire_choices":[{"data":"Deadly Poison","floor":6,"key":"SMITH"},{"data":"Deadly Poison","floor":11,"key":"SMITH"},{"data":"Well Laid Plans","floor":13,"key":"SMITH"},{"data":"Neutralize","floor":16,"key":"SMITH"},{"data":"Phantasmal Killer","floor":30,"key":"SMITH"},{"data":"After Image","floor":34,"key":"SMITH"},{"floor":44,"key":"RECALL"},{"data":"Footwork","floor":48,"key":"SMITH"},{"data":"Caltrops","floor":50,"key":"SMITH"},{"data":"Deflect","floor":52,"key":"SMITH"},{"data":"Cloak And Dagger","floor":55,"key":"SMITH"}],"circlet_count":0,"master_deck":["AscendersBane","After Image+1","Bane","Blur","Dagger Spray","Deflect+1","Cloak And Dagger+1","Poisoned Stab","Deadly Poison+1","Phantasmal Killer+1","Backstab","Prepared","Neutralize+1","Footwork+1","Well Laid Plans+1","Die Die Die","Deadly Poison+1","PiercingWail+1","Backflip+1","Deadly Poison+1","Cloak And Dagger+1","Grand Finale","Backflip+1","Corpse Explosion+1","Flying Knee","Catalyst+1","Deadly Poison+1","Escape Plan+1","Adrenaline+1","Backflip+1","Underhanded Strike+1","Masterful Stab+1","Outmaneuver+1","Slice+1","Flash of Steel","Adrenaline+1","Choke+1","Caltrops+1","Finisher","Cloak And Dagger+1","All Out Attack"],"relics":["Ring of the Serpent","Centennial Puzzle","Toxic Egg 2","White Beast Statue","MutagenicStrength","Art of War","Nunchaku","Snake Skull","Dream Catcher","Shuriken","Eternal Feather","Regal Pillow","Astrolabe","Torii","Blue Candle","OrangePellets","Vajra","Bottled Lightning"],"acts_visited":["Exordium","TheCity","TheBeyond","TheEnding"],"potions_floor_usage":[24,35,38,38,42,53,58,58],"damage_taken":[{"damage":3,"enemies":"Cultist","floor":1,"turns":2},{"damage":0,"enemies":"Jaw Worm","floor":4,"turns":2},{"damage":0,"enemies":"2 Louse","floor":5,"turns":1},{"damage":17,"enemies":"3 Sentries","floor":7,"turns":7},{"damage":7,"enemies":"Looter","floor":8,"turns":3},{"damage":0,"enemies":"Lagavulin","floor":14,"turns":5},{"damage":0,"enemies":"Blue Slaver","floor":15,"turns":2},{"damage":0,"enemies":"Hexaghost","floor":17,"turns":7},{"damage":0,"enemies":"3 Byrds","floor":19,"turns":4},{"damage":4,"enemies":"Chosen","floor":20,"turns":4},{"damage":0,"enemies":"Gremlin Leader","floor":24,"turns":4},{"damage":0,"enemies":"Book of Stabbing","floor":26,"turns":3},{"damage":9,"enemies":"Slavers","floor":29,"turns":3},{"damage":0,"enemies":"3 Cultists","floor":32,"turns":2},{"damage":17,"enemies":"Book of Stabbing","floor":33,"turns":4},{"damage":0,"enemies":"Automaton","floor":35,"turns":7},{"damage":0,"enemies":"Orb Walker","floor":37,"turns":2},{"damage":0,"enemies":"3 Darklings","floor":38,"turns":2},{"damage":0,"enemies":"Mind Bloom Boss Battle","floor":41,"turns":4},{"damage":0,"enemies":"Reptomancer","floor":42,"turns":3},{"damage":0,"enemies":"4 Shapes","floor":47,"turns":2},{"damage":1,"enemies":"Giant Head","floor":51,"turns":5},{"damage":7,"enemies":"Donu and Deca","floor":53,"turns":5},{"damage":48,"enemies":"Shield and Spear","floor":57,"turns":5},{"damage":30,"enemies":"The Heart","floor":58,"turns":2}],"seed_played":"-1639499318409165934","potions_obtained":[{"floor":4,"key":"EssenceOfSteel"},{"floor":7,"key":"Dexterity Potion"},{"floor":15,"key":"LiquidMemories"},{"floor":24,"key":"GamblersBrew"},{"floor":35,"key":"AttackPotion"},{"floor":37,"key":"Energy Potion"},{"floor":38,"key":"CultistPotion"},{"floor":41,"key":"SkillPotion"},{"floor":42,"key":"EssenceOfSteel"},{"floor":47,"key":"Energy Potion"},{"floor":57,"key":"LiquidBronze"}],"is_trial":false,"path_per_floor":["M","$","?","M","M","R","E","M","T","T","R","$","R","E","M","R","B",null,"M","M","?","?","T","E","$","E","T","T","E","R","$","M","E","R","B",null,"M","M","?","$","?","E","$","R","T","T","M","R","?","R","E","R","B",null,"R","$","E","B"],"character_chosen":"THE_SILENT","items_purchased":["PiercingWail+1","Backflip+1","Snake Skull","Catalyst+1","Escape Plan+1","OrangePellets","Cloak And Dagger+1"],"campfire_rested":0,"item_purchase_floors":[12,12,25,25,31,43,56],"current_hp_per_floor":[56,56,56,56,56,56,39,32,32,32,32,32,32,32,32,32,32,58,58,54,54,54,54,54,54,54,54,54,45,60,60,60,43,61,61,65,65,65,65,65,65,65,65,66,66,66,66,66,63,63,62,63,56,61,63,63,15,0,0],"gold":81,"neow_bonus":"TRANSFORM_TWO_CARDS","is_daily":false,"chose_seed":false,"campfire_upgraded":10,"win_rate":0.0,"timestamp":1610838606,"path_taken":["M","?","?","M","M","R","E","?","T","R","$","R","E","M","R","BOSS","M","M","?","?","?","E","$","E","T","E","R","$","M","E","R","BOSS","M","M","?","$","?","E","?","R","T","M","R","?","R","E","R","BOSS","R","$","E","BOSS"],"items_purchased_type":["Card","Card","Relic","Card","Card","Relic","Card"],"build_version":"2020-12-22","purchased_purges":1,"victory":false,"max_hp_per_floor":[66,66,66,66,66,66,66,66,66,66,66,66,66,66,66,66,66,66,66,66,66,66,66,66,66,66,66,66,66,66,66,66,66,66,66,66,66,66,66,66,66,66,66,66,66,66,66,66,63,63,63,63,63,63,63,63,63,63,63],"card_choices":[{"not_picked":["Acrobatics","Flying Knee"],"picked":"Prepared","floor":1},{"not_picked":["Flechettes","Poisoned Stab"],"picked":"Footwork","floor":4},{"not_picked":["Quick Slash","Calculated Gamble"],"picked":"Well Laid Plans","floor":5},{"not_picked":["Dagger Spray","Dodge and Roll"],"picked":"Die Die Die","floor":7},{"not_picked":["Backstab","Prepared"],"picked":"Deadly Poison","floor":8},{"not_picked":["Bane","Reflex+1"],"picked":"Deadly Poison+1","floor":14},{"not_picked":["Well Laid Plans","Quick Slash"],"picked":"Cloak And Dagger+1","floor":15},{"not_picked":["Phantasmal Killer+1","Die Die Die"],"picked":"Grand Finale","floor":17},{"not_picked":["Deflect+1","Sucker Punch"],"picked":"Backflip+1","floor":19},{"not_picked":["Noxious Fumes","Catalyst+1"],"picked":"Corpse Explosion+1","floor":20},{"not_picked":["Flechettes","Quick Slash"],"picked":"Flying Knee","floor":24},{"not_picked":["Accuracy","Predator"],"picked":"Deadly Poison+1","floor":26},{"not_picked":["Expertise+1","Reflex+1"],"picked":"Slice+1","floor":29},{"not_picked":["Leg Sweep+1","Acrobatics+1"],"picked":"Deadly Poison+1","floor":32},{"not_picked":["Choke","Bouncing Flask+1"],"picked":"Adrenaline+1","floor":33},{"not_picked":["Malaise+1","Burst+1"],"picked":"Phantasmal Killer+1","floor":35},{"not_picked":["Deflect+1","Poisoned Stab"],"picked":"Outmaneuver+1","floor":37},{"not_picked":["Dagger Spray","Backflip+1"],"picked":"Slice+1","floor":38},{"not_picked":["Purity+1","Dramatic Entrance"],"picked":"Flash of Steel","floor":39},{"not_picked":["Dagger Throw","Tactician+1"],"picked":"Adrenaline+1","floor":41},{"not_picked":["Backflip+1","Leg Sweep+1"],"picked":"Choke+1","floor":42},{"not_picked":["Quick Slash","Flechettes+1"],"picked":"Caltrops","floor":47},{"not_picked":["Deflect+1","Poisoned Stab"],"picked":"Finisher","floor":51},{"not_picked":["Deflect+1","Outmaneuver+1"],"picked":"All Out Attack","floor":57}],"player_experience":807828,"relics_obtained":[{"floor":7,"key":"Centennial Puzzle"},{"floor":9,"key":"Toxic Egg 2"},{"floor":14,"key":"White Beast Statue"},{"floor":23,"key":"Art of War"},{"floor":24,"key":"Nunchaku"},{"floor":26,"key":"Dream Catcher"},{"floor":27,"key":"Shuriken"},{"floor":29,"key":"Eternal Feather"},{"floor":33,"key":"Regal Pillow"},{"floor":41,"key":"Torii"},{"floor":42,"key":"Blue Candle"},{"floor":51,"key":"Vajra"},{"floor":57,"key":"Bottled Lightning"}],"event_choices":[{"damage_healed":0,"gold_gain":0,"player_choice":"1 cards matched","damage_taken":0,"max_hp_gain":0,"max_hp_loss":0,"event_name":"Match and Keep!","floor":3,"gold_loss":0,"cards_obtained":["Neutralize"]},{"damage_healed":0,"gold_gain":0,"player_choice":"Inject Mutagens","damage_taken":0,"relics_obtained":["MutagenicStrength"],"max_hp_gain":0,"max_hp_loss":0,"event_name":"Drug Dealer","floor":21,"gold_loss":0},{"damage_healed":0,"gold_gain":0,"player_choice":"Ignored","damage_taken":0,"max_hp_gain":0,"max_hp_loss":0,"event_name":"Ghosts","floor":22,"gold_loss":0},{"damage_healed":0,"gold_gain":0,"player_choice":"Memory 1","damage_taken":0,"max_hp_gain":0,"max_hp_loss":0,"event_name":"SensoryStone","floor":39,"gold_loss":0},{"damage_healed":0,"gold_gain":0,"player_choice":"Fight","damage_taken":0,"max_hp_gain":0,"max_hp_loss":0,"event_name":"MindBloom","floor":41,"gold_loss":0},{"damage_healed":0,"gold_gain":0,"player_choice":"Max HP","damage_taken":0,"max_hp_gain":0,"max_hp_loss":3,"event_name":"Winding Halls","floor":49,"gold_loss":0}],"is_beta":false,"boss_relics":[{"not_picked":["Ectoplasm","HoveringKite"],"picked":"Ring of the Serpent"},{"not_picked":["SacredBark","Fusion Hammer"],"picked":"Astrolabe"}],"items_purged_floors":[2],"is_endless":false,"potions_floor_spawned":[4,7,15,17,19,20,24,26,29,32,33,35,37,38,41,42,47,51,57],"killed_by":"The Heart","ascension_level":16}}