{"host":"sav7uxregyirlf69","time":1610810105,"event":{"mods":["AchievementEnabler","BaseMod","Colored Map","DeckTracker","Keyboard Shortcuts","Minty Spire (QoL Compilation)","READ ME - Guardian Mod","StSLib","SuperFastMode"],"gold_per_floor":[113,113,113,32,32,32,32,76,162,209,234,267,294,19,19,19,19],"floor_reached":16,"language":"KOR","playtime":150,"items_purged":["Strike_B"],"score":316,"play_id":"aa0e159a-7a62-4720-adcd-32001c9a3f03","local_time":"20210117001505","is_ascension_mode":true,"campfire_choices":[{"data":"Zap","floor":6,"key":"SMITH"},{"data":"Beam Cell","floor":15,"key":"SMITH"}],"circlet_count":0,"master_deck":["AscendersBane","Strike_B","Strike_B","Defend_B","Defend_B","Defend_B","Defend_B","Zap+1","Dualcast","Ball Lightning","Double Energy","Self Repair","Streamline","Beam Cell+1","Compile Driver","Undo","Rip and Tear"],"relics":["Cracked Core","NeowsBlessing","Golden Idol","MawBank","InkBottle","Art of War","OrangePellets"],"acts_visited":["Exordium"],"potions_floor_usage":[16],"damage_taken":[{"damage":0,"enemies":"Cultist","floor":1,"turns":1},{"damage":0,"enemies":"Lagavulin","floor":8,"turns":1},{"damage":0,"enemies":"Gremlin Nob","floor":10,"turns":1},{"damage":4,"enemies":"Small Slimes","floor":11,"turns":3},{"damage":0,"enemies":"Jaw Worm","floor":12,"turns":3},{"damage":0,"enemies":"Red Slaver","floor":13,"turns":2},{"damage":48,"enemies":"Slime Boss","floor":16,"turns":5}],"seed_played":"-4585689276178559419","potions_obtained":[{"floor":12,"key":"Dexterity Potion"}],"is_trial":false,"path_per_floor":["M","?","?","$","?","R","?","E","T","E","M","M","M","$","R","B"],"character_chosen":"DEFECT","items_purchased":["Self Repair","OrangePellets","AttackPotion"],"campfire_rested":0,"item_purchase_floors":[4,14,14],"current_hp_per_floor":[64,69,69,69,43,43,43,43,43,43,46,46,46,46,46,0,0],"gold":19,"neow_bonus":"THREE_ENEMY_KILL","is_daily":false,"chose_seed":false,"campfire_upgraded":2,"win_rate":0.0,"timestamp":1610810105,"path_taken":["M","?","?","$","?","R","?","E","T","E","M","M","?","?","R","BOSS"],"items_purchased_type":["Card","Relic","Potion"],"build_version":"2020-12-22","purchased_purges":1,"victory":false,"max_hp_per_floor":[71,76,76,76,76,76,76,76,76,76,76,76,76,76,76,76,76],"card_choices":[{"not_picked":["Leap","Aggregate"],"picked":"Ball Lightning","floor":1},{"not_picked":["Conserve Battery","Loop"],"picked":"Streamline","floor":8},{"not_picked":["Stack","Turbo"],"picked":"Beam Cell","floor":10},{"not_picked":["Barrage","Go for the Eyes"],"picked":"Compile Driver","floor":11},{"not_picked":["Turbo","Streamline"],"picked":"Undo","floor":12},{"not_picked":["Beam Cell","Gash"],"picked":"Rip and Tear","floor":13}],"player_experience":1296276,"relics_obtained":[{"floor":8,"key":"MawBank"},{"floor":9,"key":"InkBottle"},{"floor":10,"key":"Art of War"}],"event_choices":[{"damage_healed":0,"gold_gain":0,"player_choice":"Donut","damage_taken":0,"max_hp_gain":5,"max_hp_loss":0,"event_name":"Big Fish","floor":2,"gold_loss":0},{"damage_healed":0,"gold_gain":0,"cards_transformed":["Strike_B"],"player_choice":"Change","damage_taken":0,"max_hp_gain":0,"max_hp_loss":0,"event_name":"Living Wall","floor":3,"gold_loss":0,"cards_obtained":["Double Energy"]},{"damage_healed":0,"gold_gain":0,"player_choice":"Take Damage","damage_taken":26,"relics_obtained":["Golden Idol"],"max_hp_gain":0,"max_hp_loss":0,"event_name":"Golden Idol","floor":5,"gold_loss":0},{"damage_healed":0,"gold_gain":0,"player_choice":"Ignored","damage_taken":0,"max_hp_gain":0,"max_hp_loss":0,"event_name":"Liars Game","floor":7,"gold_loss":0}],"is_beta":false,"boss_relics":[],"items_purged_floors":[14],"is_endless":false,"potions_floor_spawned":[12],"killed_by":"Slime Boss","ascension_level":20}}