{"host":"sct5htsgcw1q318k","time":1610827760,"event":{"mods":["BaseMod","Colored Map","Minty Spire (QoL Compilation)","Permanent Neow"],"gold_per_floor":[111,130,147,165,181,181,211,211,211,236,236,246,421,421,421,421,421],"floor_reached":16,"language":"ENG","playtime":1454,"items_purged":[],"score":190,"play_id":"86e72bfc-7be3-409d-97ac-62a69b1e4223","local_time":"20210116140920","is_ascension_mode":true,"campfire_choices":[{"data":"Bouncing Flask","floor":6,"key":"SMITH"},{"floor":8,"key":"REST"},{"data":"Night Terror","floor":15,"key":"SMITH"}],"circlet_count":0,"master_deck":["AscendersBane","Strike_G","Strike_G","Strike_G","Strike_G","Defend_G","Defend_G","Defend_G","Defend_G","Defend_G","Survivor","Neutralize","Unload","All Out Attack","Bouncing Flask+1","Acrobatics","Corpse Explosion","Crippling Poison","PiercingWail","Night Terror+1","Backflip","Doubt"],"relics":["Ring of the Snake","White Beast Statue","Ornamental Fan","Letter Opener"],"acts_visited":["Exordium"],"potions_floor_usage":[10,12,12,16],"damage_taken":[{"damage":6,"enemies":"Cultist","floor":1,"turns":3},{"damage":0,"enemies":"Small Slimes","floor":2,"turns":3},{"damage":0,"enemies":"Jaw Worm","floor":3,"turns":3},{"damage":11,"enemies":"3 Louse","floor":4,"turns":2},{"damage":0,"enemies":"Exordium Wildlife","floor":5,"turns":3},{"damage":22,"enemies":"3 Sentries","floor":7,"turns":4},{"damage":24,"enemies":"Gremlin Nob","floor":10,"turns":4},{"damage":0,"enemies":"Large Slime","floor":12,"turns":6},{"damage":37,"enemies":"Hexaghost","floor":16,"turns":11}],"seed_played":"1900399512475975496","potions_obtained":[{"floor":1,"key":"Strength Potion"},{"floor":7,"key":"DuplicationPotion"},{"floor":10,"key":"SkillPotion"},{"floor":12,"key":"Regen Potion"}],"is_trial":false,"path_per_floor":["M","M","M","M","M","R","E","R","T","E","?","M","?","?","R","B"],"character_chosen":"THE_SILENT","items_purchased":[],"campfire_rested":1,"item_purchase_floors":[],"current_hp_per_floor":[53,53,53,42,42,42,20,39,39,15,15,15,15,20,20,0,0],"gold":421,"neow_bonus":"ONE_RANDOM_RARE_CARD","is_daily":false,"chose_seed":false,"campfire_upgraded":2,"win_rate":0.0,"timestamp":1610827760,"path_taken":["M","M","M","M","M","R","E","R","T","E","?","M","?","?","R","BOSS"],"items_purchased_type":[],"build_version":"2020-12-22","purchased_purges":0,"victory":false,"max_hp_per_floor":[66,66,66,66,66,66,66,66,66,66,66,66,66,71,71,71,71],"card_choices":[{"not_picked":["Quick Slash","Deflect"],"picked":"All Out Attack","floor":1},{"not_picked":["Slice","Dagger Throw"],"picked":"Bouncing Flask","floor":2},{"not_picked":["Outmaneuver","Caltrops"],"picked":"Acrobatics","floor":3},{"not_picked":["Choke","Heel Hook"],"picked":"Corpse Explosion","floor":4},{"not_picked":["Infinite Blades","Blade Dance","Outmaneuver"],"picked":"SKIP","floor":5},{"not_picked":["Backflip","Dagger Spray"],"picked":"Crippling Poison","floor":7},{"not_picked":["Tools of the Trade","Tactician"],"picked":"PiercingWail","floor":10},{"not_picked":["Underhanded Strike","Cloak And Dagger"],"picked":"Backflip","floor":12}],"player_experience":829412,"relics_obtained":[{"floor":7,"key":"White Beast Statue"},{"floor":9,"key":"Ornamental Fan"},{"floor":10,"key":"Letter Opener"}],"event_choices":[{"damage_healed":0,"gold_gain":0,"cards_transformed":["Strike_G"],"player_choice":"Change","damage_taken":0,"max_hp_gain":0,"max_hp_loss":0,"event_name":"Living Wall","floor":11,"gold_loss":0,"cards_obtained":["Night Terror"]},{"damage_healed":0,"gold_gain":175,"player_choice":"AGREE","damage_taken":0,"max_hp_gain":0,"max_hp_loss":0,"event_name":"Liars Game","floor":13,"gold_loss":0,"cards_obtained":["Doubt"]},{"damage_healed":0,"gold_gain":0,"player_choice":"Donut","damage_taken":0,"max_hp_gain":5,"max_hp_loss":0,"event_name":"Big Fish","floor":14,"gold_loss":0}],"is_beta":false,"boss_relics":[],"items_purged_floors":[],"is_endless":false,"potions_floor_spawned":[1,7,10,12],"killed_by":"Hexaghost","ascension_level":14}}