{"host":"kh6fvhxn285ncg0o","time":1610797631,"event":{"mods":["Act Like it!","BaseMod","Colored Map","Friendly Minions","Keyboard Shortcuts","Minty Spire (QoL Compilation)","Quick Restart","Relic Stats","StSLib","SuperFastMode"],"gold_per_floor":[114,114,130,130,130,166,91,130,142,154,179,234,261,289,301,409,421,458,395,407,438,450,462,509,521,559,590,602,630,642,693,705,810,822,855,1200,1212,1238,1266,1310,1322,1367,1379,1391,1417,1429,736,763,763,763,763,763,763,143,171,171],"floor_reached":57,"language":"KOR","playtime":2328,"items_purged":["Strike_R","Writhe","Decay"],"score":3192,"play_id":"f8cc98bd-cc8a-47fe-b7eb-5c9d1d7392a5","local_time":"20210116204711","is_ascension_mode":true,"campfire_choices":[{"data":"Fire Breathing","floor":15,"key":"SMITH"},{"floor":23,"key":"REST"},{"data":"Battle Trance","floor":25,"key":"SMITH"},{"floor":28,"key":"REST"},{"floor":32,"key":"REST"},{"floor":41,"key":"REST"},{"floor":44,"key":"RECALL"},{"floor":49,"key":"REST"},{"data":"Offering","floor":53,"key":"SMITH"}],"circlet_count":0,"master_deck":["AscendersBane","Defend_R","Defend_R","Defend_R","Defend_R","Combust+1","True Grit+1","Blood for Blood+1","Battle Trance+1","Fire Breathing+1","Power Through+1","Offering+1","Second Wind","Shrug It Off+1","Body Slam+1"],"relics":["Astrolabe","WarpedTongs","Singing Bowl","MawBank","Anchor","Bottled Lightning","Mark of Pain","Nilry\u0027s Codex","Oddly Smooth Stone","Turnip","Letter Opener","Cursed Key","Potion Belt","War Paint","Toy Ornithopter","InkBottle","Torii","Akabeko","Frozen Eye","Whetstone","Strawberry"],"acts_visited":["Exordium","TheCity","TheBeyond","TheEnding"],"potions_floor_usage":[8,16,33,35,39,50,55,56,56,56,56,56,56],"damage_taken":[{"damage":1,"enemies":"Small Slimes","floor":1,"turns":2},{"damage":3,"enemies":"Cultist","floor":3,"turns":2},{"damage":7,"enemies":"Lagavulin","floor":6,"turns":5},{"damage":11,"enemies":"3 Sentries","floor":8,"turns":8},{"damage":0,"enemies":"Jaw Worm","floor":11,"turns":4},{"damage":4,"enemies":"Lagavulin","floor":12,"turns":5},{"damage":1,"enemies":"Looter","floor":13,"turns":2},{"damage":0,"enemies":"Blue Slaver","floor":14,"turns":4},{"damage":3,"enemies":"Slime Boss","floor":16,"turns":4},{"damage":5,"enemies":"2 Thieves","floor":18,"turns":4},{"damage":9,"enemies":"3 Byrds","floor":21,"turns":3},{"damage":20,"enemies":"Book of Stabbing","floor":24,"turns":6},{"damage":13,"enemies":"Snecko","floor":27,"turns":3},{"damage":8,"enemies":"3 Cultists","floor":29,"turns":3},{"damage":20,"enemies":"Slavers","floor":31,"turns":5},{"damage":10,"enemies":"Collector","floor":33,"turns":5},{"damage":8,"enemies":"3 Darklings","floor":35,"turns":3},{"damage":0,"enemies":"3 Shapes","floor":38,"turns":2},{"damage":7,"enemies":"3 Darklings","floor":39,"turns":5},{"damage":29,"enemies":"Nemesis","floor":40,"turns":7},{"damage":14,"enemies":"Giant Head","floor":42,"turns":10},{"damage":0,"enemies":"Jaw Worm Horde","floor":45,"turns":4},{"damage":14,"enemies":"Nemesis","floor":48,"turns":11},{"damage":27,"enemies":"Time Eater","floor":50,"turns":18},{"damage":0,"enemies":"Donu and Deca","floor":51,"turns":10},{"damage":10,"enemies":"Shield and Spear","floor":55,"turns":6},{"damage":78,"enemies":"The Heart","floor":56,"turns":9}],"seed_played":"2695201710287391945","potions_obtained":[{"floor":1,"key":"ColorlessPotion"},{"floor":6,"key":"GamblersBrew"},{"floor":8,"key":"FearPotion"},{"floor":24,"key":"EntropicBrew"},{"floor":31,"key":"DuplicationPotion"},{"floor":33,"key":"AttackPotion"},{"floor":38,"key":"AttackPotion"},{"floor":39,"key":"FearPotion"},{"floor":45,"key":"DuplicationPotion"},{"floor":48,"key":"Weak Potion"}],"is_trial":false,"path_per_floor":["M","?","M","?","?","E","$","E","T","$","M","E","M","M","R","B",null,"M","?","?","M","?","R","E","R","T","M","R","M","$","E","R","B",null,"M","?","?","M","M","E","R","E","T","R","M","?","$","E","R","B","B",null,"R","$","E","B",null],"character_chosen":"IRONCLAD","items_purchased":["InkBottle","Torii","Body Slam","Frozen Eye","Swift Potion","Weak Potion","Whetstone"],"campfire_rested":5,"item_purchase_floors":[47,47,54,54,54,54,54],"current_hp_per_floor":[67,67,64,64,64,59,59,50,50,50,50,46,47,49,49,46,69,66,66,45,38,38,62,44,44,44,33,58,52,52,34,60,52,81,73,73,90,90,85,58,86,74,74,74,76,76,76,64,94,72,72,93,93,93,97,47],"gold":171,"neow_bonus":"BOSS_RELIC","is_daily":false,"chose_seed":false,"campfire_upgraded":3,"win_rate":0.0,"timestamp":1610797631,"path_taken":["M","?","?","?","?","E","$","E","T","?","M","E","M","M","R","BOSS","M","?","?","M","?","R","E","R","T","M","R","M","?","E","R","BOSS","M","?","?","M","M","E","R","E","T","R","?","?","$","E","R","BOSS","BOSS","R","$","E","BOSS"],"items_purchased_type":["Relic","Relic","Card","Relic","Potion","Potion","Relic"],"build_version":"2020-12-22","purchased_purges":3,"victory":true,"max_hp_per_floor":[75,75,75,68,68,70,70,72,72,72,72,72,74,76,76,76,76,78,78,78,80,80,80,82,82,82,84,84,86,86,88,88,90,90,90,90,90,90,92,94,94,96,96,96,98,98,98,100,100,100,100,100,100,100,109,109],"relic_stats":{"Singing Bowl":34,"Torii":8,"counters":[27,150],"Astrolabe":["Combust","True Grit","Blood for Blood"],"Letter Opener":[320],"Whetstone":["Body Slam"],"War Paint":["Power Through","Shrug It Off"],"MawBank":468,"Cursed Key":1,"WarpedTongs":[118],"Turnip":[10],"obtain_stats":[{"Potion Belt":40,"Singing Bowl":6,"Torii":47,"Golden Idol":4,"Nilry\u0027s Codex":20,"Astrolabe":0,"Oddly Smooth Stone":22,"Letter Opener":31,"Whetstone":54,"War Paint":42,"MawBank":8,"Cursed Key":34,"Burning Blood":0,"Akabeko":48,"WarpedTongs":2,"Frozen Eye":54,"Anchor":9,"Strawberry":55,"Mark of Pain":17,"Turnip":24,"Bottled Lightning":12,"Toy Ornithopter":43,"InkBottle":47},{"Potion Belt":20,"Singing Bowl":3,"Torii":22,"Golden Idol":2,"Nilry\u0027s Codex":10,"Astrolabe":0,"Oddly Smooth Stone":11,"Letter Opener":15,"Whetstone":25,"War Paint":21,"MawBank":4,"Cursed Key":16,"Burning Blood":0,"Akabeko":23,"WarpedTongs":1,"Frozen Eye":25,"Anchor":4,"Strawberry":26,"Mark of Pain":9,"Turnip":12,"Bottled Lightning":6,"Toy Ornithopter":21,"InkBottle":22},{"Potion Belt":82,"Singing Bowl":9,"Torii":96,"Golden Idol":4,"Nilry\u0027s Codex":40,"Astrolabe":0,"Oddly Smooth Stone":43,"Letter Opener":60,"Whetstone":135,"War Paint":92,"MawBank":17,"Cursed Key":65,"Burning Blood":0,"Akabeko":107,"WarpedTongs":2,"Frozen Eye":135,"Anchor":17,"Strawberry":141,"Mark of Pain":36,"Turnip":49,"Bottled Lightning":26,"Toy Ornithopter":92,"InkBottle":96}],"Toy Ornithopter":38,"InkBottle":[17]},"card_choices":[{"not_picked":["Power Through","Burning Pact"],"picked":"Battle Trance","floor":1},{"not_picked":["Sword Boomerang","Pommel Strike"],"picked":"Blood for Blood","floor":3},{"not_picked":["Warcry","Infernal Blade","True Grit"],"picked":"Singing Bowl","floor":6},{"not_picked":["Juggernaut","Blood for Blood","Sever Soul"],"picked":"Singing Bowl","floor":8},{"not_picked":["Iron Wave","Anger"],"picked":"Fire Breathing","floor":11},{"not_picked":["Flame Barrier","Warcry"],"picked":"Power Through","floor":12},{"not_picked":["Armaments","Wild Strike","Sword Boomerang"],"picked":"Singing Bowl","floor":13},{"not_picked":["Carnage","Battle Trance","Twin Strike"],"picked":"Singing Bowl","floor":14},{"not_picked":["Double Tap","Brutality"],"picked":"Offering","floor":16},{"not_picked":["Anger","Thunderclap","Cleave"],"picked":"Singing Bowl","floor":18},{"not_picked":["Wild Strike","Flex","Ghostly Armor"],"picked":"Singing Bowl","floor":21},{"not_picked":["Headbutt","Reckless Charge","Anger"],"picked":"Singing Bowl","floor":24},{"not_picked":["Flame Barrier+1","Exhume","Entrench"],"picked":"Singing Bowl","floor":27},{"not_picked":["Clothesline","Power Through","Armaments"],"picked":"Singing Bowl","floor":29},{"not_picked":["Blood for Blood","Clash","Thunderclap"],"picked":"Singing Bowl","floor":31},{"not_picked":["Corruption","Bludgeon","Exhume"],"picked":"Singing Bowl","floor":33},{"not_picked":["Rampage","Metallicize+1"],"picked":"Second Wind","floor":35},{"not_picked":["Sword Boomerang","Entrench"],"picked":"Shrug It Off","floor":38},{"not_picked":["Metallicize+1","Flame Barrier","Blood for Blood"],"picked":"Singing Bowl","floor":39},{"not_picked":["Dual Wield","Iron Wave","Perfected Strike"],"picked":"Singing Bowl","floor":40},{"not_picked":["Clothesline","True Grit","Heavy Blade+1"],"picked":"Singing Bowl","floor":42},{"not_picked":["Shrug It Off","Iron Wave","Havoc"],"picked":"Singing Bowl","floor":45},{"not_picked":["Power Through","Iron Wave","Perfected Strike"],"picked":"Singing Bowl","floor":48},{"not_picked":["Carnage","Flex+1","Pommel Strike"],"picked":"Singing Bowl","floor":55}],"player_experience":3461674,"relics_obtained":[{"floor":6,"key":"Singing Bowl"},{"floor":8,"key":"MawBank"},{"floor":9,"key":"Anchor"},{"floor":12,"key":"Bottled Lightning"},{"floor":20,"key":"Nilry\u0027s Codex"},{"floor":24,"key":"Turnip"},{"floor":31,"key":"Letter Opener"},{"floor":40,"key":"Potion Belt"},{"floor":42,"key":"War Paint"},{"floor":43,"key":"Toy Ornithopter"},{"floor":48,"key":"Akabeko"},{"floor":55,"key":"Strawberry"}],"event_choices":[{"damage_healed":0,"gold_gain":0,"player_choice":"Rummage","damage_taken":0,"relics_obtained":["WarpedTongs"],"max_hp_gain":0,"max_hp_loss":0,"event_name":"Accursed Blacksmith","floor":2,"gold_loss":0,"cards_obtained":["Pain"]},{"damage_healed":0,"gold_gain":0,"player_choice":"Lose Max HP","damage_taken":0,"relics_obtained":["Golden Idol"],"max_hp_gain":0,"max_hp_loss":7,"event_name":"Golden Idol","floor":4,"gold_loss":0},{"cards_removed":["Pain"],"damage_healed":0,"gold_gain":0,"player_choice":"Forget","damage_taken":0,"max_hp_gain":0,"max_hp_loss":0,"event_name":"Living Wall","floor":5,"gold_loss":0},{"cards_removed":["Strike_R"],"damage_healed":0,"gold_gain":0,"player_choice":"Gave Gold","damage_taken":0,"max_hp_gain":0,"max_hp_loss":0,"event_name":"Beggar","floor":19,"gold_loss":75},{"damage_healed":0,"gold_gain":0,"player_choice":"Obtained Book","damage_taken":21,"max_hp_gain":0,"max_hp_loss":0,"event_name":"Cursed Tome","floor":20,"gold_loss":0},{"damage_healed":0,"gold_gain":0,"player_choice":"Opened","damage_taken":0,"relics_obtained":["Oddly Smooth Stone"],"max_hp_gain":0,"max_hp_loss":0,"event_name":"The Mausoleum","floor":22,"gold_loss":0,"cards_obtained":["Writhe"]},{"damage_healed":0,"gold_gain":333,"player_choice":"Gave Idol","damage_taken":0,"max_hp_gain":0,"max_hp_loss":0,"event_name":"The Moai Head","floor":36,"relics_lost":["Golden Idol"],"gold_loss":0},{"cards_removed":["Blood for Blood"],"damage_healed":17,"gold_gain":0,"player_choice":"Offered Uncommon","damage_taken":0,"max_hp_gain":0,"max_hp_loss":0,"event_name":"Bonfire Elementals","floor":37,"gold_loss":0},{"cards_removed":["Bash"],"damage_healed":0,"gold_gain":0,"player_choice":"Removed Attack","damage_taken":0,"max_hp_gain":0,"max_hp_loss":0,"event_name":"Falling","floor":46,"gold_loss":0}],"is_beta":false,"boss_relics":[{"not_picked":["Runic Cube","Calling Bell"],"picked":"Mark of Pain"},{"not_picked":["Tiny House","Philosopher\u0027s Stone"],"picked":"Cursed Key"}],"items_purged_floors":[7,47,54],"is_endless":false,"potions_floor_spawned":[1,6,8,24,31,33,38,39,45,48],"ascension_level":20}}