{"host":"3as3fywb220oerv2","time":1610774694,"event":{"mods":["AchievementEnabler","Act Like it!","BaseMod","Highlight Path","Koishi","Minty Spire (QoL Compilation)","StSLib"],"gold_per_floor":[112,187,201,215,390,423,437,467,490,509,89,89,89,102,102,202,202,222,182,35,54,54,54],"floor_reached":22,"language":"KOR","playtime":1443,"items_purged":["Doubt"],"score":186,"play_id":"e052d952-4552-46ac-838a-cb5f3b3da545","local_time":"20210116142454","is_ascension_mode":false,"campfire_choices":[{"floor":12,"key":"REST"},{"floor":15,"key":"REST"}],"circlet_count":0,"master_deck":["Koishi:BasicStrike","Koishi:BasicStrike","Koishi:BasicStrike","Koishi:BasicStrike","Koishi:BasicDefend","Koishi:BasicDefend","Koishi:BasicDefend","Koishi:BasicDefend","Koishi:Provoke+1","Koishi:HauntingSlash+1","Koishi:HeartfeltFancy","Koishi:RacingHeart","Koishi:UnansweredLove","Koishi:PhilosophyOfTheDespised","Koishi:FidgetySnatcher","Koishi:SubconsciousSweep+1","Sadistic Nature+1","Koishi:ConfinedInnocent+1","Koishi:MindNumbingTerror","Koishi:JumpScare"],"relics":["Koishi:ImaginaryFriend","Koishi:AHoleWhereASisterShouldBe","PreservedInsect","Membership Card","Frozen Egg 2","Regal Pillow","Black Star","TheAbacus","Happy Flower"],"acts_visited":["Exordium","TheCity"],"potions_floor_usage":[6,7,7,10,14,16],"damage_taken":[{"damage":3.0,"enemies":"2 Louse","floor":1.0,"turns":3.0},{"damage":3.0,"enemies":"Jaw Worm","floor":3.0,"turns":6.0},{"damage":1.0,"enemies":"Cultist","floor":4.0,"turns":4.0},{"damage":46,"enemies":"Gremlin Nob","floor":6,"turns":6},{"damage":1,"enemies":"Red Slaver","floor":7,"turns":6},{"damage":6,"enemies":"Lots of Slimes","floor":10,"turns":6},{"damage":2,"enemies":"Gremlin Gang","floor":14,"turns":3},{"damage":17,"enemies":"Hexaghost","floor":16,"turns":9},{"damage":28,"enemies":"2 Thieves","floor":18,"turns":5},{"damage":14,"enemies":"Shell Parasite","floor":21,"turns":7},{"damage":31,"enemies":"Snake Plant","floor":22,"turns":2}],"seed_played":"-670029305696323642","potions_obtained":[{"floor":1.0,"key":"FearPotion"},{"floor":4.0,"key":"FearPotion"},{"floor":6,"key":"EntropicBrew"}],"is_trial":false,"path_per_floor":["M","?","M","M","?","E","M","?","T","M","$","R","?","M","R","B",null,"M","?","$","M","M"],"character_chosen":"KOISHI","items_purchased":["Membership Card","Frozen Egg 2","Koishi:SubconsciousSweep","Sadistic Nature+1","TheAbacus","Happy Flower"],"campfire_rested":2,"item_purchase_floors":[11,11,11,11,20,20],"current_hp_per_floor":[57,46,47,54,54,14,15,15,15,13,13,31,24,24,57,54,60,36,36,36,28,0,0],"gold":54,"neow_bonus":"UPGRADE_CARD","is_daily":false,"chose_seed":false,"campfire_upgraded":0,"win_rate":0.0,"timestamp":1610774694,"path_taken":["M","?","M","M","?","E","?","?","T","M","$","R","?","M","R","BOSS","M","?","$","?","M"],"items_purchased_type":["Relic","Relic","Card","Card","Relic","Relic"],"build_version":"2020-12-22","purchased_purges":1,"victory":false,"max_hp_per_floor":[60,60,60,60,60,60,60,60,60,60,60,60,60,60,60,60,60,60,60,60,60,60,60],"card_choices":[{"not_picked":["Koishi:TraumaticStroke","Koishi:StrangeCloudFist"],"picked":"Koishi:HeartfeltFancy","floor":1.0},{"not_picked":["Koishi:SpiritedAway","Koishi:VengefulSpirit"],"picked":"Koishi:RacingHeart","floor":3.0},{"not_picked":["Koishi:PhantomStrike","Koishi:FleetingPhantom","Koishi:HeartfeltFancy"],"picked":"SKIP","floor":4.0},{"not_picked":["Koishi:Prune","Koishi:GhostParty"],"picked":"Koishi:UnansweredLove","floor":6},{"not_picked":["Koishi:RacingHeart","Koishi:SpiritedAway"],"picked":"Koishi:PhilosophyOfTheDespised","floor":7},{"not_picked":["Koishi:ReflexRadar","Koishi:SubterraneanRose"],"picked":"Koishi:FidgetySnatcher","floor":10},{"not_picked":["Koishi:SubterraneanRose","Koishi:UnansweredLove","Koishi:UnconsciousUprising"],"picked":"SKIP","floor":14},{"not_picked":["Koishi:FormlessExistence+1","Koishi:MindStellarRelief"],"picked":"Koishi:ConfinedInnocent+1","floor":16},{"not_picked":["Koishi:EmbryosDream","Koishi:StrangeCloudFist+1"],"picked":"Koishi:MindNumbingTerror","floor":18},{"not_picked":["Koishi:ReleaseOfTheId+1","Koishi:PhilosophyOfTheDespised"],"picked":"Koishi:JumpScare","floor":21}],"player_experience":259351,"relics_obtained":[{"floor":6,"key":"Koishi:AHoleWhereASisterShouldBe"},{"floor":9,"key":"PreservedInsect"}],"event_choices":[{"damage_healed":0.0,"max_hp_gain":0.0,"max_hp_loss":0.0,"gold_gain":75.0,"event_name":"World of Goop","player_choice":"Gather Gold","floor":2.0,"gold_loss":0.0,"damage_taken":11.0},{"damage_healed":0.0,"max_hp_gain":0.0,"max_hp_loss":0.0,"gold_gain":175.0,"event_name":"Liars Game","player_choice":"AGREE","floor":5.0,"gold_loss":0.0,"damage_taken":0.0,"cards_obtained":["Doubt"]},{"damage_healed":0,"gold_gain":30,"player_choice":"Searched \u00271\u0027 times","damage_taken":0,"max_hp_gain":0,"max_hp_loss":0,"event_name":"Dead Adventurer","floor":8,"gold_loss":0},{"damage_healed":0,"gold_gain":0,"player_choice":"Success","damage_taken":7,"relics_obtained":["Regal Pillow"],"max_hp_gain":0,"max_hp_loss":0,"event_name":"Scrap Ooze","floor":13,"gold_loss":0},{"damage_healed":0,"gold_gain":0,"player_choice":"Upgraded Two","damage_taken":0,"max_hp_gain":0,"max_hp_loss":0,"event_name":"Designer","floor":19,"gold_loss":40,"cards_upgraded":["Koishi:SubconsciousSweep","Koishi:Provoke"]}],"is_beta":false,"boss_relics":[{"not_picked":["Snecko Eye","Calling Bell"],"picked":"Black Star"}],"items_purged_floors":[11],"is_endless":false,"potions_floor_spawned":[1,4,6],"killed_by":"Snake Plant","ascension_level":0}}