{"host":"elzc2r06aaimw38y","time":1610790347,"event":{"mods":["BaseMod","BetterRewards","Energized Spire","Hubris","Marisa????????","Minty Spire (QoL Compilation)","Prisma Mod","Replay The Spire","StSLib","The Administrix","The Animator","The Cursed","The Gatherer","The Hierophant","The Runesmith"],"gold_per_floor":[119,119,135,210,225,225,257,257,257,283,57,71,103,114,114,114,114],"floor_reached":16,"language":"ENG","playtime":1323,"items_purged":["PrismaMod:ChloeCommonAttack"],"score":135,"play_id":"d29ebcc1-088c-480f-83b7-eac8b4df8d3c","local_time":"20210116104547","is_ascension_mode":false,"campfire_choices":[{"floor":6,"key":"RECALL"},{"data":"PrismaMod:ChloeCheapAttackTwo","floor":8,"key":"SMITH"}],"circlet_count":0,"master_deck":["PrismaMod:ChloeCommonAttack","PrismaMod:ChloeCommonAttack","PrismaMod:ChloeCommonAttack","PrismaMod:ChloeCommonAttack","PrismaMod:ChloeCommonDefend","PrismaMod:ChloeCommonDefend","PrismaMod:ChloeCommonDefend","PrismaMod:ChloeCommonDefend","PrismaMod:ChloeCommonDefend","PrismaMod:ChloeCheapAttack","PrismaMod:ChloeCheapDefend","PrismaMod:ChloeExcalibur","PrismaMod:ChloeCheapAttackTwo+1","PrismaMod:ChloeExcalibur","PrismaMod:ChloeRuleBreaker+1","PrismaMod:ChloeCheapDefendTwo","PrismaMod:ChloeRitsuka","PrismaMod:ChloeBetterTracePools","PrismaMod:ChloeMordred","PrismaMod:ChloeCheapDefendTwo"],"relics":["PrismaMod:PrismaTraceOn","Gambling Chip","Blood Vial","Centennial Puzzle"],"acts_visited":["Exordium"],"potions_floor_usage":[16,16,16],"damage_taken":[{"damage":0,"enemies":"Small Slimes","floor":1,"turns":4},{"damage":0,"enemies":"Cultist","floor":3,"turns":2},{"damage":0,"enemies":"Jaw Worm","floor":5,"turns":2},{"damage":18,"enemies":"Lagavulin","floor":7,"turns":5},{"damage":0,"enemies":"2 Fungi Beasts","floor":12,"turns":6},{"damage":0,"enemies":"Gremlin Nob","floor":13,"turns":3},{"damage":0,"enemies":"Blue Slaver","floor":14,"turns":4},{"damage":16,"enemies":"Fading Forest","floor":16,"turns":8}],"seed_played":"4651873776030026241","potions_obtained":[{"floor":5,"key":"LiquidBronze"},{"floor":7,"key":"Block Potion"},{"floor":12,"key":"EntropicBrew"}],"is_trial":false,"path_per_floor":["M","?","M","?","M","R","E","R","T","T","$","M","E","M","R","B"],"character_chosen":"CHLOE","items_purchased":["PrismaMod:ChloeRitsuka","PrismaMod:ChloeBetterTracePools"],"campfire_rested":0,"item_purchase_floors":[11,11],"current_hp_per_floor":[75,75,75,68,68,68,50,50,50,50,50,52,54,56,75,59,59],"gold":114,"neow_bonus":"THREE_CARDS","is_daily":false,"chose_seed":false,"campfire_upgraded":1,"win_rate":0.0,"timestamp":1610790347,"path_taken":["M","?","?","?","?","R","E","R","T","?","$","M","E","M","R","BOSS"],"items_purchased_type":["Card","Card"],"build_version":"2020-12-22","purchased_purges":1,"victory":false,"max_hp_per_floor":[75,75,75,75,75,75,75,75,75,75,75,75,75,75,75,75,75],"card_choices":[{"not_picked":["PrismaMod:ChloeCommonAOEAttack","PrismaMod:ChloeDiscardRecovery"],"picked":"PrismaMod:ChloeExcalibur","floor":0},{"not_picked":["PrismaMod:ChloeUncommonDefend","PrismaMod:ChloeCaladbolg"],"picked":"PrismaMod:ChloeCheapAttackTwo","floor":1},{"not_picked":["PrismaMod:ChloeCheapDefendTwo","PrismaMod:ChloeExhaustOne"],"picked":"PrismaMod:ChloeExcalibur","floor":3},{"not_picked":["PrismaMod:ChloeExcalibur","PrismaMod:ChloeCheapDefendTwo"],"picked":"PrismaMod:ChloeRuleBreaker","floor":5},{"not_picked":["PrismaMod:ChloeCheapAttack","PrismaMod:ChloeCaladbolg"],"picked":"PrismaMod:ChloeCheapDefendTwo","floor":7},{"not_picked":["PrismaMod:ChloeCaladbolg","PrismaMod:ChloeCommonAOEAttack","PrismaMod:ChloeDiscardRecovery"],"picked":"SKIP","floor":12},{"not_picked":["PrismaMod:ChloeChristmas","PrismaMod:ChloeCheapDefend"],"picked":"PrismaMod:ChloeMordred","floor":13},{"not_picked":["PrismaMod:ChloeExhaustOne","PrismaMod:ChloeRhongomyniad"],"picked":"PrismaMod:ChloeCheapDefendTwo","floor":14}],"player_experience":154459,"relics_obtained":[{"floor":7,"key":"Gambling Chip"},{"floor":10,"key":"Blood Vial"},{"floor":13,"key":"Centennial Puzzle"}],"event_choices":[{"damage_healed":0,"gold_gain":0,"player_choice":"Bought 0 Potions","damage_taken":0,"max_hp_gain":0,"max_hp_loss":0,"event_name":"The Woman in Blue","floor":2,"gold_loss":0},{"damage_healed":0,"gold_gain":75,"player_choice":"Touch","damage_taken":7,"max_hp_gain":0,"max_hp_loss":0,"event_name":"FaceTrader","floor":4,"gold_loss":0}],"is_beta":false,"boss_relics":[],"items_purged_floors":[11],"is_endless":false,"potions_floor_spawned":[5,7,12,14],"killed_by":"Fading Forest","ascension_level":0}}