{"host":"h4qgcirtxz6qax9j","time":1610816736,"event":{"mods":["AchievementEnabler","Astrologer","BaseMod","Colored Powertips","Minty Spire (QoL Compilation)","StSLib","SuperFastMode"],"gold_per_floor":[113,126,126,138,156,156,225,225,251,261,281,298,101,114,114,215,215,231,231,244,244,244],"floor_reached":21,"language":"KOR","playtime":630,"items_purged":[],"score":175,"play_id":"f0aa2a91-a0ad-413e-86a0-26a14f005cc4","local_time":"20210117020536","is_ascension_mode":false,"campfire_choices":[{"floor":6,"key":"REST"},{"floor":15,"key":"REST"}],"circlet_count":0,"master_deck":["astrologer:Strike","astrologer:Strike+1","astrologer:Strike","astrologer:Strike","astrologer:Defend","astrologer:Defend","astrologer:Defend","astrologer:Defend","astrologer:NorthStar","astrologer:TheFool+1","astrologer:TheHangedMan+1","astrologer:Conjunction","astrologer:Opposition","astrologer:TheMagician","astrologer:CosmicExpanse","astrologer:MeteorShower","astrologer:Moonlight","astrologer:Moonlight","astrologer:MeteorShower","astrologer:TheChariot","astrologer:SpaceDust+1"],"relics":["NeowsBlessing","Orichalcum","Whetstone","Membership Card","Runic Pyramid","Nloth\u0027s Gift"],"acts_visited":["Exordium","TheCity"],"potions_floor_usage":[21],"damage_taken":[{"damage":0,"enemies":"Jaw Worm","floor":1,"turns":1},{"damage":0,"enemies":"2 Louse","floor":2,"turns":1},{"damage":0,"enemies":"Small Slimes","floor":4,"turns":1},{"damage":30,"enemies":"Gremlin Gang","floor":5,"turns":8},{"damage":1,"enemies":"2 Fungi Beasts","floor":10,"turns":4},{"damage":2,"enemies":"Large Slime","floor":11,"turns":6},{"damage":1,"enemies":"Lots of Slimes","floor":12,"turns":4},{"damage":4,"enemies":"Looter","floor":14,"turns":3},{"damage":57,"enemies":"Slime Boss","floor":16,"turns":10},{"damage":18,"enemies":"3 Byrds","floor":18,"turns":8},{"damage":42,"enemies":"Spheric Guardian","floor":20,"turns":8},{"damage":18,"enemies":"Shelled Parasite and Fungi","floor":21,"turns":4}],"seed_played":"4246325428868640896","potions_obtained":[{"floor":1,"key":"CultistPotion"},{"floor":2,"key":"AttackPotion"},{"floor":11,"key":"Swift Potion"},{"floor":18,"key":"FearPotion"}],"is_trial":false,"path_per_floor":["M","M","?","M","M","R","?","?","T","M","M","M","$","M","R","B",null,"M","?","M","M"],"character_chosen":"ASTROLOGER","items_purchased":["Membership Card","astrologer:Moonlight","astrologer:MeteorShower"],"campfire_rested":2,"item_purchase_floors":[13,13,13],"current_hp_per_floor":[70,70,70,70,40,61,61,61,61,60,58,57,57,53,70,13,70,52,52,10,0,0],"gold":244,"neow_bonus":"THREE_ENEMY_KILL","is_daily":false,"chose_seed":false,"campfire_upgraded":0,"win_rate":0.0,"timestamp":1610816736,"path_taken":["M","M","?","M","M","R","?","?","T","M","M","?","$","M","R","BOSS","M","?","M","M"],"items_purchased_type":["Relic","Card","Card"],"build_version":"2020-12-22","purchased_purges":0,"victory":false,"max_hp_per_floor":[70,70,70,70,70,70,70,70,70,70,70,70,70,70,70,70,70,70,70,70,70,70],"card_choices":[{"not_picked":["astrologer:Still","astrologer:CometStrike"],"picked":"astrologer:TheHangedMan","floor":1},{"not_picked":["astrologer:TheHierophant","astrologer:Still"],"picked":"astrologer:Conjunction","floor":2},{"not_picked":["astrologer:Conjunction","astrologer:CometStrike"],"picked":"astrologer:Opposition","floor":4},{"not_picked":["astrologer:Quincunx","astrologer:Opposition"],"picked":"astrologer:TheMagician","floor":5},{"not_picked":["astrologer:CometStrike","astrologer:Still"],"picked":"astrologer:CosmicExpanse","floor":10},{"not_picked":["astrologer:Conjunction","astrologer:ReadTheStars"],"picked":"astrologer:MeteorShower","floor":11},{"not_picked":["astrologer:Quincunx","astrologer:Conjunction"],"picked":"astrologer:Moonlight","floor":12},{"not_picked":["astrologer:Conjunction","astrologer:Still","astrologer:HeatDeath"],"picked":"SKIP","floor":14},{"not_picked":["astrologer:RejectReality","astrologer:Alignment"],"picked":"astrologer:TheChariot","floor":16},{"not_picked":["astrologer:Opposition","astrologer:Divination","astrologer:Confirmation+1"],"picked":"SKIP","floor":18},{"not_picked":["astrologer:TheHierophant","astrologer:CometStrike"],"picked":"astrologer:SpaceDust+1","floor":20}],"player_experience":52776,"relics_obtained":[{"floor":9,"key":"Whetstone"}],"event_choices":[{"damage_healed":0,"gold_gain":0,"player_choice":"Grow","damage_taken":0,"max_hp_gain":0,"max_hp_loss":0,"event_name":"Living Wall","floor":3,"gold_loss":0,"cards_upgraded":["astrologer:TheHangedMan"]},{"damage_healed":0,"gold_gain":69,"player_choice":"Gained Gold","damage_taken":0,"max_hp_gain":0,"max_hp_loss":0,"event_name":"Golden Wing","floor":7,"gold_loss":0},{"damage_healed":0,"gold_gain":0,"player_choice":"Gave Potion","damage_taken":0,"relics_obtained":["Orichalcum"],"max_hp_gain":0,"max_hp_loss":0,"event_name":"WeMeetAgain","floor":8,"gold_loss":0},{"damage_healed":0,"gold_gain":0,"player_choice":"Traded Relic","damage_taken":0,"relics_obtained":["Nloth\u0027s Gift"],"max_hp_gain":0,"max_hp_loss":0,"event_name":"N\u0027loth","floor":19,"relics_lost":["astrologer:SkyMirror"],"gold_loss":0}],"is_beta":false,"boss_relics":[{"not_picked":["Philosopher\u0027s Stone","Fusion Hammer"],"picked":"Runic Pyramid"}],"items_purged_floors":[],"is_endless":false,"potions_floor_spawned":[1,2,11,18,20],"killed_by":"Shelled Parasite and Fungi","ascension_level":0}}