{"host":"7koe0iw0zllko92h","time":1610759328,"event":{"mods":["Act Like it!","BaseMod","Colored Powertips","Hermit","Hubris","Infinite Spire","Minty Spire (QoL Compilation)","Replay The Spire","StSLib","The Cursed"],"gold_per_floor":[112,127,146,157,157,157,168,168,193,193,9,36,51,51,51,51,51],"floor_reached":16,"language":"ENG","playtime":1166,"items_purged":[],"score":102,"play_id":"ea8d84bb-68f5-4bbd-85b2-f94995b866e1","local_time":"20210115200848","is_ascension_mode":false,"campfire_choices":[{"floor":6,"key":"REST"},{"floor":8,"key":"REST"},{"data":"hermit:CursedWeapon","floor":10,"key":"SMITH"},{"floor":15,"key":"REST"}],"circlet_count":0,"master_deck":["hermit:Strike_Hermit","hermit:Strike_Hermit","hermit:Strike_Hermit","hermit:Strike_Hermit","hermit:Defend_Hermit","hermit:Defend_Hermit","hermit:Defend_Hermit","hermit:Defend_Hermit","hermit:Snapshot","hermit:Covet","Defend_P","hermit:Defend_Hermit","hermit:HighNoon","hermit:Misfire","hermit:Virtue","hermit:Roulette","hermit:Snipe","hermit:CursedWeapon+1","hermit:TakeAim","hermit:BodyArmor+1","hermit:Showdown","hermit:PistolWhip","hermit:Headshot"],"relics":["hermit:Momento","PreservedInsect","MealTicket"],"acts_visited":["Exordium"],"potions_floor_usage":[7],"damage_taken":[{"damage":2,"enemies":"2 Louse","floor":1,"turns":3},{"damage":1,"enemies":"Cultist","floor":2,"turns":3},{"damage":6,"enemies":"Jaw Worm","floor":3,"turns":4},{"damage":40,"enemies":"Exordium Thugs","floor":4,"turns":6},{"damage":19,"enemies":"Large Slime","floor":7,"turns":6},{"damage":13,"enemies":"Lagavulin","floor":12,"turns":7},{"damage":12,"enemies":"Looter","floor":13,"turns":3},{"damage":70,"enemies":"The Guardian","floor":16,"turns":12}],"seed_played":"294745773165054188","potions_obtained":[{"floor":2,"key":"Elixir"},{"floor":3,"key":"Reflective Coating"},{"floor":4,"key":"PowerPotion"},{"floor":13,"key":"Doom Potion"}],"is_trial":false,"path_per_floor":["M","M","M","M","?","R","M","R","T","R","$","E","M","?","R","B"],"character_chosen":"HERMIT","items_purchased":["hermit:TakeAim","hermit:BodyArmor+1","hermit:Showdown"],"campfire_rested":3,"item_purchase_floors":[11,11,11],"current_hp_per_floor":[73,72,66,26,26,48,29,51,51,51,51,38,26,48,70,0,0],"gold":51,"neow_bonus":"THREE_RARE_CARDS","is_daily":false,"chose_seed":false,"campfire_upgraded":1,"win_rate":0.0,"timestamp":1610759328,"path_taken":["M","M","M","M","?","R","M","R","T","R","?","E","M","?","R","BOSS"],"items_purchased_type":["Card","Card","Card"],"build_version":"2020-12-22","purchased_purges":0,"victory":false,"max_hp_per_floor":[75,75,75,75,75,75,75,75,75,75,75,75,75,75,75,75,75],"card_choices":[{"not_picked":["hermit:Magnum","hermit:FinalCanter"],"picked":"hermit:HighNoon","floor":0},{"not_picked":["hermit:Feint","hermit:Coalescence"],"picked":"hermit:Misfire","floor":1},{"not_picked":["hermit:Desperado","hermit:Coalescence"],"picked":"hermit:Virtue","floor":2},{"not_picked":["hermit:Reprieve","hermit:HighCaliber"],"picked":"hermit:Roulette","floor":3},{"not_picked":["hermit:Horror","hermit:TrackingShot"],"picked":"hermit:Snipe","floor":4},{"not_picked":["hermit:EyeOfTheStorm","hermit:Scavenge"],"picked":"hermit:CursedWeapon","floor":7},{"not_picked":["hermit:Virtue","hermit:Vantage"],"picked":"hermit:PistolWhip","floor":12},{"not_picked":["hermit:NoHoldsBarred","hermit:Glare"],"picked":"hermit:Headshot","floor":13}],"player_experience":700719,"relics_obtained":[{"floor":9,"key":"PreservedInsect"},{"floor":12,"key":"MealTicket"}],"event_choices":[{"damage_healed":0,"gold_gain":0,"player_choice":"Ignored","damage_taken":0,"max_hp_gain":0,"max_hp_loss":0,"event_name":"NoteForYourself","floor":5,"gold_loss":0}],"is_beta":false,"boss_relics":[],"items_purged_floors":[],"is_endless":false,"potions_floor_spawned":[2,3,4,13],"killed_by":"The Guardian","ascension_level":0}}