{"host":"tjjuwi3liievx0vu","time":1610833702,"event":{"mods":["BaseMod","Colored Map","Downfall","Minty Spire (QoL Compilation)","StSLib"],"gold_per_floor":[99,117,135,285,460,460,460,482,51,66,97,97,97,128,148,252,252,152,170,170,170,170,120,147,147,58,58,58,58,84,96,107,203,203,203,218,218,231,244,144,144,44,57,71,71,71,71,71],"floor_reached":46,"language":"ENG","playtime":2716,"items_purged":["downfall:Icky"],"score":644,"play_id":"285dd437-9af5-46dd-b5fe-6a0882e6e147","local_time":"20210116224822","is_ascension_mode":false,"campfire_choices":[{"data":"champ:Taunt","floor":1,"key":"SMITH"},{"data":"1","floor":12,"key":"LIFT"},{"data":"2","floor":18,"key":"LIFT"},{"data":"champ:Endure","floor":29,"key":"SMITH"},{"floor":35,"key":"RECALL"},{"data":"3","floor":40,"key":"LIFT"},{"data":"champ:StanceDance","floor":42,"key":"SMITH"}],"circlet_count":0,"master_deck":["champ:Strike+1","champ:Strike+1","champ:Defend+1","champ:Defend+1","champ:Execute+1","champ:Taunt+1","champ:SetATrap+1","champ:Circumvent+1","champ:IronFortress+1","champ:StanceDance+1","champ:TornadoPunch+1","champ:ShieldWall+1","champ:FocusedDefense+1","champ:ShieldSigil+1","champ:Improvising+1","champ:StanceDance+1","RitualDagger+1","champ:ShieldWall+1","champ:Endure+1","champ:DefensiveShout+1","champ:BringItOn+1","champ:ShieldThrow+1","champ:Circumvent+1","champ:EnchantCrown+1","champ:PreemptiveStrike+1"],"relics":["champ:ChampionCrown","Shovel","Gremlin Horn","Odd Mushroom","Girya","Bottled Tornado","Bronze Scales","Empty Cage","Enchiridion","Happy Flower","Juzu Bracelet","sneckomod:BlankCard","Coffee Dripper"],"acts_visited":["Exordium","TheCity","TheBeyond"],"potions_floor_usage":[8,16,16,31,33],"damage_taken":[{"damage":22,"enemies":"Small Slimes","floor":2,"turns":3},{"damage":10,"enemies":"2 Louse","floor":3,"turns":4},{"damage":44,"enemies":"The Mushroom Lair","floor":8,"turns":6},{"damage":10,"enemies":"downfall:FleeingMerchant","floor":9,"turns":4},{"damage":14,"enemies":"Jaw Worm","floor":10,"turns":3},{"damage":17,"enemies":"Gremlin Nob","floor":11,"turns":4},{"damage":31,"enemies":"3 Sentries","floor":14,"turns":8},{"damage":5,"enemies":"Large Slime","floor":15,"turns":6},{"damage":26,"enemies":"DF_ARCHETYPE_STREAMLINE","floor":16,"turns":11},{"damage":20,"enemies":"Chosen","floor":19,"turns":5},{"damage":31,"enemies":"Chosen","floor":20,"turns":7},{"damage":0,"enemies":"downfall:FleeingMerchant","floor":26,"turns":4},{"damage":36,"enemies":"Book of Stabbing","floor":30,"turns":5},{"damage":42,"enemies":"Centurion and Healer","floor":31,"turns":5},{"damage":11,"enemies":"Chosen and Byrds","floor":32,"turns":6},{"damage":21,"enemies":"IC_MUSHROOM_ARCHETYPE","floor":33,"turns":10},{"damage":8,"enemies":"3 Shapes","floor":36,"turns":3},{"damage":0,"enemies":"Orb Walker","floor":38,"turns":2},{"damage":3,"enemies":"Sphere and 2 Shapes","floor":39,"turns":4},{"damage":15,"enemies":"Spire Growth","floor":43,"turns":5},{"damage":30,"enemies":"Writhing Mass","floor":44,"turns":4},{"damage":53,"enemies":"3 Darklings","floor":46,"turns":2}],"seed_played":"2444064957722637519","potions_obtained":[{"floor":0,"key":"Weak Potion"},{"floor":0,"key":"Dexterity Potion"},{"floor":0,"key":"LiquidMemories"},{"floor":3,"key":"FairyPotion"},{"floor":10,"key":"SpeedPotion"},{"floor":11,"key":"Swift Potion"},{"floor":16,"key":"Strength Potion"},{"floor":30,"key":"Fruit Juice"},{"floor":31,"key":"Dexterity Potion"},{"floor":33,"key":"BlessingOfTheForge"},{"floor":38,"key":"AttackPotion"},{"floor":44,"key":"LiquidMemories"}],"is_trial":false,"path_per_floor":["R","M","M","?","?","?","T","?","$","M","E","R","?","E","M","B",null,"R","M","?","?","?","?","T","?","$","?","?","R","E","M","M","B",null,"R","M","?","M","M","R","T","R","M","M","?","M"],"character_chosen":"THE_CHAMP","items_purchased":["Girya","champ:TornadoPunch","champ:Endure"],"campfire_rested":0,"item_purchase_floors":[9,9,26],"current_hp_per_floor":[90,88,88,88,88,85,85,71,71,67,60,60,60,34,29,18,90,90,80,49,33,33,66,66,60,60,60,60,60,24,35,24,3,95,95,87,87,87,84,84,84,94,79,49,49,0,0,0],"gold":71,"neow_bonus":"THREE_SMALL_POTIONS","is_daily":false,"chose_seed":false,"campfire_upgraded":3,"win_rate":0.0,"timestamp":1610833702,"path_taken":["R","M","M","?","?","?","T","?","$","?","E","R","?","E","M","BOSS","R","M","?","?","?","?","T","?","$","?","?","R","E","M","M","BOSS","R","M","?","M","M","R","T","R","M","M","?","M"],"items_purchased_type":["Relic","Card","Card"],"build_version":"2020-12-22","purchased_purges":1,"victory":false,"max_hp_per_floor":[90,90,90,90,90,90,90,90,90,90,90,90,90,90,90,90,90,90,90,90,90,90,90,90,90,90,90,90,90,90,95,95,95,95,95,95,95,95,95,95,95,105,105,105,95,95,95,95],"card_choices":[{"not_picked":["champ:EnGarde","champ:Devastate"],"picked":"champ:SetATrap","floor":2},{"not_picked":["champ:BladeFlurry","champ:BerserkersShout"],"picked":"champ:Circumvent","floor":3},{"not_picked":["champ:ShieldSigil","champ:TornadoPunch"],"picked":"champ:IronFortress","floor":8},{"not_picked":["champ:HeavySlash","champ:AdrenalArmor"],"picked":"champ:StanceDance","floor":9},{"not_picked":["champ:PreemptiveStrike","champ:SwordSigil"],"picked":"champ:ShieldWall","floor":10},{"not_picked":["champ:Shatter","champ:DefensiveStyle","champ:DeathBlow"],"picked":"SKIP","floor":11},{"not_picked":["champ:ShieldSlam","champ:SwordSigil"],"picked":"champ:FocusedDefense","floor":14},{"not_picked":["champ:FancyFootwork","champ:ViciousMockery"],"picked":"champ:ShieldSigil","floor":15},{"not_picked":["champ:UltimateStance","champ:EnchantSword"],"picked":"champ:Improvising","floor":16},{"not_picked":["champ:PerfectedStrike+1","champ:GutPunch"],"picked":"champ:StanceDance","floor":19},{"not_picked":["champ:PerfectedStrike","champ:AdrenalArmor"],"picked":"champ:ShieldWall+1","floor":26},{"not_picked":["champ:GutPunch","champ:BladeFlurry"],"picked":"champ:DefensiveShout+1","floor":30},{"not_picked":["champ:EnGarde","champ:DeathBlow","champ:DancingMaster"],"picked":"SKIP","floor":31},{"not_picked":["champ:ShieldSigil","champ:GutPunch"],"picked":"champ:BringItOn","floor":32},{"not_picked":["champ:EnchantShield","champ:UltimateStance"],"picked":"champ:ShieldThrow","floor":33},{"not_picked":["champ:ShieldSigil","champ:Shatter+1","champ:GutPunch"],"picked":"SKIP","floor":36},{"not_picked":["champ:ShieldSigil+1","champ:Haymaker+1"],"picked":"champ:Circumvent+1","floor":38},{"not_picked":["champ:GutPunch+1","champ:BringItOn","champ:CrownThrow"],"picked":"SKIP","floor":39},{"not_picked":["champ:AdrenalArmor+1","champ:ShieldWall"],"picked":"champ:EnchantCrown","floor":43},{"not_picked":["champ:RapidStrikes","champ:BringItOn"],"picked":"champ:PreemptiveStrike+1","floor":44}],"player_experience":815154,"relics_obtained":[{"floor":7,"key":"Gremlin Horn"},{"floor":8,"key":"Odd Mushroom"},{"floor":11,"key":"Bottled Tornado"},{"floor":14,"key":"Bronze Scales"},{"floor":21,"key":"Enchiridion"},{"floor":24,"key":"Juzu Bracelet"},{"floor":30,"key":"sneckomod:BlankCard"}],"event_choices":[{"damage_healed":0,"gold_gain":0,"player_choice":"Success","damage_taken":3,"relics_obtained":["Shovel"],"max_hp_gain":0,"max_hp_loss":0,"event_name":"Scrap Ooze","floor":6,"gold_loss":0},{"damage_healed":0,"gold_gain":0,"player_choice":"Fought Mushrooms","damage_taken":0,"max_hp_gain":0,"max_hp_loss":0,"event_name":"Mushrooms","floor":8,"gold_loss":0},{"cards_removed":["Doubt"],"damage_healed":0,"gold_gain":0,"player_choice":"Card Removal","damage_taken":0,"max_hp_gain":0,"max_hp_loss":0,"event_name":"The Cleric","floor":13,"gold_loss":0},{"damage_healed":0,"gold_gain":0,"player_choice":"Stole Relic","damage_taken":0,"relics_obtained":["Happy Flower"],"max_hp_gain":0,"max_hp_loss":0,"event_name":"Addict","floor":22,"gold_loss":0,"cards_obtained":["Pride"]}],"is_beta":false,"boss_relics":[{"not_picked":["Tiny House","Calling Bell"],"picked":"Empty Cage"},{"not_picked":["Sozu","SacredBark"],"picked":"Coffee Dripper"}],"items_purged_floors":[9],"is_endless":false,"potions_floor_spawned":[3,10,11,15,16,20,30,31,33,38,44],"killed_by":"3 Darklings","ascension_level":0}}