{"host":"jm9833yuloeli2yd","time":1610767076,"event":{"mods":["BaseMod","Better Altar","Better Match","Better Note","Better Sensory Stone","Better Skull","Better Third Choice","Better Vampires","BetterRewards","Colored Map","Colored Powertips","DeckTracker","Minty Spire (QoL Compilation)","Permanent Neow","Quick Restart","Slay-I","StSLib","SuperFastMode"],"gold_per_floor":[111,111,125,136,50,50,80,80,104,115,133,98,248,282,282,360,360,371,371,35,35,45,45,45],"floor_reached":23,"language":"ENG","playtime":529,"items_purged":["Strike_B"],"score":398,"play_id":"797c2292-50ea-49a0-acb8-860f7653cd3a","local_time":"20210115221756","is_ascension_mode":true,"campfire_choices":[{"data":"Defragment","floor":6,"key":"SMITH"},{"data":"Zap","floor":8,"key":"SMITH"},{"data":"Dualcast","floor":15,"key":"SMITH"}],"circlet_count":0,"master_deck":["AscendersBane","Strike_B","Strike_B","Strike_B","Defend_B","Defend_B","Defend_B","Defend_B","Zap+1","Dualcast+1","Cold Snap","FTL","Defragment+1","BootSequence","Echo Form","Fusion+1","Glacier","Scrape+1"],"relics":["Cracked Core","Strawberry","Omamori","Bottled Flame","Cursed Key","Blood Vial","Toy Ornithopter","CultistMask"],"acts_visited":["Exordium","TheCity"],"potions_floor_usage":[11,16,23],"damage_taken":[{"damage":7,"enemies":"Jaw Worm","floor":1,"turns":3},{"damage":1,"enemies":"Cultist","floor":3,"turns":3},{"damage":5,"enemies":"Small Slimes","floor":4,"turns":3},{"damage":31,"enemies":"Gremlin Nob","floor":7,"turns":4},{"damage":20,"enemies":"Exordium Thugs","floor":10,"turns":4},{"damage":19,"enemies":"Gremlin Gang","floor":11,"turns":5},{"damage":3,"enemies":"Lagavulin","floor":14,"turns":7},{"damage":25,"enemies":"The Guardian","floor":16,"turns":14},{"damage":22,"enemies":"2 Thieves","floor":18,"turns":5},{"damage":10,"enemies":"Spheric Guardian","floor":22,"turns":5},{"damage":56,"enemies":"Book of Stabbing","floor":23,"turns":4}],"seed_played":"-8035317453426146434","potions_obtained":[{"floor":1,"key":"SmokeBomb"},{"floor":4,"key":"Dexterity Potion"},{"floor":7,"key":"FocusPotion"},{"floor":16,"key":"PotionOfCapacity"},{"floor":18,"key":"ColorlessPotion"},{"floor":22,"key":"LiquidBronze"}],"is_trial":false,"path_per_floor":["M","?","M","M","$","R","E","R","T","M","M","?","?","E","R","B",null,"M","?","$","?","M","E"],"character_chosen":"DEFECT","items_purchased":["Defragment","Glacier","Toy Ornithopter"],"campfire_rested":0,"item_purchase_floors":[5,20,20],"current_hp_per_floor":[39,81,80,75,75,75,51,51,51,31,12,34,34,31,31,6,68,46,46,46,46,38,0,0],"gold":45,"neow_bonus":"THREE_RARE_CARDS","is_daily":false,"chose_seed":false,"campfire_upgraded":3,"win_rate":0.0,"timestamp":1610767076,"path_taken":["M","?","M","M","$","R","E","R","T","M","?","?","?","E","R","BOSS","M","?","$","?","?","E"],"items_purchased_type":["Card","Card","Relic"],"build_version":"2020-12-22","purchased_purges":1,"victory":false,"max_hp_per_floor":[71,81,81,81,81,81,88,88,88,88,88,88,88,88,88,88,88,88,88,88,88,88,88,88],"card_choices":[{"not_picked":["Reboot","Echo Form"],"picked":"All For One","floor":0},{"not_picked":["Blizzard","Stack","Heatsinks"],"picked":"SKIP","floor":1},{"not_picked":["Streamline","Reprogram"],"picked":"Cold Snap","floor":3},{"not_picked":["BootSequence","Turbo"],"picked":"FTL","floor":4},{"not_picked":["Aggregate","Fission"],"picked":"BootSequence","floor":7},{"not_picked":["Steam Power","Redo","Storm"],"picked":"SKIP","floor":10},{"not_picked":["Redo","Darkness","Sunder"],"picked":"SKIP","floor":11},{"not_picked":["Consume","Beam Cell","Redo"],"picked":"SKIP","floor":14},{"not_picked":["Amplify","Fission"],"picked":"Echo Form","floor":16},{"not_picked":["Coolheaded","Compile Driver+1"],"picked":"Fusion+1","floor":18},{"not_picked":["Leap+1","Cold Snap"],"picked":"Scrape+1","floor":22}],"player_experience":1320949,"relics_obtained":[{"floor":7,"key":"Strawberry"},{"floor":9,"key":"Omamori"},{"floor":14,"key":"Bottled Flame"}],"event_choices":[{"cards_removed":["All For One"],"damage_healed":32,"gold_gain":0,"player_choice":"Offered Rare","damage_taken":0,"max_hp_gain":10,"max_hp_loss":0,"event_name":"Bonfire Elementals","floor":2,"gold_loss":0},{"damage_healed":22,"gold_gain":0,"player_choice":"Healed","damage_taken":0,"max_hp_gain":0,"max_hp_loss":0,"event_name":"The Cleric","floor":12,"gold_loss":35},{"damage_healed":0,"gold_gain":150,"player_choice":"AGREE","damage_taken":98,"max_hp_gain":0,"max_hp_loss":0,"event_name":"betterThird:BetterSerpent","floor":13,"gold_loss":0},{"damage_healed":0,"gold_gain":0,"player_choice":"Opened","damage_taken":0,"relics_obtained":["Blood Vial"],"max_hp_gain":0,"max_hp_loss":0,"event_name":"The Mausoleum","floor":19,"gold_loss":0,"cards_obtained":["Writhe"]},{"damage_healed":0,"gold_gain":0,"player_choice":"Trade","damage_taken":0,"relics_obtained":["CultistMask"],"max_hp_gain":0,"max_hp_loss":0,"event_name":"FaceTrader","floor":21,"gold_loss":0}],"is_beta":false,"boss_relics":[{"not_picked":["Calling Bell","Velvet Choker"],"picked":"Cursed Key"}],"items_purged_floors":[20],"is_endless":false,"potions_floor_spawned":[1,4,7,16,18,22],"killed_by":"Book of Stabbing","ascension_level":20}}