{"host":"d61fcf2p3sjwe6yo","time":1610811904,"event":{"mods":["AchievementEnabler","BaseMod","Colored Map","Downfall","Minty Spire (QoL Compilation)","StSLib","SuperFastMode"],"gold_per_floor":[99,112,129,129,142,172,172,72,83,115,134,134,145,176,194,296,296,296,296,296],"floor_reached":19,"language":"ENG","playtime":1090,"items_purged":[],"score":277,"play_id":"fe4a9069-e6d1-43de-9a59-7c7ce38200b6","local_time":"20210116184504","is_ascension_mode":true,"campfire_choices":[{"data":"bronze:SpaghettiCode","floor":1,"key":"SMITH"},{"data":"bronze:InfiniteBeams","floor":8,"key":"SMITH"},{"data":"bronze:Replicate","floor":18,"key":"SMITH"}],"circlet_count":0,"master_deck":["bronze:Strike","bronze:Strike","bronze:Strike","bronze:Defend","bronze:Defend","bronze:Defend","bronze:Defend","bronze:Replicate+1","bronze:Goto","bronze:SpaghettiCode+1","bronze:Shell","bronze:InfiniteBeams+1","bronze:Boost+1","bronze:ChosenStrike","bronze:Shell+1","bronze:Constructor+1","bronze:Assembly+1","bronze:FindAndReplace+1"],"relics":["bronze:BronzeCore","Omamori","Toxic Egg 2","downfall:HeartBlessingGreen","Eternal Feather","Shuriken","bronze:MakeshiftBattery"],"acts_visited":["Exordium","TheCity"],"potions_floor_usage":[10],"damage_taken":[{"damage":0,"enemies":"Small Slimes","floor":2,"turns":2},{"damage":0,"enemies":"2 Louse","floor":3,"turns":1},{"damage":0,"enemies":"Cultist","floor":5,"turns":2},{"damage":3,"enemies":"Lagavulin","floor":6,"turns":5},{"damage":0,"enemies":"Exordium Thugs","floor":9,"turns":4},{"damage":9,"enemies":"3 Sentries","floor":10,"turns":6},{"damage":2,"enemies":"Large Slime","floor":11,"turns":4},{"damage":6,"enemies":"Blue Slaver","floor":13,"turns":4},{"damage":0,"enemies":"Lagavulin","floor":14,"turns":4},{"damage":2,"enemies":"Red Slaver","floor":15,"turns":2},{"damage":0,"enemies":"WA_ARCHETYPE_RETAIN","floor":16,"turns":6},{"damage":0,"enemies":"3 Byrds","floor":19,"turns":2}],"seed_played":"-2036586440560664284","potions_obtained":[{"floor":5,"key":"LiquidBronze"},{"floor":6,"key":"SneckoOil"},{"floor":10,"key":"Fruit Juice"},{"floor":14,"key":"AttackPotion"},{"floor":16,"key":"hexamod:SoulburnPotion"}],"is_trial":false,"path_per_floor":["R","M","M","?","M","E","T","R","M","E","M","?","M","E","M","B",null,"R","M"],"character_chosen":"THE_AUTOMATON","items_purchased":[],"campfire_rested":0,"item_purchase_floors":[],"current_hp_per_floor":[70,70,70,70,70,67,67,67,67,63,61,61,55,55,53,53,75,75,75,75],"gold":296,"neow_bonus":"ONE_RANDOM_RARE_CARD","is_daily":false,"chose_seed":false,"campfire_upgraded":3,"win_rate":0.0,"timestamp":1610811904,"path_taken":["R","M","M","?","M","E","T","R","M","E","M","?","M","E","M","BOSS","R","M"],"items_purchased_type":[],"build_version":"2020-12-22","purchased_purges":0,"victory":false,"max_hp_per_floor":[70,70,70,70,70,70,70,70,70,75,75,75,75,75,75,75,75,75,75,75],"card_choices":[{"not_picked":["bronze:Turbo","bronze:BugBarrage"],"picked":"bronze:Shell","floor":2},{"not_picked":["bronze:WildBeam","bronze:DigitalCarnage"],"picked":"bronze:InfiniteBeams","floor":3},{"not_picked":["bronze:DelayedGuard","bronze:Shield","bronze:BitShift"],"picked":"SKIP","floor":5},{"not_picked":["bronze:Safeguard","bronze:WildBeam"],"picked":"bronze:Repulsor","floor":6},{"not_picked":["bronze:NullPointer","bronze:WhirlingStrike"],"picked":"bronze:Boost+1","floor":9},{"not_picked":["bronze:BitShift+1","bronze:Separator"],"picked":"bronze:ChosenStrike","floor":10},{"not_picked":["bronze:Overheat","bronze:AlphaBuild"],"picked":"bronze:Shell+1","floor":11},{"not_picked":["bronze:MaxOutput","bronze:Deprecate+1"],"picked":"bronze:Constructor+1","floor":13},{"not_picked":["bronze:DigitalCarnage","bronze:BronzeOrb"],"picked":"bronze:Assembly+1","floor":14},{"not_picked":["bronze:Overheat","bronze:BugBarrage","bronze:FollowUp"],"picked":"SKIP","floor":15},{"not_picked":["bronze:HyperBeam","bronze:Break"],"picked":"bronze:FindAndReplace+1","floor":16}],"player_experience":558982,"relics_obtained":[{"floor":6,"key":"Omamori"},{"floor":7,"key":"Toxic Egg 2"},{"floor":10,"key":"Eternal Feather"},{"floor":14,"key":"Shuriken"}],"event_choices":[{"cards_removed":["bronze:Repulsor"],"damage_healed":0,"gold_gain":0,"player_choice":"Card Removal","damage_taken":0,"max_hp_gain":0,"max_hp_loss":0,"event_name":"The Cleric","floor":12,"gold_loss":0}],"is_beta":false,"boss_relics":[{"not_picked":["Snecko Eye","SacredBark"],"picked":"bronze:MakeshiftBattery"}],"items_purged_floors":[],"is_endless":false,"potions_floor_spawned":[5,6,10,14,16],"killed_by":"3 Byrds","ascension_level":1}}