{"host":"pszcj3piwl6eu8b1","time":1610756048,"event":{"mods":["100% Spire Juice","2.2 Compatiblity","Act Like it!","Aspiration","BaseMod","Better Altar","Better Match","Better Note","Better Sensory Stone","Better Skull","Better Third Choice","Better Vampires","CCEM","Elementarium","Energized Spire","Gensokyo","GifTheSpireLib","Hallownest","Hubris","Marisa????????","Menagerie","Minty Spire (QoL Compilation)","Permanent Neow","Quarter Circle Forward PUNCH!","Quick Restart","Replay The Spire","Shop Mod","StSLib","Stuff the Spire","The Animator","The Blue Laboratory"],"gold_per_floor":[112,112,127,146,170,170,170,170],"floor_reached":7,"language":"ENG","playtime":1454,"items_purged":[],"score":86,"play_id":"99466fdc-d8de-4ade-b76b-81429ff84058","local_time":"20210115161408","is_ascension_mode":true,"campfire_choices":[{"data":"animator:Caster","floor":6.0,"key":"SMITH"}],"circlet_count":0,"master_deck":["AscendersBane","animator:Strike_Fate","animator:Defend_Fate","animator:Strike","animator:Strike","animator:Defend","animator:Defend","animator:Alexander","animator:Rider","animator:SwordMaiden","animator:Caster+1"],"relics":["animator:LivingPicture","animator:TheMissingPiece","animator:PurgingStone","Philosopher\u0027s Stone"],"acts_visited":["Exordium"],"potions_floor_usage":[],"damage_taken":[{"damage":3.0,"enemies":"Jaw Worm","floor":1.0,"turns":5.0},{"damage":9.0,"enemies":"Cultist","floor":3.0,"turns":5.0},{"damage":0.0,"enemies":"2 Louse","floor":4.0,"turns":3.0},{"damage":3.0,"enemies":"Red Slaver","floor":5.0,"turns":5.0},{"damage":25,"enemies":"3 Sentries","floor":7,"turns":4}],"seed_played":"-3798325697590250634","potions_obtained":[{"floor":3.0,"key":"Weak Potion"}],"is_trial":false,"path_per_floor":["M","?","M","M","M","R","E"],"character_chosen":"THE_ANIMATOR","items_purchased":[],"campfire_rested":0,"item_purchase_floors":[],"current_hp_per_floor":[36,36,25,25,22,22,0,0],"gold":170,"neow_bonus":"TRANSFORM_TWO_CARDS","is_daily":false,"chose_seed":false,"campfire_upgraded":1,"win_rate":0.0,"timestamp":1610756048,"path_taken":["M","?","M","?","M","R","E"],"items_purchased_type":[],"build_version":"2020-12-22","purchased_purges":0,"victory":false,"max_hp_per_floor":[60,60,34,34,34,34,34,34],"card_choices":[{"not_picked":["animator:RoryMercury","animator:Yoichi","animator:MaesHughes"],"picked":"SKIP","floor":1.0},{"not_picked":["animator:LizardPriest","animator:Tatsumaki","animator:Benimaru"],"picked":"SKIP","floor":3.0},{"not_picked":["animator:Nanami","animator:TukaLunaMarceau","animator:Add"],"picked":"SKIP","floor":4.0},{"not_picked":["animator:Nanami","animator:TukaLunaMarceau","animator:Add"],"picked":"SKIP","floor":4.0},{"not_picked":["animator:Assassin","animator:Illya"],"picked":"animator:Caster","floor":5.0}],"player_experience":1379632,"relics_obtained":[],"event_choices":[{"damage_healed":0.0,"max_hp_gain":0.0,"max_hp_loss":0.0,"gold_gain":0.0,"event_name":"Upgrade Shrine","player_choice":"Upgraded","floor":2.0,"gold_loss":0.0,"damage_taken":0.0,"cards_upgraded":["animator:Father"]}],"is_beta":false,"boss_relics":[],"items_purged_floors":[],"is_endless":false,"potions_floor_spawned":[3],"killed_by":"3 Sentries","ascension_level":20}}