{"host":"w9yruvs4bqht6bhw","time":1610822116,"event":{"mods":["BaseMod","Colored Powertips","Minty Spire (QoL Compilation)"],"gold_per_floor":[110,110,124,141,159,159,190,201,228,228,248,248,260,260,260,260,260],"floor_reached":16,"language":"ENG","playtime":508,"items_purged":[],"score":156,"play_id":"6457acd9-0596-4dd7-b384-fb590b5c3add","local_time":"20210116133516","is_ascension_mode":true,"campfire_choices":[{"data":"Bash","floor":6,"key":"SMITH"},{"floor":10,"key":"REST"},{"floor":12,"key":"REST"},{"data":"Fiend Fire","floor":15,"key":"SMITH"}],"circlet_count":0,"master_deck":["AscendersBane","Strike_R+1","Strike_R","Strike_R","Strike_R","Strike_R+1","Defend_R","Defend_R","Defend_R","Defend_R","Bash+1","Feel No Pain","Iron Wave","Flame Barrier","Twin Strike","Burning Pact","Fiend Fire+1","Infernal Blade","Parasite"],"relics":["Burning Blood","Whetstone","Potion Belt"],"acts_visited":["Exordium"],"potions_floor_usage":[7,16],"damage_taken":[{"damage":9,"enemies":"Jaw Worm","floor":1,"turns":3},{"damage":8,"enemies":"Small Slimes","floor":3,"turns":4},{"damage":9,"enemies":"2 Louse","floor":4,"turns":3},{"damage":16,"enemies":"Blue Slaver","floor":5,"turns":4},{"damage":34,"enemies":"3 Sentries","floor":7,"turns":11},{"damage":17,"enemies":"Looter","floor":8,"turns":3},{"damage":16,"enemies":"Exordium Thugs","floor":11,"turns":5},{"damage":6,"enemies":"2 Fungi Beasts","floor":13,"turns":4},{"damage":64,"enemies":"Slime Boss","floor":16,"turns":10}],"seed_played":"-3313992742278942950","potions_obtained":[{"floor":3,"key":"FearPotion"},{"floor":4,"key":"DuplicationPotion"},{"floor":5,"key":"Ancient Potion"}],"is_trial":false,"path_per_floor":["M","?","M","M","M","R","E","M","T","R","M","R","M","?","R","B"],"character_chosen":"IRONCLAD","items_purchased":[],"campfire_rested":2,"item_purchase_floors":[],"current_hp_per_floor":[77,82,80,77,67,67,39,28,28,55,45,72,72,93,93,29,29],"gold":260,"neow_bonus":"TEN_PERCENT_HP_BONUS","is_daily":false,"chose_seed":false,"campfire_upgraded":2,"win_rate":0.0,"timestamp":1610822116,"path_taken":["M","?","M","M","M","R","E","M","T","R","M","R","M","?","R","BOSS"],"items_purchased_type":[],"build_version":"2020-12-22","purchased_purges":0,"victory":false,"max_hp_per_floor":[88,93,93,93,93,93,93,93,93,93,93,93,93,93,93,93,93],"card_choices":[{"not_picked":["Warcry","Body Slam"],"picked":"Feel No Pain","floor":1},{"not_picked":["Bloodletting","Flex"],"picked":"Iron Wave","floor":3},{"not_picked":["Entrench","Heavy Blade"],"picked":"Flame Barrier","floor":4},{"not_picked":["Sword Boomerang","Intimidate","Bloodletting"],"picked":"SKIP","floor":5},{"not_picked":["Flex","Perfected Strike"],"picked":"Twin Strike","floor":7},{"not_picked":["Clothesline","Hemokinesis"],"picked":"Burning Pact","floor":8},{"not_picked":["Wild Strike","Hemokinesis"],"picked":"Fiend Fire","floor":11},{"not_picked":["Fire Breathing","Flex"],"picked":"Infernal Blade","floor":13}],"player_experience":401400,"relics_obtained":[{"floor":7,"key":"Whetstone"},{"floor":9,"key":"Potion Belt"}],"event_choices":[{"damage_healed":0,"gold_gain":0,"player_choice":"Donut","damage_taken":0,"max_hp_gain":5,"max_hp_loss":0,"event_name":"Big Fish","floor":2,"gold_loss":0},{"damage_healed":23,"gold_gain":0,"player_choice":"Healed and dodged fight","damage_taken":0,"max_hp_gain":0,"max_hp_loss":0,"event_name":"Mushrooms","floor":14,"gold_loss":0,"cards_obtained":["Parasite"]}],"is_beta":false,"boss_relics":[],"items_purged_floors":[],"is_endless":false,"potions_floor_spawned":[3,4,5],"killed_by":"Slime Boss","ascension_level":10}}