{"host":"dm4yvegl9um2tlqd","time":1610769640,"event":{"mods":["2.2 Compatiblity","AchievementEnabler","BaseMod","Colored Map","DeckTracker","Highlight Path","KOR Keyword Fix","Keyboard Shortcuts","Minty Spire (QoL Compilation)","Permanent Neow","Quick Restart","Random Character Button","StSLib","SuperFastMode","everything is the same but u backflip on backflip"],"gold_per_floor":[117,192,202,219,219,219,235,235,235,235,247,273,238,249,249,345,345,355,367,292,342,361,361,380,380,407,407,229,245,245,265,265,369,369,379,339,349,369,96,96,96,146,146,146,146,175,187,218,218,218],"floor_reached":51,"language":"KOR","playtime":1762,"items_purged":["Strike_R","Strike_R","Strike_R"],"score":1011,"play_id":"d6d10e36-8e80-4f8d-8f3f-b238899e70ea","local_time":"20210116130040","is_ascension_mode":true,"campfire_choices":[{"data":"Searing Blow+1","floor":6.0,"key":"SMITH"},{"data":"Searing Blow+2","floor":8.0,"key":"SMITH"},{"data":"Searing Blow+3","floor":15,"key":"SMITH"},{"data":"Searing Blow+4","floor":23,"key":"SMITH"},{"data":"Searing Blow+5","floor":25,"key":"SMITH"},{"data":"Searing Blow+6","floor":27,"key":"SMITH"},{"data":"Searing Blow+7","floor":32,"key":"SMITH"},{"data":"Searing Blow+8","floor":40,"key":"SMITH"},{"data":"Searing Blow+9","floor":45,"key":"SMITH"},{"data":"Searing Blow+10","floor":49,"key":"SMITH"}],"circlet_count":0,"master_deck":["Defend_R","Defend_R","Defend_R","Defend_R","Bash","Searing Blow+11","Armaments","Seeing Red","Feed","Rage","Fiend Fire","Dark Embrace","Ghostly","Ghostly","Ghostly","Ghostly","Ghostly","Brutality","Battle Trance"],"relics":["Burning Blood","Shuriken","Odd Mushroom","Velvet Choker","Toy Ornithopter","Runic Pyramid","Du-Vu Doll","Pear","Orichalcum","Question Card"],"acts_visited":["Exordium","TheCity","TheBeyond"],"potions_floor_usage":[16,22,24,33,33,50],"damage_taken":[{"damage":5.0,"enemies":"Small Slimes","floor":1.0,"turns":6.0},{"damage":7.0,"enemies":"Jaw Worm","floor":3.0,"turns":6.0},{"damage":1.0,"enemies":"Cultist","floor":4.0,"turns":3.0},{"damage":7.0,"enemies":"2 Fungi Beasts","floor":7.0,"turns":4.0},{"damage":2,"enemies":"3 Louse","floor":11,"turns":5},{"damage":18,"enemies":"The Mushroom Lair","floor":12,"turns":4},{"damage":17,"enemies":"Exordium Thugs","floor":13,"turns":5},{"damage":16,"enemies":"Blue Slaver","floor":14,"turns":7},{"damage":18,"enemies":"The Guardian","floor":16,"turns":13},{"damage":5,"enemies":"Spheric Guardian","floor":18,"turns":3},{"damage":13,"enemies":"Chosen","floor":19,"turns":5},{"damage":19,"enemies":"Centurion and Healer","floor":22,"turns":10},{"damage":14,"enemies":"Snake Plant","floor":24,"turns":2},{"damage":21,"enemies":"3 Cultists","floor":29,"turns":5},{"damage":0,"enemies":"Centurion and Healer","floor":31,"turns":4},{"damage":20,"enemies":"Collector","floor":33,"turns":7},{"damage":7,"enemies":"3 Darklings","floor":35,"turns":4},{"damage":1,"enemies":"Orb Walker","floor":37,"turns":2},{"damage":4,"enemies":"Maw","floor":38,"turns":6},{"damage":1,"enemies":"2 Orb Walkers","floor":42,"turns":4},{"damage":4,"enemies":"Giant Head","floor":46,"turns":5},{"damage":3,"enemies":"Spire Growth","floor":47,"turns":4},{"damage":3,"enemies":"Nemesis","floor":48,"turns":5},{"damage":5,"enemies":"Time Eater","floor":50,"turns":6}],"seed_played":"-6166200248379905259","potions_obtained":[{"floor":1.0,"key":"LiquidBronze"},{"floor":4.0,"key":"BloodPotion"},{"floor":13,"key":"SpeedPotion"},{"floor":16,"key":"FearPotion"},{"floor":22,"key":"BloodPotion"},{"floor":31,"key":"BlessingOfTheForge"},{"floor":33,"key":"SpeedPotion"},{"floor":36,"key":"CultistPotion"}],"is_trial":false,"path_per_floor":["M","?","M","M","?","R","M","R","T","?","M","?","M","M","R","B",null,"M","M","$","?","M","R","M","R","T","R","$","M","?","M","R","B",null,"M","?","M","M","$","R","$","?","T","$","R","E","M","E","R","B",null],"character_chosen":"IRONCLAD","items_purchased":["Dark Embrace","Battle Trance","LiquidMemories"],"campfire_rested":0,"item_purchase_floors":[28,39,39],"current_hp_per_floor":[72,61,60,65,65,65,64,64,64,64,68,59,48,42,42,45,71,76,69,69,69,56,56,48,48,48,48,48,36,36,42,42,29,40,39,39,43,43,43,43,43,43,53,53,53,53,53,53,53,53],"gold":218,"neow_bonus":"REMOVE_TWO","is_daily":false,"chose_seed":false,"campfire_upgraded":10,"win_rate":0.0,"timestamp":1610769640,"path_taken":["M","?","M","M","?","R","M","R","T","?","?","?","M","M","R","BOSS","M","M","$","?","M","R","M","R","T","R","?","M","?","M","R","BOSS","M","?","?","M","?","R","$","?","T","$","R","E","M","E","R","BOSS"],"items_purchased_type":["Card","Card","Potion"],"build_version":"2020-12-22","purchased_purges":3,"victory":true,"max_hp_per_floor":[72,72,72,72,72,72,72,72,72,72,72,75,75,79,79,79,79,83,83,83,83,83,83,83,83,83,83,83,86,43,43,43,43,43,43,43,43,43,43,43,43,43,53,53,53,53,53,53,53,53],"card_choices":[{"not_picked":["Cleave","Sword Boomerang"],"picked":"Searing Blow","floor":1.0},{"not_picked":["Iron Wave","Reckless Charge"],"picked":"Armaments","floor":3.0},{"not_picked":["Cleave","Brutality","Shrug It Off"],"picked":"SKIP","floor":4.0},{"not_picked":["Anger","Thunderclap"],"picked":"Seeing Red","floor":7.0},{"not_picked":["Havoc","Bloodletting"],"picked":"Feed","floor":11},{"not_picked":["Heavy Blade","Perfected Strike"],"picked":"Rage","floor":12},{"not_picked":["Wild Strike","Fire Breathing","Perfected Strike"],"picked":"SKIP","floor":13},{"not_picked":["Clash","Pommel Strike","Barricade"],"picked":"SKIP","floor":14},{"not_picked":["Juggernaut","Brutality"],"picked":"Fiend Fire","floor":16},{"not_picked":["Clash+1","Evolve","Reckless Charge"],"picked":"SKIP","floor":18},{"not_picked":["Shockwave","Flame Barrier","Searing Blow"],"picked":"SKIP","floor":19},{"not_picked":["Hemokinesis","Inflame","Clash"],"picked":"SKIP","floor":22},{"not_picked":["Bloodletting","True Grit","Iron Wave"],"picked":"SKIP","floor":24},{"not_picked":["Flex","Reckless Charge","Hemokinesis"],"picked":"SKIP","floor":29},{"not_picked":["Infernal Blade","Flex","Armaments"],"picked":"SKIP","floor":31},{"not_picked":["Reaper","Feed"],"picked":"Brutality","floor":33},{"not_picked":["Thunderclap+1","Carnage+1","Flex"],"picked":"SKIP","floor":35},{"not_picked":["Entrench","Blood for Blood+1","Searing Blow"],"picked":"SKIP","floor":37},{"not_picked":["Feel No Pain+1","Clash","Anger"],"picked":"SKIP","floor":38},{"not_picked":["Power Through","True Grit+1","Twin Strike"],"picked":"SKIP","floor":46},{"not_picked":["Armaments","Perfected Strike","Cleave"],"picked":"SKIP","floor":47},{"not_picked":["Perfected Strike","Body Slam+1","Impervious"],"picked":"SKIP","floor":48}],"player_experience":54186,"relics_obtained":[{"floor":9.0,"key":"Shuriken"},{"floor":12,"key":"Odd Mushroom"},{"floor":26,"key":"Toy Ornithopter"},{"floor":42,"key":"Du-Vu Doll"},{"floor":43,"key":"Pear"},{"floor":46,"key":"Orichalcum"},{"floor":48,"key":"Question Card"}],"event_choices":[{"damage_healed":0.0,"max_hp_gain":0.0,"max_hp_loss":0.0,"gold_gain":75.0,"event_name":"World of Goop","player_choice":"Gather Gold","floor":2.0,"gold_loss":0.0,"damage_taken":11.0},{"damage_healed":0.0,"max_hp_gain":0.0,"max_hp_loss":0.0,"gold_gain":0.0,"event_name":"Living Wall","player_choice":"Grow","floor":5.0,"gold_loss":0.0,"damage_taken":0.0,"cards_upgraded":["Searing Blow"]},{"damage_healed":0,"gold_gain":0,"player_choice":"0 cards matched","damage_taken":0,"max_hp_gain":0,"max_hp_loss":0,"event_name":"Match and Keep!","floor":10,"gold_loss":0,"cards_obtained":[]},{"damage_healed":0,"gold_gain":0,"player_choice":"Fought Mushrooms","damage_taken":0,"max_hp_gain":0,"max_hp_loss":0,"event_name":"Mushrooms","floor":12,"gold_loss":0},{"damage_healed":0,"gold_gain":100,"player_choice":"Bet on Murderer","damage_taken":0,"max_hp_gain":0,"max_hp_loss":0,"event_name":"The Joust","floor":21,"gold_loss":50},{"damage_healed":0,"gold_gain":0,"player_choice":"Became a Ghost","damage_taken":0,"max_hp_gain":0,"max_hp_loss":43,"event_name":"Ghosts","floor":30,"gold_loss":0,"cards_obtained":["Ghostly","Ghostly","Ghostly","Ghostly","Ghostly"]},{"damage_healed":0,"gold_gain":0,"player_choice":"Bought 3 Potions","damage_taken":0,"max_hp_gain":0,"max_hp_loss":0,"event_name":"The Woman in Blue","floor":36,"gold_loss":0},{"damage_healed":0,"gold_gain":0,"player_choice":"Fight","damage_taken":0,"max_hp_gain":0,"max_hp_loss":0,"event_name":"Mysterious Sphere","floor":42,"gold_loss":0}],"is_beta":false,"boss_relics":[{"not_picked":["Calling Bell","Tiny House"],"picked":"Velvet Choker"},{"not_picked":["Empty Cage","Coffee Dripper"],"picked":"Runic Pyramid"}],"items_purged_floors":[20,28,39],"is_endless":false,"potions_floor_spawned":[1,4,13,14,16,22,31,33,37,47],"ascension_level":5}}