{"host":"x3qmax6e7jj3tga5","time":1610776122,"event":{"mods":["BaseMod","Custom Start","Minty Spire (QoL Compilation)","StSLib"],"gold_per_floor":[114,114,126,40,54,86,86,86,111,123,163,175,207,248,260,377,389,420,448,460,36,36,63,83,83,110,139,150,150,150],"floor_reached":29,"language":"ENG","playtime":1823,"items_purged":["Storm"],"score":295,"play_id":"504a6c23-137d-4380-a592-ed92eeb0a696","local_time":"20210115234842","is_ascension_mode":true,"campfire_choices":[{"data":"Zap","floor":12,"key":"SMITH"},{"floor":15,"key":"REST"}],"circlet_count":0,"master_deck":["Defend_B+1","Defend_B+1","Defend_B","Zap+1","Dualcast","Reboot","Doom and Gloom+1","Rebound","Self Repair","Gash","Gash","Biased Cognition","Chaos","Defragment","Seek","All For One","All For One+1","Buffer+1","Buffer+1","Glacier","Chaos","Undo","Apotheosis","Glacier","Hologram+1","Cold Snap","Conserve Battery+1"],"relics":["Cracked Core","Akabeko","MawBank","Bottled Tornado","Bag of Marbles","Anchor","Astrolabe","Lantern","Eternal Feather","Oddly Smooth Stone","War Paint"],"acts_visited":["Exordium","TheCity"],"potions_floor_usage":[27],"damage_taken":[{"damage":1,"enemies":"2 Louse","floor":1,"turns":3},{"damage":1,"enemies":"Cultist","floor":3,"turns":3},{"damage":3,"enemies":"Small Slimes","floor":5,"turns":2},{"damage":27,"enemies":"3 Sentries","floor":6,"turns":4},{"damage":25,"enemies":"Lagavulin","floor":11,"turns":5},{"damage":7,"enemies":"Blue Slaver","floor":13,"turns":2},{"damage":14,"enemies":"3 Sentries","floor":14,"turns":4},{"damage":38,"enemies":"The Guardian","floor":16,"turns":10},{"damage":0,"enemies":"Chosen","floor":18,"turns":3},{"damage":0,"enemies":"2 Thieves","floor":19,"turns":2},{"damage":4,"enemies":"Gremlin Leader","floor":23,"turns":9},{"damage":0,"enemies":"Snake Plant","floor":24,"turns":4},{"damage":42,"enemies":"Slavers","floor":27,"turns":11},{"damage":12,"enemies":"Centurion and Healer","floor":28,"turns":9},{"damage":22,"enemies":"3 Cultists","floor":29,"turns":5}],"seed_played":"-3327733565684677530","potions_obtained":[{"floor":3,"key":"FearPotion"},{"floor":13,"key":"SkillPotion"},{"floor":14,"key":"CultistPotion"},{"floor":18,"key":"DuplicationPotion"},{"floor":27,"key":"SmokeBomb"}],"is_trial":false,"path_per_floor":["M","?","M","$","M","E","$","?","T","T","E","R","M","E","R","B",null,"M","M","?","$","?","E","M","?","T","E","M","M"],"character_chosen":"DEFECT","items_purchased":["Self Repair","Gash","Apotheosis","Lantern","Glacier"],"campfire_rested":1,"item_purchase_floors":[4,4,21,21,21],"current_hp_per_floor":[67,67,66,66,63,43,43,65,65,65,47,47,40,33,53,22,68,68,68,68,68,68,64,64,64,64,22,17,0,0],"gold":150,"neow_bonus":"TRANSFORM_TWO_CARDS","is_daily":false,"chose_seed":false,"campfire_upgraded":1,"win_rate":0.0,"timestamp":1610776122,"path_taken":["M","?","M","?","M","E","$","?","T","?","E","R","M","E","R","BOSS","M","M","?","$","?","E","M","?","T","E","?","M"],"items_purchased_type":["Card","Card","Card","Relic","Card"],"build_version":"2020-12-22","purchased_purges":1,"victory":false,"max_hp_per_floor":[68,68,68,68,68,68,68,68,68,68,68,68,68,68,68,68,68,68,68,68,68,68,68,68,68,68,68,68,68,68],"card_choices":[{"not_picked":["Go for the Eyes","White Noise"],"picked":"Doom and Gloom","floor":1},{"not_picked":["BootSequence","Capacitor"],"picked":"Rebound","floor":3},{"not_picked":["Steam Power","Go for the Eyes"],"picked":"Gash","floor":5},{"not_picked":["Conserve Battery","Cold Snap"],"picked":"Biased Cognition","floor":6},{"not_picked":["Streamline","Meteor Strike"],"picked":"Chaos","floor":11},{"not_picked":["Rip and Tear","Chill"],"picked":"Defragment","floor":13},{"not_picked":["Barrage","Rebound"],"picked":"Seek","floor":14},{"not_picked":["Hyperbeam","Meteor Strike"],"picked":"All For One","floor":16},{"not_picked":["Reinforced Body+1","Redo+1"],"picked":"Glacier","floor":18},{"not_picked":["Melter","Doom and Gloom+1"],"picked":"Chaos","floor":19},{"not_picked":["Turbo+1","Beam Cell","Tempest"],"picked":"SKIP","floor":23},{"not_picked":["Leap+1","Hello World+1"],"picked":"Hologram+1","floor":24},{"not_picked":["Chill+1","Beam Cell"],"picked":"Cold Snap","floor":27},{"not_picked":["Redo","White Noise"],"picked":"Conserve Battery+1","floor":28}],"player_experience":308085,"relics_obtained":[{"floor":6,"key":"Akabeko"},{"floor":9,"key":"MawBank"},{"floor":10,"key":"Bottled Tornado"},{"floor":11,"key":"Bag of Marbles"},{"floor":14,"key":"Anchor"},{"floor":23,"key":"Eternal Feather"},{"floor":26,"key":"Oddly Smooth Stone"},{"floor":27,"key":"War Paint"}],"event_choices":[{"damage_healed":0,"gold_gain":0,"player_choice":"Upgraded","damage_taken":0,"max_hp_gain":0,"max_hp_loss":0,"event_name":"Upgrade Shrine","floor":2,"gold_loss":0,"cards_upgraded":["Doom and Gloom"]},{"damage_healed":22,"gold_gain":0,"player_choice":"Banana","damage_taken":0,"max_hp_gain":0,"max_hp_loss":0,"event_name":"Big Fish","floor":8,"gold_loss":0},{"damage_healed":0,"gold_gain":0,"player_choice":"Read","damage_taken":0,"max_hp_gain":0,"max_hp_loss":0,"event_name":"The Library","floor":20,"gold_loss":0,"cards_obtained":["Undo"]},{"damage_healed":0,"gold_gain":0,"player_choice":"Ignored","damage_taken":0,"max_hp_gain":0,"max_hp_loss":0,"event_name":"Vampires","floor":22,"gold_loss":0},{"damage_healed":0,"gold_gain":0,"player_choice":"Ignored","damage_taken":0,"max_hp_gain":0,"max_hp_loss":0,"event_name":"Beggar","floor":25,"gold_loss":0}],"is_beta":false,"boss_relics":[{"not_picked":["Cursed Key","Inserter"],"picked":"Astrolabe"}],"items_purged_floors":[21],"is_endless":false,"potions_floor_spawned":[3,13,14,18,23,27],"killed_by":"3 Cultists","ascension_level":1}}