{"host":"bq4pt811tk9yrmjl","time":1610834191,"event":{"mods":["AchievementEnabler","BaseMod","Colored Map","Colored Powertips","Defuse TimeMaze Blight","Hermit","Minty Spire (QoL Compilation)","StSLib","SuperFastMode"],"gold_per_floor":[117,135,135,135,135,165,165,176,176,176,227,251,251,276,276,381,381,406,406,113,128,128,156,156,183,183,183,210,125,136,153,153,153,153],"floor_reached":33,"language":"ENG","playtime":477,"items_purged":[],"score":368,"play_id":"15ecedeb-baa4-451e-96c4-868454484549","local_time":"20210116195631","is_ascension_mode":true,"campfire_choices":[{"data":"Bash","floor":10,"key":"SMITH"},{"data":"Twin Strike","floor":13,"key":"SMITH"},{"floor":15,"key":"REST"},{"floor":24,"key":"REST"},{"data":"1","floor":27,"key":"LIFT"},{"floor":32,"key":"REST"}],"circlet_count":0,"master_deck":["Strike_R","Strike_R","Strike_R","Strike_R","Strike_R","Defend_R+1","Defend_R","Defend_R","Defend_R","Bash+1","Clothesline+1","Twin Strike+1","Clash","Berserk","Rage+1","Blood for Blood+1","Metallicize+1"],"relics":["Burning Blood","NeowsBlessing","Matryoshka","Shuriken","Smiling Mask","CeramicFish","Vajra","Lantern","Sozu","Incense Burner","Blood Vial","Girya","Dead Branch"],"acts_visited":["Exordium","TheCity"],"potions_floor_usage":[16,18],"damage_taken":[{"damage":0,"enemies":"Cultist","floor":1,"turns":1},{"damage":0,"enemies":"2 Louse","floor":2,"turns":1},{"damage":0,"enemies":"Gremlin Nob","floor":6,"turns":1},{"damage":4,"enemies":"Small Slimes","floor":8,"turns":3},{"damage":0,"enemies":"2 Fungi Beasts","floor":12,"turns":3},{"damage":42,"enemies":"3 Sentries","floor":14,"turns":11},{"damage":0,"enemies":"Slime Boss","floor":16,"turns":7},{"damage":0,"enemies":"Spheric Guardian","floor":18,"turns":3},{"damage":0,"enemies":"Chosen","floor":21,"turns":3},{"damage":57,"enemies":"Slavers","floor":23,"turns":5},{"damage":15,"enemies":"Shelled Parasite and Fungi","floor":25,"turns":4},{"damage":0,"enemies":"Snake Plant","floor":28,"turns":3},{"damage":15,"enemies":"Cultist and Chosen","floor":30,"turns":5},{"damage":25,"enemies":"Shelled Parasite and Fungi","floor":31,"turns":5},{"damage":55,"enemies":"Collector","floor":33,"turns":8}],"seed_played":"6984031385797166162","potions_obtained":[{"floor":14,"key":"BlessingOfTheForge"},{"floor":16,"key":"HeartOfIron"}],"is_trial":false,"path_per_floor":["M","M","?","$","?","E","?","M","T","R","T","M","R","E","R","B",null,"M","?","$","M","$","E","R","M","T","R","M","?","M","M","R","B"],"character_chosen":"IRONCLAD","items_purchased":["Incense Burner"],"campfire_rested":3,"item_purchase_floors":[20],"current_hp_per_floor":[80,80,68,68,52,58,58,60,60,60,60,66,66,30,54,60,80,80,80,80,80,80,29,53,46,46,46,54,54,47,30,54,1,1],"gold":153,"neow_bonus":"THREE_ENEMY_KILL","is_daily":false,"chose_seed":false,"campfire_upgraded":2,"win_rate":0.0,"timestamp":1610834191,"path_taken":["M","?","?","$","?","E","?","M","T","R","?","M","R","E","R","BOSS","M","?","$","M","$","E","R","M","T","R","M","?","M","?","R","BOSS"],"items_purchased_type":["Relic"],"build_version":"2020-12-22","purchased_purges":0,"victory":false,"max_hp_per_floor":[80,80,80,80,80,80,80,80,80,80,80,80,80,80,80,80,80,80,80,80,80,80,80,80,80,80,80,80,80,80,80,80,80,80],"card_choices":[{"not_picked":["Havoc","Pommel Strike"],"picked":"Clothesline","floor":1},{"not_picked":["Shrug It Off","Reckless Charge"],"picked":"Twin Strike","floor":2},{"not_picked":["Heavy Blade","Hemokinesis","Sword Boomerang"],"picked":"SKIP","floor":6},{"not_picked":["Feel No Pain","Twin Strike","Uppercut"],"picked":"SKIP","floor":8},{"not_picked":["Flame Barrier","Perfected Strike"],"picked":"Clash","floor":12},{"not_picked":["Sword Boomerang","Heavy Blade","Havoc"],"picked":"SKIP","floor":14},{"not_picked":["Corruption","Juggernaut"],"picked":"Berserk","floor":16},{"not_picked":["Whirlwind+1","True Grit+1"],"picked":"Rage+1","floor":18},{"not_picked":["Searing Blow+1","Heavy Blade","Body Slam"],"picked":"SKIP","floor":21},{"not_picked":["Clash","Immolate","Thunderclap"],"picked":"SKIP","floor":23},{"not_picked":["Perfected Strike","Body Slam"],"picked":"Blood for Blood+1","floor":25},{"not_picked":["Pommel Strike+1","Headbutt"],"picked":"Metallicize+1","floor":28},{"not_picked":["Armaments","Warcry","Flex"],"picked":"SKIP","floor":30},{"not_picked":["Dual Wield+1","Headbutt","Heavy Blade"],"picked":"SKIP","floor":31}],"player_experience":168285,"relics_obtained":[{"floor":6,"key":"Shuriken"},{"floor":9,"key":"Smiling Mask"},{"floor":11,"key":"CeramicFish"},{"floor":11,"key":"Vajra"},{"floor":14,"key":"Lantern"},{"floor":23,"key":"Blood Vial"},{"floor":26,"key":"Girya"}],"event_choices":[{"damage_healed":0,"gold_gain":0,"player_choice":"Success","damage_taken":12,"relics_obtained":["Matryoshka"],"max_hp_gain":0,"max_hp_loss":0,"event_name":"Scrap Ooze","floor":3,"gold_loss":0},{"damage_healed":0,"gold_gain":0,"player_choice":"Entered Light","damage_taken":16,"max_hp_gain":0,"max_hp_loss":0,"event_name":"Shining Light","floor":5,"gold_loss":0,"cards_upgraded":["Clothesline","Defend_R"]},{"damage_healed":0,"gold_gain":0,"player_choice":"Leave","damage_taken":0,"max_hp_gain":0,"max_hp_loss":0,"event_name":"The Cleric","floor":7,"gold_loss":0},{"damage_healed":0,"gold_gain":0,"player_choice":"Ignored","damage_taken":0,"max_hp_gain":0,"max_hp_loss":0,"event_name":"Ghosts","floor":19,"gold_loss":0},{"damage_healed":0,"gold_gain":0,"player_choice":"Obtained Relic","damage_taken":0,"relics_obtained":["Dead Branch"],"max_hp_gain":0,"max_hp_loss":0,"event_name":"Addict","floor":29,"gold_loss":85}],"is_beta":false,"boss_relics":[{"not_picked":["Tiny House","Runic Cube"],"picked":"Sozu"}],"items_purged_floors":[],"is_endless":false,"potions_floor_spawned":[14,16,18,25],"killed_by":"Collector","ascension_level":1}}