{"host":"40gggw0x72bpm5se","time":1610823025,"event":{"mods":["ATMod(°¢èªMod)","Act Like it!","Aspiration","BaseMod","Better Vampires","Colored Map","Conspire","Energized Spire","Friendly Minions","Gensokyo","GungeonMod","GungeonMod Extend","Infinite Spire","Koishi","Library of Ruina","Library of Ruina Extra","Lobotomy","LobotomyExtend","Minty Spire (QoL Compilation)","Quarter Circle Forward PUNCH!","Quick Restart","Reimu£¨²©ÀöÁéÃÎ£©","Relic Stats","Replay The Spire","RumiaBox-Â¶Ã×æ«µÄÉñÃØºÐ×Ó","Shop Mod","Spicy Shops","StSLib","TestMod","The Alterego","UnlockEverythingMod","Waifu the Spire","Youmu£¨»êÆÇÑýÃÎ£©","vexMod","¡¾¹¦ÄÜMod¡¿»ìãçÖ®»·ÐÞ¸´²¹¶¡","¡¾ÒÅÎï¿¨ÅÆ¡¿REMEMod","Ä§½ä"],"gold_per_floor":[116,296,313,328,259,259,293,373,373,384,384,21,21,36,36,36,36],"floor_reached":16,"language":"ZHS","playtime":980,"items_purged":[],"score":177,"play_id":"4a3d1e35-acc8-492a-bde9-6a800f91b0a5","local_time":"20210117025025","is_ascension_mode":false,"campfire_choices":[{"data":"RingOfDestiny:NightPendant","floor":6,"key":"SMITH"},{"floor":11,"key":"RECALL"},{"data":"RingOfDestiny:Pray","floor":13,"key":"SMITH"},{"data":"RingOfDestiny:HolyGift","floor":15,"key":"SMITH"}],"circlet_count":0,"master_deck":["RingOfDestiny:Strike_IH","RingOfDestiny:Strike_IH","RingOfDestiny:Defend_IH","RingOfDestiny:Defend_IH","RingOfDestiny:FairJudgement","RingOfDestiny:FairJudgement","RingOfDestiny:Pray+4","RingOfDestiny:Villainous","RingOfDestiny:HolyGift+3","RingOfDestiny:ProtectionOfLight","RingOfDestiny:NightPendant+1","AT_FamilyPortrait","RingOfDestiny:ExpiateSin","RingOfDestiny:ChainOfLight2","RingOfDestiny:HonourJudgement","RingOfDestiny:HonourJudgement+5","RingOfDestiny:AmuletHeart","RingOfDestiny:ExpiateSin2","RingOfDestiny:DawnJudgement","RingOfDestiny:ShimmerBarrier2"],"relics":["RingOfDestiny:TwinWings","REME_ComplimentaryCards","AT_ATBox","testmod-TestBox","aspiration:Nostalgia","DemoMod:Dog","testmod-D_4","Baka","LetterFromLob","PageOfBloodbath","Boot","DemoMod:GnawedKey","AT_BellowingDragoncrestRing"],"acts_visited":["Gensokyo:Gensokyo"],"potions_floor_usage":[16],"damage_taken":[{"damage":3,"enemies":"Gensokyo:Python","floor":1,"turns":3},{"damage":40,"enemies":"Gensokyo:Gryphon","floor":3,"turns":3},{"damage":0,"enemies":"Gensokyo:2_Kodama","floor":4,"turns":2},{"damage":1,"enemies":"Gensokyo:Gryphon_and_Rabbit","floor":5,"turns":3},{"damage":18,"enemies":"Gensokyo:Aya","floor":7,"turns":3},{"damage":0,"enemies":"Gensokyo:3_Kodama","floor":10,"turns":2},{"damage":1,"enemies":"Gensokyo:Kitsune","floor":14,"turns":4},{"damage":6,"enemies":"Gensokyo:Yukari","floor":16,"turns":8}],"seed_played":"-8112171758113279663","potions_obtained":[{"floor":4,"key":"Venom Potion"},{"floor":7,"key":"ColorlessPotion"},{"floor":10,"key":"ColorlessPotion"}],"is_trial":false,"path_per_floor":["M","?","M","M","M","R","E","?","T","M","R","$","R","M","R","B"],"character_chosen":"Inherit","items_purchased":["DemoMod:GnawedKey","AT_BellowingDragoncrestRing"],"campfire_rested":0,"item_purchase_floors":[12,12],"current_hp_per_floor":[90,60,73,76,78,78,67,67,67,70,70,70,70,70,70,64,64],"gold":36,"neow_bonus":"NOSTALGIA","is_daily":false,"chose_seed":false,"campfire_upgraded":3,"win_rate":0.0,"timestamp":1610823025,"path_taken":["M","?","M","M","M","R","E","?","T","M","R","$","R","M","R","BOSS"],"items_purchased_type":["Relic","Relic"],"build_version":"2020-12-22","purchased_purges":0,"victory":false,"max_hp_per_floor":[90,90,123,123,123,123,130,130,130,130,130,130,130,131,131,131,131],"relic_stats":{"counters":[8,28],"Boot":[6],"obtain_stats":[{"RingOfDestiny:TwinWings":0,"AT_ATBox":0,"testmod-TestBox":0,"DemoMod:Dog":0,"aspiration:Nostalgia":0,"PageOfBloodbath":5,"DemoMod:GlassGuonStoneRelic":4,"Baka":1,"Boot":7,"AT_BellowingDragoncrestRing":12,"testmod-D_4":0,"LetterFromLob":1,"DemoMod:GnawedKey":12,"REME_ComplimentaryCards":0},{"RingOfDestiny:TwinWings":0,"AT_ATBox":0,"testmod-TestBox":0,"DemoMod:Dog":0,"aspiration:Nostalgia":0,"PageOfBloodbath":4,"DemoMod:GlassGuonStoneRelic":3,"Baka":1,"Boot":5,"AT_BellowingDragoncrestRing":6,"testmod-D_4":0,"LetterFromLob":1,"DemoMod:GnawedKey":6,"REME_ComplimentaryCards":0},{"RingOfDestiny:TwinWings":0,"AT_ATBox":0,"testmod-TestBox":0,"DemoMod:Dog":0,"aspiration:Nostalgia":0,"PageOfBloodbath":11,"DemoMod:GlassGuonStoneRelic":8,"Baka":3,"Boot":14,"AT_BellowingDragoncrestRing":16,"testmod-D_4":0,"LetterFromLob":3,"DemoMod:GnawedKey":16,"REME_ComplimentaryCards":0}]},"card_choices":[{"not_picked":["RingOfDestiny:Pray","RingOfDestiny:ExposeAndCriticize"],"picked":"RingOfDestiny:ExpiateSin","floor":1},{"not_picked":["RingOfDestiny:ForbiddenStrike2","RingOfDestiny:HolyGift2"],"picked":"RingOfDestiny:ChainOfLight2","floor":3},{"not_picked":["RingOfDestiny:HolyPressure","RingOfDestiny:ForbiddenStrike"],"picked":"RingOfDestiny:HonourJudgement","floor":4},{"not_picked":["RingOfDestiny:Aerostigmata","RingOfDestiny:AngelTalisman"],"picked":"RingOfDestiny:AmuletHeart","floor":5},{"not_picked":["RingOfDestiny:ForbiddenBook2","RingOfDestiny:BaptismOfLight2"],"picked":"RingOfDestiny:ExpiateSin2","floor":7},{"not_picked":["RingOfDestiny:Sacrifice","RingOfDestiny:AmuletHeart"],"picked":"RingOfDestiny:DawnJudgement","floor":10},{"not_picked":["RingOfDestiny:ForbiddenStrike2","RingOfDestiny:HolyJustice2"],"picked":"RingOfDestiny:ShimmerBarrier2","floor":14}],"player_experience":61395,"relics_obtained":[{"floor":1,"key":"Baka"},{"floor":1,"key":"LetterFromLob"},{"floor":5,"key":"PageOfBloodbath"},{"floor":7,"key":"Boot"}],"event_choices":[],"is_beta":false,"boss_relics":[],"items_purged_floors":[],"is_endless":false,"potions_floor_spawned":[4,7,10],"killed_by":"Gensokyo:Yukari","ascension_level":0}}