{"host":"fa35vd3kig5td25x","time":1610793686,"event":{"mods":["BaseMod","Colored Powertips","Minty Spire (QoL Compilation)","Relic Stats","Slay the Relics Exporter"],"gold_per_floor":[109,129,129,129,148,148,181,181,181,199,231,211,229,251,251,330,330,342,26,26,39,39,39,69,69,69,79,99,124,124,135,135,210,210,223,242,242,254,254,279,305,305,329,8,40,67,67,77,77,77,77,77,77,2,34,34,34],"floor_reached":56,"language":"ENG","playtime":3933,"items_purged":["BowlingBash+1"],"score":2591,"play_id":"b12ad649-6233-4df1-9d7f-c4ec6bcb110c","local_time":"20210116114126","is_ascension_mode":true,"campfire_choices":[{"data":"EmptyFist","floor":6.0,"key":"SMITH"},{"floor":8.0,"key":"REST"},{"data":"Vigilance","floor":15.0,"key":"SMITH"},{"floor":23.0,"key":"REST"},{"floor":30.0,"key":"REST"},{"floor":32.0,"key":"REST"},{"floor":42.0,"key":"RECALL"},{"floor":47.0,"key":"REST"},{"floor":49.0,"key":"REST"},{"floor":53.0,"key":"REST"}],"circlet_count":0,"master_deck":["AscendersBane","Defend_P+1","Defend_P+1","Defend_P+1","Defend_P+1","Eruption+1","Vigilance+1","Prostrate+1","FearNoEvil+1","EmptyFist+1","JustLucky+1","LessonLearned+1","Halt+1","ThirdEye+1","Scrawl+1","CrushJoints+1","TalkToTheHand+1","TalkToTheHand+1","WaveOfTheHand+1","RitualDagger+1","JustLucky+1","SandsOfTime+1","Tantrum+1","WheelKick+1","FlurryOfBlows+1","Omniscience+1","Brilliance+1","Brilliance+1","Sanctity+1","CutThroughFate+1","Vengeance+1","Flash of Steel+1","Thinking Ahead+1","Wireheading","WaveOfTheHand+1","EmptyBody+1"],"relics":["Runic Pyramid","Molten Egg 2","Toxic Egg 2","Whetstone","Odd Mushroom","Fusion Hammer","DollysMirror","Nilry\u0027s Codex","Question Card","Oddly Smooth Stone","Astrolabe","WingedGreaves","Pen Nib","Ancient Tea Set","Medical Kit","Bottled Flame","Bag of Preparation","Akabeko"],"acts_visited":["Exordium","TheCity","TheBeyond","TheEnding"],"potions_floor_usage":[56],"damage_taken":[{"damage":0.0,"enemies":"Jaw Worm","floor":1.0,"turns":3.0},{"damage":0.0,"enemies":"2 Louse","floor":2.0,"turns":2.0},{"damage":5.0,"enemies":"Small Slimes","floor":5.0,"turns":2.0},{"damage":18.0,"enemies":"3 Sentries","floor":7.0,"turns":9.0},{"damage":0.0,"enemies":"2 Fungi Beasts","floor":10.0,"turns":2.0},{"damage":0.0,"enemies":"Lagavulin","floor":11.0,"turns":3.0},{"damage":0.0,"enemies":"Large Slime","floor":13.0,"turns":3.0},{"damage":10.0,"enemies":"The Mushroom Lair","floor":14.0,"turns":3.0},{"damage":25.0,"enemies":"Hexaghost","floor":16.0,"turns":10.0},{"damage":0.0,"enemies":"Chosen","floor":18.0,"turns":2.0},{"damage":0.0,"enemies":"Spheric Guardian","floor":21.0,"turns":3.0},{"damage":10.0,"enemies":"Slavers","floor":24.0,"turns":4.0},{"damage":10.0,"enemies":"Shelled Parasite and Fungi","floor":27.0,"turns":3.0},{"damage":0.0,"enemies":"Snake Plant","floor":28.0,"turns":3.0},{"damage":4.0,"enemies":"Gremlin Leader","floor":29.0,"turns":3.0},{"damage":0.0,"enemies":"3 Cultists","floor":31.0,"turns":4.0},{"damage":0.0,"enemies":"Collector","floor":33.0,"turns":6.0},{"damage":0.0,"enemies":"3 Shapes","floor":35.0,"turns":3.0},{"damage":4.0,"enemies":"Orb Walker","floor":36.0,"turns":3.0},{"damage":0.0,"enemies":"Maw","floor":38.0,"turns":5.0},{"damage":0.0,"enemies":"Mind Bloom Boss Battle","floor":40.0,"turns":4.0},{"damage":0.0,"enemies":"Giant Head","floor":41.0,"turns":4.0},{"damage":18.0,"enemies":"Reptomancer","floor":45.0,"turns":2.0},{"damage":0.0,"enemies":"Nemesis","floor":46.0,"turns":3.0},{"damage":0.0,"enemies":"Spire Growth","floor":48.0,"turns":2.0},{"damage":0.0,"enemies":"Donu and Deca","floor":50.0,"turns":5.0},{"damage":0.0,"enemies":"Awakened One","floor":51.0,"turns":8.0},{"damage":0.0,"enemies":"Shield and Spear","floor":55.0,"turns":3.0},{"damage":48,"enemies":"The Heart","floor":56,"turns":5}],"seed_played":"8377784389538651653","potions_obtained":[{"floor":5.0,"key":"FearPotion"},{"floor":10.0,"key":"DuplicationPotion"},{"floor":13.0,"key":"EntropicBrew"},{"floor":31.0,"key":"BlessingOfTheForge"},{"floor":36.0,"key":"SmokeBomb"},{"floor":37.0,"key":"EntropicBrew"},{"floor":37.0,"key":"DistilledChaos"}],"is_trial":false,"path_per_floor":["M","M","?","?","M","R","E","R","T","M","E","?","M","?","R","B",null,"M","$","?","M","?","R","E","?","T","M","M","E","R","M","R","B",null,"M","M","?","M","?","?","E","R","T","$","E","E","R","M","R","B","B",null,"R","$","E","B"],"character_chosen":"WATCHER","items_purchased":["TalkToTheHand+1","DollysMirror","WaveOfTheHand+1","Medical Kit","WaveOfTheHand+1","DuplicationPotion"],"campfire_rested":7,"item_purchase_floors":[19,19,19,44,44,44],"current_hp_per_floor":[61,61,54,54,49,49,31,51,51,51,51,51,51,41,41,16,55,55,55,49,49,28,48,38,38,38,28,28,24,44,44,64,64,67,67,63,63,63,53,53,53,53,53,53,35,35,55,55,68,68,68,68,68,68,68,20,20],"gold":34,"neow_bonus":"BOSS_RELIC","is_daily":false,"chose_seed":false,"campfire_upgraded":2,"win_rate":0.0,"timestamp":1610793686,"path_taken":["M","M","?","?","M","R","E","R","T","M","E","?","?","?","R","BOSS","M","$","?","M","?","R","E","?","T","M","M","E","R","M","R","BOSS","M","M","?","?","?","?","E","R","T","$","E","E","R","M","R","BOSS","BOSS","R","$","E","BOSS"],"items_purchased_type":["Card","Relic","Card","Relic","Card","Potion"],"build_version":"2020-12-22","purchased_purges":1,"victory":false,"max_hp_per_floor":[68,68,68,68,68,68,68,68,68,68,68,68,68,68,68,68,68,68,68,68,68,68,68,68,68,68,68,68,68,68,68,68,68,68,68,68,68,68,68,68,68,68,68,68,68,68,68,68,68,68,68,68,68,68,68,68,68],"relic_stats":{"counters":[29,112],"Astrolabe":["Brilliance","Brilliance","Sanctity"],"Pen Nib":[8],"Bag of Preparation":[10],"Whetstone":["Strike_P","FearNoEvil"],"Question Card":17,"Medical Kit":[6],"obtain_stats":[{"Nilry\u0027s Codex":22,"Astrolabe":34,"Oddly Smooth Stone":29,"Pen Nib":41,"Bag of Preparation":46,"Whetstone":11,"Odd Mushroom":14,"Question Card":24,"Ancient Tea Set":43,"Medical Kit":44,"Akabeko":55,"Bottled Flame":45,"DollysMirror":19,"Molten Egg 2":7,"Fusion Hammer":17,"WingedGreaves":40,"PureWater":0,"Toxic Egg 2":9,"Runic Pyramid":0},{"Nilry\u0027s Codex":11,"Astrolabe":17,"Oddly Smooth Stone":15,"Pen Nib":22,"Bag of Preparation":24,"Whetstone":6,"Odd Mushroom":8,"Question Card":12,"Ancient Tea Set":22,"Medical Kit":22,"Akabeko":28,"Bottled Flame":23,"DollysMirror":10,"Molten Egg 2":4,"Fusion Hammer":9,"WingedGreaves":21,"PureWater":0,"Toxic Egg 2":4,"Runic Pyramid":0},{"Nilry\u0027s Codex":42,"Astrolabe":65,"Oddly Smooth Stone":55,"Pen Nib":84,"Bag of Preparation":89,"Whetstone":21,"Odd Mushroom":27,"Question Card":46,"Ancient Tea Set":84,"Medical Kit":84,"Akabeko":107,"Bottled Flame":86,"DollysMirror":39,"Molten Egg 2":16,"Fusion Hammer":37,"WingedGreaves":80,"PureWater":0,"Toxic Egg 2":16,"Runic Pyramid":0}]},"card_choices":[{"not_picked":["Collect","FlyingSleeves"],"picked":"Prostrate","floor":1.0},{"not_picked":["Meditate","BowlingBash"],"picked":"FearNoEvil","floor":2.0},{"not_picked":["CarveReality","WheelKick"],"picked":"EmptyFist","floor":5.0},{"not_picked":["Wireheading","InnerPeace"],"picked":"BowlingBash+1","floor":7.0},{"not_picked":["Swivel+1","InnerPeace+1"],"picked":"JustLucky+1","floor":10.0},{"not_picked":["Evaluate+1","JustLucky+1"],"picked":"LessonLearned+1","floor":11.0},{"not_picked":["ThirdEye+1","Indignation+1"],"picked":"Halt+1","floor":13.0},{"not_picked":["Consecrate+1","CutThroughFate+1"],"picked":"ThirdEye+1","floor":14.0},{"not_picked":["MasterReality","Omniscience+1"],"picked":"Scrawl+1","floor":16.0},{"not_picked":["FlurryOfBlows+1","Protect+1"],"picked":"CrushJoints+1","floor":18.0},{"not_picked":["Wireheading","Indignation+1"],"picked":"JustLucky+1","floor":21.0},{"not_picked":["FlyingSleeves+1","PathToVictory+1","FollowUp+1"],"picked":"SKIP","floor":24.0},{"not_picked":["EmptyFist+1","Prostrate+1","WreathOfFlame+1","SandsOfTime+1"],"picked":"SKIP","floor":27.0},{"not_picked":["EmptyFist+1","Prostrate+1","WreathOfFlame+1"],"picked":"SandsOfTime+1","floor":27.0},{"not_picked":["ClearTheMind+1","MentalFortress","ThirdEye+1"],"picked":"Tantrum+1","floor":28.0},{"not_picked":["Adaptation","Tantrum+1","CrushJoints+1"],"picked":"WheelKick+1","floor":29.0},{"not_picked":["FollowUp+1","CrushJoints+1","Consecrate+1"],"picked":"FlurryOfBlows+1","floor":31.0},{"not_picked":["Brilliance+1","Establishment","Ragnarok+1"],"picked":"Omniscience+1","floor":33.0},{"not_picked":["BowlingBash+1","Vengeance+1","CrushJoints+1"],"picked":"CutThroughFate+1","floor":35.0},{"not_picked":["Protect+1","Crescendo+1","FollowUp+1"],"picked":"Vengeance+1","floor":36.0},{"not_picked":["JustLucky+1","ClearTheMind+1","FollowUp+1","Crescendo+1"],"picked":"SKIP","floor":38.0},{"not_picked":["Bandage Up+1","Trip+1","PanicButton+1"],"picked":"Flash of Steel+1","floor":39.0},{"not_picked":["Trip+1","Apotheosis+1","Purity+1"],"picked":"Thinking Ahead+1","floor":39.0},{"not_picked":["CrushJoints+1","FollowUp+1","LikeWater"],"picked":"Wireheading","floor":40.0},{"not_picked":["Evaluate+1","FlurryOfBlows+1","ThirdEye+1","Worship+1"],"picked":"SKIP","floor":41.0},{"not_picked":["Adaptation","Sanctity+1","FearNoEvil+1","ClearTheMind+1"],"picked":"SKIP","floor":45.0},{"not_picked":["Crescendo+1","SashWhip+1","Adaptation","Prostrate+1"],"picked":"SKIP","floor":46.0},{"not_picked":["ThirdEye+1","Judgement+1","SashWhip+1","Evaluate+1"],"picked":"SKIP","floor":48.0},{"not_picked":["BowlingBash+1","Tantrum+1","EmptyFist+1"],"picked":"EmptyBody+1","floor":55.0}],"player_experience":2936168,"relics_obtained":[{"floor":7.0,"key":"Molten Egg 2"},{"floor":9.0,"key":"Toxic Egg 2"},{"floor":11.0,"key":"Whetstone"},{"floor":14.0,"key":"Odd Mushroom"},{"floor":22.0,"key":"Nilry\u0027s Codex"},{"floor":24.0,"key":"Question Card"},{"floor":29.0,"key":"Oddly Smooth Stone"},{"floor":40.0,"key":"WingedGreaves"},{"floor":41.0,"key":"Pen Nib"},{"floor":43.0,"key":"Ancient Tea Set"},{"floor":45.0,"key":"Bottled Flame"},{"floor":46.0,"key":"Bag of Preparation"},{"floor":55.0,"key":"Akabeko"}],"event_choices":[{"cards_removed":["Strike_P"],"damage_healed":0.0,"max_hp_gain":0.0,"max_hp_loss":0.0,"gold_gain":0.0,"event_name":"Golden Wing","player_choice":"Card Removal","floor":3.0,"gold_loss":0.0,"damage_taken":7.0},{"damage_healed":0.0,"max_hp_gain":0.0,"max_hp_loss":0.0,"gold_gain":0.0,"event_name":"Living Wall","player_choice":"Grow","floor":4.0,"gold_loss":0.0,"damage_taken":0.0,"cards_upgraded":["Eruption"]},{"damage_healed":0.0,"max_hp_gain":0.0,"max_hp_loss":0.0,"gold_gain":0.0,"event_name":"The Woman in Blue","player_choice":"Bought 1 Potion","floor":12.0,"gold_loss":0.0,"damage_taken":0.0},{"damage_healed":0.0,"max_hp_gain":0.0,"max_hp_loss":0.0,"gold_gain":0.0,"event_name":"Mushrooms","player_choice":"Fought Mushrooms","floor":14.0,"gold_loss":0.0,"damage_taken":0.0},{"damage_healed":0.0,"max_hp_gain":0.0,"max_hp_loss":0.0,"gold_gain":0.0,"event_name":"Nest","player_choice":"Joined the Cult","floor":20.0,"gold_loss":0.0,"damage_taken":6.0,"cards_obtained":["RitualDagger"]},{"damage_healed":0.0,"max_hp_gain":0.0,"max_hp_loss":0.0,"gold_gain":0.0,"event_name":"Cursed Tome","player_choice":"Obtained Book","floor":22.0,"gold_loss":0.0,"damage_taken":21.0},{"damage_healed":0.0,"max_hp_gain":0.0,"max_hp_loss":0.0,"gold_gain":0.0,"event_name":"Lab","player_choice":"Got Potions","floor":37.0,"gold_loss":0.0,"damage_taken":0.0},{"damage_healed":0.0,"max_hp_gain":0.0,"max_hp_loss":0.0,"gold_gain":0.0,"event_name":"SensoryStone","player_choice":"Memory 3","floor":39.0,"gold_loss":0.0,"damage_taken":10.0},{"damage_healed":0.0,"max_hp_gain":0.0,"max_hp_loss":0.0,"gold_gain":0.0,"event_name":"MindBloom","player_choice":"Fight","floor":40.0,"gold_loss":0.0,"damage_taken":0.0}],"is_beta":false,"boss_relics":[{"not_picked":["VioletLotus","Coffee Dripper"],"picked":"Fusion Hammer"},{"not_picked":["Philosopher\u0027s Stone","SacredBark"],"picked":"Astrolabe"}],"items_purged_floors":[54],"is_endless":false,"potions_floor_spawned":[5,10,13,21,24,31,36,38,45,48],"killed_by":"The Heart","ascension_level":20}}