{"host":"l60rmjjsfi0fipmi","time":1610809915,"event":{"mods":["BaseMod","Colored Map","DeckTracker","Highlight Path","Minty Spire (QoL Compilation)","StSLib","The Cursed","The Servant 0.9.4"],"gold_per_floor":[111,122,122,139,153,153,163,163,187,187,205,235,235,235,235,338,338,354,365,41,41,65,65,93,109,109,109,109,109,109,177,177,276,276,295,295,295],"floor_reached":38,"language":"ENG","playtime":2795,"items_purged":["Strike_S"],"score":715,"play_id":"d05b202e-1638-4ab2-ac97-bcbe2c0bc412","local_time":"20210116101155","is_ascension_mode":false,"campfire_choices":[{"data":"Exchange","floor":6,"key":"SMITH"},{"data":"Ricochet","floor":8,"key":"SMITH"},{"data":"KillingDoll","floor":13,"key":"SMITH"},{"data":"ShatteredReality","floor":15,"key":"SMITH"},{"data":"SilverBlades","floor":23,"key":"SMITH"},{"data":"FastForward","floor":28,"key":"SMITH"},{"floor":32,"key":"REST"}],"circlet_count":0,"master_deck":["Strike_S","Defend_S","Defend_S","Defend_S","Defend_S","KidneyShot+1","Exchange+1","Ricochet+1","ShatteredReality+1","Solidify","Comet","SilverBlades+1","TimeWarp","KillingDoll+1","Rearm","ForgedInTime","Desolation+1","Revamp+1","FastForward+1","GearUp+1","Dilation"],"relics":["SplendidAttire","Tiny Chest","Art of War","Bottled Flame","Centennial Puzzle","Juzu Bracelet","Bag of Marbles","Enchiridion","Letter Opener","SlaversCollar"],"acts_visited":["Exordium","TheCity","TheBeyond"],"potions_floor_usage":[19,33,33,37],"damage_taken":[{"damage":0,"enemies":"2 Louse","floor":1,"turns":4},{"damage":0,"enemies":"Cultist","floor":2,"turns":3},{"damage":0,"enemies":"Small Slimes","floor":4,"turns":3},{"damage":0,"enemies":"Exordium Wildlife","floor":5,"turns":1},{"damage":9,"enemies":"2 Fungi Beasts","floor":7,"turns":3},{"damage":6,"enemies":"Large Slime","floor":11,"turns":7},{"damage":11,"enemies":"Lagavulin","floor":12,"turns":4},{"damage":23,"enemies":"Hexaghost","floor":16,"turns":9},{"damage":11,"enemies":"2 Thieves","floor":18,"turns":2},{"damage":11,"enemies":"Shell Parasite","floor":19,"turns":4},{"damage":26,"enemies":"Slavers","floor":24,"turns":3},{"damage":0,"enemies":"Snecko","floor":25,"turns":3},{"damage":0,"enemies":"Automaton","floor":33,"turns":8},{"damage":15,"enemies":"3 Darklings","floor":35,"turns":3},{"damage":54,"enemies":"Awakened One","floor":37,"turns":14}],"seed_played":"1953272804162157857","potions_obtained":[{"floor":1,"key":"Strength Potion"},{"floor":5,"key":"Dexterity Potion"},{"floor":7,"key":"Energy Potion"},{"floor":19,"key":"SkillPotion"},{"floor":33,"key":"Energy Potion"}],"is_trial":false,"path_per_floor":["M","M","?","M","M","R","M","R","T","$","M","E","R","?","R","B",null,"M","M","$","?","T","R","E","M","T","?","R","?","?","T","R","B",null,"M","?","B",null],"character_chosen":"THE_SERVANT","items_purchased":["Bottled Flame"],"campfire_rested":1,"item_purchase_floors":[20],"current_hp_per_floor":[71,71,71,71,71,71,62,62,62,62,56,45,45,45,45,22,71,60,49,49,49,49,49,23,23,23,46,46,30,17,17,39,39,76,61,61,7],"gold":295,"neow_bonus":"TEN_PERCENT_HP_BONUS","is_daily":false,"chose_seed":false,"campfire_upgraded":6,"win_rate":0.0,"timestamp":1610809915,"path_taken":["M","M","?","M","M","R","M","R","T","?","M","E","R","?","R","BOSS","M","M","$","?","?","R","E","M","T","?","R","?","?","?","R","BOSS","M","?","BOSS"],"items_purchased_type":["Relic"],"build_version":"2020-12-22","purchased_purges":1,"victory":true,"max_hp_per_floor":[71,71,71,71,71,71,71,71,71,71,71,71,71,71,71,71,71,71,71,71,71,71,71,71,71,71,71,71,71,76,76,76,76,76,76,76,76],"card_choices":[{"not_picked":["BottledTime","Unruled"],"picked":"Ricochet","floor":1},{"not_picked":["Reset","Contraction"],"picked":"ShatteredReality","floor":2},{"not_picked":["Spin","Replace"],"picked":"Comet","floor":4},{"not_picked":["WasteNot","SurpressingFire"],"picked":"SilverBlades","floor":5},{"not_picked":["Rearm","Spin"],"picked":"TimeWarp","floor":7},{"not_picked":["Rearm","Starlight"],"picked":"KillingDoll","floor":11},{"not_picked":["Misdirection","MoonPhase"],"picked":"Rearm","floor":12},{"not_picked":["LightFlow","KillingDoll"],"picked":"ForgedInTime","floor":16},{"not_picked":["FastForward","Luminosity"],"picked":"Desolation+1","floor":18},{"not_picked":["Shuttle","TimeWarp+1"],"picked":"Revamp+1","floor":19},{"not_picked":["Foresight","FastForward"],"picked":"GearUp+1","floor":24},{"not_picked":["Unruled","SilverBlades","Rearm"],"picked":"SKIP","floor":25},{"not_picked":["ForgedInTime","MurderousAura"],"picked":"Dilation","floor":33},{"not_picked":["Ricochet+1","Revamp","Defy+1"],"picked":"SKIP","floor":35}],"player_experience":425606,"relics_obtained":[{"floor":9,"key":"Tiny Chest"},{"floor":12,"key":"Art of War"},{"floor":22,"key":"Centennial Puzzle"},{"floor":24,"key":"Juzu Bracelet"},{"floor":26,"key":"Bag of Marbles"},{"floor":29,"key":"Enchiridion"},{"floor":31,"key":"Letter Opener"}],"event_choices":[{"damage_healed":0,"gold_gain":0,"cards_transformed":["Strike_S"],"player_choice":"Transformed","damage_taken":0,"max_hp_gain":0,"max_hp_loss":0,"event_name":"Transmorgrifier","floor":3,"gold_loss":0,"cards_obtained":["Solidify"]},{"damage_healed":0,"gold_gain":0,"player_choice":"Forge","damage_taken":0,"max_hp_gain":0,"max_hp_loss":0,"event_name":"Accursed Blacksmith","floor":14,"gold_loss":0,"cards_upgraded":["KidneyShot"]},{"damage_healed":0,"gold_gain":0,"cards_transformed":["Strike_S"],"player_choice":"Transformed","damage_taken":0,"max_hp_gain":0,"max_hp_loss":0,"event_name":"Transmorgrifier","floor":21,"gold_loss":0,"cards_obtained":["FastForward"]},{"damage_healed":23,"gold_gain":0,"player_choice":"Heal","damage_taken":0,"max_hp_gain":0,"max_hp_loss":0,"event_name":"The Library","floor":27,"gold_loss":0},{"damage_healed":0,"gold_gain":0,"player_choice":"Obtained Book","damage_taken":16,"max_hp_gain":0,"max_hp_loss":0,"event_name":"Cursed Tome","floor":29,"gold_loss":0},{"damage_healed":0,"gold_gain":0,"player_choice":"Shed Blood","damage_taken":18,"max_hp_gain":5,"max_hp_loss":0,"event_name":"Forgotten Altar","floor":30,"gold_loss":0},{"damage_healed":0,"gold_gain":0,"player_choice":"Took Portal","damage_taken":0,"max_hp_gain":0,"max_hp_loss":0,"event_name":"SecretPortal","floor":36,"gold_loss":0}],"is_beta":false,"boss_relics":[{"not_picked":["Calling Bell","Pandora\u0027s Box"],"picked":"SplendidAttire"},{"not_picked":["SacredBark","Astrolabe"],"picked":"SlaversCollar"}],"items_purged_floors":[20],"is_endless":false,"potions_floor_spawned":[1,5,7,19,33],"ascension_level":0}}