{"host":"oehe2dxjvdgux73m","time":1610804389,"event":{"mods":["AchievementEnabler","BaseMod","Colored Map","Colored Powertips","DeckTracker","Keyboard Shortcuts","Minty Spire (QoL Compilation)","Permanent Neow","Quick Restart","StSLib","SuperFastMode"],"gold_per_floor":[218,218,85,109,133,133,174,174,253,253,253,253],"floor_reached":11,"language":"KOR","playtime":326,"items_purged":["Strike_G"],"score":138,"play_id":"5b47d10e-ef80-429f-bca4-701495cada59","local_time":"20210116223949","is_ascension_mode":true,"campfire_choices":[{"data":"Dagger Spray","floor":6,"key":"SMITH"},{"data":"Neutralize","floor":8,"key":"SMITH"}],"circlet_count":0,"master_deck":["AscendersBane","Strike_G","Strike_G","Strike_G","Defend_G","Defend_G","Defend_G","Defend_G","Defend_G","Survivor","Neutralize+1","Backflip","Dagger Spray+1","Well Laid Plans","Adrenaline","Expertise"],"relics":["Ring of the Snake","Golden Idol","Juzu Bracelet","The Courier"],"acts_visited":["Exordium"],"potions_floor_usage":[7],"damage_taken":[{"damage":3,"enemies":"Small Slimes","floor":1,"turns":5},{"damage":2,"enemies":"2 Louse","floor":4,"turns":2},{"damage":6,"enemies":"Jaw Worm","floor":5,"turns":5},{"damage":22,"enemies":"3 Sentries","floor":7,"turns":10},{"damage":44,"enemies":"Lagavulin","floor":11,"turns":9}],"seed_played":"-6536501161991383850","potions_obtained":[{"floor":5,"key":"Regen Potion"}],"is_trial":false,"path_per_floor":["M","?","$","M","M","R","E","R","T","?","E"],"character_chosen":"THE_SILENT","items_purchased":["Dagger Spray"],"campfire_rested":0,"item_purchase_floors":[3],"current_hp_per_floor":[56,56,56,54,48,48,41,41,41,41,0,0],"gold":253,"neow_bonus":"HUNDRED_GOLD","is_daily":false,"chose_seed":false,"campfire_upgraded":2,"win_rate":0.0,"timestamp":1610804389,"path_taken":["M","?","$","M","M","R","E","R","T","?","E"],"items_purchased_type":["Card"],"build_version":"2020-12-22","purchased_purges":1,"victory":false,"max_hp_per_floor":[66,60,60,60,60,60,60,60,60,60,60,60],"card_choices":[{"not_picked":["Infinite Blades","Deflect"],"picked":"Backflip","floor":1},{"not_picked":["Underhanded Strike","Flying Knee","Distraction"],"picked":"SKIP","floor":4},{"not_picked":["Burst","Underhanded Strike"],"picked":"Well Laid Plans","floor":5},{"not_picked":["Blur","Deadly Poison"],"picked":"Adrenaline","floor":7}],"player_experience":236899,"relics_obtained":[{"floor":7,"key":"Juzu Bracelet"},{"floor":9,"key":"The Courier"}],"event_choices":[{"damage_healed":0,"gold_gain":0,"player_choice":"Lose Max HP","damage_taken":0,"relics_obtained":["Golden Idol"],"max_hp_gain":0,"max_hp_loss":6,"event_name":"Golden Idol","floor":2,"gold_loss":0},{"damage_healed":0,"gold_gain":0,"cards_transformed":["Strike_G"],"player_choice":"Change","damage_taken":0,"max_hp_gain":0,"max_hp_loss":0,"event_name":"Living Wall","floor":10,"gold_loss":0,"cards_obtained":["Expertise"]}],"is_beta":false,"boss_relics":[],"items_purged_floors":[3],"is_endless":false,"potions_floor_spawned":[5],"killed_by":"Lagavulin","ascension_level":19}}