{"host":"w9yruvs4bqht6bhw","time":1610837649,"event":{"mods":["BaseMod","Colored Powertips","Minty Spire (QoL Compilation)"],"gold_per_floor":[112,112,187,187,6,38,38,91,91,91,18,31,62,62,62,163,163,183,183,197,197,211,211,211],"floor_reached":23,"language":"ENG","playtime":511,"items_purged":[],"score":312,"play_id":"99f365a8-f944-47ad-8d84-db78e72db3d3","local_time":"20210116175409","is_ascension_mode":true,"campfire_choices":[{"floor":7,"key":"REST"},{"data":"Perfected Strike","floor":15,"key":"SMITH"}],"circlet_count":0,"master_deck":["AscendersBane","Strike_R+1","Strike_R+1","Strike_R+1","Strike_R+1","Strike_R+1","Defend_R+1","Defend_R+1","Defend_R+1","Defend_R+1","Bash","Panacea","Infernal Blade","Swift Strike+1","Seeing Red","True Grit","Perfected Strike+1","Corruption"],"relics":["Black Blood","Ancient Tea Set","Eternal Feather","Strawberry","StrikeDummy","Regal Pillow","Paper Frog"],"acts_visited":["Exordium","TheCity"],"potions_floor_usage":[6,16,16,20],"damage_taken":[{"damage":7,"enemies":"Jaw Worm","floor":1,"turns":3},{"damage":45,"enemies":"Lagavulin","floor":6,"turns":6},{"damage":1,"enemies":"Small Slimes","floor":12,"turns":2},{"damage":16,"enemies":"Gremlin Nob","floor":13,"turns":3},{"damage":44,"enemies":"The Guardian","floor":16,"turns":11},{"damage":38,"enemies":"Shell Parasite","floor":18,"turns":5},{"damage":11,"enemies":"Spheric Guardian","floor":20,"turns":3},{"damage":33,"enemies":"Snake Plant","floor":22,"turns":5},{"damage":36,"enemies":"Gremlin Leader","floor":23,"turns":4}],"seed_played":"9055281978722808274","potions_obtained":[{"floor":12,"key":"Fire Potion"},{"floor":18,"key":"SteroidPotion"}],"is_trial":false,"path_per_floor":["M","?","?","?","$","E","R","T","T","?","$","M","E","$","R","B",null,"M","?","M","T","M","E"],"character_chosen":"IRONCLAD","items_purchased":["Infernal Blade","Swift Strike","Strength Potion","True Grit","Swift Potion"],"campfire_rested":1,"item_purchase_floors":[5,5,5,11,11],"current_hp_per_floor":[71,76,65,62,62,23,57,64,64,64,64,69,59,59,68,30,77,51,51,52,52,31,0,0],"gold":211,"neow_bonus":"RANDOM_COLORLESS","is_daily":false,"chose_seed":false,"campfire_upgraded":1,"win_rate":0.0,"timestamp":1610837649,"path_taken":["M","?","?","?","$","E","R","?","T","?","?","M","E","?","R","BOSS","M","?","M","?","?","E"],"items_purchased_type":["Card","Card","Potion","Card","Potion"],"build_version":"2020-12-22","purchased_purges":0,"victory":false,"max_hp_per_floor":[80,85,85,85,85,85,85,92,92,92,92,92,92,92,92,92,92,92,92,92,92,92,92,92],"card_choices":[{"not_picked":["Discovery","Jack Of All Trades"],"picked":"Panacea","floor":0},{"not_picked":["Entrench","Reckless Charge","Power Through"],"picked":"SKIP","floor":1},{"not_picked":["Body Slam","Infernal Blade"],"picked":"Seeing Red","floor":6},{"not_picked":["Iron Wave","Shrug It Off"],"picked":"Perfected Strike","floor":12},{"not_picked":["Power Through","Thunderclap","Sword Boomerang"],"picked":"SKIP","floor":13},{"not_picked":["Fiend Fire","Juggernaut"],"picked":"Corruption","floor":16},{"not_picked":["Wild Strike","Perfected Strike","Battle Trance"],"picked":"SKIP","floor":18},{"not_picked":["Sword Boomerang","Havoc","Heavy Blade+1"],"picked":"SKIP","floor":20},{"not_picked":["Sentinel","Havoc","Rupture"],"picked":"SKIP","floor":22}],"player_experience":415205,"relics_obtained":[{"floor":6,"key":"Eternal Feather"},{"floor":8,"key":"Strawberry"},{"floor":9,"key":"StrikeDummy"},{"floor":13,"key":"Regal Pillow"},{"floor":21,"key":"Paper Frog"}],"event_choices":[{"damage_healed":0,"gold_gain":0,"player_choice":"Donut","damage_taken":0,"max_hp_gain":5,"max_hp_loss":0,"event_name":"Big Fish","floor":2,"gold_loss":0},{"damage_healed":0,"gold_gain":75,"player_choice":"Gather Gold","damage_taken":11,"max_hp_gain":0,"max_hp_loss":0,"event_name":"World of Goop","floor":3,"gold_loss":0},{"damage_healed":0,"gold_gain":0,"player_choice":"Success","damage_taken":3,"relics_obtained":["Ancient Tea Set"],"max_hp_gain":0,"max_hp_loss":0,"event_name":"Scrap Ooze","floor":4,"gold_loss":0},{"damage_healed":0,"gold_gain":0,"player_choice":"Grow","damage_taken":0,"max_hp_gain":0,"max_hp_loss":0,"event_name":"Living Wall","floor":10,"gold_loss":0,"cards_upgraded":["Swift Strike"]},{"damage_healed":0,"gold_gain":0,"player_choice":"Simplicity","damage_taken":0,"max_hp_gain":0,"max_hp_loss":0,"event_name":"Back to Basics","floor":19,"gold_loss":0,"cards_upgraded":["Strike_R","Strike_R","Strike_R","Strike_R","Strike_R","Defend_R","Defend_R","Defend_R","Defend_R"]}],"is_beta":false,"boss_relics":[{"not_picked":["Runic Cube","Tiny House"],"picked":"Black Blood"}],"items_purged_floors":[],"is_endless":false,"potions_floor_spawned":[12,18],"killed_by":"Gremlin Leader","ascension_level":12}}