{"host":"ct28ocsd8g8yr2ah","time":1610794663,"event":{"mods":["BaseMod","Better Third Choice","Hermit","KinomotoSakuraMod(????)","Koishi","Marisa????????","Minty Spire (QoL Compilation)","Reimu??????","Remilia??????","StSLib","The Animator","The Gatherer","The Servant 0.9.4","Waifu the Spire"],"gold_per_floor":[127,139,167,192,379,433,445,457,494,506,506],"floor_reached":10,"language":"RUS","playtime":466,"items_purged":[],"score":66,"play_id":"7a1551ef-69fe-4fbb-9cfd-6cfde743f813","local_time":"20210116155743","is_ascension_mode":false,"campfire_choices":[{"floor":7,"key":"REST"}],"circlet_count":0,"master_deck":["animator:Strike_Fate","animator:Defend_Fate","animator:Strike","animator:Strike","animator:Strike","animator:Defend","animator:Defend","animator:Defend","animator:Alexander","animator:Rider","animator:Viivi","animator:AcuraAkari","animator:CrowleyEusford","Doubt","animator:Berserker+1"],"relics":["animator:LivingPicture","animator:TheMissingPiece","MawBank","Oddly Smooth Stone","Anchor"],"acts_visited":["Exordium"],"potions_floor_usage":[6,6],"damage_taken":[{"damage":4,"enemies":"Cultist","floor":1,"turns":5},{"damage":7,"enemies":"2 Louse","floor":3,"turns":2},{"damage":3,"enemies":"Small Slimes","floor":4,"turns":2},{"damage":45,"enemies":"Lagavulin","floor":6,"turns":7},{"damage":27,"enemies":"3 Sentries","floor":10,"turns":4}],"seed_played":"2580764283182195978","potions_obtained":[{"floor":3,"key":"ZuzhouPotion:ReiMu"},{"floor":4,"key":"Explosive Potion"}],"is_trial":false,"path_per_floor":["M","$","M","M","?","E","R","?","T","E"],"character_chosen":"THE_ANIMATOR","items_purchased":[],"campfire_rested":1,"item_purchase_floors":[],"current_hp_per_floor":[62,62,55,52,52,7,26,26,26,0,0],"gold":506,"neow_bonus":"RANDOM_COMMON_RELIC","is_daily":false,"chose_seed":false,"campfire_upgraded":0,"win_rate":0.0,"timestamp":1610794663,"path_taken":["M","?","M","M","?","E","R","?","T","E"],"items_purchased_type":[],"build_version":"2020-12-22","purchased_purges":0,"victory":false,"max_hp_per_floor":[66,66,66,66,66,66,66,66,66,66,66],"card_choices":[{"not_picked":["animator:Illya","animator:FielNirvalen"],"picked":"animator:Viivi","floor":1},{"not_picked":["animator:Mikaela","animator:Shuna"],"picked":"animator:AcuraAkari","floor":3},{"not_picked":["animator:ChlammyZell","animator:Vesta"],"picked":"animator:CrowleyEusford","floor":4},{"not_picked":["animator:ShinjiMatou","animator:Caster"],"picked":"animator:Berserker","floor":6}],"player_experience":541639,"relics_obtained":[{"floor":6,"key":"Oddly Smooth Stone"},{"floor":9,"key":"Anchor"}],"event_choices":[{"damage_healed":0,"gold_gain":175,"player_choice":"AGREE","damage_taken":204,"max_hp_gain":0,"max_hp_loss":0,"event_name":"betterThird:BetterSerpent","floor":5,"gold_loss":0},{"damage_healed":0,"gold_gain":0,"player_choice":"Forge","damage_taken":0,"max_hp_gain":0,"max_hp_loss":0,"event_name":"Accursed Blacksmith","floor":8,"gold_loss":0,"cards_upgraded":["animator:Berserker"]}],"is_beta":false,"boss_relics":[],"items_purged_floors":[],"is_endless":false,"potions_floor_spawned":[3,4],"killed_by":"3 Sentries","ascension_level":0}}