{"host":"4qkvkh7pd9qr2mca","time":1610761031,"event":{"mods":["AchievementEnabler","Act Like it!","BaseMod","Colored Map","Colored Powertips","Highlight Path","Minty Spire (QoL Compilation)","Pale of the Ancients","Permanent Neow","Quick Restart","Relic Stats","StSLib","SuperFastMode"],"gold_per_floor":[111,121,133,143,143,143,176,176,176,189,214,234,234,234,234,308,308,323,323,341,341,19,19,48,48,48,48,48,48,83,93,93,169,169,182,199,1,13,28,60,74,120,172,172,172,183,210,68,68,68,68],"floor_reached":52,"language":"ENG","playtime":4025,"items_purged":["Strike_G","Riddle With Holes"],"score":1970,"play_id":"2c3e257e-d7eb-4d7f-b7eb-3167a625d4ca","local_time":"20210116023711","is_ascension_mode":true,"campfire_choices":[{"data":"Neutralize","floor":6.0,"key":"SMITH"},{"data":"Envenom","floor":13.0,"key":"SMITH"},{"data":"Footwork","floor":15.0,"key":"SMITH"},{"data":"Well Laid Plans","floor":23.0,"key":"SMITH"},{"data":"Blade Dance","floor":25.0,"key":"SMITH"},{"data":"Infinite Blades","floor":27.0,"key":"SMITH"},{"data":"Storm of Steel","floor":32.0,"key":"SMITH"},{"data":"After Image","floor":44,"key":"SMITH"},{"data":"Purity","floor":49,"key":"SMITH"}],"circlet_count":0,"master_deck":["AscendersBane","Survivor","Neutralize+1","CurseOfTheBell","Leg Sweep","Flying Knee","Blade Dance+1","Dash","Infinite Blades+1","Envenom+1","PiercingWail","Storm of Steel+1","Crippling Poison","Reflex+1","Well Laid Plans+1","PiercingWail","Tactician","Endless Agony+1","Malaise","Bouncing Flask","Noxious Fumes","Distraction","Riddle With Holes","Catalyst","Dash","Acrobatics","Apotheosis","After Image+1","Concentrate","Blade Dance","Concentrate+1","Purity+1"],"relics":["Calling Bell","Anchor","White Beast Statue","Dead Branch","Turnip","Question Card","Eternal Feather","Coffee Dripper","Nilry\u0027s Codex","Kunai","PreservedInsect","MealTicket","Smiling Mask","Sundial","Pandora\u0027s Box","Dream Catcher","Lizard Tail","Omamori","Bronze Scales"],"acts_visited":["Exordium","TheCity","TheBeyond"],"potions_floor_usage":[39,42,42,50,51],"damage_taken":[{"damage":1.0,"enemies":"Small Slimes","floor":1.0,"turns":4.0},{"damage":2.0,"enemies":"Jaw Worm","floor":2.0,"turns":4.0},{"damage":0.0,"enemies":"2 Louse","floor":3.0,"turns":3.0},{"damage":0.0,"enemies":"Large Slime","floor":4.0,"turns":6.0},{"damage":19.0,"enemies":"Gremlin Nob","floor":7.0,"turns":4.0},{"damage":0.0,"enemies":"Exordium Thugs","floor":10.0,"turns":4.0},{"damage":5.0,"enemies":"3 Sentries","floor":11.0,"turns":6.0},{"damage":5.0,"enemies":"Gremlin Gang","floor":12.0,"turns":4.0},{"damage":45.0,"enemies":"Slime Boss","floor":16.0,"turns":13.0},{"damage":6.0,"enemies":"Spheric Guardian","floor":18.0,"turns":6.0},{"damage":6.0,"enemies":"2 Thieves","floor":20.0,"turns":3.0},{"damage":26.0,"enemies":"Book of Stabbing","floor":24.0,"turns":5.0},{"damage":20.0,"enemies":"Slavers","floor":30.0,"turns":5.0},{"damage":11.0,"enemies":"Centurion and Healer","floor":31.0,"turns":5.0},{"damage":11.0,"enemies":"Automaton","floor":33.0,"turns":5.0},{"damage":3.0,"enemies":"Orb Walker","floor":35.0,"turns":4.0},{"damage":8.0,"enemies":"3 Darklings","floor":36.0,"turns":6.0},{"damage":3.0,"enemies":"Jaw Worm Horde","floor":38.0,"turns":5.0},{"damage":12,"enemies":"Transient","floor":39,"turns":6},{"damage":9,"enemies":"Giant Head","floor":40,"turns":4},{"damage":10,"enemies":"Maw","floor":41,"turns":6},{"damage":27,"enemies":"2 Orb Walkers","floor":42,"turns":6},{"damage":0,"enemies":"Sphere and 2 Shapes","floor":46,"turns":6},{"damage":0,"enemies":"Nemesis","floor":47,"turns":5},{"damage":10,"enemies":"Awakened One","floor":50,"turns":11},{"damage":57,"enemies":"Time Eater","floor":51,"turns":17}],"seed_played":"-8463503919183314281","potions_obtained":[{"floor":1.0,"key":"GamblersBrew"},{"floor":2.0,"key":"CultistPotion"},{"floor":4.0,"key":"Energy Potion"},{"floor":11.0,"key":"Strength Potion"},{"floor":16.0,"key":"BlessingOfTheForge"},{"floor":18.0,"key":"AttackPotion"},{"floor":24.0,"key":"EssenceOfSteel"},{"floor":33.0,"key":"GamblersBrew"},{"floor":35.0,"key":"GhostInAJar"},{"floor":38.0,"key":"Regen Potion"},{"floor":39,"key":"Fire Potion"},{"floor":41,"key":"AttackPotion"},{"floor":42,"key":"Weak Potion"},{"floor":46,"key":"Regen Potion"}],"is_trial":false,"path_per_floor":["M","M","M","M","?","R","E","?","T","M","E","M","R","?","R","B",null,"M","?","M","T","$","R","E","R","T","R","?","?","E","M","R","B",null,"M","M","$","M","M","E","M","?","T","R","?","M","E","$","R","B","B",null],"character_chosen":"THE_SILENT","items_purchased":["PreservedInsect","Well Laid Plans","Apotheosis","Purity"],"campfire_rested":0,"item_purchase_floors":[22,22,37,48],"current_hp_per_floor":[58,56,56,56,56,56,37,37,37,37,32,27,39,44,56,11,56,50,29,23,23,23,38,12,27,27,42,42,56,36,25,40,29,61,58,50,65,62,50,41,31,19,19,37,37,37,37,52,70,60,17],"gold":68,"neow_bonus":"BOSS_RELIC","is_daily":false,"chose_seed":false,"campfire_upgraded":9,"win_rate":0.0,"timestamp":1610761031,"path_taken":["M","M","M","M","?","R","E","?","T","M","E","M","R","?","R","BOSS","M","?","M","?","$","R","E","R","T","R","?","?","E","?","R","BOSS","M","M","$","?","?","E","M","?","T","R","?","M","E","?","R","BOSS","BOSS"],"items_purchased_type":["Relic","Card","Card","Card"],"build_version":"2020-12-22","purchased_purges":2,"victory":true,"max_hp_per_floor":[66,66,66,66,66,66,66,66,66,66,66,66,66,71,71,71,71,71,71,71,71,71,71,71,71,71,71,71,71,71,71,71,71,71,71,71,71,71,71,71,71,71,71,71,71,71,71,71,71,71,71],"relic_stats":{"counters":[26,153],"Dead Branch":[555],"Eternal Feather":120,"PreservedInsect":264,"Question Card":19,"Smiling Mask":50,"Dream Catcher":0,"Lizard Tail":0,"Sundial":[6],"Bronze Scales":[135],"MealTicket":30,"Pandora\u0027s Box":["Bouncing Flask","Noxious Fumes","Distraction","Riddle With Holes","Riddle With Holes","Catalyst","Dash"],"Turnip":[27],"Kunai":[118],"obtain_stats":[{"Nilry\u0027s Codex":19,"Dead Branch":0,"Eternal Feather":11,"PreservedInsect":22,"Omamori":43,"Question Card":9,"Smiling Mask":26,"White Beast Statue":0,"Calling Bell":0,"Anchor":0,"Dream Catcher":40,"Lizard Tail":42,"Sundial":30,"Bronze Scales":47,"MealTicket":24,"Pandora\u0027s Box":34,"Turnip":7,"Coffee Dripper":17,"Kunai":21,"Ring of the Snake":0},{"Nilry\u0027s Codex":10,"Dead Branch":0,"Eternal Feather":7,"PreservedInsect":11,"Omamori":22,"Question Card":5,"Smiling Mask":12,"White Beast Statue":0,"Calling Bell":0,"Anchor":0,"Dream Catcher":20,"Lizard Tail":22,"Sundial":13,"Bronze Scales":24,"MealTicket":12,"Pandora\u0027s Box":15,"Turnip":5,"Coffee Dripper":9,"Kunai":11,"Ring of the Snake":0},{"Nilry\u0027s Codex":54,"Dead Branch":0,"Eternal Feather":31,"PreservedInsect":57,"Omamori":114,"Question Card":21,"Smiling Mask":62,"White Beast Statue":0,"Calling Bell":0,"Anchor":0,"Dream Catcher":102,"Lizard Tail":114,"Sundial":67,"Bronze Scales":125,"MealTicket":62,"Pandora\u0027s Box":77,"Turnip":21,"Coffee Dripper":48,"Kunai":57,"Ring of the Snake":0}]},"card_choices":[{"not_picked":["Quick Slash","PiercingWail"],"picked":"Leg Sweep","floor":1.0},{"not_picked":["Outmaneuver","Catalyst"],"picked":"Flying Knee","floor":2.0},{"not_picked":["Acrobatics","Blur"],"picked":"Blade Dance","floor":3.0},{"not_picked":["Dodge and Roll","Caltrops"],"picked":"Dash","floor":4.0},{"not_picked":["Predator","Blade Dance"],"picked":"Infinite Blades","floor":7.0},{"not_picked":["Prepared","Dagger Spray","Flying Knee"],"picked":"Envenom","floor":10.0},{"not_picked":["Noxious Fumes","Dagger Throw","Accuracy"],"picked":"Footwork","floor":11.0},{"not_picked":["Dagger Throw","Prepared","Dagger Spray"],"picked":"PiercingWail","floor":12.0},{"not_picked":["A Thousand Cuts","Bullet Time","Doppelganger"],"picked":"Storm of Steel","floor":16.0},{"not_picked":["Flying Knee","Sucker Punch","Choke"],"picked":"Crippling Poison","floor":18.0},{"not_picked":["Prepared+1","Terror","Bane+1"],"picked":"Reflex+1","floor":20.0},{"not_picked":["Choke","Poisoned Stab","Quick Slash","Backflip"],"picked":"SKIP","floor":24.0},{"not_picked":["Grand Finale","Heel Hook","Slice","Setup"],"picked":"SKIP","floor":30.0},{"not_picked":["Blade Dance","Masterful Stab","Acrobatics+1"],"picked":"Endless Agony+1","floor":31.0},{"not_picked":["Envenom","Night Terror","Grand Finale"],"picked":"Malaise","floor":33.0},{"not_picked":["Quick Slash","Dagger Spray","Bane+1"],"picked":"Acrobatics","floor":35.0},{"not_picked":["Cloak And Dagger","Dodge and Roll","Sucker Punch","Flechettes"],"picked":"SKIP","floor":36.0},{"not_picked":["Bane+1","Underhanded Strike","Quick Slash","Leg Sweep"],"picked":"SKIP","floor":38.0},{"not_picked":["Crippling Poison","All Out Attack","Sucker Punch","Bane"],"picked":"SKIP","floor":39},{"not_picked":["Flechettes","Infinite Blades","Cloak And Dagger"],"picked":"After Image","floor":40},{"not_picked":["Dagger Throw","Acrobatics+1","Poisoned Stab+1"],"picked":"Concentrate","floor":41},{"not_picked":["Tools of the Trade","Underhanded Strike","Flying Knee+1"],"picked":"Blade Dance","floor":42},{"not_picked":["Quick Slash","Slice","Outmaneuver+1","Deadly Poison"],"picked":"SKIP","floor":46},{"not_picked":["Malaise","Backstab+1","All Out Attack"],"picked":"Concentrate+1","floor":47}],"player_experience":567685,"relics_obtained":[{"floor":0.0,"key":"Anchor"},{"floor":0.0,"key":"White Beast Statue"},{"floor":0.0,"key":"Dead Branch"},{"floor":7.0,"key":"Turnip"},{"floor":9.0,"key":"Question Card"},{"floor":11.0,"key":"Eternal Feather"},{"floor":19.0,"key":"Nilry\u0027s Codex"},{"floor":21.0,"key":"Kunai"},{"floor":24.0,"key":"MealTicket"},{"floor":26.0,"key":"Smiling Mask"},{"floor":30.0,"key":"Sundial"},{"floor":40,"key":"Dream Catcher"},{"floor":42,"key":"Lizard Tail"},{"floor":43,"key":"Omamori"},{"floor":47,"key":"Bronze Scales"}],"event_choices":[{"damage_healed":0.0,"max_hp_gain":0.0,"max_hp_loss":0.0,"gold_gain":0.0,"event_name":"Liars Game","player_choice":"Ignored","floor":5.0,"gold_loss":0.0,"damage_taken":0.0},{"damage_healed":0.0,"max_hp_gain":0.0,"max_hp_loss":0.0,"gold_gain":0.0,"event_name":"Shining Light","player_choice":"Ignored","floor":8.0,"gold_loss":0.0,"damage_taken":0.0},{"damage_healed":0.0,"max_hp_gain":5.0,"max_hp_loss":0.0,"gold_gain":0.0,"event_name":"Big Fish","player_choice":"Donut","floor":14.0,"gold_loss":0.0,"damage_taken":0.0},{"damage_healed":0.0,"max_hp_gain":0.0,"max_hp_loss":0.0,"gold_gain":0.0,"event_name":"Cursed Tome","player_choice":"Obtained Book","floor":19.0,"gold_loss":0.0,"damage_taken":21.0},{"damage_healed":0.0,"max_hp_gain":0.0,"max_hp_loss":0.0,"gold_gain":0.0,"cards_transformed":["Strike_G","Strike_G"],"event_name":"Drug Dealer","player_choice":"Became Test Subject","floor":28.0,"gold_loss":0.0,"damage_taken":0.0,"cards_obtained":["PiercingWail","Tactician"]},{"damage_healed":14.0,"max_hp_gain":0.0,"max_hp_loss":0.0,"gold_gain":0.0,"event_name":"The Library","player_choice":"Heal","floor":29.0,"gold_loss":0.0,"damage_taken":0.0},{"damage_healed":0,"gold_gain":0,"player_choice":"Fight","damage_taken":0,"max_hp_gain":0,"max_hp_loss":0,"event_name":"Mysterious Sphere","floor":42,"gold_loss":0},{"cards_removed":["Footwork"],"damage_healed":0,"gold_gain":0,"player_choice":"Removed Power","damage_taken":0,"max_hp_gain":0,"max_hp_loss":0,"event_name":"Falling","floor":45,"gold_loss":0}],"is_beta":false,"boss_relics":[{"not_picked":["Runic Dome","Ectoplasm"],"picked":"Coffee Dripper"},{"not_picked":["WristBlade","Velvet Choker"],"picked":"Pandora\u0027s Box"}],"items_purged_floors":[22,48],"is_endless":false,"potions_floor_spawned":[1,2,3,4,7,10,11,12,16,18,20,24,30,31,33,35,36,38,39,40,41,42,46,47],"ascension_level":20}}