{"host":"w36evy4uyf1bcavi","time":1610811030,"event":{"mods":["Act Like it!","Aspiration","BaseMod","Conspire","Hermit","Jedi Mod","Minty Spire (QoL Compilation)","Replay The Spire","Robot Space Explorer","Spicy Shops","StSLib","The Cursed","The Hierophant"],"gold_per_floor":[110,110,110,110,125,125,8,35,35,35,61,61,61,96,96,198,198,209,219,14,29,29,29,63,63,142,142,142,142,142],"floor_reached":29,"language":"ZHS","playtime":1537,"items_purged":[],"score":347,"play_id":"33b6991f-ef27-4d3e-85fa-f9ca0f745259","local_time":"20210116233030","is_ascension_mode":true,"campfire_choices":[{"data":"TheCursedMod:SpreadPlague","floor":6,"key":"SMITH"},{"data":"TheCursedMod:EmpowerCircles","floor":12,"key":"SMITH"},{"data":"TheCursedMod:OutForBlood","floor":15,"key":"SMITH"},{"data":"TheCursedMod:AntiAging","floor":23,"key":"SMITH"},{"data":"TheCursedMod:HellfireBreathing","floor":25,"key":"SMITH"},{"data":"TheCursedMod:HellfireBreathing","floor":27,"key":"SMITH"}],"circlet_count":0,"master_deck":["TheCursedMod:Strike_TheCursed","TheCursedMod:Strike_TheCursed","TheCursedMod:Strike_TheCursed","TheCursedMod:Defend_TheCursed","TheCursedMod:Defend_TheCursed","TheCursedMod:Defend_TheCursed","TheCursedMod:CursedWand","TheCursedMod:CleanUpWorkshop","TheCursedMod:Dregs","TheCursedMod:WearCloak","TheCursedMod:SpreadPlague+1","CommonCold","TheCursedMod:EmpowerCircles+1","TheCursedMod:FleshFromBone","TheCursedMod:OutForBlood+1","TheCursedMod:HellfireBreathing+1","TheCursedMod:HellfireBreathing","TheCursedMod:AntiAging+1","TheCursedMod:HellfireBreathing+1","TheCursedMod:Torture","TheCursedMod:Hemoplague","TheCursedMod:Hemoplague","TheCursedMod:CircleOfFlame+1","TheCursedMod:WearCloak"],"relics":["TheCursedMod:BlackMagic101","NeowsBlessing","ReplayTheSpireMod:CursedCoin","Bag of Preparation","jedi:crownofsimplicity","Gremlin Horn","jedi:archwizardhat","Centennial Puzzle","aspiration:SecretTechniqueScroll","conspire:TopHat","Smiling Mask"],"acts_visited":["Exordium","TheCity"],"potions_floor_usage":[16,16,18],"damage_taken":[{"damage":0,"enemies":"Jaw Worm","floor":1,"turns":1},{"damage":0,"enemies":"Small Slimes","floor":5,"turns":1},{"damage":0,"enemies":"3 Sentries","floor":8,"turns":1},{"damage":5,"enemies":"Lagavulin","floor":11,"turns":7},{"damage":12,"enemies":"3 Sentries","floor":14,"turns":10},{"damage":1,"enemies":"Fading Forest","floor":16,"turns":11},{"damage":1,"enemies":"3 Byrds","floor":18,"turns":2},{"damage":2,"enemies":"Chosen","floor":19,"turns":4},{"damage":51,"enemies":"Shelled Parasite and Fungi","floor":21,"turns":4},{"damage":8,"enemies":"conspire:Head Lice","floor":24,"turns":6},{"damage":51,"enemies":"Slavers","floor":29,"turns":3}],"seed_played":"9000427832244785678","potions_obtained":[{"floor":11,"key":"AttackPotion"},{"floor":14,"key":"DistilledChaos"},{"floor":16,"key":"Fire Potion"}],"is_trial":false,"path_per_floor":["M","?","?","?","M","R","$","E","T","?","E","R","$","E","R","B",null,"M","M","$","M","?","R","E","R","T","R","?","E"],"character_chosen":"THE_CURSED","items_purchased":["ReplayTheSpireMod:CursedCoin","TheCursedMod:EmpowerCircles","Bag of Preparation","TheCursedMod:FleshFromBone","TheCursedMod:Hemoplague","conspire:TopHat"],"campfire_rested":0,"item_purchase_floors":[7,7,7,7,20,20],"current_hp_per_floor":[75,68,68,68,68,68,68,68,68,68,63,63,63,51,51,66,75,76,76,76,27,54,54,49,49,49,49,49,0,0],"gold":142,"neow_bonus":"THREE_ENEMY_KILL","is_daily":false,"chose_seed":false,"campfire_upgraded":6,"win_rate":0.0,"timestamp":1610811030,"path_taken":["M","?","?","?","?","R","?","E","T","?","E","R","$","E","R","BOSS","M","M","$","?","?","R","E","R","T","R","?","E"],"items_purchased_type":["Relic","Card","Relic","Card","Card","Relic"],"build_version":"2020-12-22","purchased_purges":0,"victory":false,"max_hp_per_floor":[75,75,75,75,75,75,75,75,75,75,75,75,75,75,75,75,75,77,79,79,81,81,81,84,84,84,84,84,84,84],"card_choices":[{"not_picked":["TheCursedMod:Stigma","TheCursedMod:FleshFromBone"],"picked":"TheCursedMod:WearCloak","floor":1},{"not_picked":["TheCursedMod:Stigma","TheCursedMod:TacticalStrike"],"picked":"TheCursedMod:SpreadPlague","floor":5},{"not_picked":["TheCursedMod:EmpowerCircles","TheCursedMod:CursedBlade"],"picked":"TheCursedMod:OutForBlood","floor":8},{"not_picked":["TheCursedMod:SaltUponWound","TheCursedMod:Obscuration"],"picked":"TheCursedMod:HellfireBreathing","floor":11},{"not_picked":["TheCursedMod:CursedAmulet","TheCursedMod:TacticalStrike"],"picked":"TheCursedMod:HellfireBreathing","floor":14},{"not_picked":["TheCursedMod:VoidForm","TheCursedMod:ForbiddenAlchemy"],"picked":"TheCursedMod:AntiAging","floor":16},{"not_picked":["TheCursedMod:SmokeScreen","TheCursedMod:SurpriseAttack"],"picked":"TheCursedMod:HellfireBreathing","floor":18},{"not_picked":["TheCursedMod:SpitefulStrike","TheCursedMod:TacticalStrike+1"],"picked":"TheCursedMod:Torture","floor":19},{"not_picked":["TheCursedMod:ManaBullet","TheCursedMod:SurpriseAttack+1"],"picked":"TheCursedMod:CircleOfFlame+1","floor":21},{"not_picked":["TheCursedMod:ManaBullet","TheCursedMod:RapidMovement"],"picked":"TheCursedMod:WearCloak","floor":24}],"player_experience":459149,"relics_obtained":[{"floor":8,"key":"jedi:crownofsimplicity"},{"floor":9,"key":"Gremlin Horn"},{"floor":11,"key":"jedi:archwizardhat"},{"floor":14,"key":"Centennial Puzzle"},{"floor":24,"key":"Smiling Mask"}],"event_choices":[{"cards_removed":["TheCursedMod:Defend_TheCursed"],"damage_healed":0,"gold_gain":0,"player_choice":"Card Removal","damage_taken":7,"max_hp_gain":0,"max_hp_loss":0,"event_name":"Golden Wing","floor":2,"gold_loss":0},{"damage_healed":0,"gold_gain":0,"player_choice":"Leave","damage_taken":0,"max_hp_gain":0,"max_hp_loss":0,"event_name":"The Cleric","floor":3,"gold_loss":0},{"damage_healed":0,"gold_gain":0,"player_choice":"Ignored","damage_taken":0,"max_hp_gain":0,"max_hp_loss":0,"event_name":"WeMeetAgain","floor":4,"gold_loss":0},{"cards_removed":["TheCursedMod:Strike_TheCursed"],"damage_healed":0,"gold_gain":0,"player_choice":"Purged","damage_taken":0,"max_hp_gain":0,"max_hp_loss":0,"event_name":"Purifier","floor":10,"gold_loss":0},{"damage_healed":27,"gold_gain":0,"player_choice":"Heal","damage_taken":0,"max_hp_gain":0,"max_hp_loss":0,"event_name":"The Library","floor":22,"gold_loss":0},{"damage_healed":0,"gold_gain":0,"player_choice":"Ignored","damage_taken":0,"max_hp_gain":0,"max_hp_loss":0,"event_name":"Beggar","floor":28,"gold_loss":0}],"is_beta":false,"boss_relics":[{"not_picked":["Fusion Hammer","ChewingGum"],"picked":"aspiration:SecretTechniqueScroll"}],"items_purged_floors":[],"is_endless":false,"potions_floor_spawned":[11,14,16],"killed_by":"Slavers","ascension_level":1}}