{"host":"dth8fvkfiulu86fi","time":1610796295,"event":{"mods":["2.2 Compatiblity","AchievementEnabler","BaseMod","Better Third Choice","Colored Map","Colored Powertips","Minty Spire (QoL Compilation)","Rare Cards Sparkle","StSLib","SuperFastMode","Synergy Search"],"gold_per_floor":[114,189,114,129,129,129,159,80,105,135,165,177,189,231,243,355,367,394,421,433,45,45,75,105,135,185,185,100,111,28,128,128,228,228,243,258,258,308,308,338,353,7,57,57,33,255,24,24,24,24,24],"floor_reached":50,"language":"ENG","playtime":2419,"items_purged":["Mayhem","Pain"],"score":694,"play_id":"8e0729d8-d7c3-44fe-813e-e40dad412c8a","local_time":"20210116122455","daily_mods":["Allstar","Flight","Night Terrors"],"is_ascension_mode":false,"campfire_choices":[{"data":"Deflect","floor":6.0,"key":"SMITH"},{"floor":12.0,"key":"REST"},{"data":"Noxious Fumes","floor":15.0,"key":"SMITH"},{"data":"Envenom","floor":27.0,"key":"SMITH"},{"floor":32.0,"key":"REST"},{"floor":44.0,"key":"REST"},{"data":"Bouncing Flask","floor":49,"key":"SMITH"}],"circlet_count":0,"master_deck":["Strike_G","Strike_G","Strike_G","Strike_G+1","Defend_G","Defend_G+1","Defend_G","Defend_G","Defend_G","Survivor","Neutralize","Impatience","Dark Shackles","Panacea","PanicButton","Noxious Fumes+1","Deflect+1","Regret","Poisoned Stab","Bouncing Flask+1","Deadly Poison","Poisoned Stab","Slice+1","Dagger Throw+1","Envenom+1","Bane","Noxious Fumes","Poisoned Stab","Distraction+1","PiercingWail+1","Dramatic Entrance","Good Instincts","Jack Of All Trades","Slice","Flash of Steel","Slice","PiercingWail","Dark Shackles"],"relics":["Ring of the Snake","PreservedInsect","HornCleat","Orichalcum","Blood Vial","MawBank","Letter Opener","Philosopher\u0027s Stone","WarpedTongs","TungstenRod","Bottled Lightning","Bottled Tornado","Smiling Mask","Oddly Smooth Stone","Darkstone Periapt","Red Mask","Thread and Needle","Sundial","SlaversCollar","Mango","Du-Vu Doll","PrismaticShard","Toy Ornithopter","Potion Belt","HandDrill"],"acts_visited":["Exordium","TheCity","TheBeyond"],"potions_floor_usage":[50],"damage_taken":[{"damage":1.0,"enemies":"2 Louse","floor":1.0,"turns":4.0},{"damage":17.0,"enemies":"Small Slimes","floor":4.0,"turns":4.0},{"damage":15.0,"enemies":"Gremlin Nob","floor":7.0,"turns":5.0},{"damage":8.0,"enemies":"Lagavulin","floor":10.0,"turns":4.0},{"damage":11.0,"enemies":"3 Sentries","floor":11.0,"turns":6.0},{"damage":15.0,"enemies":"Lagavulin","floor":14.0,"turns":5.0},{"damage":30.0,"enemies":"Slime Boss","floor":16.0,"turns":10.0},{"damage":13.0,"enemies":"2 Thieves","floor":18.0,"turns":5.0},{"damage":1.0,"enemies":"Spheric Guardian","floor":19.0,"turns":3.0},{"damage":3.0,"enemies":"Gremlin Leader","floor":23.0,"turns":5.0},{"damage":12.0,"enemies":"Book of Stabbing","floor":24.0,"turns":5.0},{"damage":2.0,"enemies":"Gremlin Leader","floor":25.0,"turns":4.0},{"damage":11.0,"enemies":"Masked Bandits","floor":29.0,"turns":5.0},{"damage":11.0,"enemies":"Colosseum Slavers","floor":31.0,"turns":4.0},{"damage":13.0,"enemies":"Colosseum Nobs","floor":31.0,"turns":4.0},{"damage":37.0,"enemies":"Collector","floor":33.0,"turns":8.0},{"damage":21.0,"enemies":"3 Darklings","floor":35.0,"turns":4.0},{"damage":3.0,"enemies":"Orb Walker","floor":36.0,"turns":3.0},{"damage":5.0,"enemies":"Mind Bloom Boss Battle","floor":38.0,"turns":6.0},{"damage":22.0,"enemies":"Reptomancer","floor":40.0,"turns":5.0},{"damage":0.0,"enemies":"Jaw Worm Horde","floor":41.0,"turns":4.0},{"damage":78,"enemies":"Time Eater","floor":50,"turns":9}],"seed_played":"2700428786693623746","potions_obtained":[{"floor":4.0,"key":"Strength Potion"},{"floor":11.0,"key":"Strength Potion"},{"floor":19.0,"key":"DistilledChaos"},{"floor":23.0,"key":"Poison Potion"},{"floor":25.0,"key":"Poison Potion"},{"floor":36.0,"key":"Fire Potion"},{"floor":41.0,"key":"DuplicationPotion"}],"is_trial":false,"path_per_floor":["M","?","$","M","?","R","E","$","T","E","E","R","?","E","R","B",null,"M","M","?","$","$","E","E","E","T","R","?","?","$","?","R","B",null,"M","M","?","?","?","E","M","$","T","R","$","?","$","?","R","B"],"character_chosen":"THE_SILENT","items_purchased":["Bouncing Flask","TungstenRod","Noxious Fumes","Poisoned Stab","PrismaticShard","Toy Ornithopter","Slice","PiercingWail","HandDrill","Dark Shackles"],"campfire_rested":3,"item_purchase_floors":[8,21,30,30,42,42,42,45,47,47],"current_hp_per_floor":[69,58,58,41,41,41,26,26,26,18,9,65,52,39,39,11,65,52,53,53,53,53,52,42,42,42,42,42,33,33,13,60,23,60,39,38,29,40,40,20,22,22,22,69,69,69,69,69,69,0,0],"gold":24,"neow_bonus":"","is_daily":true,"chose_seed":false,"campfire_upgraded":4,"win_rate":0.0,"timestamp":1610796295,"path_taken":["M","?","$","M","?","R","E","?","T","E","E","R","?","E","R","BOSS","M","M","?","$","$","E","E","E","T","R","?","?","$","?","R","BOSS","M","M","?","?","?","E","?","$","T","R","$","?","$","?","R","BOSS"],"items_purchased_type":["Card","Relic","Card","Card","Relic","Relic","Card","Card","Relic","Card"],"build_version":"2020-12-22","purchased_purges":2,"victory":false,"max_hp_per_floor":[70,70,70,70,70,70,70,70,70,70,70,65,65,65,65,65,65,65,65,65,65,65,65,65,65,65,65,65,65,65,65,60,60,60,60,60,60,74,74,74,74,74,74,69,69,69,69,69,69,69,69],"card_choices":[{"not_picked":["Deadly Poison","Blade Dance"],"picked":"Noxious Fumes","floor":1.0},{"not_picked":["Acrobatics","Catalyst"],"picked":"Deflect","floor":4.0},{"not_picked":["Dodge and Roll","Outmaneuver"],"picked":"Poisoned Stab","floor":7.0},{"not_picked":["Prepared","Reflex","Leg Sweep"],"picked":"SKIP","floor":10.0},{"not_picked":["Leg Sweep","Venomology"],"picked":"Deadly Poison","floor":11.0},{"not_picked":["Outmaneuver","Deadly Poison"],"picked":"Poisoned Stab","floor":14.0},{"not_picked":["Dagger Spray","Riddle With Holes"],"picked":"Slice+1","floor":18.0},{"not_picked":["Flying Knee","Dagger Throw","Infinite Blades"],"picked":"SKIP","floor":19.0},{"not_picked":["Tools of the Trade","Flechettes"],"picked":"Dagger Throw+1","floor":23.0},{"not_picked":["Footwork","Blade Dance+1","Prepared"],"picked":"SKIP","floor":24.0},{"not_picked":["Blade Dance","Slice+1"],"picked":"Envenom","floor":25.0},{"not_picked":["Reflex","Cloak And Dagger"],"picked":"Bane","floor":29.0},{"not_picked":["Expertise","Dagger Spray"],"picked":"Distraction+1","floor":31.0},{"not_picked":["Skewer+1","Dagger Spray+1"],"picked":"PiercingWail+1","floor":35.0},{"not_picked":["Reflex+1","Flying Knee","Acrobatics+1"],"picked":"SKIP","floor":36.0},{"not_picked":["Thinking Ahead","Purity"],"picked":"Dramatic Entrance","floor":37.0},{"not_picked":["Secret Weapon","Chrysalis"],"picked":"Good Instincts","floor":37.0},{"not_picked":["Enlightenment","Apotheosis"],"picked":"Jack Of All Trades","floor":37.0},{"not_picked":["Blade Dance+1","Caltrops+1"],"picked":"Slice","floor":38.0},{"not_picked":["Acrobatics+1","Sucker Punch+1","Dodge and Roll"],"picked":"SKIP","floor":40.0},{"not_picked":["Accuracy+1","Underhanded Strike","Terror"],"picked":"SKIP","floor":41.0}],"player_experience":1148397,"relics_obtained":[{"floor":7.0,"key":"HornCleat"},{"floor":9.0,"key":"Orichalcum"},{"floor":10.0,"key":"Blood Vial"},{"floor":11.0,"key":"MawBank"},{"floor":14.0,"key":"Letter Opener"},{"floor":23.0,"key":"Bottled Lightning"},{"floor":24.0,"key":"Bottled Tornado"},{"floor":25.0,"key":"Smiling Mask"},{"floor":26.0,"key":"Oddly Smooth Stone"},{"floor":29.0,"key":"Red Mask"},{"floor":31.0,"key":"Thread and Needle"},{"floor":31.0,"key":"Sundial"},{"floor":38.0,"key":"Mango"},{"floor":40.0,"key":"Du-Vu Doll"},{"floor":43.0,"key":"Potion Belt"}],"event_choices":[{"damage_healed":0.0,"max_hp_gain":0.0,"max_hp_loss":0.0,"gold_gain":75.0,"event_name":"betterThird:BetterGoop","player_choice":"Gold","floor":2.0,"gold_loss":0.0,"damage_taken":11.0},{"damage_healed":0.0,"max_hp_gain":0.0,"max_hp_loss":0.0,"gold_gain":0.0,"event_name":"Big Fish","player_choice":"Box","floor":5.0,"gold_loss":0.0,"damage_taken":0.0,"relics_obtained":["PreservedInsect"],"cards_obtained":["Regret"]},{"damage_healed":65.0,"max_hp_gain":0.0,"max_hp_loss":65.0,"gold_gain":0.0,"event_name":"betterThird:BetterShining","player_choice":"Upgrade","floor":13.0,"gold_loss":0.0,"damage_taken":13.0,"cards_upgraded":["Defend_G","Strike_G"]},{"damage_healed":0.0,"max_hp_gain":0.0,"max_hp_loss":0.0,"gold_gain":0.0,"event_name":"Accursed Blacksmith","player_choice":"Rummage","floor":20.0,"gold_loss":0.0,"damage_taken":0.0,"relics_obtained":["WarpedTongs"],"cards_obtained":["Pain"]},{"damage_healed":0.0,"max_hp_gain":0.0,"max_hp_loss":0.0,"gold_gain":0.0,"event_name":"Addict","player_choice":"Obtained Relic","floor":28.0,"gold_loss":85.0,"damage_taken":0.0,"relics_obtained":["Darkstone Periapt"]},{"damage_healed":0.0,"max_hp_gain":0.0,"max_hp_loss":0.0,"gold_gain":0.0,"event_name":"Masked Bandits","player_choice":"Fought Bandits","floor":29.0,"gold_loss":0.0,"damage_taken":0.0},{"damage_healed":0.0,"max_hp_gain":0.0,"max_hp_loss":0.0,"gold_gain":0.0,"event_name":"Colosseum","player_choice":"Fight","floor":31.0,"gold_loss":0.0,"damage_taken":0.0},{"damage_healed":0.0,"max_hp_gain":0.0,"max_hp_loss":0.0,"gold_gain":0.0,"event_name":"Colosseum","player_choice":"Fought Nobs","floor":31.0,"gold_loss":0.0,"damage_taken":0.0},{"damage_healed":0.0,"max_hp_gain":0.0,"max_hp_loss":0.0,"gold_gain":0.0,"event_name":"SensoryStone","player_choice":"Memory 3","floor":37.0,"gold_loss":0.0,"damage_taken":10.0},{"damage_healed":0.0,"max_hp_gain":0.0,"max_hp_loss":0.0,"gold_gain":0.0,"event_name":"MindBloom","player_choice":"Fight","floor":38.0,"gold_loss":0.0,"damage_taken":0.0},{"damage_healed":0.0,"max_hp_gain":0.0,"max_hp_loss":0.0,"gold_gain":0.0,"event_name":"Match and Keep!","player_choice":"1 cards matched","floor":39.0,"gold_loss":0.0,"damage_taken":0.0,"cards_obtained":["Flash of Steel"]},{"damage_healed":0,"gold_gain":222,"player_choice":"Wore Mask","damage_taken":0,"max_hp_gain":0,"max_hp_loss":0,"event_name":"Tomb of Lord Red Mask","floor":46,"gold_loss":0},{"cards_removed":["Strike_G"],"damage_healed":0,"gold_gain":0,"player_choice":"Removed Attack","damage_taken":0,"max_hp_gain":0,"max_hp_loss":0,"event_name":"Falling","floor":48,"gold_loss":0}],"is_beta":false,"boss_relics":[{"not_picked":["Runic Dome","Fusion Hammer"],"picked":"Philosopher\u0027s Stone"},{"not_picked":["Runic Pyramid","Busted Crown"],"picked":"SlaversCollar"}],"items_purged_floors":[3,21],"is_endless":false,"potions_floor_spawned":[4,11,19,23,25,29,36,38,41],"killed_by":"Time Eater","ascension_level":0}}