{"host":"f5y45f7z7ziu0smp","time":1610802629,"event":{"mods":["AchievementEnabler","BaseMod","Marisa£¨Ùöéë¡¡Øª×âÞÞ£©","Minty Spire (QoL Compilation)","Permanent Neow","Starting Relic: Pandora\u0027s Box","SuperFastMode","¡¼?Úª?ø«¡½REMEMod"],"gold_per_floor":[118,65,65,15,15,48,48,123,147,147,158,177,177,207,207,310,310,334,384,395,214,223,223,223,223,247,270,309,336,236,258,258,372,372,391,410,466,466,491,491,547,547,547,173,280,309,359,377,377,377,377,377,71,182,182],"floor_reached":56,"language":"KOR","playtime":2231,"items_purged":["Dualcast","Glacier","Streamline"],"score":1451,"play_id":"675d14fc-fd15-46bf-ab96-0fae1a85f9cb","local_time":"20210116221029","is_ascension_mode":true,"campfire_choices":[{"data":"Recycle","floor":7.0,"key":"SMITH"},{"data":"Zap","floor":10.0,"key":"SMITH"},{"data":"REME_HeartOfCthun","floor":13.0,"key":"SMITH"},{"floor":15.0,"key":"REST"},{"data":"Beam Cell","floor":23.0,"key":"SMITH"},{"floor":25.0,"key":"RECALL"},{"data":"REME_Whirling","floor":32.0,"key":"SMITH"},{"data":"REME_WheelOfFate","floor":40,"key":"SMITH"},{"data":"Turbo","floor":42,"key":"SMITH"},{"data":"Scrape","floor":49,"key":"SMITH"},{"data":"Coolheaded","floor":52,"key":"SMITH"}],"circlet_count":0,"master_deck":["Zap+1","Coolheaded+1","Gash","Go for the Eyes","Gash","Streamline","Compile Driver","REME_HeartOfCthun+1","Fusion","Turbo+1","Fusion","Recycle+1","BootSequence","REME_ForAll","Secret Technique","Gash","REME_Whirling+1","Beam Cell+1","Master of Strategy","Finesse+1","Master of Strategy","Sweeping Beam+1","REME_ForAll","Impatience+1","Beam Cell+1","REME_WheelOfFate+1","Gash","All For One","Master of Strategy","Scrape+1","Double Energy+1","Aggregate","REME_PuzzleBox"],"relics":["Pandora\u0027s Box","REME_ComplimentaryCards","Ornamental Fan","Shuriken","Omamori","REME_LowDesire","REME_PuzzleBoxRelic","CeramicFish","REME_HandOfSuture","Art of War","Philosopher\u0027s Stone","CatCart","Happy Flower","Cables","Turnip","Orrery","Toy Ornithopter"],"acts_visited":["Exordium","TheCity","TheBeyond","TheEnding"],"potions_floor_usage":[36,50,55],"damage_taken":[{"damage":0.0,"enemies":"Small Slimes","floor":1.0,"turns":1.0},{"damage":6.0,"enemies":"Gremlin Nob","floor":6.0,"turns":4.0},{"damage":0.0,"enemies":"2 Louse","floor":11.0,"turns":1.0},{"damage":2.0,"enemies":"Jaw Worm","floor":12.0,"turns":3.0},{"damage":27.0,"enemies":"Lagavulin","floor":14.0,"turns":6.0},{"damage":21.0,"enemies":"The Guardian","floor":16.0,"turns":7.0},{"damage":5.0,"enemies":"2 Thieves","floor":18.0,"turns":3.0},{"damage":0.0,"enemies":"Chosen","floor":20.0,"turns":3.0},{"damage":7.0,"enemies":"Sentry and Sphere","floor":27.0,"turns":3.0},{"damage":20.0,"enemies":"Slavers","floor":28.0,"turns":2.0},{"damage":0.0,"enemies":"3 Cultists","floor":29.0,"turns":2.0},{"damage":0.0,"enemies":"Snecko","floor":31.0,"turns":1.0},{"damage":0.0,"enemies":"Automaton","floor":33.0,"turns":3.0},{"damage":4,"enemies":"3 Shapes","floor":35,"turns":1},{"damage":0,"enemies":"Orb Walker","floor":36,"turns":1},{"damage":0,"enemies":"Orin","floor":37,"turns":4},{"damage":0,"enemies":"Jaw Worm Horde","floor":39,"turns":2},{"damage":9,"enemies":"Nemesis","floor":41,"turns":3},{"damage":3,"enemies":"Writhing Mass","floor":45,"turns":3},{"damage":22,"enemies":"4 Shapes","floor":46,"turns":2},{"damage":0,"enemies":"Mind Bloom Boss Battle","floor":47,"turns":2},{"damage":3,"enemies":"3 Darklings","floor":48,"turns":2},{"damage":66,"enemies":"Time Eater","floor":50,"turns":3},{"damage":0,"enemies":"Shield and Spear","floor":54,"turns":2},{"damage":31,"enemies":"The Heart","floor":55,"turns":5}],"seed_played":"-4776681131019083472","potions_obtained":[{"floor":6.0,"key":"ColorlessPotion"},{"floor":11.0,"key":"Block Potion"},{"floor":18.0,"key":"Block Potion"},{"floor":29.0,"key":"LiquidMemories"},{"floor":33.0,"key":"DuplicationPotion"},{"floor":36,"key":"Fruit Juice"},{"floor":41,"key":"Dexterity Potion"}],"is_trial":false,"path_per_floor":["M","$","?","?","?","E","R","?","T","R","M","M","R","E","R","B",null,"M","?","M","$","?","R","?","R","T","M","E","M","$","M","R","B",null,"M","M","?","?","M","R","E","R","T","$","M","M","?","M","R","B",null,"R","$","E","B",null],"character_chosen":"DEFECT","items_purchased":["Turbo","Gash","REME_Whirling","All For One","Master of Strategy","Orrery","REME_PuzzleBox"],"campfire_rested":1,"item_purchase_floors":[2,21,21,44,44,53,53],"current_hp_per_floor":[54,54,54,54,51,45,45,34,34,34,34,32,32,5,27,6,75,70,70,70,70,70,70,56,56,56,49,80,80,80,80,80,80,80,76,81,81,81,81,81,76,76,76,76,73,51,51,48,48,52,85,85,85,85,58],"gold":182,"neow_bonus":"RANDOM_COLORLESS_2","is_daily":false,"chose_seed":false,"campfire_upgraded":9,"win_rate":0.0,"timestamp":1610802629,"path_taken":["M","$","?","?","?","E","R","?","T","R","?","?","R","E","R","BOSS","M","?","?","$","?","R","?","R","T","M","E","M","$","M","R","BOSS","M","M","?","?","?","R","E","R","T","$","M","?","?","M","R","BOSS","R","$","E","BOSS"],"items_purchased_type":["Card","Card","Card","Card","Card","Relic","Card"],"build_version":"2020-12-22","purchased_purges":3,"victory":true,"max_hp_per_floor":[75,75,75,75,75,75,75,75,75,75,75,75,75,75,75,75,75,75,75,75,75,75,75,80,80,80,80,80,80,80,80,80,80,80,80,85,85,85,85,85,85,85,85,85,85,85,85,85,85,85,85,85,85,85,85],"card_choices":[{"not_picked":["REME_BodyOfCthun","Mayhem"],"picked":"REME_HeartOfCthun","floor":0.0},{"not_picked":["Sweeping Beam","Conserve Battery"],"picked":"Fusion","floor":1.0},{"not_picked":["Rebound","Auto Shields"],"picked":"Recycle","floor":6.0},{"not_picked":["Compile Driver","Stack"],"picked":"BootSequence","floor":11.0},{"not_picked":["Force Field","Barrage","REME_SelfUpgrade"],"picked":"SKIP","floor":12.0},{"not_picked":["Leap","Undo"],"picked":"Streamline","floor":14.0},{"not_picked":["Seek","Core Surge"],"picked":"REME_ForAll","floor":16.0},{"not_picked":["Coolheaded","Static Discharge+1","Sweeping Beam"],"picked":"Secret Technique","floor":18.0},{"not_picked":["Hologram","Barrage","Leap","HandOfGreed"],"picked":"SKIP","floor":20.0},{"not_picked":["REME_SelfUpgrade+1","Double Energy","Compile Driver"],"picked":"Master of Strategy","floor":27.0},{"not_picked":["Glacier+1","Amplify","Cold Snap+1"],"picked":"Finesse+1","floor":28.0},{"not_picked":["Capacitor","Sweeping Beam","Rip and Tear+1"],"picked":"Master of Strategy","floor":29.0},{"not_picked":["Force Field","Auto Shields","Dark Shackles+1"],"picked":"Sweeping Beam+1","floor":31.0},{"not_picked":["Core Surge","Creative AI","Sadistic Nature"],"picked":"REME_ForAll","floor":33.0},{"not_picked":["Turbo","Go for the Eyes+1","Compile Driver+1"],"picked":"Impatience+1","floor":35},{"not_picked":["Sweeping Beam+1","Hello World+1","Streamline","Panache"],"picked":"SKIP","floor":36},{"not_picked":["Glacier+1","Melter","Secret Weapon"],"picked":"Beam Cell+1","floor":37},{"not_picked":["Static Discharge","Stack+1","Steam+1"],"picked":"REME_WheelOfFate","floor":39},{"not_picked":["Streamline+1","Cold Snap","Chrysalis"],"picked":"Gash","floor":41},{"not_picked":["Barrage","REME_ForAll","REME_FirmDetermination+1"],"picked":"Scrape","floor":45},{"not_picked":["Coolheaded","Conserve Battery","Panacea"],"picked":"Double Energy+1","floor":46},{"not_picked":["Reinforced Body","Core Surge","Turbo","Secret Technique"],"picked":"SKIP","floor":48},{"not_picked":["Glacier","Streamline+1","REME_BattleFury"],"picked":"Aggregate","floor":53},{"not_picked":["Beam Cell","Streamline","Turbo+1","Magnetism"],"picked":"SKIP","floor":54}],"player_experience":114156,"relics_obtained":[{"floor":6.0,"key":"Shuriken"},{"floor":14.0,"key":"Omamori"},{"floor":17.0,"key":"REME_PuzzleBoxRelic"},{"floor":17.0,"key":"CeramicFish"},{"floor":26.0,"key":"REME_HandOfSuture"},{"floor":28.0,"key":"Art of War"},{"floor":37,"key":"CatCart"},{"floor":41,"key":"Happy Flower"},{"floor":43,"key":"Cables"},{"floor":47,"key":"Turnip"},{"floor":54,"key":"Toy Ornithopter"}],"event_choices":[{"cards_removed":["Coolheaded"],"damage_healed":0.0,"max_hp_gain":0.0,"max_hp_loss":0.0,"gold_gain":0.0,"event_name":"The Cleric","player_choice":"Card Removal","floor":4.0,"gold_loss":50.0,"damage_taken":0.0},{"damage_healed":0.0,"max_hp_gain":0.0,"max_hp_loss":0.0,"gold_gain":0.0,"event_name":"Scrap Ooze","player_choice":"Success","floor":5.0,"gold_loss":0.0,"damage_taken":3.0,"relics_obtained":["Ornamental Fan"]},{"damage_healed":0.0,"max_hp_gain":0.0,"max_hp_loss":0.0,"gold_gain":75.0,"event_name":"World of Goop","player_choice":"Gather Gold","floor":8.0,"gold_loss":0.0,"damage_taken":11.0},{"damage_healed":0.0,"max_hp_gain":0.0,"max_hp_loss":0.0,"gold_gain":100.0,"event_name":"The Joust","player_choice":"Bet on Murderer","floor":19.0,"gold_loss":50.0,"damage_taken":0.0},{"damage_healed":0.0,"max_hp_gain":0.0,"max_hp_loss":0.0,"gold_gain":0.0,"event_name":"The Library","player_choice":"Read","floor":22.0,"gold_loss":0.0,"damage_taken":0.0,"cards_obtained":["Beam Cell"]},{"damage_healed":0.0,"max_hp_gain":5.0,"max_hp_loss":0.0,"gold_gain":0.0,"event_name":"Forgotten Altar","player_choice":"Shed Blood","floor":24.0,"gold_loss":0.0,"damage_taken":19.0},{"damage_healed":0,"gold_gain":0,"player_choice":"Fight","damage_taken":0,"max_hp_gain":0,"max_hp_loss":0,"event_name":"OrinTheCat","floor":37,"gold_loss":0},{"damage_healed":0,"gold_gain":0,"player_choice":"Bought 0 Potions","damage_taken":0,"max_hp_gain":0,"max_hp_loss":0,"event_name":"The Woman in Blue","floor":38,"gold_loss":0},{"damage_healed":0,"gold_gain":0,"player_choice":"Fight","damage_taken":0,"max_hp_gain":0,"max_hp_loss":0,"event_name":"MindBloom","floor":47,"gold_loss":0}],"is_beta":false,"boss_relics":[{"not_picked":["Ectoplasm","Sozu"],"picked":"REME_LowDesire"},{"not_picked":["Velvet Choker","Runic Dome"],"picked":"Philosopher\u0027s Stone"}],"items_purged_floors":[21,30,44],"is_endless":false,"potions_floor_spawned":[6,11,18,29,31,33,35,36,46,48],"ascension_level":2}}