{"host":"jak4ncvfzor9mys0","time":1610769791,"event":{"mods":["2.2 Compatiblity","AchievementEnabler","BaseMod","Better Altar","Better Match","Better Note","Better Sensory Stone","Better Skull","Better Third Choice","BetterRewards","Block Reminder","Colored Map","Colored Powertips","Dark Map","Energized Spire","Gold Saver","Hubris","Infinite Spire","Key Reminder","Minty Spire (QoL Compilation)","Rare Cards Sparkle","Red Circlet Mod","Relic Sorter","Relic Stats","Replay The Spire","Retaliation","Spicy Shops","StSLib","SuperFastMode","The Blue Laboratory"],"gold_per_floor":[569,589,161,161,179,179,198,198,198,226,226,254,264,323,323,428,428,447,462,462,462,481,481,481],"floor_reached":23,"language":"ENG","playtime":719,"items_purged":["Strike_R"],"score":401,"play_id":"7373de53-2c8b-4d72-bf66-9c0de3c9369b","local_time":"20210115200311","is_ascension_mode":false,"campfire_choices":[{"data":"Twin Strike","floor":6,"key":"SMITH"},{"data":"hubris:ReadiedAction","floor":8,"key":"SMITH"},{"data":"Twin Strike","floor":15,"key":"SMITH"}],"circlet_count":0,"master_deck":["Strike_R","Strike_R","Strike_R","Strike_R","Defend_R","Defend_R","Defend_R","Defend_R","Bash","Twin Strike+1","Twin Strike","Twin Strike","Twin Strike","hubris:ReadiedAction+1","Twin Strike+1"],"relics":["Burning Blood","infinitespire:Joker Card","Omamori","StrikeDummy","Vajra","HandDrill","hubris:Towel","hubris:GlazedTorus","DDmod:BarbedSlagRelic","ReplayTheSpireMod:Shallot","Frozen Egg 2","energizedSpire:DecayingSkull"],"acts_visited":["Exordium","TheCity"],"potions_floor_usage":[23,23],"damage_taken":[{"damage":0,"enemies":"2 Louse","floor":1,"turns":2},{"damage":0,"enemies":"Small Slimes","floor":2,"turns":2},{"damage":1,"enemies":"Jaw Worm","floor":5,"turns":2},{"damage":0,"enemies":"3 Louse","floor":7,"turns":2},{"damage":0,"enemies":"Gremlin Nob","floor":10,"turns":2},{"damage":4,"enemies":"3 Sentries","floor":12,"turns":3},{"damage":0,"enemies":"Exordium Wildlife","floor":13,"turns":2},{"damage":0,"enemies":"3 Sentries","floor":14,"turns":3},{"damage":0,"enemies":"Fading Forest","floor":16,"turns":11},{"damage":0,"enemies":"2 Thieves","floor":18,"turns":2},{"damage":9,"enemies":"Chosen","floor":19,"turns":2},{"damage":2,"enemies":"3 Cultists","floor":22,"turns":3},{"damage":84,"enemies":"Nightmare","floor":23,"turns":6}],"seed_played":"-6956447615811888145","potions_obtained":[{"floor":2,"key":"blueLaboratory:SavagePotion"},{"floor":7,"key":"PowerPotion"},{"floor":10,"key":"ColorlessPotion"},{"floor":16,"key":"blueLaboratory:BottleOfRum"}],"is_trial":false,"path_per_floor":["M","M","$","?","M","R","M","R","T","E","?","E","M","?","R","B",null,"M","M","?","?","M","NM"],"character_chosen":"IRONCLAD","items_purchased":["StrikeDummy","Twin Strike","Omamori","Vajra","Twin Strike","HandDrill"],"campfire_rested":0,"item_purchase_floors":[0,0,0,3,3,3],"current_hp_per_floor":[80,80,80,80,80,80,80,80,80,80,80,80,80,80,80,80,80,80,77,77,77,80,0,0],"gold":481,"neow_bonus":"","is_daily":false,"chose_seed":false,"campfire_upgraded":3,"win_rate":0.0,"timestamp":1610769791,"path_taken":["M","M","$","?","M","R","M","R","T","E","?","E","M","?","R","BOSS","M","M","?","?","M","NM"],"items_purchased_type":["Relic","Card","Relic","Relic","Card","Relic"],"build_version":"2020-12-22","purchased_purges":1,"victory":false,"max_hp_per_floor":[80,80,80,80,80,80,80,80,80,80,80,80,80,80,80,80,80,80,80,80,80,80,80,80],"relic_stats":{"counters":[198,786],"HandDrill":[2],"obtain_stats":[{"Whetstone":4,"Sling":38,"Boot":3,"Blood Vial":23,"HandDrill":132,"Runic Cube":34,"Pear":205,"Blue Candle":60,"infinitespire:Magic Flask":22,"infinitespire:EvilPickle":84,"SlaversCollar":80,"DDmod:StuhbiRelic":5,"infinitespire:Lychee Nut":13,"infinitespire:Broken Mirror":0,"MutagenicStrength":133,"StrikeDummy":0,"Lantern":59,"Magic Flower":178,"StoneCalendar":43,"Blue Doll":26,"King of Hearts":109,"Bag of Preparation":200,"Smiling Mask":156,"Ancient Tea Set":207,"Burning Blood":0,"Shovel":189,"hubris:ScarierMask":17,"WingedGreaves":26,"energizedSpire:DecayingSkull":68,"hubris:GlazedTorus":4,"Potion Belt":102,"Lee\u0027s Waffle":24,"infinitespire:Joker Card":10,"Omamori":0,"infinitespire:Lucky Rock":57,"Frozen Egg 2":179,"hubris:Towel":3,"energizedSpire:SpiderWeb":17,"MawBank":10,"Replay:Arrowhead":9,"Busted Crown":19,"Ornamental Fan":80,"hubris:Spice":99,"Bloody Idol":25,"Turnip":102,"Garlic":9,"ReplayTheSpireMod:Lightbulb":77,"infinitespire:Midas Blood":0,"Tiny House":17,"CeramicFish":3,"Vajra":197,"Sozu":85,"Centennial Puzzle":20,"HornCleat":31,"DollysMirror":4,"hubris:DuctTape":102,"Replay:Grab Bag":17,"Oddly Smooth Stone":26,"infinitespire:Beetle Shell":181,"Ring of Chaos":34,"Letter Opener":78,"War Paint":6,"Replay:Baseball":139,"ReplayTheSpireMod:Spearhead":11,"ReplayTheSpireMod:Shallot":48,"Bronze Scales":0,"Simple Rune":2,"hubris:ToyBattleship":8,"infinitespire:EmpoweringShard":25,"Nloth\u0027s Gift":27,"Meat on the Bone":131,"SacredBark":17,"Black Blood":153,"Mango":9,"hubris:SlimyHat":111,"Replay:Mystery Machine":92,"ClockworkSouvenir":11,"Replay:Bandana":30,"Dream Catcher":193,"Nunchaku":20,"TheAbacus":11,"hubris:Icosahedron":20,"hubris:Stopwatch":136,"Gambling Chip":10,"Gremlin Food":0,"ReplayTheSpireMod:Ninjato":109,"Quantum Egg":9,"Replay:WaspNest":7,"Odd Mushroom":10,"Mercury Hourglass":0,"Calling Bell":102,"Peace Pipe":196,"keyreminder:keyreminder":27,"Anchor":0,"CaptainsWheel":31,"infinitespire:WardingShard":94,"Another Sword":0,"Bag of Marbles":0,"Snack Pack":2,"Coffee Dripper":17,"Membership Card":58,"DDmod:BarbedSlagRelic":79},{"Whetstone":2,"Sling":18,"Boot":90,"Blood Vial":99,"HandDrill":57,"Runic Cube":15,"Pear":87,"Blue Candle":28,"infinitespire:Magic Flask":98,"infinitespire:EvilPickle":37,"SlaversCollar":35,"DDmod:StuhbiRelic":121,"infinitespire:Lychee Nut":112,"infinitespire:Broken Mirror":135,"MutagenicStrength":57,"StrikeDummy":185,"Lantern":28,"Magic Flower":75,"StoneCalendar":19,"Blue Doll":177,"King of Hearts":46,"Bag of Preparation":85,"Smiling Mask":66,"Ancient Tea Set":88,"Burning Blood":0,"Shovel":82,"hubris:ScarierMask":97,"WingedGreaves":100,"energizedSpire:DecayingSkull":32,"hubris:GlazedTorus":90,"Potion Belt":44,"Lee\u0027s Waffle":164,"infinitespire:Joker Card":190,"Omamori":185,"infinitespire:Lucky Rock":28,"Frozen Egg 2":75,"hubris:Towel":167,"energizedSpire:SpiderWeb":173,"MawBank":94,"Replay:Arrowhead":169,"Busted Crown":125,"Ornamental Fan":35,"hubris:Spice":43,"Bloody Idol":100,"Turnip":44,"Garlic":148,"ReplayTheSpireMod:Lightbulb":35,"infinitespire:Midas Blood":89,"Tiny House":9,"CeramicFish":90,"Vajra":84,"Sozu":37,"Centennial Puzzle":125,"HornCleat":101,"DollysMirror":90,"hubris:DuctTape":44,"Replay:Grab Bag":173,"Oddly Smooth Stone":13,"infinitespire:Beetle Shell":77,"Ring of Chaos":130,"Letter Opener":35,"War Paint":4,"Replay:Baseball":59,"ReplayTheSpireMod:Spearhead":94,"ReplayTheSpireMod:Shallot":23,"Bronze Scales":89,"Simple Rune":155,"hubris:ToyBattleship":6,"infinitespire:EmpoweringShard":13,"Nloth\u0027s Gift":177,"Meat on the Bone":57,"SacredBark":173,"Black Blood":65,"Mango":93,"hubris:SlimyHat":46,"Replay:Mystery Machine":40,"ClockworkSouvenir":122,"Replay:Bandana":13,"Dream Catcher":83,"Nunchaku":175,"TheAbacus":6,"hubris:Icosahedron":98,"hubris:Stopwatch":58,"Gambling Chip":170,"Gremlin Food":89,"ReplayTheSpireMod:Ninjato":46,"Quantum Egg":6,"Replay:WaspNest":168,"Odd Mushroom":112,"Mercury Hourglass":89,"Calling Bell":44,"Peace Pipe":84,"keyreminder:keyreminder":165,"Anchor":89,"CaptainsWheel":101,"infinitespire:WardingShard":40,"Another Sword":106,"Bag of Marbles":89,"Snack Pack":136,"Coffee Dripper":161,"Membership Card":28,"DDmod:BarbedSlagRelic":35},{"Whetstone":10,"Sling":91,"Boot":267,"Blood Vial":307,"HandDrill":204,"Runic Cube":76,"Pear":257,"Blue Candle":136,"infinitespire:Magic Flask":297,"infinitespire:EvilPickle":161,"SlaversCollar":153,"DDmod:StuhbiRelic":407,"infinitespire:Lychee Nut":365,"infinitespire:Broken Mirror":495,"MutagenicStrength":204,"StrikeDummy":744,"Lantern":136,"Magic Flower":237,"StoneCalendar":95,"Blue Doll":702,"King of Hearts":186,"Bag of Preparation":254,"Smiling Mask":223,"Ancient Tea Set":258,"Burning Blood":0,"Shovel":249,"hubris:ScarierMask":294,"WingedGreaves":311,"energizedSpire:DecayingSkull":146,"hubris:GlazedTorus":267,"Potion Belt":184,"Lee\u0027s Waffle":646,"infinitespire:Joker Card":754,"Omamori":744,"infinitespire:Lucky Rock":136,"Frozen Egg 2":237,"hubris:Towel":665,"energizedSpire:SpiderWeb":688,"MawBank":279,"Replay:Arrowhead":669,"Busted Crown":431,"Ornamental Fan":153,"hubris:Spice":179,"Bloody Idol":311,"Turnip":184,"Garlic":559,"ReplayTheSpireMod:Lightbulb":153,"infinitespire:Midas Blood":264,"Tiny House":46,"CeramicFish":267,"Vajra":252,"Sozu":161,"Centennial Puzzle":431,"HornCleat":316,"DollysMirror":267,"hubris:DuctTape":184,"Replay:Grab Bag":688,"Oddly Smooth Stone":62,"infinitespire:Beetle Shell":240,"Ring of Chaos":462,"Letter Opener":153,"War Paint":22,"Replay:Baseball":209,"ReplayTheSpireMod:Spearhead":279,"ReplayTheSpireMod:Shallot":115,"Bronze Scales":264,"Simple Rune":605,"hubris:ToyBattleship":31,"infinitespire:EmpoweringShard":62,"Nloth\u0027s Gift":702,"Meat on the Bone":204,"SacredBark":688,"Black Blood":222,"Mango":275,"hubris:SlimyHat":186,"Replay:Mystery Machine":169,"ClockworkSouvenir":412,"Replay:Bandana":62,"Dream Catcher":250,"Nunchaku":696,"TheAbacus":31,"hubris:Icosahedron":297,"hubris:Stopwatch":207,"Gambling Chip":674,"Gremlin Food":264,"ReplayTheSpireMod:Ninjato":186,"Quantum Egg":31,"Replay:WaspNest":668,"Odd Mushroom":365,"Mercury Hourglass":264,"Calling Bell":184,"Peace Pipe":252,"keyreminder:keyreminder":652,"Anchor":264,"CaptainsWheel":316,"infinitespire:WardingShard":169,"Another Sword":348,"Bag of Marbles":264,"Snack Pack":498,"Coffee Dripper":628,"Membership Card":136,"DDmod:BarbedSlagRelic":153}],"Burning Blood":574},"card_choices":[{"not_picked":["Thunderclap","Anger"],"picked":"Twin Strike","floor":1},{"not_picked":["ReplayTheSpireMod:Strike From Hell","DDmod:UnstoppableAttack"],"picked":"Twin Strike","floor":2},{"not_picked":["Brutality","Run Through"],"picked":"hubris:ReadiedAction","floor":5},{"not_picked":["Combust","Anger","Entrench"],"picked":"SKIP","floor":7},{"not_picked":["Bloodletting","Flex"],"picked":"Twin Strike","floor":10},{"not_picked":["Sentinel","Hemokinesis","Searing Blow"],"picked":"SKIP","floor":12},{"not_picked":["Thunderclap","Exhume","hubris:ReadiedAction"],"picked":"SKIP","floor":13},{"not_picked":["Feel No Pain+1","Iron Wave","Cleave"],"picked":"SKIP","floor":18},{"not_picked":["Wild Strike","Rampage","True Grit"],"picked":"SKIP","floor":19},{"not_picked":["Rupture+1","Sword Boomerang","DDmod:CallousedSkill"],"picked":"SKIP","floor":22}],"player_experience":2761552,"relics_obtained":[{"floor":9,"key":"hubris:GlazedTorus"},{"floor":10,"key":"infinitespire:Joker Card"},{"floor":12,"key":"ReplayTheSpireMod:Shallot"},{"floor":14,"key":"Frozen Egg 2"}],"event_choices":[{"damage_healed":0,"gold_gain":30,"player_choice":"Searched \u00272\u0027 times","damage_taken":0,"max_hp_gain":0,"max_hp_loss":0,"event_name":"Dead Adventurer","floor":14,"gold_loss":0},{"damage_healed":0,"gold_gain":0,"player_choice":"Bought 0 Potions","damage_taken":0,"max_hp_gain":0,"max_hp_loss":0,"event_name":"The Woman in Blue","floor":20,"gold_loss":0},{"cards_removed":["Strike_R"],"damage_healed":0,"gold_gain":0,"player_choice":"Give","damage_taken":0,"max_hp_gain":0,"max_hp_loss":0,"event_name":"betterNote:BetterNote","floor":21,"gold_loss":0,"cards_obtained":["Bash"]}],"is_beta":false,"boss_relics":[{"not_picked":["Coffee Dripper","Ectoplasm"],"picked":"energizedSpire:DecayingSkull"}],"items_purged_floors":[3],"is_endless":false,"potions_floor_spawned":[2,7,10,16,19,22],"killed_by":"Nightmare","ascension_level":0}}