{"host":"ockkdcgl3b18tfz9","time":1610790592,"event":{"mods":["2.2 Compatiblity","BaseMod","Better Skull","Better Third Choice","BetterRewards","Hermit","Minty Spire (QoL Compilation)","Quick Restart","Replay The Spire","Spicy Shops","StSLib","SuperFastMode","The Jungle"],"gold_per_floor":[119,133,573,175,190,219,219,219,219,274,288,298,313,313,329,329,427,427,438,438,458,562,578,578,608,707,707,707,724,724,743,755,755,755,755,755],"floor_reached":35,"language":"ENG","playtime":611,"items_purged":[],"score":390,"play_id":"d8096b85-3ad7-4a23-bc9f-22a346af231b","local_time":"20210116164952","is_ascension_mode":true,"campfire_choices":[{"floor":7.0,"key":"REST"},{"floor":9.0,"key":"REST"},{"floor":14.0,"key":"RECALL"},{"data":"Seeing Red","floor":16.0,"key":"SMITH"},{"floor":24.0,"key":"REST"},{"floor":28.0,"key":"REST"},{"data":"Impervious","floor":30.0,"key":"SMITH"},{"floor":33.0,"key":"REST"},{"floor":34.0,"key":"REST"}],"circlet_count":0,"master_deck":["Bash","Clothesline","Flex+1","Armaments+1","Dramatic Entrance","Seeing Red+1","Inflame","Shrug It Off","Thunderclap","Cleave","Impervious+1","Flex","Body Slam","ReplayTheSpireMod:Splinters","Inflame","Bloodletting+1","Rupture","Iron Wave","Metallicize+1","Power Through+1","Clash"],"relics":["Burning Blood","NeowsBlessing","StoneCalendar","Iron Hammer","War Paint","Bronze Scales","Pandora\u0027s Box","Red Mask","Self Forming Clay"],"acts_visited":["Exordium","TheCity"],"potions_floor_usage":[],"damage_taken":[{"damage":0.0,"enemies":"Jaw Worm","floor":1.0,"turns":1.0},{"damage":0.0,"enemies":"Cultist","floor":2.0,"turns":1.0},{"damage":0.0,"enemies":"2 Louse","floor":5.0,"turns":1.0},{"damage":29.0,"enemies":"3 Sentries","floor":6.0,"turns":7.0},{"damage":10.0,"enemies":"Exordium Thugs","floor":11.0,"turns":5.0},{"damage":6.0,"enemies":"Red Slaver","floor":12.0,"turns":2.0},{"damage":0.0,"enemies":"2 Fungi Beasts","floor":13.0,"turns":2.0},{"damage":14.0,"enemies":"Large Slime","floor":15.0,"turns":3.0},{"damage":38.0,"enemies":"The Guardian","floor":17.0,"turns":10.0},{"damage":6.0,"enemies":"Spheric Guardian","floor":19.0,"turns":4.0},{"damage":6.0,"enemies":"2 Thieves","floor":21.0,"turns":3.0},{"damage":38.0,"enemies":"Snake Plant","floor":23.0,"turns":3.0},{"damage":34.0,"enemies":"Masked Bandits","floor":25.0,"turns":4.0},{"damage":9.0,"enemies":"Snecko","floor":29.0,"turns":5.0},{"damage":13.0,"enemies":"Centurion and Healer","floor":31.0,"turns":7.0},{"damage":27.0,"enemies":"Sentry and Sphere","floor":32.0,"turns":4.0},{"damage":55,"enemies":"Collector","floor":35,"turns":7}],"seed_played":"-7081639021624356397","potions_obtained":[{"floor":5.0,"key":"Dexterity Potion"},{"floor":6.0,"key":"Adrenaline Potion"},{"floor":8.0,"key":"Strength Potion"},{"floor":17.0,"key":"Strength Potion"},{"floor":31.0,"key":"ColorlessPotion"}],"is_trial":false,"path_per_floor":["M","M","?","$","M","E","R","?","R","T","M","M","M","R","M","R","B",null,"M","?","M","?","M","R","?","?","T","R","M","R","M","M","R","R","B"],"character_chosen":"IRONCLAD","items_purchased":["Flex","StoneCalendar","Iron Hammer","Armaments","Dramatic Entrance"],"campfire_rested":6,"item_purchase_floors":[4,4,4,4,4],"current_hp_per_floor":[78,80,37,37,43,20,44,44,68,68,64,64,70,70,62,62,30,68,68,68,68,68,36,60,32,32,32,56,53,53,46,25,49,73,18,18],"gold":755,"neow_bonus":"THREE_ENEMY_KILL","is_daily":false,"chose_seed":false,"campfire_upgraded":2,"win_rate":0.0,"timestamp":1610790592,"path_taken":["M","M","?","$","?","E","R","?","R","T","M","M","M","R","?","R","BOSS","M","?","M","?","M","R","?","?","T","R","?","R","M","M","R","R","BOSS"],"items_purchased_type":["Card","Relic","Relic","Card","Card"],"build_version":"2020-12-22","purchased_purges":0,"victory":false,"max_hp_per_floor":[80,80,80,80,80,80,80,80,80,80,80,80,80,80,80,80,80,80,80,80,80,80,80,80,80,80,80,80,80,80,80,80,80,80,80,80],"card_choices":[{"not_picked":["Clash","Headbutt"],"picked":"Clothesline","floor":1.0},{"not_picked":["Pummel","Clash","Perfected Strike"],"picked":"SKIP","floor":2.0},{"not_picked":["Body Slam","Replay:Many Hands"],"picked":"Seeing Red","floor":5.0},{"not_picked":["Rage","Anger"],"picked":"Inflame","floor":6.0},{"not_picked":["Body Slam","Power Through"],"picked":"Shrug It Off","floor":11.0},{"not_picked":["Armaments","Sword Boomerang"],"picked":"Thunderclap","floor":12.0},{"not_picked":["Body Slam","ReplayTheSpireMod:Strike From Hell","Dual Wield"],"picked":"SKIP","floor":13.0},{"not_picked":["Thunderclap","Warcry"],"picked":"Cleave","floor":15.0},{"not_picked":["Replay:Many Hands","Double Tap"],"picked":"Impervious","floor":17.0},{"not_picked":["Headbutt","Massacre"],"picked":"Flex","floor":19.0},{"not_picked":["Perfected Strike","True Grit","Rampage"],"picked":"SKIP","floor":21.0},{"not_picked":["Flame Barrier","Clash"],"picked":"Inflame","floor":22.0},{"not_picked":["Whirlwind+1","Clash"],"picked":"Bloodletting+1","floor":22.0},{"not_picked":["Disarm","Bloodletting"],"picked":"Rupture","floor":22.0},{"not_picked":["Headbutt","Whirlwind"],"picked":"Iron Wave","floor":23.0},{"not_picked":["Headbutt","Sever Soul"],"picked":"Metallicize+1","floor":25.0},{"not_picked":["Metallicize","Run Through+1"],"picked":"Power Through+1","floor":29.0},{"not_picked":["Seeing Red","ReplayTheSpireMod:LeadingStrike"],"picked":"Clash","floor":31.0},{"not_picked":["Eclipse","Thunderclap+1","Clash"],"picked":"SKIP","floor":32.0}],"player_experience":283849,"relics_obtained":[{"floor":6.0,"key":"War Paint"},{"floor":10.0,"key":"Bronze Scales"},{"floor":25.0,"key":"Red Mask"},{"floor":27.0,"key":"Self Forming Clay"}],"event_choices":[{"damage_healed":0.0,"max_hp_gain":0.0,"max_hp_loss":0.0,"gold_gain":440.0,"event_name":"betterSkull:BetterSkull","player_choice":"GO GO GO GO ","floor":3.0,"gold_loss":0.0,"damage_taken":47.0,"cards_upgraded":[],"relics_obtained":[]},{"damage_healed":0.0,"max_hp_gain":0.0,"max_hp_loss":0.0,"gold_gain":0.0,"event_name":"Lab","player_choice":"Got Potions","floor":8.0,"gold_loss":0.0,"damage_taken":0.0},{"damage_healed":0.0,"max_hp_gain":0.0,"max_hp_loss":0.0,"gold_gain":0.0,"event_name":"The Library","player_choice":"Read","floor":20.0,"gold_loss":0.0,"damage_taken":0.0,"cards_obtained":["Body Slam"]},{"damage_healed":0.0,"max_hp_gain":0.0,"max_hp_loss":0.0,"gold_gain":0.0,"event_name":"Masked Bandits","player_choice":"Fought Bandits","floor":25.0,"gold_loss":0.0,"damage_taken":0.0},{"damage_healed":0.0,"max_hp_gain":0.0,"max_hp_loss":0.0,"gold_gain":99.0,"event_name":"betterThird:BetterNest","player_choice":"Steal","floor":26.0,"gold_loss":0.0,"damage_taken":0.0}],"is_beta":false,"boss_relics":[{"not_picked":["Astrolabe","Replay:Wanted Poster"],"picked":"Pandora\u0027s Box"}],"items_purged_floors":[],"is_endless":false,"potions_floor_spawned":[5,6,11,15,17,19,31],"killed_by":"Collector","ascension_level":8}}