{"host":"dlqyscxstsnu98l1","time":1610814612,"event":{"mods":["AchievementEnabler","BaseMod","Bestiary","Colored Map","Colored Powertips","Conspire","GifTheSpireLib","Highlight Path","Minty Spire (QoL Compilation)","Random Character Button","Replay The Spire","SacredBarkPlus","StSLib"],"gold_per_floor":[112,125,125,145,158,158,83,117,117,17,51,51,83,83,83,186,186,205,217,230,35,35,35,46,46,46,46,80,96,124,142,142,240,240,260,32,47,57,67,67,67,67,92,105,105,137,147,167,167,167,167,167,33,59,59,59],"floor_reached":55,"language":"ENG","playtime":2942,"items_purged":["Strike_R","Strike_R","Strike_R","Defend_R"],"score":744,"play_id":"9b77035a-9799-48c8-888f-0109bd0731d9","local_time":"20210116103012","is_ascension_mode":true,"campfire_choices":[{"data":"Hemokinesis","floor":6,"key":"SMITH"},{"data":"Shrug It Off","floor":15,"key":"SMITH"},{"data":"Rupture","floor":23,"key":"SMITH"},{"data":"Fire Breathing","floor":25,"key":"SMITH"},{"data":"Combust","floor":32,"key":"SMITH"},{"floor":40,"key":"RECALL"},{"data":"Sword Boomerang","floor":42,"key":"SMITH"},{"data":"Shrug It Off","floor":49,"key":"SMITH"},{"data":"Twin Strike","floor":52,"key":"SMITH"}],"circlet_count":0,"master_deck":["Defend_R+1","Defend_R","Defend_R+1","Hemokinesis+1","Thunderclap","Shrug It Off+1","Demon Form+1","Sword Boomerang+1","Twin Strike+1","Fire Breathing+1","Rupture+1","Thunderclap+1","Parasite","Sword Boomerang+1","Shrug It Off+1","Combust+1","Power Through+1","Parasite","Pommel Strike+1","Looming Evil","Rage+1","Fire Breathing"],"relics":["Burning Blood","Blood Vial","ReplayTheSpireMod:Lightbulb","Mercury Hourglass","ReplayTheSpireMod:Spearhead","Replay:WaspNest","Replay:Grab Bag","Cursed Key","Mark of Pain","conspire:SpecialSausage","White Beast Statue","Blue Doll","Kunai","Empty Cage","Membership Card","Ring of Misfortune","Anchor","ReplayTheSpireMod:Ninjato","Replay:Baseball","War Paint","Iron Hammer"],"acts_visited":["Exordium","TheCity","TheBeyond","TheEnding"],"potions_floor_usage":[8,33,37,38,46,47],"damage_taken":[{"damage":9,"enemies":"Small Slimes","floor":1,"turns":3},{"damage":4,"enemies":"2 Louse","floor":2,"turns":2},{"damage":2,"enemies":"Cultist","floor":4,"turns":2},{"damage":21,"enemies":"Gremlin Gang","floor":5,"turns":7},{"damage":10,"enemies":"Gremlin Nob","floor":8,"turns":3},{"damage":19,"enemies":"Lagavulin","floor":11,"turns":5},{"damage":13,"enemies":"3 Sentries","floor":13,"turns":6},{"damage":44,"enemies":"Hexaghost","floor":16,"turns":9},{"damage":7,"enemies":"3 Byrds","floor":18,"turns":3},{"damage":2,"enemies":"Chosen","floor":19,"turns":3},{"damage":12,"enemies":"conspire:HollyBat","floor":20,"turns":5},{"damage":5,"enemies":"Cultist and Chosen","floor":24,"turns":4},{"damage":9,"enemies":"conspire:Head Lice","floor":28,"turns":4},{"damage":26,"enemies":"Centurion and Healer","floor":29,"turns":4},{"damage":11,"enemies":"conspire:SneckoGhost","floor":30,"turns":5},{"damage":2,"enemies":"conspire:HollyBat","floor":31,"turns":7},{"damage":10,"enemies":"Collector","floor":33,"turns":6},{"damage":1,"enemies":"3 Shapes","floor":35,"turns":4},{"damage":11,"enemies":"Orb Walker","floor":37,"turns":3},{"damage":17,"enemies":"Writhing Mass","floor":38,"turns":5},{"damage":32,"enemies":"Jaw Worm Horde","floor":39,"turns":3},{"damage":16,"enemies":"3 Darklings","floor":44,"turns":4},{"damage":1,"enemies":"Giant Head","floor":46,"turns":7},{"damage":10,"enemies":"4 Shapes","floor":47,"turns":4},{"damage":1,"enemies":"Transient","floor":48,"turns":5},{"damage":37,"enemies":"Awakened One","floor":50,"turns":8},{"damage":24,"enemies":"Shield and Spear","floor":54,"turns":5},{"damage":69,"enemies":"The Heart","floor":55,"turns":3}],"seed_played":"-3133393054421718955","potions_obtained":[{"floor":1,"key":"Milkshake"},{"floor":5,"key":"DuplicationPotion"},{"floor":11,"key":"Elixir"},{"floor":16,"key":"Energy Potion"},{"floor":18,"key":"Swift Potion"},{"floor":20,"key":"Explosive Potion"},{"floor":24,"key":"SpeedPotion"},{"floor":29,"key":"Cursed Concoction"},{"floor":33,"key":"BlessingOfTheForge"},{"floor":37,"key":"HeartOfIron"},{"floor":38,"key":"Fire Potion"},{"floor":44,"key":"BloodPotion"},{"floor":46,"key":"Venom Potion"},{"floor":47,"key":"Energy Potion"},{"floor":48,"key":"Doom Potion"}],"is_trial":false,"path_per_floor":["M","M","?","M","M","R","$","E","T","$","E","?","E","T","R","B",null,"M","M","M","$","?","R","M","R","T","$","E","M","E","M","R","B",null,"M","$","M","M","M","R","?","R","T","M","?","E","M","M","R","B",null,"R","$","E","B"],"character_chosen":"IRONCLAD","items_purchased":["Rupture","Membership Card","Fire Breathing","War Paint","Fire Potion"],"campfire_rested":0,"item_purchase_floors":[21,36,53,53,53],"current_hp_per_floor":[77,80,80,80,65,65,65,63,63,63,52,78,73,73,73,37,80,79,80,74,74,74,74,77,77,77,77,76,58,55,61,61,59,80,80,80,75,66,42,42,42,42,42,34,34,57,55,62,62,33,80,80,80,62,0,0],"gold":59,"neow_bonus":"RANDOM_COMMON_RELIC","is_daily":false,"chose_seed":false,"campfire_upgraded":8,"win_rate":0.0,"timestamp":1610814612,"path_taken":["M","M","?","M","M","R","$","E","T","$","E","?","E","?","R","BOSS","M","M","M","$","?","R","M","R","T","$","E","?","E","M","R","BOSS","M","$","M","M","M","R","?","R","T","M","?","E","M","?","R","BOSS","R","$","E","BOSS"],"items_purchased_type":["Card","Relic","Card","Relic","Potion"],"build_version":"2020-12-22","purchased_purges":4,"victory":false,"max_hp_per_floor":[80,80,80,80,80,80,80,80,80,80,80,80,80,80,80,80,80,80,80,80,80,80,80,80,80,80,80,80,80,80,80,80,80,80,80,80,80,80,80,80,80,80,80,80,80,80,80,80,80,80,80,80,80,80,80,80],"card_choices":[{"not_picked":["Dropkick","Replay:Undeath\u0027s Touch"],"picked":"Hemokinesis","floor":1},{"not_picked":["Metallicize","Headbutt"],"picked":"Thunderclap","floor":2},{"not_picked":["Armaments","Clothesline","ReplayTheSpireMod:Corrosion Curse"],"picked":"SKIP","floor":4},{"not_picked":["Armaments","Feel No Pain","ReplayTheSpireMod:Limb From Limb"],"picked":"SKIP","floor":5},{"not_picked":["Clothesline","Headbutt"],"picked":"Shrug It Off","floor":8},{"not_picked":["Iron Wave","Rampage","ReplayTheSpireMod:LeadingStrike"],"picked":"SKIP","floor":11},{"not_picked":["Replay:Undeath\u0027s Touch","Infernal Blade","Anger"],"picked":"SKIP","floor":13},{"not_picked":["Feed","Fiend Fire"],"picked":"Demon Form","floor":16},{"not_picked":["Abandon+1","Sever Soul"],"picked":"Sword Boomerang+1","floor":18},{"not_picked":["Armaments+1","Shrug It Off"],"picked":"Twin Strike","floor":19},{"not_picked":["Pommel Strike","ReplayTheSpireMod:Stacked"],"picked":"Fire Breathing","floor":20},{"not_picked":["Cleave","Run Through"],"picked":"Thunderclap+1","floor":24},{"not_picked":["Clothesline","Uppercut"],"picked":"Sword Boomerang","floor":28},{"not_picked":["Twin Strike+1","Corruption"],"picked":"Shrug It Off","floor":29},{"not_picked":["Burning Pact+1","Abandon","Armaments"],"picked":"SKIP","floor":30},{"not_picked":["Cleave","Heavy Blade"],"picked":"Combust","floor":31},{"not_picked":["conspire:Charge+1","Headbutt"],"picked":"Power Through+1","floor":35},{"not_picked":["ReplayTheSpireMod:Strike From Hell+1","True Grit+1","Dropkick"],"picked":"SKIP","floor":37},{"not_picked":["Defy Death+1","Juggernaut"],"picked":"Pommel Strike+1","floor":38},{"not_picked":["Second Wind+1","Warcry","ReplayTheSpireMod:LeadingStrike+1"],"picked":"SKIP","floor":39},{"not_picked":["Replay:Undeath\u0027s Touch+1","Body Slam+1","Iron Wave"],"picked":"SKIP","floor":44},{"not_picked":["Armaments+1","Burning Pact+1"],"picked":"Rage+1","floor":46},{"not_picked":["conspire:ExplosiveBarrier+1","True Grit","Warcry"],"picked":"SKIP","floor":47},{"not_picked":["Armaments+1","Clash+1","Ghostly Armor"],"picked":"SKIP","floor":48},{"not_picked":["Headbutt+1","ReplayReversal+1","Warcry+1"],"picked":"SKIP","floor":54}],"player_experience":61093,"relics_obtained":[{"floor":8,"key":"ReplayTheSpireMod:Lightbulb"},{"floor":11,"key":"Mercury Hourglass"},{"floor":13,"key":"ReplayTheSpireMod:Spearhead"},{"floor":14,"key":"Replay:WaspNest"},{"floor":26,"key":"White Beast Statue"},{"floor":28,"key":"Blue Doll"},{"floor":30,"key":"Kunai"},{"floor":41,"key":"Ring of Misfortune"},{"floor":43,"key":"Anchor"},{"floor":46,"key":"Replay:Baseball"},{"floor":54,"key":"Iron Hammer"}],"event_choices":[{"damage_healed":26,"gold_gain":0,"player_choice":"Banana","damage_taken":0,"max_hp_gain":0,"max_hp_loss":0,"event_name":"Big Fish","floor":12,"gold_loss":0},{"damage_healed":0,"gold_gain":0,"player_choice":"Forge","damage_taken":0,"max_hp_gain":0,"max_hp_loss":0,"event_name":"Accursed Blacksmith","floor":22,"gold_loss":0,"cards_upgraded":["Demon Form"]},{"damage_healed":0,"gold_gain":0,"player_choice":"Gave Potion","damage_taken":0,"relics_obtained":["ReplayTheSpireMod:Ninjato"],"max_hp_gain":0,"max_hp_loss":0,"event_name":"WeMeetAgain","floor":45,"gold_loss":0}],"is_beta":false,"boss_relics":[{"not_picked":["Painkiller Herb","Ring of Chaos"],"picked":"Replay:Grab Bag"},{"not_picked":["ReplayTheSpireMod:Onyx Gauntlets","Electric Blood"],"picked":"Cursed Key"},{"not_picked":["Fusion Hammer","Replay:Bronze Core"],"picked":"Mark of Pain"},{"not_picked":["SlaversCollar","Snecko Heart"],"picked":"conspire:SpecialSausage"},{"not_picked":["Astrolabe","Calling Bell"],"picked":"Empty Cage"}],"items_purged_floors":[7,10,21,36],"is_endless":false,"potions_floor_spawned":[1,5,11,16,18,20,24,28,29,30,31,33,35,37,38,39,44,46,47,48,54],"killed_by":"The Heart","ascension_level":1}}