{"host":"yn8qackkbxgt4nh1","time":1610766113,"event":{"mods":["BaseMod","Colored Map","Colored Powertips","DeckTracker","Minty Spire (QoL Compilation)","SuperFastMode"],"gold_per_floor":[116,25,44,62,72,98,113,127,127,52,68,68,131,141,141,218,218,237,237,162,182,202,202,213,213,238,238,254,254,264,264,264,264,264],"floor_reached":33,"language":"KOR","playtime":1806,"items_purged":["Defend_G"],"score":443,"play_id":"ef426547-37a1-4cd9-8e00-92b568c15786","local_time":"20210116120153","is_ascension_mode":true,"campfire_choices":[{"floor":12,"key":"REST"},{"floor":15,"key":"REST"},{"data":"Crippling Poison","floor":23,"key":"SMITH"},{"floor":25,"key":"REST"},{"data":"Noxious Fumes","floor":27,"key":"SMITH"},{"floor":32,"key":"REST"}],"circlet_count":0,"master_deck":["AscendersBane","Strike_G+1","Defend_G","Defend_G","Defend_G","Defend_G","Survivor","Neutralize+1","Dash","Crippling Poison+1","Die Die Die","Acrobatics","Calculated Gamble","Bouncing Flask","Catalyst","Deflect","Catalyst","Noxious Fumes+1","Backflip","Catalyst","Adrenaline","Riddle With Holes+1","Unload+1","After Image+1","Blur","Concentrate","Backflip","Footwork","Dodge and Roll+1","Tactician","Prepared+1"],"relics":["Ring of the Snake","Pear","Prayer Wheel","Orichalcum","Whetstone","Astrolabe","Potion Belt"],"acts_visited":["Exordium","TheCity"],"potions_floor_usage":[6,11,13],"damage_taken":[{"damage":5,"enemies":"Cultist","floor":1,"turns":5},{"damage":7,"enemies":"Small Slimes","floor":3,"turns":3},{"damage":8,"enemies":"Jaw Worm","floor":4,"turns":6},{"damage":1,"enemies":"Exordium Wildlife","floor":5,"turns":3},{"damage":34,"enemies":"Gremlin Nob","floor":6,"turns":5},{"damage":5,"enemies":"2 Fungi Beasts","floor":7,"turns":4},{"damage":4,"enemies":"Looter","floor":8,"turns":3},{"damage":4,"enemies":"Blue Slaver","floor":11,"turns":5},{"damage":12,"enemies":"Gremlin Nob","floor":13,"turns":4},{"damage":1,"enemies":"2 Fungi Beasts","floor":14,"turns":4},{"damage":8,"enemies":"Hexaghost","floor":16,"turns":7},{"damage":11,"enemies":"Chosen","floor":18,"turns":4},{"damage":2,"enemies":"Shell Parasite","floor":21,"turns":4},{"damage":31,"enemies":"Sentry and Sphere","floor":22,"turns":7},{"damage":4,"enemies":"3 Cultists","floor":24,"turns":5},{"damage":34,"enemies":"Cultist and Chosen","floor":28,"turns":6},{"damage":11,"enemies":"Snake Plant","floor":30,"turns":5},{"damage":47,"enemies":"Collector","floor":33,"turns":7}],"seed_played":"-579272957340116024","potions_obtained":[{"floor":4,"key":"SteroidPotion"},{"floor":6,"key":"SpeedPotion"},{"floor":11,"key":"AttackPotion"},{"floor":13,"key":"Fire Potion"},{"floor":18,"key":"FairyPotion"},{"floor":28,"key":"Ancient Potion"},{"floor":30,"key":"FearPotion"}],"is_trial":false,"path_per_floor":["M","?","M","M","M","E","M","M","T","?","M","R","?","M","R","B",null,"M","?","$","M","M","R","M","R","T","R","M","?","M","?","R","B"],"character_chosen":"THE_SILENT","items_purchased":[],"campfire_rested":4,"item_purchase_floors":[],"current_hp_per_floor":[54,64,57,49,48,14,9,5,5,5,1,23,11,10,32,24,63,52,52,52,50,19,19,15,37,37,37,3,24,13,13,37,0,0],"gold":264,"neow_bonus":"THREE_CARDS","is_daily":false,"chose_seed":false,"campfire_upgraded":2,"win_rate":0.0,"timestamp":1610766113,"path_taken":["M","?","M","M","M","E","M","?","T","?","M","R","?","M","R","BOSS","M","?","$","M","M","R","M","R","T","R","M","?","M","?","R","BOSS"],"items_purchased_type":[],"build_version":"2020-12-22","purchased_purges":1,"victory":false,"max_hp_per_floor":[66,76,76,76,76,76,76,76,76,76,76,76,76,76,76,76,76,76,76,76,76,76,76,76,76,76,76,76,81,81,81,81,81,81],"card_choices":[{"not_picked":["Flying Knee","PiercingWail"],"picked":"Dagger Spray","floor":0},{"not_picked":["Acrobatics","Underhanded Strike"],"picked":"Dash","floor":1},{"not_picked":["Dagger Spray","Poisoned Stab"],"picked":"Crippling Poison","floor":3},{"not_picked":["Quick Slash","Dodge and Roll"],"picked":"Die Die Die","floor":4},{"not_picked":["Sucker Punch","Dagger Spray"],"picked":"Acrobatics","floor":5},{"not_picked":["Dodge and Roll","Glass Knife"],"picked":"Blade Dance","floor":6},{"not_picked":["Choke","Dagger Throw"],"picked":"Calculated Gamble","floor":7},{"not_picked":["Heel Hook","Bouncing Flask","Setup"],"picked":"SKIP","floor":7},{"not_picked":["Heel Hook","Setup"],"picked":"Bouncing Flask","floor":7},{"not_picked":["Escape Plan","Backstab"],"picked":"Catalyst","floor":8},{"not_picked":["Expertise","Finisher"],"picked":"Deflect","floor":8},{"not_picked":["Terror","Poisoned Stab"],"picked":"Catalyst","floor":11},{"not_picked":["Prepared","All Out Attack"],"picked":"Noxious Fumes","floor":11},{"not_picked":["Distraction","Dash"],"picked":"Backflip","floor":14},{"not_picked":["Flying Knee","Skewer"],"picked":"Catalyst","floor":14},{"not_picked":["Glass Knife","Wraith Form v2"],"picked":"Adrenaline","floor":16},{"not_picked":["Dash","Distraction"],"picked":"Blur","floor":18},{"not_picked":["Finisher","Flechettes","Quick Slash"],"picked":"SKIP","floor":18},{"not_picked":["Catalyst","Poisoned Stab"],"picked":"Footwork","floor":21},{"not_picked":["Slice","Backstab"],"picked":"Dodge and Roll+1","floor":21},{"not_picked":["Poisoned Stab","Slice","Blade Dance"],"picked":"SKIP","floor":22},{"not_picked":["Masterful Stab","Acrobatics","Quick Slash"],"picked":"SKIP","floor":22},{"not_picked":["Dagger Spray","Dagger Throw"],"picked":"Tactician","floor":24},{"not_picked":["Bane+1","Accuracy","Cloak And Dagger"],"picked":"SKIP","floor":24},{"not_picked":["Corpse Explosion","Bane"],"picked":"Prepared+1","floor":28},{"not_picked":["Concentrate","Poisoned Stab","Dagger Throw"],"picked":"SKIP","floor":28},{"not_picked":["Finisher","Dash","Quick Slash+1"],"picked":"SKIP","floor":30},{"not_picked":["Prepared","Cloak And Dagger","Dodge and Roll"],"picked":"SKIP","floor":30}],"player_experience":684020,"relics_obtained":[{"floor":6,"key":"Prayer Wheel"},{"floor":9,"key":"Orichalcum"},{"floor":13,"key":"Whetstone"},{"floor":26,"key":"Potion Belt"}],"event_choices":[{"damage_healed":0,"gold_gain":0,"player_choice":"Paid Gold","damage_taken":0,"relics_obtained":["Pear"],"max_hp_gain":0,"max_hp_loss":0,"event_name":"WeMeetAgain","floor":2,"gold_loss":91},{"cards_removed":["Strike_G"],"damage_healed":0,"gold_gain":0,"player_choice":"Card Removal","damage_taken":0,"max_hp_gain":0,"max_hp_loss":0,"event_name":"The Cleric","floor":10,"gold_loss":75},{"damage_healed":0,"gold_gain":30,"player_choice":"Searched \u00273\u0027 times","damage_taken":0,"max_hp_gain":0,"max_hp_loss":0,"event_name":"Dead Adventurer","floor":13,"gold_loss":0},{"damage_healed":0,"gold_gain":0,"cards_transformed":["Blade Dance","Dagger Spray"],"player_choice":"Became Test Subject","damage_taken":0,"max_hp_gain":0,"max_hp_loss":0,"event_name":"Drug Dealer","floor":19,"gold_loss":0,"cards_obtained":["Concentrate","Backflip"]},{"damage_healed":0,"gold_gain":0,"player_choice":"Shed Blood","damage_taken":27,"max_hp_gain":5,"max_hp_loss":0,"event_name":"Forgotten Altar","floor":29,"gold_loss":0},{"damage_healed":0,"gold_gain":0,"player_choice":"Ignored","damage_taken":0,"max_hp_gain":0,"max_hp_loss":0,"event_name":"Ghosts","floor":31,"gold_loss":0}],"is_beta":false,"boss_relics":[{"not_picked":["Runic Dome","Coffee Dripper"],"picked":"Astrolabe"}],"items_purged_floors":[20],"is_endless":false,"potions_floor_spawned":[4,6,11,13,18,28,30],"killed_by":"Collector","ascension_level":15}}