{"host":"ok3pmhc1fiz31noj","time":1610802347,"event":{"mods":["AchievementEnabler","BaseMod","Colored Map","Colored Powertips","Minty Spire (QoL Compilation)","Quick Restart","Relic Stats","Replay The Spire","StSLib"],"gold_per_floor":[109,59,134,206,217,245,245,259,312,332,39,74,74,89,89,89,89],"floor_reached":16,"language":"ZHS","playtime":397,"items_purged":["Strike_B"],"score":135,"play_id":"6f197f45-1e63-480b-9425-8d4c7151e413","local_time":"20210116210547","is_ascension_mode":false,"campfire_choices":[{"data":"Genetic Algorithm","floor":7,"key":"SMITH"},{"floor":15,"key":"REST"}],"circlet_count":0,"master_deck":["Strike_B","Strike_B","Strike_B","Defend_B","Defend_B","Defend_B","Zap","Dualcast","Genetic Algorithm+1","Ball Lightning","Stack+1","Storm","Static Discharge","Creative AI","Decay","Static Discharge"],"relics":["Cracked Core","NeowsBlessing","Singing Bowl","Toxic Egg 2","Tiny Chest","Juzu Bracelet","Gremlin Horn"],"acts_visited":["Exordium"],"potions_floor_usage":[12,16,16],"damage_taken":[{"damage":0,"enemies":"Jaw Worm","floor":1,"turns":1},{"damage":0,"enemies":"2 Louse","floor":5,"turns":1},{"damage":0,"enemies":"Gremlin Nob","floor":6,"turns":1},{"damage":4,"enemies":"Cultist","floor":8,"turns":4},{"damage":8,"enemies":"3 Louse","floor":10,"turns":3},{"damage":24,"enemies":"Lagavulin","floor":12,"turns":5},{"damage":24,"enemies":"Large Slime","floor":14,"turns":4},{"damage":33,"enemies":"The Guardian","floor":16,"turns":6}],"seed_played":"4124783168611820690","potions_obtained":[{"floor":1,"key":"DuplicationPotion"},{"floor":12,"key":"Swift Potion"},{"floor":14,"key":"Strength Potion"}],"is_trial":false,"path_per_floor":["M","?","?","T","M","E","R","M","T","M","$","E","?","M","R","B"],"character_chosen":"DEFECT","items_purchased":["Juzu Bracelet","Static Discharge"],"campfire_rested":1,"item_purchase_floors":[11,11],"current_hp_per_floor":[75,75,64,64,64,64,64,60,60,54,54,30,30,6,29,0,0],"gold":89,"neow_bonus":"THREE_ENEMY_KILL","is_daily":false,"chose_seed":false,"campfire_upgraded":1,"win_rate":0.0,"timestamp":1610802347,"path_taken":["M","?","?","?","M","E","R","M","T","?","$","E","?","M","R","BOSS"],"items_purchased_type":["Relic","Card"],"build_version":"2020-12-22","purchased_purges":1,"victory":false,"max_hp_per_floor":[75,75,75,75,75,75,75,75,75,77,77,77,77,77,77,77,77],"relic_stats":{"Singing Bowl":2,"Gremlin Horn":[0,0],"counters":[8,25],"Tiny Chest":0,"Juzu Bracelet":0,"obtain_stats":[{"NeowsBlessing":0,"Singing Bowl":4,"Gremlin Horn":12,"Tiny Chest":9,"Juzu Bracelet":11,"Toxic Egg 2":6,"Cracked Core":0},{"NeowsBlessing":0,"Singing Bowl":1,"Gremlin Horn":6,"Tiny Chest":4,"Juzu Bracelet":5,"Toxic Egg 2":3,"Cracked Core":0},{"NeowsBlessing":0,"Singing Bowl":1,"Gremlin Horn":15,"Tiny Chest":7,"Juzu Bracelet":10,"Toxic Egg 2":3,"Cracked Core":0}]},"card_choices":[{"not_picked":["Crystallizer","BasicCrystalCard"],"picked":"Genetic Algorithm","floor":1},{"not_picked":["BootSequence","Redo"],"picked":"Ball Lightning","floor":5},{"not_picked":["Consume+1","ReplayTheSpireMod:Repulse+1"],"picked":"Stack+1","floor":6},{"not_picked":["Stack+1","Compile Driver"],"picked":"Storm","floor":8},{"not_picked":["Coolheaded+1","ReplayTheSpireMod:Calculation Training+1","Compile Driver"],"picked":"Singing Bowl","floor":10},{"not_picked":["BasicCrystalCard+1","ReplayTheSpireMod:System Scan+1"],"picked":"Creative AI","floor":12},{"not_picked":["Hello World","Ball Lightning"],"picked":"Static Discharge","floor":14}],"player_experience":146281,"relics_obtained":[{"floor":4,"key":"Singing Bowl"},{"floor":6,"key":"Toxic Egg 2"},{"floor":9,"key":"Tiny Chest"},{"floor":12,"key":"Gremlin Horn"}],"event_choices":[{"cards_removed":["Defend_B"],"damage_healed":0,"gold_gain":0,"player_choice":"Card Removal","damage_taken":0,"max_hp_gain":0,"max_hp_loss":0,"event_name":"The Cleric","floor":2,"gold_loss":50},{"damage_healed":0,"gold_gain":75,"player_choice":"Gather Gold","damage_taken":11,"max_hp_gain":0,"max_hp_loss":0,"event_name":"World of Goop","floor":3,"gold_loss":0},{"damage_healed":0,"gold_gain":0,"player_choice":"Cursed","damage_taken":0,"max_hp_gain":0,"max_hp_loss":0,"event_name":"Wheel of Change","floor":13,"gold_loss":0,"cards_obtained":["Decay"]}],"is_beta":false,"boss_relics":[],"items_purged_floors":[11],"is_endless":false,"potions_floor_spawned":[1,12,14],"killed_by":"The Guardian","ascension_level":0}}