{"host":"j36qkj20jqndbw01","time":1610757121,"event":{"mods":["AchievementEnabler","BaseMod","Colored Map","DeckTracker","Highlight Path","Keyboard Shortcuts","Minty Spire (QoL Compilation)","Quick Restart","Relic Stats","StSLib","SuperFastMode","everything is the same but u backflip on backflip"],"gold_per_floor":[109,124,124,124,141,141,468,481,481,481,492,520,445,445,445,524,524,540,540,540],"floor_reached":19,"language":"KOR","playtime":560,"items_purged":["Strike_B"],"score":336,"play_id":"c5f70b38-ccd5-4cc5-b319-597053c9468d","local_time":"20210116093201","is_ascension_mode":true,"campfire_choices":[{"data":"Zap","floor":6,"key":"SMITH"},{"data":"White Noise","floor":10,"key":"SMITH"},{"data":"Go for the Eyes","floor":15,"key":"SMITH"}],"circlet_count":0,"master_deck":["AscendersBane","Zap+1","Dualcast","Chill","Gash","Ball Lightning","Go for the Eyes+1","White Noise+1","Capacitor","Ball Lightning","Heatsinks","Creative AI","Genetic Algorithm","Meteor Strike","Double Energy","Compile Driver","Genetic Algorithm","Sweeping Beam+1"],"relics":["Cracked Core","Old Coin","Symbiotic Virus","Eternal Feather","Pandora\u0027s Box"],"acts_visited":["Exordium","TheCity"],"potions_floor_usage":[],"damage_taken":[{"damage":2.0,"enemies":"2 Louse","floor":1.0,"turns":2.0},{"damage":2.0,"enemies":"Jaw Worm","floor":2.0,"turns":3.0},{"damage":0.0,"enemies":"Cultist","floor":5.0,"turns":4.0},{"damage":10,"enemies":"3 Sentries","floor":7,"turns":7},{"damage":0,"enemies":"Large Slime","floor":8,"turns":4},{"damage":6,"enemies":"Looter","floor":11,"turns":3},{"damage":5,"enemies":"Lagavulin","floor":12,"turns":4},{"damage":4,"enemies":"Slime Boss","floor":16,"turns":10},{"damage":29,"enemies":"Chosen","floor":18,"turns":5},{"damage":38,"enemies":"3 Byrds","floor":19,"turns":3}],"seed_played":"9188530694712801850","potions_obtained":[{"floor":1.0,"key":"BlessingOfTheForge"},{"floor":2.0,"key":"FearPotion"}],"is_trial":false,"path_per_floor":["M","M","?","?","M","R","E","M","T","R","M","E","$","?","R","B",null,"M","M"],"character_chosen":"DEFECT","items_purchased":[],"campfire_rested":0,"item_purchase_floors":[],"current_hp_per_floor":[69,67,67,44,44,44,34,34,34,34,28,23,23,23,32,28,66,37,0,0],"gold":540,"neow_bonus":"TEN_PERCENT_HP_BONUS","is_daily":false,"chose_seed":false,"campfire_upgraded":3,"win_rate":0.0,"timestamp":1610757121,"path_taken":["M","M","?","?","M","R","E","M","T","R","M","E","$","?","R","BOSS","M","M"],"items_purchased_type":[],"build_version":"2020-12-22","purchased_purges":1,"victory":false,"max_hp_per_floor":[78,78,78,78,78,78,78,78,78,78,78,78,78,78,78,78,78,78,78,78],"relic_stats":{"counters":[10,45],"Eternal Feather":9,"Pandora\u0027s Box":["Genetic Algorithm","Meteor Strike","Double Energy","Compile Driver","Genetic Algorithm"],"obtain_stats":[{"Eternal Feather":12,"Pandora\u0027s Box":17,"Cracked Core":0,"Symbiotic Virus":9,"Old Coin":7},{"Eternal Feather":7,"Pandora\u0027s Box":8,"Cracked Core":0,"Symbiotic Virus":5,"Old Coin":4},{"Eternal Feather":27,"Pandora\u0027s Box":37,"Cracked Core":0,"Symbiotic Virus":20,"Old Coin":16}]},"card_choices":[{"not_picked":["Undo","Steam"],"picked":"Chill","floor":1.0},{"not_picked":["Leap","Redo"],"picked":"Gash","floor":2.0},{"not_picked":["Conserve Battery","Coolheaded"],"picked":"Ball Lightning","floor":5.0},{"not_picked":["Steam Power","Leap"],"picked":"Go for the Eyes","floor":7},{"not_picked":["Gash","Chill"],"picked":"White Noise","floor":8},{"not_picked":["Beam Cell","Sweeping Beam"],"picked":"Capacitor","floor":11},{"not_picked":["Rebound","Aggregate"],"picked":"Ball Lightning","floor":12},{"not_picked":["Fission","Meteor Strike"],"picked":"Creative AI","floor":16},{"not_picked":["Auto Shields+1","Tempest"],"picked":"Sweeping Beam+1","floor":18}],"player_experience":1737793,"relics_obtained":[{"floor":7,"key":"Old Coin"},{"floor":9,"key":"Symbiotic Virus"},{"floor":12,"key":"Eternal Feather"}],"event_choices":[{"cards_removed":["Strike_B"],"damage_healed":0.0,"max_hp_gain":0.0,"max_hp_loss":0.0,"gold_gain":0.0,"event_name":"Living Wall","player_choice":"Forget","floor":3.0,"gold_loss":0.0,"damage_taken":0.0},{"damage_healed":0.0,"max_hp_gain":0.0,"max_hp_loss":0.0,"gold_gain":0.0,"event_name":"Shining Light","player_choice":"Entered Light","floor":4.0,"gold_loss":0.0,"damage_taken":23.0,"cards_upgraded":["Strike_B","Defend_B"]},{"damage_healed":0,"gold_gain":0,"cards_transformed":["Strike_B"],"player_choice":"Transformed","damage_taken":0,"max_hp_gain":0,"max_hp_loss":0,"event_name":"Transmorgrifier","floor":14,"gold_loss":0,"cards_obtained":["Heatsinks"]}],"is_beta":false,"boss_relics":[{"not_picked":["Philosopher\u0027s Stone","Snecko Eye"],"picked":"Pandora\u0027s Box"}],"items_purged_floors":[13],"is_endless":false,"potions_floor_spawned":[1,2,8],"killed_by":"3 Byrds","ascension_level":18}}