{"host":"1zjc08c6hob33401","time":1610829526,"event":{"mods":["AchievementEnabler","Act Like it!","Aspiration","BaseMod","Downfall","Energized Spire","Evolution","Gensokyo","GifTheSpireLib","Hubris","Infinite Spire","Jedi Mod","Minty Spire (QoL Compilation)","Pale of the Ancients","Quick Restart","Retaliation","Shop Mod","StS++","StSLib","Stuff the Spire","The Blue Laboratory","Wandering Minibosses","vexMod"],"gold_per_floor":[114,114,66,82,82,82,115,115,115,115,40,60,79,98,98,98,98],"floor_reached":16,"language":"RUS","playtime":918,"items_purged":["Clumsy"],"score":127,"play_id":"868c0f55-ddf3-4095-a206-99249bb96677","local_time":"20210116223846","is_ascension_mode":true,"campfire_choices":[{"data":"Shrug It Off","floor":6.0,"key":"SMITH"},{"data":"jedi:bloodyhammer","floor":8.0,"key":"SMITH"},{"floor":15,"key":"REST"}],"circlet_count":0,"master_deck":["StuffTheSpire:RockThrow","StuffTheSpire:RockThrow","StuffTheSpire:RockThrow","Strike_R+1","Defend_R","Defend_R+1","Defend_R+1","Defend_R+1","Bash","DDmod:SpikeMailSkill+1","Shrug It Off+1","jedi:bloodyhammer+1","Pummel","DDmod:SpikedSkill","StuffTheSpire:RagingBull","StuffTheSpire:TitanForm"],"relics":["Burning Blood","EVO:Axolotl","Gensokyo:Mercy","Du-Vu Doll","aspiration:Lifesprig","Gensokyo:NagashiBinaDoll"],"acts_visited":["Gensokyo:Gensokyo"],"potions_floor_usage":[13,14],"damage_taken":[{"damage":5.0,"enemies":"Gensokyo:Python","floor":1.0,"turns":4.0},{"damage":19.0,"enemies":"Gensokyo:2_Kodama","floor":4.0,"turns":7.0},{"damage":37.0,"enemies":"Gensokyo:Cirno","floor":7.0,"turns":8.0},{"damage":9.0,"enemies":"Gensokyo:Gryphon","floor":12.0,"turns":6.0},{"damage":8,"enemies":"Gensokyo:LivingMonolith","floor":13,"turns":3},{"damage":31,"enemies":"Gensokyo:3_Kodama","floor":14,"turns":6},{"damage":46,"enemies":"Gensokyo:Yukari","floor":16,"turns":6}],"seed_played":"3866536258833964796","potions_obtained":[{"floor":1.0,"key":"blueLaboratory:BottleOfRum"},{"floor":12.0,"key":"Explosive Potion"},{"floor":13,"key":"ColorlessPotion"}],"is_trial":false,"path_per_floor":["M","?","COS","M","?","R","E","R","T","?","$","M","M","M","R","B"],"character_chosen":"IRONCLAD","items_purchased":[],"campfire_rested":1,"item_purchase_floors":[],"current_hp_per_floor":[81,81,81,68,68,68,37,37,37,37,37,34,32,7,33,0,0],"gold":98,"neow_bonus":"TEN_PERCENT_HP_BONUS","is_daily":false,"chose_seed":false,"campfire_upgraded":2,"win_rate":0.0,"timestamp":1610829526,"path_taken":["M","?","COS","?","?","R","E","R","T","?","$","M","?","M","R","BOSS"],"items_purchased_type":[],"build_version":"2020-12-22","purchased_purges":1,"victory":false,"max_hp_per_floor":[88,88,88,88,88,88,88,88,88,88,88,88,88,88,88,88,88],"card_choices":[{"not_picked":["Havoc","Battle Trance"],"picked":"DDmod:SpikeMailSkill","floor":1.0},{"not_picked":["Evolve","jedi:hate"],"picked":"Shrug It Off","floor":4.0},{"not_picked":["StSpp:Betrayal","Double Tap"],"picked":"jedi:bloodyhammer","floor":7.0},{"not_picked":["DDmod:CallousedSkill","Shrug It Off"],"picked":"Pummel","floor":7.0},{"not_picked":["StSpp:Succumb","Wild Strike"],"picked":"DDmod:SpikedSkill","floor":12.0},{"not_picked":["DDmod:UnstoppableAttack","Dropkick"],"picked":"StuffTheSpire:RagingBull","floor":13},{"not_picked":["Flex","Clash"],"picked":"StuffTheSpire:TitanForm","floor":14}],"player_experience":581615,"relics_obtained":[{"floor":7.0,"key":"Du-Vu Doll"},{"floor":9.0,"key":"aspiration:Lifesprig"}],"event_choices":[],"is_beta":false,"boss_relics":[],"items_purged_floors":[11],"is_endless":false,"potions_floor_spawned":[1,12,13],"killed_by":"Gensokyo:Yukari","ascension_level":6}}