{"host":"3oowddqpmj34xmzc","time":1610808328,"event":{"mods":["100% Spire Juice","2.2 Compatiblity","Act Like it!","Arknights The Spire","Aspiration","BaseMod","Better Third Choice","CapriCore","Conspire","Gensokyo","Gold Saver","Gremlin Mod","GungeonMod","Hallownest","Hermit","Koishi","Marisa£®ÏF”Í°°ƒß¿Ì…≥£©","Minty Spire (QoL Compilation)","Pale of the Ancients","Reimu£®≤©¿ˆ¡È√Œ£©","Relic Stats","Remilia£®¿Ÿ√◊¿Ú—«£©","Replay The Spire","Robot Space Explorer","Spicy Shops","StSLib","The Construct","The Gatherer","The Immortal","The Marked","The Poker Player","The Servant 0.9.4","The Vixen","WarShipGirlsR/’ΩΩ¢…Ÿ≈ÆR mod","Yakumo Yukari mod","Youmu£®ªÍ∆«—˝√Œ£©","Yuyuko","[GremlinLeader]The Maniac"],"gold_per_floor":[817,235,254,273,290,290,316,328,328,328,343,358,375,375,375,375,375],"floor_reached":16,"language":"ZHS","playtime":776,"items_purged":["ats:Strike S"],"score":106,"play_id":"fe93ec01-9d68-43af-a205-7c204b1afaac","local_time":"20210116224528","is_ascension_mode":false,"campfire_choices":[{"data":"Trip","floor":6,"key":"SMITH"},{"floor":10,"key":"REST"},{"floor":15,"key":"REST"}],"circlet_count":0,"master_deck":["ats:Strike C","ats:Strike G","ats:Armor Crushing Shot","ats:Defend","ats:Defend","ats:Defend","ats:Defend","ats:Emotion Absorption","ats:Poison Spread","ats:Disruption Kick","ats:Burning Ground","ats:Burning Ground","ats:Shell Defense","Trip+1","ats:Curse Doll","ats:Very Hot Blade","ats:Encircling Forest","ats:Encircling Forest","ats:Revitalization","ats:Magnetic Hammer"],"relics":["ats:Sanity","ats:Originium","Lantern","DemoMod:NanoMachines","ReplayTheSpireMod:Ring of Challenge"],"acts_visited":["Exordium"],"potions_floor_usage":[7,13,13],"damage_taken":[{"damage":11,"enemies":"Cultist","floor":1,"turns":5},{"damage":2,"enemies":"2 Louse","floor":3,"turns":3},{"damage":7,"enemies":"Small Slimes","floor":4,"turns":3},{"damage":10,"enemies":"3 Louse","floor":5,"turns":2},{"damage":16,"enemies":"Gremlin Nob","floor":7,"turns":4},{"damage":12,"enemies":"2 Fungi Beasts","floor":8,"turns":3},{"damage":9,"enemies":"Exordium Thugs","floor":11,"turns":4},{"damage":0,"enemies":"Large Slime","floor":12,"turns":5},{"damage":9,"enemies":"Exordium Wildlife","floor":13,"turns":4},{"damage":45,"enemies":"Slime Boss","floor":16,"turns":8}],"seed_played":"7036259448348450282","potions_obtained":[{"floor":4,"key":"Toxic Potion"},{"floor":7,"key":"Explosive Potion"},{"floor":8,"key":"Dexterity Potion"},{"floor":12,"key":"DemoMod:LeadSkinPotion"}],"is_trial":false,"path_per_floor":["M","$","M","M","M","R","E","M","T","R","M","M","M","?","R","B"],"character_chosen":"DOCTOR_CLASS","items_purchased":["ats:Disruption Kick","ats:Burning Ground","ats:Shell Defense","Trip"],"campfire_rested":2,"item_purchase_floors":[2,2,2,2],"current_hp_per_floor":[61,61,59,52,42,42,26,14,14,35,26,26,17,17,38,0,0],"gold":375,"neow_bonus":"REMOVE_CARD","is_daily":false,"chose_seed":false,"campfire_upgraded":1,"win_rate":0.0,"timestamp":1610808328,"path_taken":["M","$","M","M","M","R","E","M","T","R","M","?","M","?","R","BOSS"],"items_purchased_type":["Card","Card","Card","Card"],"build_version":"2020-12-22","purchased_purges":1,"victory":false,"max_hp_per_floor":[72,72,72,72,72,72,72,72,72,72,72,72,72,72,72,72,72],"relic_stats":{"counters":[10,36],"obtain_stats":[{"DemoMod:Armor":9,"Lantern":7,"ats:Originium":7,"DemoMod:NanoMachines":9,"DemoMod:GlassGuonStoneRelic":7,"ats:Sanity":0,"ReplayTheSpireMod:Ring of Challenge":14},{"DemoMod:Armor":6,"Lantern":5,"ats:Originium":5,"DemoMod:NanoMachines":6,"DemoMod:GlassGuonStoneRelic":5,"ats:Sanity":0,"ReplayTheSpireMod:Ring of Challenge":9},{"DemoMod:Armor":18,"Lantern":16,"ats:Originium":16,"DemoMod:NanoMachines":18,"DemoMod:GlassGuonStoneRelic":16,"ats:Sanity":0,"ReplayTheSpireMod:Ring of Challenge":28}]},"card_choices":[{"not_picked":["ats:Powerful Strike","ats:Apocalypse"],"picked":"ats:Poison Spread","floor":1},{"not_picked":["ats:Hook Shot","ats:Explosion Area Strengthen","ats:Childhood Dance"],"picked":"SKIP","floor":3},{"not_picked":["ats:Thorns","ats:Assault Order"],"picked":"ats:Curse Doll","floor":4},{"not_picked":["ats:Curse Doll","ats:Rapid Magazine","ats:Flexible Camouflage"],"picked":"SKIP","floor":5},{"not_picked":["ats:Powerful Strike","ats:Explosion Area Strengthen"],"picked":"ats:Very Hot Blade","floor":7},{"not_picked":["ats:Curse Doll","ats:Flexible Camouflage"],"picked":"ats:Encircling Forest","floor":8},{"not_picked":["ats:Powerful Strike","ats:LN2 Cannon"],"picked":"ats:Encircling Forest","floor":11},{"not_picked":["ats:Blood Oath","ats:Thermite Blade"],"picked":"ats:Revitalization","floor":12},{"not_picked":["ats:Explosion Area Strengthen","ats:Childhood Dance"],"picked":"ats:Magnetic Hammer","floor":13}],"player_experience":228206,"relics_obtained":[{"floor":7,"key":"ats:Originium"},{"floor":7,"key":"Lantern"},{"floor":9,"key":"DemoMod:NanoMachines"},{"floor":14,"key":"ReplayTheSpireMod:Ring of Challenge"}],"event_choices":[],"is_beta":false,"boss_relics":[],"items_purged_floors":[2],"is_endless":false,"potions_floor_spawned":[4,7,8,12],"killed_by":"Slime Boss","ascension_level":0}}