{"host":"f5y45f7z7ziu0smp","time":1610793182,"event":{"mods":["AchievementEnabler","BaseMod","Marisa£¨Ùöéë¡¡Øª×âÞÞ£©","Minty Spire (QoL Compilation)","SuperFastMode","¡¼?Úª?ø«¡½REMEMod"],"gold_per_floor":[113,63,138,63,13,13,40,40,66,95,95,127,127,137,137,235,235,245,245,258,258,11,11,11,46,46,6,6,98,115,213,213,311,311,331,331,331],"floor_reached":36,"language":"KOR","playtime":1221,"items_purged":["Shame"],"score":596,"play_id":"6de6f277-7b0a-4609-ba13-9212b91b4d59","local_time":"20210116193302","is_ascension_mode":true,"campfire_choices":[{"data":"Zap","floor":6,"key":"SMITH"},{"data":"Dualcast","floor":8,"key":"SMITH"},{"data":"REME_HeartOfCthun","floor":11,"key":"SMITH"},{"floor":13,"key":"RECALL"},{"data":"Aggregate","floor":15,"key":"SMITH"},{"data":"REME_WheelOfFate","floor":23,"key":"SMITH"},{"data":"Defragment","floor":28,"key":"SMITH"},{"floor":32,"key":"REST"}],"circlet_count":0,"master_deck":["Defend_B","Defend_B","Defend_B","Zap+1","Dualcast+1","REME_HeartOfCthun+1","Streamline","Coolheaded","Static Discharge","Skim","REME_ForAll","Beam Cell","Force Field","REME_Whirling","Sweeping Beam","Barrage","Sweeping Beam","Hyperbeam","Aggregate+1","Sunder","Barrage","Biased Cognition","All For One","Hyperbeam","Loop+1","REME_WheelOfFate+1","Defragment+1","Conserve Battery","REME_Compress","Heatsinks","Echo Form","Redo+1","Conserve Battery","REME_ForAll","Biased Cognition","Echo Form","Force Field"],"relics":["Cracked Core","REME_ComplimentaryCards","REME_IWantAll","REME_HandOfSuture","Nunchaku","Anchor","Dead Branch","Kunai","Empty Cage","Emotion Chip","Bag of Preparation","Busted Crown","Akabeko","Orichalcum"],"acts_visited":["Exordium","TheCity","TheBeyond"],"potions_floor_usage":[29,31,36],"damage_taken":[{"damage":0,"enemies":"Cultist","floor":1,"turns":2},{"damage":0,"enemies":"3 Sentries","floor":7,"turns":1},{"damage":13,"enemies":"Lagavulin","floor":10,"turns":3},{"damage":0,"enemies":"Gremlin Nob","floor":12,"turns":2},{"damage":0,"enemies":"Small Slimes","floor":14,"turns":1},{"damage":0,"enemies":"Slime Boss","floor":16,"turns":6},{"damage":0,"enemies":"Spheric Guardian","floor":18,"turns":1},{"damage":1,"enemies":"2 Thieves","floor":20,"turns":2},{"damage":26,"enemies":"Slavers","floor":25,"turns":3},{"damage":43,"enemies":"Shelled Parasite and Fungi","floor":29,"turns":6},{"damage":0,"enemies":"Centurion and Healer","floor":30,"turns":2},{"damage":13,"enemies":"Snecko","floor":31,"turns":3},{"damage":49,"enemies":"Automaton","floor":33,"turns":7},{"damage":14,"enemies":"Orb Walker","floor":35,"turns":3},{"damage":90,"enemies":"Orin","floor":36,"turns":13}],"seed_played":"-8771097647651741117","potions_obtained":[{"floor":1,"key":"FairyPotion"},{"floor":14,"key":"Weak Potion"},{"floor":25,"key":"SkillPotion"},{"floor":33,"key":"LiquidMemories"}],"is_trial":false,"path_per_floor":["M","?","?","$","?","R","E","R","T","E","R","E","R","M","R","B",null,"M","?","M","?","$","R","?","E","T","$","R","M","M","M","R","B",null,"M","?"],"character_chosen":"DEFECT","items_purchased":["REME_WheelOfFate","Defragment","Heatsinks"],"campfire_rested":1,"item_purchase_floors":[22,22,27],"current_hp_per_floor":[78,78,67,67,67,67,70,70,70,60,60,63,63,66,66,69,93,93,93,92,92,92,92,92,66,66,66,66,23,26,13,41,31,99,86,0,0],"gold":331,"neow_bonus":"ONE_RARE_RELIC","is_daily":false,"chose_seed":false,"campfire_upgraded":6,"win_rate":0.0,"timestamp":1610793182,"path_taken":["M","?","?","$","?","R","E","R","T","E","R","E","R","?","R","BOSS","M","?","?","?","?","R","?","E","T","$","R","?","?","M","R","BOSS","M","?"],"items_purchased_type":["Card","Card","Card"],"build_version":"2020-12-22","purchased_purges":1,"victory":false,"max_hp_per_floor":[78,78,78,78,78,78,81,81,81,84,84,87,87,90,90,93,93,93,93,93,93,93,93,93,93,93,93,93,93,96,96,96,99,99,100,100,100],"card_choices":[{"not_picked":["Streamline","Coolheaded","Static Discharge"],"picked":"Singing Bowl","floor":1},{"not_picked":["Skim","REME_ForAll","Beam Cell"],"picked":"Singing Bowl","floor":7},{"not_picked":["Force Field","REME_Whirling","Sweeping Beam"],"picked":"Singing Bowl","floor":10},{"not_picked":["Barrage","Sweeping Beam","Hyperbeam"],"picked":"Singing Bowl","floor":12},{"not_picked":["Aggregate","Sunder","Barrage"],"picked":"Singing Bowl","floor":14},{"not_picked":["Biased Cognition","All For One","Hyperbeam"],"picked":"Singing Bowl","floor":16},{"not_picked":["Stack","Sweeping Beam","Tempest"],"picked":"SKIP","floor":18},{"not_picked":["Barrage","Conserve Battery"],"picked":"Loop+1","floor":20},{"not_picked":["Cold Snap","Undo"],"picked":"REME_Compress","floor":25},{"not_picked":["Streamline","REME_Compress","Leap+1"],"picked":"SKIP","floor":29},{"not_picked":["Echo Form","Redo+1","Conserve Battery"],"picked":"Singing Bowl","floor":30},{"not_picked":["Barrage","Darkness","Coolheaded"],"picked":"SKIP","floor":31},{"not_picked":["REME_ForAll","Biased Cognition","Echo Form"],"picked":"Singing Bowl","floor":33},{"not_picked":["Force Field"],"picked":"Singing Bowl","floor":35}],"player_experience":112688,"relics_obtained":[{"floor":7,"key":"Nunchaku"},{"floor":9,"key":"Anchor"},{"floor":10,"key":"Dead Branch"},{"floor":12,"key":"Kunai"},{"floor":25,"key":"Emotion Chip"},{"floor":26,"key":"Bag of Preparation"}],"event_choices":[{"cards_removed":["Strike_B"],"damage_healed":0,"gold_gain":0,"player_choice":"Card Removal","damage_taken":0,"max_hp_gain":0,"max_hp_loss":0,"event_name":"The Cleric","floor":2,"gold_loss":50},{"damage_healed":0,"gold_gain":75,"player_choice":"Gather Gold","damage_taken":11,"max_hp_gain":0,"max_hp_loss":0,"event_name":"World of Goop","floor":3,"gold_loss":0},{"damage_healed":0,"gold_gain":0,"player_choice":"Paid Gold","damage_taken":0,"relics_obtained":["REME_HandOfSuture"],"max_hp_gain":0,"max_hp_loss":0,"event_name":"WeMeetAgain","floor":5,"gold_loss":50},{"damage_healed":0,"gold_gain":0,"player_choice":"Bought 0 Potions","damage_taken":0,"max_hp_gain":0,"max_hp_loss":0,"event_name":"The Woman in Blue","floor":19,"gold_loss":0},{"cards_removed":["Strike_B"],"damage_healed":0,"gold_gain":0,"player_choice":"Elegance","damage_taken":0,"max_hp_gain":0,"max_hp_loss":0,"event_name":"Back to Basics","floor":21,"gold_loss":0},{"damage_healed":0,"gold_gain":0,"cards_transformed":["Defend_B"],"player_choice":"Transformed","damage_taken":0,"max_hp_gain":0,"max_hp_loss":0,"event_name":"Transmorgrifier","floor":24,"gold_loss":0,"cards_obtained":["Conserve Battery"]},{"damage_healed":0,"gold_gain":0,"player_choice":"Fight","damage_taken":0,"max_hp_gain":0,"max_hp_loss":0,"event_name":"OrinTheCat","floor":36,"gold_loss":0}],"is_beta":false,"boss_relics":[{"not_picked":["Fusion Hammer","Cursed Key"],"picked":"Empty Cage"},{"not_picked":["SlaversCollar","FrozenCore"],"picked":"Busted Crown"}],"items_purged_floors":[4],"is_endless":false,"potions_floor_spawned":[1,14,25,33],"killed_by":"Orin","ascension_level":2}}