{"host":"mydft8i2zzydgggw","time":1610829148,"event":{"mods":["AchievementEnabler","BaseMod","BetterRewards","Colored Map","Colored Powertips","DeckTracker","Keyboard Shortcuts","Minty Spire (QoL Compilation)","Rare Cards Sparkle","StSLib","SuperFastMode","everything is the same but u backflip on backflip"],"gold_per_floor":[119,130,130,55,55,55,73,73,143,143,178,191,210,385,385,516,516,534,559,559,559,559],"floor_reached":21,"language":"KOR","playtime":352,"items_purged":["Injury"],"score":251,"play_id":"69bf526b-a49c-4f04-af7e-87f3f6685c25","local_time":"20210117053228","is_ascension_mode":true,"campfire_choices":[{"data":"Clumsy","floor":6,"key":"PURGE"},{"data":"Strike_B","floor":8,"key":"PURGE"},{"data":"Strike_B","floor":10,"key":"PURGE"},{"floor":15,"key":"REST"}],"circlet_count":0,"master_deck":["Strike_B","Strike_B","Defend_B","Defend_B","Defend_B","Defend_B","Zap+1","Dualcast","Heatsinks","Consume","Defragment","Rip and Tear","Ball Lightning","Doubt","Electrodynamics","Loop","Go for the Eyes+1"],"relics":["Cracked Core","Peace Pipe","Golden Idol","Nunchaku","Letter Opener","Ginger","Nuclear Battery"],"acts_visited":["Exordium","TheCity"],"potions_floor_usage":[11,13,21],"damage_taken":[{"damage":0,"enemies":"Small Slimes","floor":1,"turns":3},{"damage":0,"enemies":"2 Louse","floor":2,"turns":1},{"damage":1,"enemies":"Cultist","floor":7,"turns":4},{"damage":38,"enemies":"Gremlin Nob","floor":11,"turns":4},{"damage":24,"enemies":"Blue Slaver","floor":12,"turns":5},{"damage":1,"enemies":"3 Louse","floor":13,"turns":2},{"damage":19,"enemies":"Slime Boss","floor":16,"turns":9},{"damage":11,"enemies":"Spheric Guardian","floor":18,"turns":3},{"damage":46,"enemies":"Shell Parasite","floor":19,"turns":6},{"damage":9,"enemies":"Centurion and Healer","floor":21,"turns":1}],"seed_played":"-6232045278626605423","potions_obtained":[{"floor":2,"key":"DuplicationPotion"},{"floor":7,"key":"PowerPotion"},{"floor":18,"key":"SpeedPotion"}],"is_trial":false,"path_per_floor":["M","M","?","$","?","R","M","R","T","R","E","M","M","?","R","B",null,"M","M","?","M"],"character_chosen":"DEFECT","items_purchased":[],"campfire_rested":1,"item_purchase_floors":[],"current_hp_per_floor":[68,68,68,68,68,68,67,67,67,67,29,5,4,4,26,7,58,47,1,1,0,0],"gold":559,"neow_bonus":"ONE_RARE_RELIC","is_daily":false,"chose_seed":false,"campfire_upgraded":0,"win_rate":0.0,"timestamp":1610829148,"path_taken":["M","M","?","$","?","R","M","R","T","R","E","?","M","?","R","BOSS","M","M","?","?"],"items_purchased_type":[],"build_version":"2020-12-22","purchased_purges":1,"victory":false,"max_hp_per_floor":[75,75,75,75,75,75,75,75,75,75,75,75,75,75,75,75,75,75,75,75,75,75],"card_choices":[{"not_picked":["Streamline","Redo","Double Energy"],"picked":"SKIP","floor":1},{"not_picked":["Hello World","White Noise"],"picked":"Heatsinks","floor":2},{"not_picked":["Cold Snap","Hologram"],"picked":"Consume","floor":7},{"not_picked":["Steam Power","Reprogram"],"picked":"Defragment","floor":11},{"not_picked":["Consume","Storm"],"picked":"Rip and Tear","floor":12},{"not_picked":["Leap","Beam Cell"],"picked":"Ball Lightning","floor":13},{"not_picked":["Seek","Creative AI"],"picked":"Electrodynamics","floor":16},{"not_picked":["Consume","Hello World"],"picked":"Loop","floor":18},{"not_picked":["Rebound","Leap"],"picked":"Go for the Eyes+1","floor":19}],"player_experience":165803,"relics_obtained":[{"floor":5,"key":"Nunchaku"},{"floor":9,"key":"Letter Opener"},{"floor":11,"key":"Ginger"}],"event_choices":[{"damage_healed":0,"gold_gain":0,"player_choice":"Take Wound","damage_taken":0,"relics_obtained":["Golden Idol"],"max_hp_gain":0,"max_hp_loss":0,"event_name":"Golden Idol","floor":3,"gold_loss":0,"cards_obtained":["Injury"]},{"damage_healed":0,"gold_gain":0,"player_choice":"Relic","damage_taken":0,"max_hp_gain":0,"max_hp_loss":0,"event_name":"Wheel of Change","floor":5,"gold_loss":0},{"damage_healed":0,"gold_gain":175,"player_choice":"AGREE","damage_taken":0,"max_hp_gain":0,"max_hp_loss":0,"event_name":"Liars Game","floor":14,"gold_loss":0,"cards_obtained":["Doubt"]},{"damage_healed":0,"gold_gain":0,"player_choice":"Upgraded","damage_taken":0,"max_hp_gain":0,"max_hp_loss":0,"event_name":"Upgrade Shrine","floor":20,"gold_loss":0,"cards_upgraded":["Zap"]}],"is_beta":false,"boss_relics":[{"not_picked":["Snecko Eye","Empty Cage"],"picked":"Nuclear Battery"}],"items_purged_floors":[4],"is_endless":false,"potions_floor_spawned":[2,7,18],"killed_by":"Centurion and Healer","ascension_level":8}}