{"host":"vl29iwkwnyytuw8q","time":1610841011,"event":{"mods":["BaseMod","Minty Spire (QoL Compilation)","Permanent Neow","Relic Stats","StSLib"],"gold_per_floor":[115,115,132,148,164,164,195,195,195,206,216,216,216],"floor_reached":12,"language":"ENG","playtime":392,"items_purged":[],"score":164,"play_id":"1fe37d15-a518-4efc-8bb8-eca852423532","local_time":"20210117005011","is_ascension_mode":true,"campfire_choices":[{"data":"Cloak And Dagger","floor":6,"key":"SMITH"},{"floor":8,"key":"REST"}],"circlet_count":0,"master_deck":["AscendersBane","Strike_G","Strike_G","Strike_G","Strike_G","Strike_G","Defend_G","Defend_G","Defend_G","Defend_G","Defend_G","Survivor","Neutralize+1","Dagger Spray","Cloak And Dagger+1","Dagger Throw","Sucker Punch","Deadly Poison","Cloak And Dagger","Heel Hook"],"relics":["Snecko Eye","HornCleat","Girya"],"acts_visited":["Exordium"],"potions_floor_usage":[7,11],"damage_taken":[{"damage":11,"enemies":"2 Louse","floor":1,"turns":4},{"damage":1,"enemies":"Cultist","floor":3,"turns":4},{"damage":1,"enemies":"Jaw Worm","floor":4,"turns":4},{"damage":0,"enemies":"Lots of Slimes","floor":5,"turns":3},{"damage":20,"enemies":"3 Sentries","floor":7,"turns":6},{"damage":14,"enemies":"3 Louse","floor":10,"turns":4},{"damage":4,"enemies":"Large Slime","floor":11,"turns":5},{"damage":36,"enemies":"Gremlin Nob","floor":12,"turns":4}],"seed_played":"-8011753917620953403","potions_obtained":[{"floor":3,"key":"CunningPotion"},{"floor":4,"key":"SneckoOil"},{"floor":5,"key":"Strength Potion"}],"is_trial":false,"path_per_floor":["M","?","M","M","M","R","E","R","T","M","M","E"],"character_chosen":"THE_SILENT","items_purchased":[],"campfire_rested":1,"item_purchase_floors":[],"current_hp_per_floor":[48,48,47,46,46,46,26,45,45,31,27,0,0],"gold":216,"neow_bonus":"BOSS_RELIC","is_daily":false,"chose_seed":false,"campfire_upgraded":1,"win_rate":0.0,"timestamp":1610841011,"path_taken":["M","?","M","M","M","R","E","R","T","M","?","E"],"items_purchased_type":[],"build_version":"2020-12-22","purchased_purges":0,"victory":false,"max_hp_per_floor":[66,66,66,66,66,66,66,66,66,66,66,66,66],"relic_stats":{"counters":[8,34],"Snecko Eye":[50,46,64,65],"obtain_stats":[{"Girya":9,"HornCleat":7,"Snecko Eye":0,"Ring of the Snake":0},{"Girya":5,"HornCleat":5,"Snecko Eye":0,"Ring of the Snake":0},{"Girya":21,"HornCleat":21,"Snecko Eye":0,"Ring of the Snake":0}]},"card_choices":[{"not_picked":["Acrobatics","Deflect"],"picked":"Dagger Spray","floor":1},{"not_picked":["Dagger Throw","Well Laid Plans"],"picked":"Cloak And Dagger","floor":3},{"not_picked":["Concentrate","Dodge and Roll"],"picked":"Dagger Throw","floor":4},{"not_picked":["Underhanded Strike","Catalyst"],"picked":"Sucker Punch","floor":5},{"not_picked":["Concentrate","Slice"],"picked":"Deadly Poison","floor":7},{"not_picked":["Underhanded Strike","Sucker Punch"],"picked":"Cloak And Dagger","floor":10},{"not_picked":["Dagger Spray","Poisoned Stab"],"picked":"Heel Hook","floor":11}],"player_experience":628931,"relics_obtained":[{"floor":7,"key":"HornCleat"},{"floor":9,"key":"Girya"}],"event_choices":[{"damage_healed":0,"gold_gain":0,"player_choice":"Forge","damage_taken":0,"max_hp_gain":0,"max_hp_loss":0,"event_name":"Accursed Blacksmith","floor":2,"gold_loss":0,"cards_upgraded":["Neutralize"]}],"is_beta":false,"boss_relics":[],"items_purged_floors":[],"is_endless":false,"potions_floor_spawned":[3,4,5],"killed_by":"Gremlin Nob","ascension_level":20}}