{"host":"y8cpnk8u7pqs5ve6","time":1610802438,"event":{"mods":["Act Like it!","BaseMod","Gold Saver","Hallownest","Hermit","Minty Spire (QoL Compilation)","Quick Restart","StSLib","The Cursed","The Servant 0.9.4","WarShipGirlsR/’ΩΩ¢…Ÿ≈ÆR mod","Yakumo Yukari mod"],"gold_per_floor":[321,321,339,264,280,280,308,327,327,339,355,162,179,190,190,190,190],"floor_reached":16,"language":"ZHS","playtime":781,"items_purged":["Strike_R"],"score":191,"play_id":"c7616704-abc5-4d84-9a08-30a15d605332","local_time":"20210116210718","is_ascension_mode":true,"campfire_choices":[{"data":"Flex","floor":6,"key":"SMITH"},{"floor":15,"key":"REST"}],"circlet_count":0,"master_deck":["AscendersBane","Strike_R","Strike_R","Strike_R","Strike_R","Defend_R","Defend_R","Defend_R","Defend_R","Bash","Exhume","Pommel Strike","Sentinel","Limit Break","Flex+1","Dual Wield","Thunderclap","Apotheosis","Sword Boomerang","Armaments"],"relics":["Burning Blood","Ornamental Fan","Kunai"],"acts_visited":["Exordium"],"potions_floor_usage":[16,16],"damage_taken":[{"damage":1,"enemies":"Cultist","floor":1,"turns":4},{"damage":9,"enemies":"2 Louse","floor":3,"turns":3},{"damage":7,"enemies":"Jaw Worm","floor":5,"turns":2},{"damage":42,"enemies":"Gremlin Nob","floor":7,"turns":5},{"damage":21,"enemies":"Exordium Thugs","floor":8,"turns":4},{"damage":7,"enemies":"Looter","floor":10,"turns":3},{"damage":12,"enemies":"Blue Slaver","floor":11,"turns":3},{"damage":9,"enemies":"Exordium Wildlife","floor":13,"turns":5},{"damage":7,"enemies":"Looter","floor":14,"turns":3},{"damage":31,"enemies":"Hexaghost","floor":16,"turns":7}],"seed_played":"-6452652825685380793","potions_obtained":[{"floor":3,"key":"SmokeBomb"},{"floor":7,"key":"SpeedPotion"},{"floor":11,"key":"Weak Potion"},{"floor":14,"key":"SkillPotion"}],"is_trial":false,"path_per_floor":["M","?","M","$","M","R","E","M","T","M","M","$","M","M","R","B"],"character_chosen":"IRONCLAD","items_purchased":["Apotheosis"],"campfire_rested":1,"item_purchase_floors":[12],"current_hp_per_floor":[73,73,70,70,69,69,33,18,18,17,11,11,8,7,29,0,0],"gold":190,"neow_bonus":"ONE_RANDOM_RARE_CARD","is_daily":false,"chose_seed":false,"campfire_upgraded":1,"win_rate":0.0,"timestamp":1610802438,"path_taken":["M","?","M","$","M","R","E","?","T","M","M","$","M","M","R","BOSS"],"items_purchased_type":["Card"],"build_version":"2020-12-22","purchased_purges":1,"victory":false,"max_hp_per_floor":[75,75,75,75,75,75,75,75,75,75,75,75,75,75,75,75,75],"card_choices":[{"not_picked":["Body Slam","Dropkick"],"picked":"Pommel Strike","floor":1},{"not_picked":["Carnage","Dropkick"],"picked":"Flex","floor":3},{"not_picked":["Headbutt","Evolve","Sever Soul"],"picked":"SKIP","floor":5},{"not_picked":["Searing Blow","Combust"],"picked":"Dual Wield","floor":7},{"not_picked":["Cleave","Clash"],"picked":"Thunderclap","floor":8},{"not_picked":["Headbutt","Sever Soul","Rupture"],"picked":"SKIP","floor":10},{"not_picked":["Havoc","Thunderclap","Cleave"],"picked":"SKIP","floor":11},{"not_picked":["Combust","Heavy Blade"],"picked":"Sword Boomerang","floor":13},{"not_picked":["Headbutt","Wild Strike"],"picked":"Armaments","floor":14}],"player_experience":221887,"relics_obtained":[{"floor":7,"key":"Ornamental Fan"},{"floor":9,"key":"Kunai"}],"event_choices":[{"damage_healed":0,"gold_gain":0,"player_choice":"2 cards matched","damage_taken":0,"max_hp_gain":0,"max_hp_loss":0,"event_name":"Match and Keep!","floor":2,"gold_loss":0,"cards_obtained":["Sentinel","Limit Break"]}],"is_beta":false,"boss_relics":[],"items_purged_floors":[4],"is_endless":false,"potions_floor_spawned":[3,7,11,14],"killed_by":"Hexaghost","ascension_level":16}}