{"host":"oehe2dxjvdgux73m","time":1610816378,"event":{"mods":["AchievementEnabler","BaseMod","Colored Map","Colored Powertips","DeckTracker","Keyboard Shortcuts","Minty Spire (QoL Compilation)","Permanent Neow","Quick Restart","StSLib","SuperFastMode"],"gold_per_floor":[110,129,6,6,22,22,51,81,81,81,92,92,105,132,132,237,237,253,253,253,273,290,290,315,315,339,339,367,143,158,178,178,278,328,346,346,362,380,398,430,430,462,462,462,474,500,515,534,534,534],"floor_reached":51,"language":"KOR","playtime":1326,"items_purged":["Defend_R"],"score":1197,"play_id":"524c201c-72f7-42c3-9f60-15351e675a58","local_time":"20210117015938","is_ascension_mode":true,"campfire_choices":[{"data":"Perfected Strike","floor":6.0,"key":"SMITH"},{"data":"Perfected Strike","floor":10.0,"key":"SMITH"},{"floor":15.0,"key":"REST"},{"data":"Disarm","floor":23.0,"key":"SMITH"},{"data":"Wild Strike","floor":25.0,"key":"SMITH"},{"data":"Sentinel","floor":27.0,"key":"SMITH"},{"data":"Shockwave","floor":32.0,"key":"SMITH"},{"floor":41.0,"key":"REST"},{"data":"Berserk","floor":44.0,"key":"SMITH"},{"data":"Seeing Red","floor":49.0,"key":"SMITH"}],"circlet_count":0,"master_deck":["Strike_R","Strike_R+1","Strike_R+1","Strike_R","Strike_R","Defend_R+1","Defend_R+1","Bash","Perfected Strike+1","Perfected Strike+1","Wild Strike+1","Wild Strike+1","Shrug It Off+1","Sentinel+1","Havoc","Feed+1","Pommel Strike+1","Necronomicurse","Armaments+1","Disarm+1","Perfected Strike+1","Shockwave+1","Reaper+1","Impervious","Perfected Strike+1","Burning Pact+1","Berserk+1","Shrug It Off","Warcry+1","Parasite","Power Through+1","Perfected Strike+1","Ghostly Armor","Twin Strike+1","Seeing Red+1","Warcry+1","Impervious"],"relics":["Burning Blood","NeowsBlessing","Molten Egg 2","Shuriken","Pear","HornCleat","Black Star","Necronomicon","Blood Vial","Whetstone","Ancient Tea Set","Prayer Wheel","Letter Opener","Nunchaku","Tiny House","War Paint","Oddly Smooth Stone","Art of War","Bird Faced Urn","Bottled Flame","Smiling Mask","Mummified Hand"],"acts_visited":["Exordium","TheCity","TheBeyond"],"potions_floor_usage":[50],"damage_taken":[{"damage":0.0,"enemies":"Jaw Worm","floor":1.0,"turns":1.0},{"damage":0.0,"enemies":"Small Slimes","floor":2.0,"turns":1.0},{"damage":0.0,"enemies":"Cultist","floor":5.0,"turns":1.0},{"damage":35.0,"enemies":"Lagavulin","floor":7.0,"turns":5.0},{"damage":6.0,"enemies":"Exordium Thugs","floor":11.0,"turns":3.0},{"damage":6.0,"enemies":"Looter","floor":13.0,"turns":2.0},{"damage":22.0,"enemies":"3 Sentries","floor":14.0,"turns":8.0},{"damage":49.0,"enemies":"The Guardian","floor":16.0,"turns":9.0},{"damage":19.0,"enemies":"Spheric Guardian","floor":18.0,"turns":4.0},{"damage":1.0,"enemies":"Chosen","floor":21.0,"turns":3.0},{"damage":0.0,"enemies":"Snecko","floor":22.0,"turns":3.0},{"damage":10.0,"enemies":"Slavers","floor":24.0,"turns":4.0},{"damage":6.0,"enemies":"Book of Stabbing","floor":28.0,"turns":3.0},{"damage":0.0,"enemies":"Snake Plant","floor":30.0,"turns":2.0},{"damage":12.0,"enemies":"Cultist and Chosen","floor":31.0,"turns":4.0},{"damage":73.0,"enemies":"Champ","floor":33.0,"turns":7.0},{"damage":16.0,"enemies":"3 Shapes","floor":35.0,"turns":3.0},{"damage":23.0,"enemies":"3 Darklings","floor":37.0,"turns":6.0},{"damage":28.0,"enemies":"Writhing Mass","floor":38.0,"turns":5.0},{"damage":11.0,"enemies":"Sphere and 2 Shapes","floor":39.0,"turns":5.0},{"damage":18.0,"enemies":"Reptomancer","floor":40.0,"turns":2.0},{"damage":41.0,"enemies":"Giant Head","floor":42.0,"turns":6.0},{"damage":4.0,"enemies":"4 Shapes","floor":45.0,"turns":8.0},{"damage":9.0,"enemies":"Reptomancer","floor":46.0,"turns":2.0},{"damage":12.0,"enemies":"Jaw Worm Horde","floor":47.0,"turns":3.0},{"damage":13.0,"enemies":"Transient","floor":48.0,"turns":5.0},{"damage":77,"enemies":"Donu and Deca","floor":50,"turns":7}],"seed_played":"2674273818358030296","potions_obtained":[{"floor":1.0,"key":"HeartOfIron"},{"floor":13.0,"key":"Ancient Potion"},{"floor":16.0,"key":"Weak Potion"},{"floor":18.0,"key":"PowerPotion"},{"floor":24.0,"key":"SkillPotion"},{"floor":31.0,"key":"ColorlessPotion"},{"floor":34.0,"key":"DistilledChaos"},{"floor":37.0,"key":"Ancient Potion"},{"floor":42.0,"key":"Strength Potion"},{"floor":45.0,"key":"SteroidPotion"}],"is_trial":false,"path_per_floor":["M","M","$","?","M","R","E","?","T","R","M","?","M","E","R","B",null,"M","?","?","M","M","R","E","R","T","R","E","$","M","M","R","B",null,"M","?","M","M","M","E","R","E","T","R","M","E","M","M","R","B",null],"character_chosen":"IRONCLAD","items_purchased":["Perfected Strike","Reaper+1","Nunchaku"],"campfire_rested":2,"item_purchase_floors":[3,29,29],"current_hp_per_floor":[78,80,80,73,79,79,50,50,60,60,60,60,60,44,71,28,75,62,46,46,55,61,61,57,57,57,57,63,63,71,87,87,22,84,88,88,86,66,63,53,83,61,61,61,67,66,64,73,73,8],"gold":534,"neow_bonus":"THREE_ENEMY_KILL","is_daily":false,"chose_seed":false,"campfire_upgraded":8,"win_rate":0.0,"timestamp":1610816378,"path_taken":["M","M","$","?","M","R","E","?","T","R","M","?","M","E","R","BOSS","M","?","?","M","M","R","E","R","T","R","E","$","M","M","R","BOSS","M","?","M","?","M","E","R","E","T","R","M","E","M","M","R","BOSS"],"items_purchased_type":["Card","Card","Relic"],"build_version":"2020-12-22","purchased_purges":1,"victory":true,"max_hp_per_floor":[80,80,80,80,80,80,80,80,90,90,90,90,90,90,90,90,90,90,90,90,94,94,94,94,94,94,94,98,98,98,98,98,98,103,103,103,103,103,103,103,103,103,103,103,103,103,103,103,103,107],"card_choices":[{"not_picked":["Dark Embrace","Clothesline"],"picked":"Sword Boomerang","floor":1.0},{"not_picked":["Clash","Cleave"],"picked":"Perfected Strike","floor":2.0},{"not_picked":["Inflame","Carnage"],"picked":"Wild Strike","floor":5.0},{"not_picked":["Feel No Pain","Havoc"],"picked":"Wild Strike+1","floor":7.0},{"not_picked":["Evolve","Cleave+1"],"picked":"Shrug It Off","floor":11.0},{"not_picked":["Flex","Heavy Blade+1"],"picked":"Havoc","floor":13.0},{"not_picked":["Sentinel","Juggernaut"],"picked":"Clothesline+1","floor":14.0},{"not_picked":["Limit Break","Fiend Fire+1"],"picked":"Feed+1","floor":16.0},{"not_picked":["Metallicize","Sword Boomerang+1"],"picked":"Pommel Strike+1","floor":18.0},{"not_picked":["Warcry","Disarm"],"picked":"Armaments+1","floor":21.0},{"not_picked":["Thunderclap+1","Havoc"],"picked":"Disarm","floor":22.0},{"not_picked":["Headbutt+1","Uppercut+1"],"picked":"Perfected Strike+1","floor":24.0},{"not_picked":["Evolve","Sentinel+1"],"picked":"Shockwave","floor":28.0},{"not_picked":["Sentinel+1","Flex+1"],"picked":"Impervious","floor":30.0},{"not_picked":["Fire Breathing","Sword Boomerang+1","Clash+1"],"picked":"SKIP","floor":30.0},{"not_picked":["Searing Blow+1","Iron Wave+1"],"picked":"Perfected Strike+1","floor":31.0},{"not_picked":["True Grit+1","Hemokinesis+1"],"picked":"Burning Pact","floor":31.0},{"not_picked":["Immolate+1","Limit Break"],"picked":"Berserk","floor":33.0},{"not_picked":["Body Slam+1","Spot Weakness"],"picked":"Shrug It Off","floor":34.0},{"not_picked":["Intimidate+1","Sword Boomerang+1"],"picked":"Warcry+1","floor":35.0},{"not_picked":["Clash+1","Armaments+1","Sword Boomerang+1"],"picked":"SKIP","floor":35.0},{"not_picked":["Sever Soul+1","Hemokinesis+1","Havoc+1"],"picked":"SKIP","floor":37.0},{"not_picked":["Burning Pact","Bludgeon+1","Metallicize+1"],"picked":"SKIP","floor":37.0},{"not_picked":["Shrug It Off","Thunderclap+1"],"picked":"Power Through+1","floor":38.0},{"not_picked":["Shrug It Off","Fire Breathing","Body Slam+1"],"picked":"SKIP","floor":38.0},{"not_picked":["Infernal Blade+1","Entrench+1"],"picked":"Perfected Strike+1","floor":39.0},{"not_picked":["Second Wind+1","Body Slam+1"],"picked":"Ghostly Armor","floor":39.0},{"not_picked":["Shockwave","Searing Blow+1"],"picked":"Twin Strike+1","floor":40.0},{"not_picked":["Barricade","Sword Boomerang+1"],"picked":"Seeing Red","floor":42.0},{"not_picked":["Cleave+1","Anger+1","Evolve"],"picked":"SKIP","floor":45.0},{"not_picked":["Flex","Armaments","Burning Pact"],"picked":"SKIP","floor":45.0},{"not_picked":["Infernal Blade","Blood for Blood+1","Anger+1"],"picked":"SKIP","floor":46.0},{"not_picked":["Cleave+1","Infernal Blade"],"picked":"Warcry+1","floor":47.0},{"not_picked":["Cleave+1","Combust","Warcry"],"picked":"SKIP","floor":47.0},{"not_picked":["Armaments+1","Pummel+1"],"picked":"Impervious","floor":48.0},{"not_picked":["Combust","Reckless Charge+1","Body Slam+1"],"picked":"SKIP","floor":48.0}],"player_experience":245507,"relics_obtained":[{"floor":7.0,"key":"Molten Egg 2"},{"floor":9.0,"key":"Pear"},{"floor":14.0,"key":"HornCleat"},{"floor":19.0,"key":"Necronomicon"},{"floor":24.0,"key":"Blood Vial"},{"floor":24.0,"key":"Whetstone"},{"floor":26.0,"key":"Ancient Tea Set"},{"floor":28.0,"key":"Prayer Wheel"},{"floor":28.0,"key":"Letter Opener"},{"floor":40.0,"key":"War Paint"},{"floor":40.0,"key":"Oddly Smooth Stone"},{"floor":42.0,"key":"Art of War"},{"floor":42.0,"key":"Bird Faced Urn"},{"floor":43.0,"key":"Bottled Flame"},{"floor":46.0,"key":"Smiling Mask"},{"floor":46.0,"key":"Mummified Hand"}],"event_choices":[{"cards_removed":["Defend_R"],"damage_healed":0.0,"max_hp_gain":0.0,"max_hp_loss":0.0,"gold_gain":0.0,"event_name":"Golden Wing","player_choice":"Card Removal","floor":4.0,"gold_loss":0.0,"damage_taken":7.0},{"damage_healed":0.0,"max_hp_gain":0.0,"max_hp_loss":0.0,"gold_gain":30.0,"event_name":"Dead Adventurer","player_choice":"Searched \u00272\u0027 times","floor":8.0,"gold_loss":0.0,"damage_taken":0.0,"relics_obtained":["Shuriken"]},{"damage_healed":0.0,"max_hp_gain":0.0,"max_hp_loss":0.0,"gold_gain":0.0,"cards_transformed":["Sword Boomerang"],"event_name":"Living Wall","player_choice":"Change","floor":12.0,"gold_loss":0.0,"damage_taken":0.0,"cards_obtained":["Sentinel"]},{"damage_healed":0.0,"max_hp_gain":0.0,"max_hp_loss":0.0,"gold_gain":0.0,"event_name":"Cursed Tome","player_choice":"Obtained Book","floor":19.0,"gold_loss":0.0,"damage_taken":16.0},{"damage_healed":0.0,"max_hp_gain":0.0,"max_hp_loss":0.0,"gold_gain":0.0,"event_name":"Accursed Blacksmith","player_choice":"Forge","floor":20.0,"gold_loss":0.0,"damage_taken":0.0,"cards_upgraded":["Shrug It Off"]},{"cards_removed":["Clothesline"],"damage_healed":0.0,"max_hp_gain":0.0,"max_hp_loss":0.0,"gold_gain":0.0,"event_name":"Purifier","player_choice":"Purged","floor":36.0,"gold_loss":0.0,"damage_taken":0.0}],"is_beta":false,"boss_relics":[{"not_picked":["Astrolabe","Coffee Dripper"],"picked":"Black Star"},{"not_picked":["Busted Crown","SacredBark"],"picked":"Tiny House"}],"items_purged_floors":[3],"is_endless":false,"potions_floor_spawned":[1,13,16,18,24,31,33,35,37,42,45],"ascension_level":9}}