{"host":"058erotkld4bsq33","time":1610787390,"event":{"mods":["BaseMod","Better Third Choice","Colored Powertips","Curses Come First","Dark Map","Minty Spire (QoL Compilation)","Quick Restart","Rare Cards Sparkle","Relic Stats","StSLib","UnlockEverythingMod"],"gold_per_floor":[114,114,114,189,189,189,112,112,137,137,137,137,137,152,152,252,252,267,282,282,282],"floor_reached":20,"language":"ENG","playtime":1076,"items_purged":[],"score":158,"play_id":"ae8aebc7-072f-4cd8-a5e2-e75c21e91e6e","local_time":"20210116005630","daily_mods":["Allstar","Flight","Night Terrors"],"is_ascension_mode":false,"campfire_choices":[{"data":"Deadly Poison","floor":6.0,"key":"SMITH"},{"data":"Die Die Die","floor":8.0,"key":"SMITH"},{"data":"Neutralize","floor":10.0,"key":"SMITH"},{"data":"Mayhem","floor":12.0,"key":"SMITH"},{"data":"Impatience","floor":15.0,"key":"SMITH"}],"circlet_count":0,"master_deck":["Strike_G","Strike_G","Strike_G","Strike_G+1","Strike_G","Defend_G+1","Defend_G","Defend_G","Defend_G","Defend_G","Survivor","Neutralize+1","Impatience+1","Dark Shackles","Panacea","Mayhem+1","PanicButton","Deadly Poison+1","Die Die Die+1","Envenom","Prepared","Venomology","Slice+1","Flying Knee"],"relics":["Ring of the Snake","PreservedInsect"],"acts_visited":["Exordium","TheCity"],"potions_floor_usage":[19,19,19],"damage_taken":[{"damage":0.0,"enemies":"2 Louse","floor":1.0,"turns":3.0},{"damage":2.0,"enemies":"Small Slimes","floor":14.0,"turns":4.0},{"damage":32.0,"enemies":"Slime Boss","floor":16.0,"turns":15.0},{"damage":20.0,"enemies":"2 Thieves","floor":18.0,"turns":5.0},{"damage":7,"enemies":"Spheric Guardian","floor":19,"turns":4},{"damage":46,"enemies":"Masked Bandits","floor":20,"turns":3}],"seed_played":"2700428786693623746","potions_obtained":[{"floor":14.0,"key":"LiquidMemories"}],"is_trial":false,"path_per_floor":["M","$","$","?","?","R","$","R","T","R","?","R","?","M","R","B",null,"M","M","?"],"character_chosen":"THE_SILENT","items_purchased":["Die Die Die"],"campfire_rested":0,"item_purchase_floors":[7],"current_hp_per_floor":[70,70,70,59,70,70,70,70,70,70,56,56,56,54,54,22,70,50,43,0,0],"gold":282,"neow_bonus":"","is_daily":true,"chose_seed":false,"campfire_upgraded":5,"win_rate":0.0,"timestamp":1610787390,"path_taken":["M","$","$","?","?","R","?","R","T","R","?","R","?","?","R","BOSS","M","M","?"],"items_purchased_type":["Card"],"build_version":"2020-12-22","purchased_purges":0,"victory":false,"max_hp_per_floor":[70,70,70,70,70,70,70,70,70,70,70,70,70,70,70,70,70,70,70,70,70],"relic_stats":{"counters":[6,34],"PreservedInsect":0,"obtain_stats":[{"PreservedInsect":9,"Ring of the Snake":0},{"PreservedInsect":1,"Ring of the Snake":0},{"PreservedInsect":3,"Ring of the Snake":0}],"Ring of the Snake":[12]},"card_choices":[{"not_picked":["Noxious Fumes","Blade Dance"],"picked":"Deadly Poison","floor":1.0},{"not_picked":["Reflex","Leg Sweep"],"picked":"Prepared","floor":14.0},{"not_picked":["Burst","Glass Knife"],"picked":"Venomology","floor":16.0},{"not_picked":["Dagger Spray","Riddle With Holes"],"picked":"Slice+1","floor":18.0},{"not_picked":["Dagger Throw","Infinite Blades"],"picked":"Flying Knee","floor":19}],"player_experience":120379,"relics_obtained":[{"floor":9.0,"key":"PreservedInsect"}],"event_choices":[{"damage_healed":0.0,"max_hp_gain":0.0,"max_hp_loss":0.0,"gold_gain":75.0,"event_name":"betterThird:BetterGoop","player_choice":"Gold","floor":4.0,"gold_loss":0.0,"damage_taken":11.0},{"damage_healed":23.0,"max_hp_gain":0.0,"max_hp_loss":0.0,"gold_gain":0.0,"event_name":"Big Fish","player_choice":"Banana","floor":5.0,"gold_loss":0.0,"damage_taken":0.0},{"damage_healed":70.0,"max_hp_gain":0.0,"max_hp_loss":70.0,"gold_gain":0.0,"event_name":"betterThird:BetterShining","player_choice":"Upgrade","floor":11.0,"gold_loss":0.0,"damage_taken":14.0,"cards_upgraded":["Strike_G","Defend_G"]},{"damage_healed":0.0,"max_hp_gain":0.0,"max_hp_loss":0.0,"gold_gain":0.0,"event_name":"Match and Keep!","player_choice":"1 cards matched","floor":13.0,"gold_loss":0.0,"damage_taken":0.0,"cards_obtained":["Envenom"]},{"damage_healed":0,"gold_gain":0,"player_choice":"Fought Bandits","damage_taken":0,"max_hp_gain":0,"max_hp_loss":0,"event_name":"Masked Bandits","floor":20,"gold_loss":0}],"is_beta":false,"boss_relics":[{"not_picked":["Philosopher\u0027s Stone","Runic Dome","Fusion Hammer"]}],"items_purged_floors":[],"is_endless":false,"potions_floor_spawned":[14],"killed_by":"Masked Bandits","ascension_level":0}}