{"host":"yvs6unqb0m2j26b0","time":1610816047,"event":{"mods":["AchievementEnabler","BaseMod","Colored Map","Colored Powertips","Minty Spire (QoL Compilation)"],"gold_per_floor":[109,109,121,121,121,151,151,176,248,248,266,278,305,318,318,416,416,429,460,460,460,476,506,506,517,517,517,534,534,563,26,26,128,128,144,157,172,190,190,515,515,529,552,552,572,572,572,596,596,596],"floor_reached":51,"language":"ENG","playtime":4606,"items_purged":["Strike_P"],"score":825,"play_id":"21d16cd3-5c99-4524-b3f7-7f3e0e3d8eb2","local_time":"20210116145407","is_ascension_mode":false,"campfire_choices":[{"data":"Eruption","floor":7.0,"key":"SMITH"},{"data":"LikeWater","floor":10.0,"key":"SMITH"},{"data":"Prostrate","floor":15.0,"key":"SMITH"},{"data":"WindmillStrike","floor":24,"key":"SMITH"},{"floor":29,"key":"REST"},{"data":"DevaForm","floor":32,"key":"SMITH"},{"floor":44,"key":"REST"},{"data":"LikeWater","floor":47,"key":"SMITH"},{"data":"LikeWater","floor":49,"key":"SMITH"}],"circlet_count":0,"master_deck":["Defend_P","Defend_P","Eruption+1","Vigilance","EmptyMind","Prostrate+1","BowlingBash","LikeWater+1","BattleHymn","Consecrate","Brilliance","Establishment","WindmillStrike+1","ClearTheMind","Necronomicurse","FollowUp+1","BowlingBash","Meditate","LikeWater+1","DevaForm+1","Scrawl","SandsOfTime+1","MentalFortress","LikeWater+1","Madness","Madness","Perseverance"],"relics":["PureWater","NeowsBlessing","Ancient Tea Set","Bronze Scales","HornCleat","Matryoshka","InkBottle","Nunchaku","Empty Cage","Red Mask","Necronomicon","Damaru","Omamori","Bottled Lightning","FossilizedHelix","OrangePellets","Juzu Bracelet","Tiny Chest","SlaversCollar","Old Coin","MealTicket","Boot"],"acts_visited":["Exordium","TheCity","TheBeyond"],"potions_floor_usage":[23,30,33,37,40,50,50],"damage_taken":[{"damage":0.0,"enemies":"Jaw Worm","floor":1.0,"turns":1.0},{"damage":0.0,"enemies":"Cultist","floor":3.0,"turns":1.0},{"damage":0.0,"enemies":"Gremlin Nob","floor":6.0,"turns":1.0},{"damage":25.0,"enemies":"Lagavulin","floor":8.0,"turns":8.0},{"damage":0.0,"enemies":"2 Louse","floor":11.0,"turns":3.0},{"damage":0.0,"enemies":"Large Slime","floor":12.0,"turns":5.0},{"damage":8.0,"enemies":"Lots of Slimes","floor":14.0,"turns":3.0},{"damage":13.0,"enemies":"The Guardian","floor":16.0,"turns":7.0},{"damage":5.0,"enemies":"Chosen","floor":18.0,"turns":5.0},{"damage":5,"enemies":"Masked Bandits","floor":19,"turns":3},{"damage":0,"enemies":"3 Byrds","floor":22,"turns":4},{"damage":8,"enemies":"Book of Stabbing","floor":23,"turns":4},{"damage":1,"enemies":"Cultist and Chosen","floor":25,"turns":4},{"damage":12,"enemies":"Centurion and Healer","floor":28,"turns":4},{"damage":2,"enemies":"Slavers","floor":30,"turns":3},{"damage":0,"enemies":"Automaton","floor":33,"turns":5},{"damage":0,"enemies":"3 Shapes","floor":35,"turns":4},{"damage":0,"enemies":"Orb Walker","floor":36,"turns":4},{"damage":9,"enemies":"Spire Growth","floor":37,"turns":5},{"damage":0,"enemies":"Writhing Mass","floor":38,"turns":6},{"damage":0,"enemies":"Giant Head","floor":40,"turns":7},{"damage":17,"enemies":"Jaw Worm Horde","floor":42,"turns":5},{"damage":0,"enemies":"Transient","floor":45,"turns":5},{"damage":72,"enemies":"Awakened One","floor":50,"turns":9}],"seed_played":"-7660895057270748832","potions_obtained":[{"floor":3.0,"key":"BottledMiracle"},{"floor":8.0,"key":"Strength Potion"},{"floor":11.0,"key":"Energy Potion"},{"floor":19,"key":"FearPotion"},{"floor":28,"key":"Explosive Potion"},{"floor":30,"key":"Swift Potion"},{"floor":33,"key":"SpeedPotion"},{"floor":36,"key":"Fire Potion"},{"floor":42,"key":"FairyPotion"},{"floor":45,"key":"LiquidMemories"}],"is_trial":false,"path_per_floor":["M","?","M","?","?","E","R","E","T","R","M","M","T","M","R","B",null,"M","?","?","?","M","E","R","M","T","?","M","R","E","$","R","B",null,"M","M","M","M","?","E","?","M","T","R","M","?","R","T","R","B",null],"character_chosen":"WATCHER","items_purchased":["OrangePellets","Juzu Bracelet","Tiny Chest"],"campfire_rested":2,"item_purchase_floors":[31,31,31],"current_hp_per_floor":[72,72,72,60,60,60,60,35,35,35,35,35,35,27,27,14,72,67,62,46,46,46,38,38,37,37,37,25,46,44,44,44,44,72,72,72,63,63,54,54,54,37,37,58,58,58,58,58,58,21],"gold":596,"neow_bonus":"THREE_ENEMY_KILL","is_daily":false,"chose_seed":false,"campfire_upgraded":7,"win_rate":0.0,"timestamp":1610816047,"path_taken":["M","?","?","?","?","E","R","E","T","R","M","?","?","M","R","BOSS","M","?","?","?","M","E","R","M","T","?","M","R","E","$","R","BOSS","M","M","M","M","?","E","?","M","T","R","M","?","R","?","R","BOSS"],"items_purchased_type":["Relic","Relic","Relic"],"build_version":"2020-12-22","purchased_purges":1,"victory":true,"max_hp_per_floor":[72,72,72,72,72,72,72,72,72,72,72,72,72,72,72,72,72,72,72,72,72,72,72,72,72,72,72,72,72,72,72,72,72,72,72,72,72,72,72,72,72,72,72,72,72,72,72,72,72,72],"card_choices":[{"not_picked":["Evaluate","FollowUp"],"picked":"EmptyMind","floor":1.0},{"not_picked":["Swivel","FlurryOfBlows"],"picked":"Prostrate","floor":3.0},{"not_picked":["Crescendo","Adaptation"],"picked":"BowlingBash","floor":6.0},{"not_picked":["EmptyFist","ForeignInfluence"],"picked":"LikeWater","floor":8.0},{"not_picked":["SashWhip","BowlingBash"],"picked":"BattleHymn","floor":11.0},{"not_picked":["CarveReality","Crescendo"],"picked":"Consecrate","floor":12.0},{"not_picked":["FearNoEvil","ThirdEye"],"picked":"Brilliance","floor":14.0},{"not_picked":["DevaForm","Omniscience"],"picked":"Establishment","floor":16.0},{"not_picked":["SashWhip","FlurryOfBlows+1"],"picked":"WindmillStrike","floor":18},{"not_picked":["FlyingSleeves","Adaptation"],"picked":"ClearTheMind","floor":19},{"not_picked":["ThirdEye","JustLucky"],"picked":"FollowUp+1","floor":22},{"not_picked":["BattleHymn","FollowUp"],"picked":"BowlingBash","floor":23},{"not_picked":["Collect","Wallop+1"],"picked":"Meditate","floor":25},{"not_picked":["Meditate","Wallop+1"],"picked":"LikeWater","floor":28},{"not_picked":["Crescendo","BattleHymn+1"],"picked":"DevaForm","floor":30},{"not_picked":["Blasphemy","Omniscience"],"picked":"Scrawl","floor":33},{"not_picked":["JustLucky+1","Fasting2+1"],"picked":"SandsOfTime+1","floor":35},{"not_picked":["FlyingSleeves+1","PathToVictory"],"picked":"MentalFortress","floor":36},{"not_picked":["Consecrate","JustLucky+1","WaveOfTheHand"],"picked":"SKIP","floor":37},{"not_picked":["JustLucky","SandsOfTime+1"],"picked":"LikeWater","floor":38},{"not_picked":["FearNoEvil+1","JustLucky","PathToVictory+1"],"picked":"SKIP","floor":40},{"not_picked":["WaveOfTheHand","PathToVictory+1"],"picked":"Perseverance","floor":42},{"not_picked":["EmptyBody","FlyingSleeves","PathToVictory"],"picked":"SKIP","floor":45}],"player_experience":64522,"relics_obtained":[{"floor":6.0,"key":"Bronze Scales"},{"floor":8.0,"key":"HornCleat"},{"floor":9.0,"key":"Matryoshka"},{"floor":13.0,"key":"InkBottle"},{"floor":13.0,"key":"Nunchaku"},{"floor":19,"key":"Red Mask"},{"floor":20,"key":"Necronomicon"},{"floor":23,"key":"Damaru"},{"floor":26,"key":"Omamori"},{"floor":26,"key":"Bottled Lightning"},{"floor":30,"key":"FossilizedHelix"},{"floor":40,"key":"Old Coin"},{"floor":43,"key":"MealTicket"},{"floor":48,"key":"Boot"}],"event_choices":[{"cards_removed":["Strike_P"],"damage_healed":0.0,"max_hp_gain":0.0,"max_hp_loss":0.0,"gold_gain":0.0,"event_name":"Bonfire Elementals","player_choice":"Offered Basic","floor":2.0,"gold_loss":0.0,"damage_taken":0.0},{"damage_healed":0.0,"max_hp_gain":0.0,"max_hp_loss":0.0,"gold_gain":0.0,"event_name":"Scrap Ooze","player_choice":"Success","floor":4.0,"gold_loss":0.0,"damage_taken":12.0,"relics_obtained":["Ancient Tea Set"]},{"cards_removed":["Defend_P"],"damage_healed":0.0,"max_hp_gain":0.0,"max_hp_loss":0.0,"gold_gain":0.0,"event_name":"Purifier","player_choice":"Purged","floor":5.0,"gold_loss":0.0,"damage_taken":0.0},{"damage_healed":0,"gold_gain":0,"player_choice":"Fought Bandits","damage_taken":0,"max_hp_gain":0,"max_hp_loss":0,"event_name":"Masked Bandits","floor":19,"gold_loss":0},{"damage_healed":0,"gold_gain":0,"player_choice":"Obtained Book","damage_taken":16,"max_hp_gain":0,"max_hp_loss":0,"event_name":"Cursed Tome","floor":20,"gold_loss":0},{"cards_removed":["Defend_P"],"damage_healed":0,"gold_gain":0,"player_choice":"Elegance","damage_taken":0,"max_hp_gain":0,"max_hp_loss":0,"event_name":"Back to Basics","floor":21,"gold_loss":0},{"damage_healed":0,"gold_gain":0,"player_choice":"Ignored","damage_taken":0,"max_hp_gain":0,"max_hp_loss":0,"event_name":"Vampires","floor":27,"gold_loss":0},{"damage_healed":0,"gold_gain":0,"player_choice":"Embrace Madness","damage_taken":9,"max_hp_gain":0,"max_hp_loss":0,"event_name":"Winding Halls","floor":39,"gold_loss":0,"cards_obtained":["Madness","Madness"]},{"damage_healed":0,"gold_gain":0,"player_choice":"Memory 1","damage_taken":0,"max_hp_gain":0,"max_hp_loss":0,"event_name":"SensoryStone","floor":41,"gold_loss":0},{"damage_healed":0,"gold_gain":0,"player_choice":"Ignored","damage_taken":0,"max_hp_gain":0,"max_hp_loss":0,"event_name":"Tomb of Lord Red Mask","floor":46,"gold_loss":0}],"is_beta":false,"boss_relics":[{"not_picked":["Ectoplasm","Velvet Choker"],"picked":"Empty Cage"},{"not_picked":["Coffee Dripper","Snecko Eye"],"picked":"SlaversCollar"}],"items_purged_floors":[31],"is_endless":false,"potions_floor_spawned":[3,8,11,19,28,30,33,36,42,45],"ascension_level":0}}