{"host":"i09pxcjttd31eh4q","time":1610805495,"event":{"mods":["AchievementEnabler","BaseMod","Colored Map","Keyboard Shortcuts","Minty Spire (QoL Compilation)","StSLib","SuperFastMode"],"gold_per_floor":[115,115,115,115,135,167,167,198,198,198,198],"floor_reached":10,"language":"KOR","playtime":112,"items_purged":[],"score":198,"play_id":"61c31f49-9104-4a9b-85dc-e9563d139e3e","local_time":"20210116225815","is_ascension_mode":true,"campfire_choices":[{"data":"Corpse Explosion","floor":7,"key":"SMITH"}],"circlet_count":0,"master_deck":["AscendersBane","Strike_G","Strike_G+1","Strike_G","Strike_G","Defend_G","Defend_G+1","Defend_G","Defend_G","Defend_G","Survivor","Neutralize","Corpse Explosion+1","Tactician","Catalyst"],"relics":["Ring of the Snake","NeowsBlessing","Omamori","Bottled Lightning","PreservedInsect","InkBottle"],"acts_visited":["Exordium"],"potions_floor_usage":[8,8,8,10],"damage_taken":[{"damage":0,"enemies":"2 Louse","floor":1,"turns":1},{"damage":0,"enemies":"Jaw Worm","floor":5,"turns":1},{"damage":0,"enemies":"Lagavulin","floor":6,"turns":1},{"damage":30,"enemies":"Gremlin Nob","floor":8,"turns":5},{"damage":22,"enemies":"Lagavulin","floor":10,"turns":3}],"seed_played":"-5736768513168778463","potions_obtained":[{"floor":1,"key":"CunningPotion"},{"floor":5,"key":"Block Potion"},{"floor":6,"key":"EntropicBrew"}],"is_trial":false,"path_per_floor":["M","?","?","?","M","E","R","E","T","E"],"character_chosen":"THE_SILENT","items_purchased":[],"campfire_rested":0,"item_purchase_floors":[],"current_hp_per_floor":[59,59,39,39,39,39,39,9,9,0,0],"gold":198,"neow_bonus":"THREE_ENEMY_KILL","is_daily":false,"chose_seed":false,"campfire_upgraded":1,"win_rate":0.0,"timestamp":1610805495,"path_taken":["M","?","?","?","M","E","R","E","T","E"],"items_purchased_type":[],"build_version":"2020-12-22","purchased_purges":0,"victory":false,"max_hp_per_floor":[66,66,66,66,66,66,66,66,66,66,66],"card_choices":[{"not_picked":["Dodge and Roll","Outmaneuver","Slice"],"picked":"SKIP","floor":1},{"not_picked":["Skewer","Heel Hook","Deflect"],"picked":"SKIP","floor":5},{"not_picked":["Accuracy","Wraith Form v2"],"picked":"Tactician","floor":6},{"not_picked":["Flechettes","Phantasmal Killer"],"picked":"Catalyst","floor":8}],"player_experience":861421,"relics_obtained":[{"floor":6,"key":"Bottled Lightning"},{"floor":8,"key":"PreservedInsect"},{"floor":9,"key":"InkBottle"}],"event_choices":[{"damage_healed":0,"gold_gain":0,"cards_transformed":["Strike_G"],"player_choice":"Change","damage_taken":0,"max_hp_gain":0,"max_hp_loss":0,"event_name":"Living Wall","floor":2,"gold_loss":0,"cards_obtained":["Corpse Explosion"]},{"damage_healed":0,"gold_gain":0,"player_choice":"Entered Light","damage_taken":20,"max_hp_gain":0,"max_hp_loss":0,"event_name":"Shining Light","floor":3,"gold_loss":0,"cards_upgraded":["Strike_G","Defend_G"]},{"damage_healed":0,"gold_gain":0,"player_choice":"Gave Potion","damage_taken":0,"relics_obtained":["Omamori"],"max_hp_gain":0,"max_hp_loss":0,"event_name":"WeMeetAgain","floor":4,"gold_loss":0}],"is_beta":false,"boss_relics":[],"items_purged_floors":[],"is_endless":false,"potions_floor_spawned":[1,5,6],"killed_by":"Lagavulin","ascension_level":20}}