{"host":"vyjryxuuuxkt43k4","time":1610759560,"event":{"mods":["AchievementEnabler","BaseMod","Colored Map","DeckTracker","Minty Spire (QoL Compilation)","Permanent Neow","Quick Restart","StSLib","SuperFastMode","everything is the same but u backflip on backflip"],"gold_per_floor":[115,132,146,164,114,114,142,142,165,181,256,281,281,12,12,109,109,121,151,165,90,109,109,109],"floor_reached":23,"language":"KOR","playtime":3486,"items_purged":["Strike_B"],"score":210,"play_id":"3ee0f15f-fe3a-45dc-bc2d-daae551515aa","local_time":"20210116101240","is_ascension_mode":true,"campfire_choices":[{"data":"Fusion","floor":6,"key":"SMITH"},{"floor":8,"key":"REST"},{"floor":13,"key":"REST"},{"floor":15,"key":"REST"}],"circlet_count":0,"master_deck":["Strike_B","Strike_B","Defend_B","Defend_B","Defend_B","Defend_B+1","Zap+1","Dualcast","Creative AI","Fusion+1","Chill","BootSequence","Capacitor","Defragment","Ball Lightning","Core Surge","Doom and Gloom","Loop","Coolheaded","Undo","Echo Form","Chill","Leap","Sweeping Beam","Auto Shields+1"],"relics":["Cracked Core","Dream Catcher","War Paint","Odd Mushroom","Mummified Hand","Philosopher\u0027s Stone","Red Mask"],"acts_visited":["Exordium","TheCity"],"potions_floor_usage":[7,12,12,22],"damage_taken":[{"damage":3,"enemies":"2 Louse","floor":1,"turns":2},{"damage":2,"enemies":"Jaw Worm","floor":2,"turns":3},{"damage":0,"enemies":"Cultist","floor":3,"turns":4},{"damage":25,"enemies":"Exordium Wildlife","floor":4,"turns":6},{"damage":18,"enemies":"3 Sentries","floor":7,"turns":7},{"damage":1,"enemies":"Red Slaver","floor":10,"turns":4},{"damage":9,"enemies":"The Mushroom Lair","floor":12,"turns":3},{"damage":26,"enemies":"The Guardian","floor":16,"turns":8},{"damage":11,"enemies":"Spheric Guardian","floor":18,"turns":4},{"damage":30,"enemies":"Masked Bandits","floor":19,"turns":6},{"damage":5,"enemies":"Chosen","floor":20,"turns":6},{"damage":3,"enemies":"Centurion and Healer","floor":22,"turns":7},{"damage":28,"enemies":"Book of Stabbing","floor":23,"turns":4}],"seed_played":"-464000632891970839","potions_obtained":[{"floor":2,"key":"Block Potion"},{"floor":3,"key":"Explosive Potion"},{"floor":10,"key":"Fire Potion"},{"floor":12,"key":"DuplicationPotion"},{"floor":20,"key":"SkillPotion"}],"is_trial":false,"path_per_floor":["M","M","M","M","?","R","E","R","T","M","?","?","R","$","R","B",null,"M","?","M","$","M","E"],"character_chosen":"DEFECT","items_purchased":["Mummified Hand","Coolheaded"],"campfire_rested":3,"item_purchase_floors":[14,14],"current_hp_per_floor":[51,49,49,24,24,24,6,28,28,27,16,7,29,29,51,25,75,64,34,29,29,26,0,0],"gold":109,"neow_bonus":"THREE_RARE_CARDS","is_daily":false,"chose_seed":false,"campfire_upgraded":1,"win_rate":0.0,"timestamp":1610759560,"path_taken":["M","M","M","M","?","R","E","R","T","M","?","?","R","$","R","BOSS","M","?","M","$","M","E"],"items_purchased_type":["Relic","Card"],"build_version":"2020-12-22","purchased_purges":1,"victory":false,"max_hp_per_floor":[75,75,75,75,75,75,75,75,75,75,75,75,75,75,75,75,75,75,75,75,75,75,75,75],"card_choices":[{"not_picked":["Meteor Strike","Fission"],"picked":"Creative AI","floor":0},{"not_picked":["Beam Cell","Static Discharge"],"picked":"Fusion","floor":1},{"not_picked":["Stack","Hologram"],"picked":"Chill","floor":2},{"not_picked":["Recycle","Hologram"],"picked":"BootSequence","floor":3},{"not_picked":["Compile Driver","Beam Cell"],"picked":"Capacitor","floor":4},{"not_picked":["Leap","Sweeping Beam"],"picked":"Defragment","floor":7},{"not_picked":["Redo","Rebound"],"picked":"Ball Lightning","floor":8},{"not_picked":["Reprogram","Static Discharge"],"picked":"Core Surge","floor":10},{"not_picked":["Sweeping Beam","Darkness"],"picked":"Doom and Gloom","floor":12},{"not_picked":["Streamline","Redo"],"picked":"Loop","floor":13},{"not_picked":["Cold Snap","Steam"],"picked":"Undo","floor":15},{"not_picked":["Rainbow","Creative AI"],"picked":"Echo Form","floor":16},{"not_picked":["Redo","Go for the Eyes"],"picked":"Chill","floor":18},{"not_picked":["Chaos","Beam Cell+1"],"picked":"Leap","floor":19},{"not_picked":["Chaos","Hello World"],"picked":"Sweeping Beam","floor":20},{"not_picked":["Cold Snap+1","Force Field"],"picked":"Auto Shields+1","floor":22}],"player_experience":346030,"relics_obtained":[{"floor":7,"key":"Dream Catcher"},{"floor":9,"key":"War Paint"},{"floor":12,"key":"Odd Mushroom"},{"floor":19,"key":"Red Mask"}],"event_choices":[{"cards_removed":["Strike_B"],"damage_healed":0,"gold_gain":0,"player_choice":"Card Removal","damage_taken":0,"max_hp_gain":0,"max_hp_loss":0,"event_name":"The Cleric","floor":5,"gold_loss":50},{"damage_healed":0,"gold_gain":75,"player_choice":"Gather Gold","damage_taken":11,"max_hp_gain":0,"max_hp_loss":0,"event_name":"World of Goop","floor":11,"gold_loss":0},{"damage_healed":0,"gold_gain":0,"player_choice":"Fought Mushrooms","damage_taken":0,"max_hp_gain":0,"max_hp_loss":0,"event_name":"Mushrooms","floor":12,"gold_loss":0},{"damage_healed":0,"gold_gain":0,"player_choice":"Fought Bandits","damage_taken":0,"max_hp_gain":0,"max_hp_loss":0,"event_name":"Masked Bandits","floor":19,"gold_loss":0}],"is_beta":false,"boss_relics":[{"not_picked":["Sozu","Busted Crown"],"picked":"Philosopher\u0027s Stone"}],"items_purged_floors":[21],"is_endless":false,"potions_floor_spawned":[2,3,10,12,20],"killed_by":"Book of Stabbing","ascension_level":2}}