{"host":"30p6vp5e6xgjixv6","time":1610840212,"event":{"mods":["AchievementEnabler","BaseMod","Better Match","Better Note","BetterRewards","Colored Map","Colored Powertips","Downfall","Gremlin Skip","Minty Spire (QoL Compilation)","Quick Restart","Rare Cards Sparkle","Relic Filter","StSLib","The IronCluck"],"gold_per_floor":[99,116,130,143,155,170,170,203,220,220,232,232,247,281,292,292,292,292],"floor_reached":16,"language":"ENG","playtime":821,"items_purged":[],"score":118,"play_id":"ef5019c2-e2da-4f7e-a263-212bded24790","local_time":"20210116183652","is_ascension_mode":false,"campfire_choices":[{"data":"Discovery","floor":1,"key":"SMITH"},{"floor":10,"key":"REST"},{"data":"champ:TripleStrike","floor":12,"key":"SMITH"}],"circlet_count":0,"master_deck":["champ:Strike","champ:Strike","champ:Strike","champ:Strike","champ:Defend","champ:Defend","champ:Defend","champ:Defend","champ:Execute","champ:Taunt","Discovery+1","champ:BladeFlurry","champ:FanOfKnives","champ:BladeFlurry","champ:RapidStrikes","champ:TripleStrike+1","champ:BerserkersShout"],"relics":["champ:ChampionCrown","Ornamental Fan","Ancient Tea Set","Juzu Bracelet"],"acts_visited":["Exordium"],"potions_floor_usage":[8,14,14,14,16],"damage_taken":[{"damage":8,"enemies":"Jaw Worm","floor":2,"turns":2},{"damage":11,"enemies":"Cultist","floor":3,"turns":3},{"damage":12,"enemies":"2 Louse","floor":4,"turns":2},{"damage":16,"enemies":"Blue Slaver","floor":5,"turns":3},{"damage":27,"enemies":"Red Slaver","floor":6,"turns":5},{"damage":2,"enemies":"Gremlin Nob","floor":8,"turns":3},{"damage":14,"enemies":"3 Louse","floor":9,"turns":3},{"damage":23,"enemies":"Exordium Thugs","floor":11,"turns":3},{"damage":6,"enemies":"Lots of Slimes","floor":13,"turns":3},{"damage":12,"enemies":"Lagavulin","floor":14,"turns":4},{"damage":8,"enemies":"3 Louse","floor":15,"turns":3},{"damage":46,"enemies":"SI_SHIV_ARCHETYPE","floor":16,"turns":7}],"seed_played":"-2586313063785559226","potions_obtained":[{"floor":2,"key":"DuplicationPotion"},{"floor":5,"key":"Strength Potion"},{"floor":11,"key":"hexamod:SoulburnPotion"},{"floor":13,"key":"Dexterity Potion"},{"floor":14,"key":"GamblersBrew"}],"is_trial":false,"path_per_floor":["R","M","M","M","M","M","T","E","M","R","M","R","M","E","M","B"],"character_chosen":"THE_CHAMP","items_purchased":[],"campfire_rested":1,"item_purchase_floors":[],"current_hp_per_floor":[90,82,81,79,68,51,51,49,45,72,59,59,58,51,43,0,0,0],"gold":292,"neow_bonus":"RANDOM_COLORLESS","is_daily":false,"chose_seed":false,"campfire_upgraded":2,"win_rate":0.0,"timestamp":1610840212,"path_taken":["R","M","M","M","M","M","T","E","M","R","M","R","M","E","M","BOSS"],"items_purchased_type":[],"build_version":"2020-12-22","purchased_purges":0,"victory":false,"max_hp_per_floor":[90,90,90,90,90,90,90,90,90,90,90,90,90,90,90,90,90,90],"card_choices":[{"not_picked":["Forethought","Trip"],"picked":"Discovery","floor":0},{"not_picked":["champ:Circumvent","champ:Shatter"],"picked":"champ:BladeFlurry","floor":2},{"not_picked":["champ:BringItOn","champ:BerserkersShout"],"picked":"champ:FanOfKnives","floor":3},{"not_picked":["champ:GladiatorStyle","champ:PreciseThrust"],"picked":"champ:BladeFlurry","floor":4},{"not_picked":["champ:FocusedDefense","champ:Duel"],"picked":"champ:RapidStrikes","floor":5},{"not_picked":["champ:FanOfKnives","champ:Shatter"],"picked":"champ:TripleStrike","floor":6},{"not_picked":["champ:Parry","champ:TornadoPunch","champ:CalledShot"],"picked":"SKIP","floor":8},{"not_picked":["champ:FanOfKnives","champ:EnGarde","champ:FlashCut"],"picked":"SKIP","floor":9},{"not_picked":["champ:Circumvent","champ:PreemptiveStrike","champ:ShieldThrow"],"picked":"SKIP","floor":11},{"not_picked":["champ:Backstep","champ:Shatter","champ:Haymaker"],"picked":"SKIP","floor":13},{"not_picked":["champ:SwordThrow","champ:Improvising"],"picked":"champ:BerserkersShout","floor":14},{"not_picked":["champ:AdrenalArmor","champ:FlashCut","champ:BerserkersShout"],"picked":"SKIP","floor":15}],"player_experience":196721,"relics_obtained":[{"floor":7,"key":"Ornamental Fan"},{"floor":8,"key":"Ancient Tea Set"},{"floor":14,"key":"Juzu Bracelet"}],"event_choices":[],"is_beta":false,"boss_relics":[],"items_purged_floors":[],"is_endless":false,"potions_floor_spawned":[2,5,11,13,14],"killed_by":"SI_SHIV_ARCHETYPE","ascension_level":0}}