{"host":"i0xrm7p89v8es8ob","time":1610792174,"event":{"mods":["ATMod(阿瑾Mod)","BaseMod","Decade(王小明)","Hermit","Minty Spire (QoL Compilation)","Quick Restart","Relic Stats","Replay The Spire","Robot Space Explorer","Spicy Shops","StSLib","vexMod","【遗物卡牌】REMEMod"],"gold_per_floor":[124,124,136,136,86,159,183,183,183,50,50,25,48,22,22,152,152,180,29,48,48,98,130,130,156,156,5,5,20,20,47,133,238,238,249,18,51,116,180,249,249,281,281,307,307,327,356,372,372,372],"floor_reached":51,"language":"ZHS","playtime":3552,"items_purged":["Decay"],"score":949,"play_id":"397addb8-69fc-4e24-bd81-ef63981b88a4","local_time":"20210116181614","is_ascension_mode":false,"campfire_choices":[{"data":"AT_FamilyPortrait","floor":11.0,"key":"SMITH"},{"data":"hermit:DeadOrAlive","floor":15.0,"key":"SMITH"},{"data":"Kuuga_Rising","floor":24.0,"key":"SMITH"},{"data":"KamenRideKuuga","floor":30.0,"key":"SMITH"},{"data":"Hibiki_Attack1","floor":41,"key":"SMITH"},{"floor":45,"key":"REST"}],"circlet_count":0,"master_deck":["Decade_Attack+1","Decade_Attack+1","Decade_Attack+1","Decade_Attack+1","Decade_SpecialSkill","Decade_Defend+1","Decade_Defend","Decade_Defend","Decade_Defend","hermit:DeadOrAlive+1","AT_FamilyPortrait+1","KamenRideKuuga+1","Hibiki_Attack1+1","Kuuga_Rising+1","UnarmedAttack5","ReplayTheSpireMod:Splinters","AttackRide+1","FormRideAxel","Blade_Beat+1","FormRideJack+1","Decade_Defend3","Kuuga_GouramAttack+1","RideBooker_Skill_1","Decade_Defend2+1","UnarmedAttack3+1","DenO_Sword","Kuuga_GouramAttack","DenO_Sword"],"relics":["Decadriver","TOEIDeficitBill","REME_ComplimentaryCards","AT_ATBox","NeowsBlessing","Ring of Hypnosis","ReplayTheSpireMod:Ring of Collecting","Bloody Idol","Replay:Bottled Eggs","Ring of Panic","White Beast Statue","HandDrill","Oddly Smooth Stone","vexMod:DeviousBotling","AT_EbonyIvory","vexMod:HeadHunter","Red Mask","Bag of Preparation","Ring of Fury","Divine Protection","Frozen Eye","Enchiridion","Toy Ornithopter","Ring of Searing","Runic Pyramid","Membership Card","Strawberry","Peace Pipe","Juzu Bracelet","The Courier","vexMod:RetaliationKit","ReplayTheSpireMod:Ring of Addiction","SacredBark","Potion Belt","Gremlin Food"],"acts_visited":["Exordium","TheCity","TheBeyond"],"potions_floor_usage":[44,46,47,48,50,50,50],"damage_taken":[{"damage":0.0,"enemies":"Small Slimes","floor":1.0,"turns":1.0},{"damage":0.0,"enemies":"Jaw Worm","floor":3.0,"turns":1.0},{"damage":0.0,"enemies":"Gremlin Nob","floor":6.0,"turns":1.0},{"damage":0.0,"enemies":"2 Louse","floor":7.0,"turns":1.0},{"damage":0.0,"enemies":"Blue Slaver","floor":13.0,"turns":3.0},{"damage":0.0,"enemies":"Fading Forest","floor":16.0,"turns":11.0},{"damage":0.0,"enemies":"Shell Parasite","floor":18.0,"turns":1.0},{"damage":17.0,"enemies":"Masked Bandits","floor":22.0,"turns":3.0},{"damage":13.0,"enemies":"Replay:Snechameleon","floor":23.0,"turns":5.0},{"damage":18.0,"enemies":"2 Thieves","floor":25.0,"turns":3.0},{"damage":0.0,"enemies":"Chosen and Byrds","floor":29.0,"turns":4.0},{"damage":0.0,"enemies":"Collector","floor":33.0,"turns":2.0},{"damage":6.0,"enemies":"Orb Walker","floor":35.0,"turns":2.0},{"damage":10.0,"enemies":"3 Shapes","floor":37.0,"turns":3.0},{"damage":0.0,"enemies":"Mind Bloom Boss Battle","floor":38.0,"turns":2.0},{"damage":26.0,"enemies":"2 Orb Walkers","floor":39.0,"turns":3.0},{"damage":16,"enemies":"Nemesis","floor":40,"turns":3},{"damage":31,"enemies":"R_Hoarder","floor":42,"turns":5},{"damage":47,"enemies":"Nemesis","floor":44,"turns":5},{"damage":18,"enemies":"Transient","floor":46,"turns":5},{"damage":18,"enemies":"Sphere and 2 Shapes","floor":47,"turns":3},{"damage":6,"enemies":"Maw","floor":48,"turns":3},{"damage":65,"enemies":"Awakened One","floor":50,"turns":8}],"seed_played":"-628864812300833170","potions_obtained":[{"floor":1.0,"key":"Reflective Coating"},{"floor":3.0,"key":"Energy Potion"},{"floor":13.0,"key":"SteroidPotion"},{"floor":16.0,"key":"Energy Potion"},{"floor":18.0,"key":"REME_GoldPotion"},{"floor":22.0,"key":"Block Potion"},{"floor":23.0,"key":"ColorlessPotion"},{"floor":25.0,"key":"LifebloodPotion"},{"floor":29.0,"key":"Adrenaline Potion"},{"floor":33.0,"key":"FearPotion"},{"floor":38.0,"key":"EssenceOfSteel"},{"floor":39.0,"key":"Doom Potion"},{"floor":40,"key":"Flashbang"},{"floor":42,"key":"BlessingOfTheForge"},{"floor":43,"key":"DistilledChaos"},{"floor":43,"key":"Flashbang"},{"floor":44,"key":"SkillPotion"},{"floor":46,"key":"SpeedPotion"},{"floor":47,"key":"FearPotion"},{"floor":48,"key":"Flashbang"}],"is_trial":false,"path_per_floor":["M","?","M","?","?","E","M","?","T","$","R","?","M","$","R","B",null,"M","$","?","?","?","E","R","M","T","$","?","M","R","T","R","B",null,"M","$","M","?","?","E","R","E","T","E","R","M","M","M","R","B",null],"character_chosen":"Decade","items_purchased":["HandDrill","Oddly Smooth Stone","Hibiki_Attack1","AT_EbonyIvory","Frozen Eye","Membership Card","Strawberry"],"campfire_rested":1,"item_purchase_floors":[10,10,14,19,27,36,36],"current_hp_per_floor":[70,70,70,53,53,53,53,58,58,58,58,58,68,68,68,75,75,75,75,75,75,72,70,70,67,67,67,51,61,61,66,71,75,75,74,81,82,82,66,70,70,67,67,51,75,82,79,81,81,51],"gold":372,"neow_bonus":"THREE_ENEMY_KILL","is_daily":false,"chose_seed":false,"campfire_upgraded":5,"win_rate":0.0,"timestamp":1610792174,"path_taken":["M","?","M","?","?","E","?","?","T","$","R","?","M","?","R","BOSS","M","$","?","?","?","E","R","M","T","$","?","M","R","?","R","BOSS","M","$","M","?","?","E","R","E","T","E","R","M","M","M","R","BOSS"],"items_purchased_type":["Relic","Relic","Card","Relic","Relic","Relic","Relic"],"build_version":"2020-12-22","purchased_purges":1,"victory":true,"max_hp_per_floor":[70,70,70,70,70,70,70,75,75,75,75,75,75,75,75,75,75,75,75,75,75,75,75,75,75,75,75,75,75,75,75,75,75,75,75,82,82,82,82,82,82,82,82,82,82,82,82,82,82,82],"relic_stats":{"Peace Pipe":0,"counters":[23,78],"Bloody Idol":100,"HandDrill":[30],"Bag of Preparation":[28],"Juzu Bracelet":0,"obtain_stats":[{"Divine Protection":26,"AT_ATBox":0,"SacredBark":43,"Enchiridion":28,"Decadriver":0,"Bag of Preparation":23,"Juzu Bracelet":40,"Ring of Searing":31,"Frozen Eye":27,"Strawberry":36,"vexMod:DeviousBotling":17,"HandDrill":10,"Red Mask":22,"Replay:Bottled Eggs":6,"Ring of Panic":9,"vexMod:RetaliationKit":43,"Runic Pyramid":34,"Potion Belt":43,"Gremlin Food":44,"NeowsBlessing":0,"Ring of Hypnosis":2,"Golden Idol":4,"ReplayTheSpireMod:Ring of Addiction":43,"Oddly Smooth Stone":10,"AT_EbonyIvory":19,"The Courier":42,"TOEIDeficitBill":0,"White Beast Statue":9,"Peace Pipe":38,"ReplayTheSpireMod:Ring of Collecting":2,"vexMod:HeadHunter":20,"Bloody Idol":21,"Ring of Fury":26,"Membership Card":36,"Toy Ornithopter":31,"REME_ComplimentaryCards":0},{"Divine Protection":10,"AT_ATBox":0,"SacredBark":18,"Enchiridion":10,"Decadriver":0,"Bag of Preparation":9,"Juzu Bracelet":17,"Ring of Searing":11,"Frozen Eye":10,"Strawberry":13,"vexMod:DeviousBotling":6,"HandDrill":4,"Red Mask":8,"Replay:Bottled Eggs":3,"Ring of Panic":4,"vexMod:RetaliationKit":18,"Runic Pyramid":12,"Potion Belt":18,"Gremlin Food":19,"NeowsBlessing":0,"Ring of Hypnosis":1,"Golden Idol":2,"ReplayTheSpireMod:Ring of Addiction":18,"Oddly Smooth Stone":4,"AT_EbonyIvory":7,"The Courier":18,"TOEIDeficitBill":0,"White Beast Statue":4,"Peace Pipe":15,"ReplayTheSpireMod:Ring of Collecting":1,"vexMod:HeadHunter":7,"Bloody Idol":7,"Ring of Fury":10,"Membership Card":13,"Toy Ornithopter":11,"REME_ComplimentaryCards":0},{"Divine Protection":30,"AT_ATBox":0,"SacredBark":54,"Enchiridion":30,"Decadriver":0,"Bag of Preparation":27,"Juzu Bracelet":49,"Ring of Searing":34,"Frozen Eye":30,"Strawberry":38,"vexMod:DeviousBotling":18,"HandDrill":4,"Red Mask":22,"Replay:Bottled Eggs":3,"Ring of Panic":4,"vexMod:RetaliationKit":54,"Runic Pyramid":36,"Potion Belt":54,"Gremlin Food":59,"NeowsBlessing":0,"Ring of Hypnosis":1,"Golden Idol":2,"ReplayTheSpireMod:Ring of Addiction":54,"Oddly Smooth Stone":4,"AT_EbonyIvory":19,"The Courier":54,"TOEIDeficitBill":0,"White Beast Statue":4,"Peace Pipe":43,"ReplayTheSpireMod:Ring of Collecting":1,"vexMod:HeadHunter":19,"Bloody Idol":19,"Ring of Fury":30,"Membership Card":38,"Toy Ornithopter":34,"REME_ComplimentaryCards":0}],"Toy Ornithopter":11},"card_choices":[{"not_picked":["Decade_Defend2","Kuuga_GouramAttack"],"picked":"KamenRideKuuga","floor":1.0},{"not_picked":["FormRideGaruru","UnarmedAttack8","DenO_Gun"],"picked":"SKIP","floor":6.0},{"not_picked":["Kiva_Swallow","FormRideAxel"],"picked":"Kuuga_Rising","floor":16.0},{"not_picked":["DragShield","Blade_Kick"],"picked":"UnarmedAttack5","floor":18.0},{"not_picked":["Blade_Slash","RideBooker_Skill_1","Dragreder"],"picked":"SKIP","floor":25.0},{"not_picked":["FormRideStorm","Decade_Dash1"],"picked":"AttackRide+1","floor":29.0},{"not_picked":["Kabuto_ClockUp","TimeVent"],"picked":"FormRideAxel","floor":33.0},{"not_picked":["Decade_Dash1","UnarmedAttack1+1"],"picked":"Blade_Beat+1","floor":35.0},{"not_picked":["KamenRideDecade","UnarmedAttack8+1"],"picked":"FormRideJack+1","floor":40},{"not_picked":["Decade_Dash1+1","MirrorWorld"],"picked":"Decade_Defend3","floor":42},{"not_picked":["UnarmedAttack5","Hibiki_Attack2"],"picked":"Kuuga_GouramAttack+1","floor":44},{"not_picked":["FormRideBasshaa+1","Blade_Mach+1"],"picked":"RideBooker_Skill_1","floor":44},{"not_picked":["Hibiki_Attack2+1","KamenRideDecade"],"picked":"Decade_Defend2+1","floor":46},{"not_picked":["FormRidePegasus","Hibiki_FEVER","FormRideBasshaa+1"],"picked":"SKIP","floor":46},{"not_picked":["AutoVajin","Dragreder+1"],"picked":"UnarmedAttack3+1","floor":47},{"not_picked":["KamenRideKabuto","Hibiki_Attack2"],"picked":"DenO_Sword","floor":47},{"not_picked":["Blade_Slash","PhotonAcceleration"],"picked":"Kuuga_GouramAttack","floor":48}],"player_experience":63689,"relics_obtained":[{"floor":2.0,"key":"Ring of Hypnosis"},{"floor":2.0,"key":"ReplayTheSpireMod:Ring of Collecting"},{"floor":6.0,"key":"Replay:Bottled Eggs"},{"floor":9.0,"key":"Ring of Panic"},{"floor":9.0,"key":"White Beast Statue"},{"floor":20.0,"key":"vexMod:HeadHunter"},{"floor":22.0,"key":"Red Mask"},{"floor":23.0,"key":"Bag of Preparation"},{"floor":26.0,"key":"Ring of Fury"},{"floor":26.0,"key":"Divine Protection"},{"floor":28.0,"key":"Enchiridion"},{"floor":31.0,"key":"Toy Ornithopter"},{"floor":31.0,"key":"Ring of Searing"},{"floor":38.0,"key":"Peace Pipe"},{"floor":40,"key":"Juzu Bracelet"},{"floor":42,"key":"The Courier"},{"floor":43,"key":"vexMod:RetaliationKit"},{"floor":43,"key":"ReplayTheSpireMod:Ring of Addiction"},{"floor":43,"key":"SacredBark"},{"floor":43,"key":"Potion Belt"},{"floor":44,"key":"Gremlin Food"}],"event_choices":[{"damage_healed":0.0,"max_hp_gain":0.0,"max_hp_loss":0.0,"gold_gain":0.0,"event_name":"Golden Idol","player_choice":"Take Damage","floor":4.0,"gold_loss":0.0,"damage_taken":17.0,"relics_obtained":["Golden Idol"]},{"cards_removed":["Spreading Infection"],"damage_healed":0.0,"max_hp_gain":0.0,"max_hp_loss":0.0,"gold_gain":0.0,"event_name":"The Cleric","player_choice":"Card Removal","floor":5.0,"gold_loss":50.0,"damage_taken":0.0},{"damage_healed":0.0,"max_hp_gain":5.0,"max_hp_loss":0.0,"gold_gain":0.0,"event_name":"Big Fish","player_choice":"Donut","floor":8.0,"gold_loss":0.0,"damage_taken":0.0},{"damage_healed":0.0,"max_hp_gain":0.0,"max_hp_loss":0.0,"gold_gain":0.0,"event_name":"Forgotten Altar","player_choice":"Gave Idol","floor":21.0,"relics_lost":["Golden Idol"],"gold_loss":0.0,"damage_taken":0.0,"relics_obtained":["Bloody Idol"]},{"damage_healed":0.0,"max_hp_gain":0.0,"max_hp_loss":0.0,"gold_gain":0.0,"event_name":"Masked Bandits","player_choice":"Fought Bandits","floor":22.0,"gold_loss":0.0,"damage_taken":0.0},{"damage_healed":0.0,"max_hp_gain":0.0,"max_hp_loss":0.0,"gold_gain":0.0,"event_name":"Cursed Tome","player_choice":"Obtained Book","floor":28.0,"gold_loss":0.0,"damage_taken":16.0},{"damage_healed":0.0,"max_hp_gain":0.0,"max_hp_loss":0.0,"gold_gain":0.0,"event_name":"MindBloom","player_choice":"Fight","floor":38.0,"gold_loss":0.0,"damage_taken":0.0},{"damage_healed":0.0,"max_hp_gain":0.0,"max_hp_loss":0.0,"gold_gain":0.0,"event_name":"Mysterious Sphere","player_choice":"Fight","floor":39.0,"gold_loss":0.0,"damage_taken":0.0}],"is_beta":false,"boss_relics":[{"not_picked":["vexMod:NewClearReactor","vexMod:EndlessSickness"],"picked":"vexMod:DeviousBotling"},{"not_picked":["SlaversCollar","Astrolabe"],"picked":"Runic Pyramid"}],"items_purged_floors":[36],"is_endless":false,"potions_floor_spawned":[1,3,13,16,18,22,23,25,29,33,35,37,38,39,40,42,44,46,47,48],"ascension_level":0}}