{"host":"cdcsem0stf6rethc","time":1610772145,"event":{"mods":["AchievementEnabler","BaseMod","Colored Map","Highlight Path","Minty Spire (QoL Compilation)","StSLib","The Bug Knight"],"gold_per_floor":[119,132,149,163,182,182,192,192,192,210,210,60,6,20,20,20,20],"floor_reached":16,"language":"ENG","playtime":835,"items_purged":[],"score":96,"play_id":"6c4ccf6d-e9f6-479b-8db8-4c0cbe0bfb33","local_time":"20210116124225","is_ascension_mode":false,"campfire_choices":[{"data":"HollowMod:PureNailStrike","floor":6,"key":"SMITH"},{"data":"HollowMod:MothsMistake","floor":8,"key":"SMITH"},{"data":"HollowMod:InfectedCysts","floor":11,"key":"SMITH"},{"floor":15,"key":"REST"}],"circlet_count":0,"master_deck":["HollowMod:NailStrikeStart","HollowMod:NailStrikeStart","HollowMod:NailStrikeStart","HollowMod:NailStrikeStart","HollowMod:QuickDashStart","HollowMod:QuickDashStart","HollowMod:QuickDashStart","HollowMod:QuickDashStart","HollowMod:FocusHealStart","HollowMod:PogoStrike","HollowMod:LifebloodCocoon","HollowMod:InfectedCysts+1","HollowMod:ChannelNail","HollowMod:SoulEater","HollowMod:PureNailStrike+1","HollowMod:MothsMistake+1","HollowMod:NewJinnsSoul","HollowMod:TaintedHusks+1","HollowMod:CornifersMapStart"],"relics":["HollowMod:VesselMask","Regal Pillow","HollowMod:StagPassRelic"],"acts_visited":["Exordium"],"potions_floor_usage":[16,16],"damage_taken":[{"damage":1,"enemies":"Cultist","floor":1,"turns":4},{"damage":7,"enemies":"2 Louse","floor":2,"turns":3},{"damage":7,"enemies":"Small Slimes","floor":3,"turns":2},{"damage":15,"enemies":"2 Fungi Beasts","floor":4,"turns":3},{"damage":11,"enemies":"Exordium Thugs","floor":5,"turns":4},{"damage":0,"enemies":"3 Louse","floor":7,"turns":1},{"damage":7,"enemies":"Large Slime","floor":10,"turns":7},{"damage":20,"enemies":"2 Fungi Beasts","floor":14,"turns":3},{"damage":59,"enemies":"Hexaghost","floor":16,"turns":7}],"seed_played":"-9114925073861214910","potions_obtained":[{"floor":3,"key":"Strength Potion"},{"floor":5,"key":"FearPotion"},{"floor":7,"key":"Explosive Potion"}],"is_trial":false,"path_per_floor":["M","M","M","M","M","R","M","R","T","M","R","?","$","M","R","B"],"character_chosen":"THE_BUGKNIGHT","items_purchased":["HollowMod:TaintedHusks"],"campfire_rested":1,"item_purchase_floors":[13],"current_hp_per_floor":[81,74,67,52,41,41,41,41,41,40,40,40,40,20,59,0,0],"gold":20,"neow_bonus":"TEN_PERCENT_HP_BONUS","is_daily":false,"chose_seed":false,"campfire_upgraded":3,"win_rate":0.0,"timestamp":1610772145,"path_taken":["M","?","M","M","M","R","M","R","T","M","R","?","$","M","R","BOSS"],"items_purchased_type":["Card"],"build_version":"2020-12-22","purchased_purges":0,"victory":false,"max_hp_per_floor":[82,82,82,82,82,82,82,82,82,82,82,82,82,82,82,82,82],"card_choices":[{"not_picked":["HollowMod:BlackTendrils","HollowMod:DescendingDark"],"picked":"HollowMod:LifebloodCocoon","floor":1},{"not_picked":["HollowMod:SiblingsSouls","HollowMod:SharpenedShadows"],"picked":"HollowMod:InfectedCysts","floor":2},{"not_picked":["HollowMod:PureNailStrike","HollowMod:GreatSlash"],"picked":"HollowMod:ChannelNail","floor":3},{"not_picked":["HollowMod:CornifersMapStart","HollowMod:InfectedAttack"],"picked":"HollowMod:SoulEater","floor":4},{"not_picked":["HollowMod:BaldurShell","HollowMod:CoiledNail"],"picked":"HollowMod:PureNailStrike","floor":5},{"not_picked":["HollowMod:CrystalDash","HollowMod:NewJinnsSoul"],"picked":"HollowMod:MothsMistake","floor":7},{"not_picked":["HollowMod:DoubleDash","HollowMod:SoulVessel"],"picked":"HollowMod:NewJinnsSoul","floor":10},{"not_picked":["HollowMod:SharpenedNail","HollowMod:ChannelNail"],"picked":"HollowMod:CornifersMapStart","floor":14}],"player_experience":77292,"relics_obtained":[{"floor":9,"key":"Regal Pillow"}],"event_choices":[],"is_beta":false,"boss_relics":[],"items_purged_floors":[],"is_endless":false,"potions_floor_spawned":[3,5,7],"killed_by":"Hexaghost","ascension_level":0}}