{"host":"jm9833yuloeli2yd","time":1610766435,"event":{"mods":["BaseMod","Better Altar","Better Match","Better Note","Better Sensory Stone","Better Skull","Better Third Choice","Better Vampires","BetterRewards","Colored Map","Colored Powertips","DeckTracker","Minty Spire (QoL Compilation)","Permanent Neow","Quick Restart","Slay-I","StSLib","SuperFastMode"],"gold_per_floor":[115,133,133,208,173,173,183,213,260,17,51,51,51,78,78,155,155,168,10,10,22,22,22,56,56,102,27,42,142,142,142],"floor_reached":30,"language":"ENG","playtime":760,"items_purged":["Strike_B","Strike_B"],"score":824,"play_id":"c750127a-2a82-49b8-b1d4-ddae123d6fb1","local_time":"20210115220715","is_ascension_mode":true,"campfire_choices":[{"data":"Defragment","floor":6.0,"key":"SMITH"},{"data":"Barrage","floor":13.0,"key":"SMITH"},{"floor":15.0,"key":"REST"},{"data":"Go for the Eyes","floor":23.0,"key":"SMITH"}],"circlet_count":0,"master_deck":["AscendersBane","Defend_B","Defend_B","Defend_B","Defend_B","Zap","Dualcast","Rip and Tear","Defragment+1","Go for the Eyes+1","Coolheaded","Barrage+1","Conserve Battery","Hologram","Dark Shackles","Echo Form","BootSequence+1","Seek","Doom and Gloom","Tempest","Echo Form","Turbo"],"relics":["Cracked Core","Membership Card","PreservedInsect","WingedGreaves","Ancient Tea Set","Smiling Mask","Vajra","HornCleat","Omamori","Strawberry","Art of War","Velvet Choker","Runic Capacitor","Regal Pillow","MawBank","FossilizedHelix","Molten Egg 2"],"acts_visited":["Exordium","TheCity"],"potions_floor_usage":[30],"damage_taken":[{"damage":2.0,"enemies":"Jaw Worm","floor":1.0,"turns":2.0},{"damage":0.0,"enemies":"Small Slimes","floor":2.0,"turns":3.0},{"damage":6.0,"enemies":"Cultist","floor":7.0,"turns":3.0},{"damage":7.0,"enemies":"Lagavulin","floor":8.0,"turns":5.0},{"damage":0.0,"enemies":"Gremlin Nob","floor":11.0,"turns":3.0},{"damage":5.0,"enemies":"Lagavulin","floor":14.0,"turns":5.0},{"damage":6.0,"enemies":"Hexaghost","floor":16.0,"turns":10.0},{"damage":16.0,"enemies":"Shell Parasite","floor":18.0,"turns":5.0},{"damage":0.0,"enemies":"Chosen","floor":21.0,"turns":5.0},{"damage":0.0,"enemies":"Book of Stabbing","floor":24.0,"turns":3.0},{"damage":17.0,"enemies":"Snecko","floor":28.0,"turns":6.0},{"damage":7.0,"enemies":"Colosseum Slavers","floor":29.0,"turns":4.0},{"damage":2.0,"enemies":"Colosseum Nobs","floor":29.0,"turns":3.0},{"damage":27,"enemies":"Slavers","floor":30,"turns":3}],"seed_played":"-4700584766735769566","potions_obtained":[{"floor":1.0,"key":"Fire Potion"},{"floor":16.0,"key":"Energy Potion"},{"floor":20.0,"key":"EssenceOfDarkness"},{"floor":21.0,"key":"FearPotion"},{"floor":24.0,"key":"Explosive Potion"}],"is_trial":false,"path_per_floor":["M","M","?","?","?","R","M","E","T","$","E","?","R","E","R","B",null,"M","$","?","M","$","R","E","?","T","$","M","?","E"],"character_chosen":"DEFECT","items_purchased":["Membership Card","PreservedInsect","Rip and Tear","Strength Potion","HornCleat","Omamori","Conserve Battery","Runic Capacitor","Swift Potion","Echo Form"],"campfire_rested":1,"item_purchase_floors":[0,0,0,0,10,10,10,19,19,27],"current_hp_per_floor":[55,55,20,9,26,26,20,13,13,13,20,20,20,15,38,32,67,51,51,51,51,51,51,51,51,51,51,34,25,0,0],"gold":142,"neow_bonus":"","is_daily":false,"chose_seed":false,"campfire_upgraded":3,"win_rate":0.0,"timestamp":1610766435,"path_taken":["M","M","?","?","?","R","M","E","T","$","E","?","R","E","R","BOSS","M","$","?","M","?","R","E","?","T","$","M","?","E"],"items_purchased_type":["Relic","Relic","Card","Potion","Relic","Relic","Card","Relic","Potion","Card"],"build_version":"2020-12-22","purchased_purges":2,"victory":false,"max_hp_per_floor":[71,71,71,71,71,71,71,71,71,71,78,78,78,78,78,78,78,78,78,78,78,78,78,78,78,78,78,78,78,78,78],"card_choices":[{"not_picked":["Gash","Darkness"],"picked":"Defragment","floor":1.0},{"not_picked":["Stack","Conserve Battery"],"picked":"Go for the Eyes","floor":2.0},{"not_picked":["Rip and Tear","Hologram"],"picked":"Coolheaded","floor":7.0},{"not_picked":["Redo","Scrape"],"picked":"Barrage","floor":8.0},{"not_picked":["Turbo","Leap"],"picked":"Hologram","floor":11.0},{"not_picked":["Forethought","Impatience"],"picked":"Dark Shackles","floor":12.0},{"not_picked":["Tempest","Sweeping Beam","Darkness"],"picked":"SKIP","floor":14.0},{"not_picked":["Rainbow","Buffer"],"picked":"Echo Form","floor":16.0},{"not_picked":["Reinforced Body","Sweeping Beam","Coolheaded"],"picked":"SKIP","floor":18.0},{"not_picked":["Barrage","Redo+1"],"picked":"BootSequence+1","floor":21.0},{"not_picked":["Leap+1","Hologram"],"picked":"Seek","floor":24.0},{"not_picked":["Compile Driver","Reprogram"],"picked":"Turbo","floor":28.0}],"player_experience":1320949,"relics_obtained":[{"floor":8.0,"key":"Smiling Mask"},{"floor":9.0,"key":"Vajra"},{"floor":11.0,"key":"Strawberry"},{"floor":14.0,"key":"Art of War"},{"floor":24.0,"key":"Regal Pillow"},{"floor":26.0,"key":"MawBank"},{"floor":29.0,"key":"FossilizedHelix"},{"floor":29.0,"key":"Molten Egg 2"}],"event_choices":[{"damage_healed":0.0,"max_hp_gain":0.0,"max_hp_loss":0.0,"gold_gain":0.0,"event_name":"betterThird:BetterScrap","player_choice":"Relic ","floor":3.0,"gold_loss":0.0,"damage_taken":35.0,"cards_obtained":["Catalyst"]},{"damage_healed":0.0,"max_hp_gain":0.0,"max_hp_loss":0.0,"gold_gain":75.0,"event_name":"betterThird:BetterGoop","player_choice":"Gold","floor":4.0,"gold_loss":0.0,"damage_taken":11.0},{"damage_healed":17.0,"max_hp_gain":0.0,"max_hp_loss":0.0,"gold_gain":0.0,"event_name":"The Cleric","player_choice":"Healed","floor":5.0,"gold_loss":35.0,"damage_taken":0.0},{"damage_healed":0.0,"max_hp_gain":0.0,"max_hp_loss":0.0,"gold_gain":1.0,"event_name":"betterStone:BetterStone","player_choice":"1","floor":12.0,"gold_loss":0.0,"damage_taken":0.0},{"damage_healed":0.0,"max_hp_gain":0.0,"max_hp_loss":0.0,"gold_gain":0.0,"event_name":"Lab","player_choice":"Got Potions","floor":20.0,"gold_loss":0.0,"damage_taken":0.0},{"damage_healed":0.0,"max_hp_gain":0.0,"max_hp_loss":0.0,"gold_gain":0.0,"cards_transformed":["Strike_B","Strike_B"],"event_name":"Drug Dealer","player_choice":"Became Test Subject","floor":25.0,"gold_loss":0.0,"damage_taken":0.0,"cards_obtained":["Doom and Gloom","Tempest"]},{"damage_healed":0.0,"max_hp_gain":0.0,"max_hp_loss":0.0,"gold_gain":0.0,"event_name":"Colosseum","player_choice":"Fight","floor":29.0,"gold_loss":0.0,"damage_taken":0.0},{"damage_healed":0.0,"max_hp_gain":0.0,"max_hp_loss":0.0,"gold_gain":0.0,"event_name":"Colosseum","player_choice":"Fought Nobs","floor":29.0,"gold_loss":0.0,"damage_taken":0.0}],"is_beta":false,"boss_relics":[{"not_picked":["Busted Crown","Runic Pyramid"],"picked":"Velvet Choker"}],"items_purged_floors":[0,19],"is_endless":false,"potions_floor_spawned":[1,2,7,16,21,24],"killed_by":"Slavers","ascension_level":20}}