{"host":"6h0diz2ap0m56grs","time":1610837925,"event":{"mods":["2.2 Compatiblity","BaseMod","Colored Map","Marisa????????","Minty Spire (QoL Compilation)","Quick Restart","Replay The Spire","Shop Mod","StSLib","The Servant 0.9.4"],"gold_per_floor":[115,115,190,190,202,229,229,258,305,338,364,393,393,117,117,213,213,228,228,248,188,39,74,103,103,103,136,136,171,272,306,306,409,409,419,419,288,305,305,336,336,362,388,388,316,342,244,244,244],"floor_reached":48,"language":"ENG","playtime":1356,"items_purged":[],"score":1353,"play_id":"ee40657c-c171-420d-8f19-31381b679a6c","local_time":"20210116165845","daily_mods":["SealedDeck","Heirloom","Time Dilation","Flight"],"is_ascension_mode":true,"campfire_choices":[{"data":"Storm","floor":15,"key":"SMITH"},{"data":"Defragment","floor":25,"key":"SMITH"},{"data":"Capacitor","floor":28,"key":"SMITH"},{"data":"ReplayTheSpireMod:Calculation Training","floor":32,"key":"SMITH"},{"data":"Mirror Shield","floor":41,"key":"SMITH"},{"data":"Seek","floor":44,"key":"SMITH"}],"circlet_count":0,"master_deck":["Reinforced Body","Barrage+1","Loop+1","Cold Snap+1","Storm+1","Loop","Storm+1","Conserve Battery+1","Defragment+1","Genetic Algorithm","Capacitor+1","Force Field","Biased Cognition+1","Chill","Conserve Battery+1","Electrodynamics","Defragment+1","White Noise","ReplayTheSpireMod:Calculation Training+1","Seek+1","Mirror Shield+1","Biased Cognition","Doom and Gloom"],"relics":["Cracked Core","replay:Trail_Library","Centennial Puzzle","Solar Panel","Anchor","Replay:Accelerometer","Happy Flower","Art of War","MerchantsRug","Replay:Bronze Core","Nloth\u0027s Gift","Membership Card","Replay:Bottled Eggs","Meat on the Bone","Cables","Replay:Rubber Ducky","Blood Vial","Replay:Mystery Machine","Nunchaku","Velvet Choker","Quantum Egg","Thread and Needle","Bronze Scales","Whetstone","Lantern","Eternal Feather","ReplayTheSpireMod:Lightbulb"],"acts_visited":["Exordium","TheCity","TheBeyond"],"potions_floor_usage":[],"damage_taken":[{"damage":6,"enemies":"2 Louse","floor":1,"turns":3},{"damage":2,"enemies":"Jaw Worm","floor":5,"turns":2},{"damage":0,"enemies":"Lagavulin","floor":6,"turns":4},{"damage":9,"enemies":"Gremlin Nob","floor":8,"turns":3},{"damage":11,"enemies":"Lagavulin","floor":10,"turns":4},{"damage":0,"enemies":"3 Sentries","floor":11,"turns":3},{"damage":0,"enemies":"Gremlin Nob","floor":12,"turns":3},{"damage":0,"enemies":"Slime Boss","floor":16,"turns":3},{"damage":0,"enemies":"3 Byrds","floor":18,"turns":3},{"damage":10,"enemies":"2 Thieves","floor":20,"turns":2},{"damage":9,"enemies":"Book of Stabbing","floor":23,"turns":3},{"damage":0,"enemies":"Slavers","floor":24,"turns":5},{"damage":9,"enemies":"Book of Stabbing","floor":27,"turns":3},{"damage":0,"enemies":"Replay:Snechameleon","floor":29,"turns":3},{"damage":0,"enemies":"Book of Stabbing","floor":31,"turns":3},{"damage":0,"enemies":"Pondfish","floor":33,"turns":5},{"damage":0,"enemies":"Orb Walker","floor":35,"turns":3},{"damage":0,"enemies":"3 Shapes","floor":38,"turns":3},{"damage":0,"enemies":"Giant Head","floor":40,"turns":6},{"damage":0,"enemies":"R_Hoarder","floor":42,"turns":6},{"damage":0,"enemies":"Reptomancer","floor":46,"turns":3},{"damage":0,"enemies":"R_Hoarder","floor":48,"turns":1}],"seed_played":"1783115891188939468","potions_obtained":[{"floor":1,"key":"Dexterity Potion"},{"floor":6,"key":"PowerPotion"},{"floor":8,"key":"BlessingOfTheForge"},{"floor":20,"key":"PotionOfCapacity"}],"is_trial":true,"path_per_floor":["M","?","?","?","M","E","$","E","T","E","E","E","?","$","R","B",null,"M","?","M","?","$","E","E","R","T","E","R","E","?","E","R","B",null,"M","?","$","M","?","E","R","E","T","R","$","E","$","E"],"character_chosen":"DEFECT","items_purchased":["Art of War","MerchantsRug","Conserve Battery","Membership Card","Quantum Egg","Lantern","ReplayTheSpireMod:Lightbulb"],"campfire_rested":0,"item_purchase_floors":[14,14,14,22,37,45,47],"current_hp_per_floor":[69,69,58,58,56,56,56,47,47,46,54,62,47,47,47,55,75,75,75,69,69,69,68,72,72,72,71,71,75,57,71,71,75,75,75,75,75,75,75,75,75,75,75,75,75,75,75,75,75],"gold":244,"neow_bonus":"","is_daily":false,"chose_seed":false,"campfire_upgraded":6,"win_rate":0.0,"timestamp":1610837925,"path_taken":["M","?","?","?","?","E","$","E","T","E","E","E","?","$","R","BOSS","M","?","?","?","$","E","E","R","T","E","R","E","?","E","R","BOSS","M","?","$","?","?","E","R","E","T","R","$","E","$","E"],"items_purchased_type":["Relic","Relic","Card","Relic","Relic","Relic","Relic"],"build_version":"2020-12-22","purchased_purges":0,"victory":false,"max_hp_per_floor":[75,75,75,75,75,75,75,75,75,75,75,75,75,75,75,75,75,75,75,75,75,75,75,75,75,75,75,75,75,75,75,75,75,75,75,75,75,75,75,75,75,75,75,75,75,75,75,75,75],"card_choices":[{"not_picked":["Streamline","Compile Driver","Hologram"],"picked":"SKIP","floor":1},{"not_picked":["Skim","Redo"],"picked":"Genetic Algorithm","floor":5},{"not_picked":["Skim","Doom and Gloom"],"picked":"Capacitor","floor":6},{"not_picked":["Cold Snap","Double Energy"],"picked":"Force Field","floor":8},{"not_picked":["Chaos","ReplayTheSpireMod:Reroute Power"],"picked":"Biased Cognition","floor":10},{"not_picked":["Steam","Beam Cell","Multi-Cast"],"picked":"SKIP","floor":11},{"not_picked":["Blizzard","Coolheaded","Beam Cell"],"picked":"SKIP","floor":12},{"not_picked":["Amplify","Seek"],"picked":"Electrodynamics","floor":16},{"not_picked":["Redo+1","ReplayTheSpireMod:GoodbyeWorld+1","ReplayTheSpireMod:Reroute Power"],"picked":"SKIP","floor":18},{"not_picked":["Rebound","Panic Button","White Noise"],"picked":"SKIP","floor":20},{"not_picked":["Sunder","Reprogram","Beam Cell"],"picked":"SKIP","floor":23},{"not_picked":["Hyperbeam","Loop"],"picked":"Defragment","floor":24},{"not_picked":["ReplayRNGCard","Aggregate+1","FTL+1"],"picked":"SKIP","floor":27},{"not_picked":["Multi-Cast","ReplayRNGCard","Auto Shields"],"picked":"SKIP","floor":29},{"not_picked":["Force Field","Steam"],"picked":"ReplayTheSpireMod:Calculation Training","floor":30},{"not_picked":["Panic Button+1","Blizzard"],"picked":"Seek","floor":30},{"not_picked":["Genetic Algorithm","Leap","Time Bomb"],"picked":"SKIP","floor":31},{"not_picked":["Electrodynamics","Reboot"],"picked":"Mirror Shield","floor":33},{"not_picked":["Melter","Cold Snap+1","Stack"],"picked":"SKIP","floor":35},{"not_picked":["Storm","Stack+1","ReplayTheSpireMod:System Scan+1"],"picked":"SKIP","floor":38},{"not_picked":["ReplayTheSpireMod:GoodbyeWorld+1","Hyperbeam"],"picked":"Biased Cognition","floor":40},{"not_picked":["Coolheaded","Fission","Turbo+1"],"picked":"SKIP","floor":42},{"not_picked":["Double Energy+1","Sunder+1","Mirror Shield"],"picked":"SKIP","floor":46}],"player_experience":193523,"relics_obtained":[{"floor":6,"key":"Centennial Puzzle"},{"floor":8,"key":"Solar Panel"},{"floor":9,"key":"Oddly Smooth Stone"},{"floor":10,"key":"Anchor"},{"floor":11,"key":"Replay:Accelerometer"},{"floor":12,"key":"Happy Flower"},{"floor":23,"key":"Replay:Bottled Eggs"},{"floor":24,"key":"Meat on the Bone"},{"floor":26,"key":"Cables"},{"floor":27,"key":"Replay:Rubber Ducky"},{"floor":29,"key":"Blood Vial"},{"floor":30,"key":"Replay:Mystery Machine"},{"floor":31,"key":"Nunchaku"},{"floor":40,"key":"Thread and Needle"},{"floor":42,"key":"Bronze Scales"},{"floor":43,"key":"Whetstone"},{"floor":46,"key":"Eternal Feather"}],"event_choices":[{"damage_healed":0,"gold_gain":75,"player_choice":"Gather Gold","damage_taken":11,"max_hp_gain":0,"max_hp_loss":0,"event_name":"World of Goop","floor":3,"gold_loss":0},{"damage_healed":0,"gold_gain":0,"player_choice":"Forge","damage_taken":0,"max_hp_gain":0,"max_hp_loss":0,"event_name":"Accursed Blacksmith","floor":4,"gold_loss":0,"cards_upgraded":["Defragment"]},{"damage_healed":0,"gold_gain":0,"player_choice":"Entered Light","damage_taken":15,"max_hp_gain":0,"max_hp_loss":0,"event_name":"Shining Light","floor":13,"gold_loss":0,"cards_upgraded":["Cold Snap","Loop"]},{"damage_healed":0,"gold_gain":0,"player_choice":"Traded Relic","damage_taken":0,"relics_obtained":["Nloth\u0027s Gift"],"max_hp_gain":0,"max_hp_loss":0,"event_name":"N\u0027loth","floor":19,"relics_lost":["Oddly Smooth Stone"],"gold_loss":0},{"damage_healed":0,"gold_gain":0,"player_choice":"Upgraded","damage_taken":0,"max_hp_gain":0,"max_hp_loss":0,"event_name":"Upgrade Shrine","floor":36,"gold_loss":0,"cards_upgraded":["Biased Cognition"]},{"cards_removed":["Lockon"],"damage_healed":0,"gold_gain":0,"player_choice":"Offered Uncommon","damage_taken":0,"max_hp_gain":0,"max_hp_loss":0,"event_name":"Bonfire Elementals","floor":39,"gold_loss":0}],"is_beta":false,"boss_relics":[{"not_picked":["Replay:Wanted Poster","Empty Cage"],"picked":"Replay:Bronze Core"},{"not_picked":["Snecko Heart","Nuclear Battery"],"picked":"Velvet Choker"}],"items_purged_floors":[],"is_endless":false,"potions_floor_spawned":[1,6,8,11,12,18,20,23,29,35,42,46],"killed_by":"R_Hoarder","ascension_level":1}}