{"host":"1a3cjta80tad0aqj","time":1610800610,"event":{"mods":["2.2 Compatiblity","AchievementEnabler","BaseMod","Colored Map","DeckTracker","KOR Keyword Fix","Keyboard Shortcuts","Minty Spire (QoL Compilation)","Permanent Neow","Quick Restart","Random Character Button","StSLib","SuperFastMode","everything is the same but u backflip on backflip"],"gold_per_floor":[114,114,126,51,68,68,99,112,112,144,144,175,175,186,186,186,186],"floor_reached":16,"language":"KOR","playtime":750,"items_purged":["Strike_B"],"score":126,"play_id":"e53b227b-cccc-421c-9a49-f9e03d9a9d57","local_time":"20210116213650","is_ascension_mode":true,"campfire_choices":[{"data":"Dualcast","floor":6,"key":"SMITH"},{"floor":11,"key":"REST"},{"data":"Redo","floor":15,"key":"SMITH"}],"circlet_count":0,"master_deck":["Strike_B","Strike_B","Strike_B","Defend_B","Defend_B","Defend_B","Defend_B","Zap","Dualcast+1","Beam Cell","Ball Lightning","Redo+1","Reinforced Body+1","Aggregate+1","Leap+1","Stack+1","Redo+1"],"relics":["Cracked Core","Juzu Bracelet","MealTicket","Toxic Egg 2","Lantern","Gremlin Horn","Matryoshka"],"acts_visited":["Exordium"],"potions_floor_usage":[10,10,12],"damage_taken":[{"damage":0,"enemies":"Small Slimes","floor":1,"turns":2},{"damage":0,"enemies":"2 Louse","floor":3,"turns":4},{"damage":1,"enemies":"Jaw Worm","floor":5,"turns":3},{"damage":21,"enemies":"Lagavulin","floor":7,"turns":6},{"damage":1,"enemies":"Exordium Thugs","floor":8,"turns":4},{"damage":18,"enemies":"3 Sentries","floor":10,"turns":5},{"damage":25,"enemies":"Lagavulin","floor":12,"turns":7},{"damage":0,"enemies":"2 Fungi Beasts","floor":14,"turns":3},{"damage":31,"enemies":"The Guardian","floor":16,"turns":9}],"seed_played":"4326861324410718871","potions_obtained":[{"floor":3,"key":"Explosive Potion"},{"floor":5,"key":"SneckoOil"},{"floor":7,"key":"SkillPotion"},{"floor":10,"key":"DuplicationPotion"}],"is_trial":false,"path_per_floor":["M","?","M","$","M","R","E","M","T","E","R","E","?","M","R","B"],"character_chosen":"DEFECT","items_purchased":[],"campfire_rested":1,"item_purchase_floors":[],"current_hp_per_floor":[75,57,57,72,71,71,50,49,49,31,53,28,28,28,28,0,0],"gold":186,"neow_bonus":"RANDOM_COMMON_RELIC","is_daily":false,"chose_seed":true,"campfire_upgraded":2,"win_rate":0.0,"timestamp":1610800610,"path_taken":["M","?","M","$","M","R","E","M","T","E","R","E","?","M","R","BOSS"],"items_purchased_type":[],"build_version":"2020-12-22","purchased_purges":1,"victory":false,"max_hp_per_floor":[75,75,75,75,75,75,75,75,75,75,75,75,75,75,75,75,75],"card_choices":[{"not_picked":["Recycle","Heatsinks"],"picked":"Beam Cell","floor":1},{"not_picked":["Leap","Turbo"],"picked":"Ball Lightning","floor":3},{"not_picked":["Rip and Tear","Steam"],"picked":"Redo","floor":5},{"not_picked":["Recycle+1","Undo+1"],"picked":"Reinforced Body+1","floor":7},{"not_picked":["Ball Lightning","Rebound"],"picked":"Aggregate+1","floor":8},{"not_picked":["FTL","Self Repair"],"picked":"Leap+1","floor":10},{"not_picked":["Cold Snap","Capacitor"],"picked":"Stack+1","floor":12},{"not_picked":["Aggregate+1","Sweeping Beam"],"picked":"Redo+1","floor":14}],"player_experience":668483,"relics_obtained":[{"floor":7,"key":"Toxic Egg 2"},{"floor":10,"key":"Lantern"},{"floor":12,"key":"Gremlin Horn"}],"event_choices":[{"damage_healed":0,"gold_gain":0,"player_choice":"Success","damage_taken":18,"relics_obtained":["MealTicket"],"max_hp_gain":0,"max_hp_loss":0,"event_name":"Scrap Ooze","floor":2,"gold_loss":0},{"damage_healed":0,"gold_gain":0,"player_choice":"Searched \u00271\u0027 times","damage_taken":0,"relics_obtained":["Matryoshka"],"max_hp_gain":0,"max_hp_loss":0,"event_name":"Dead Adventurer","floor":13,"gold_loss":0}],"is_beta":false,"boss_relics":[],"items_purged_floors":[4],"is_endless":false,"potions_floor_spawned":[3,5,7,10],"killed_by":"The Guardian","ascension_level":1}}