{"host":"w0w6jcqjdtkzk2bw","time":1610812005,"event":{"mods":["AchievementEnabler","BaseMod","Bestiary","Colored Map","Colored Powertips","Filter the Spire","Highlight Path","Minty Spire (QoL Compilation)","Permanent Neow","Quick Restart","StSLib","Synergy Search"],"gold_per_floor":[16,33,46,66,31,31,51,51,132,150,185,185,217,232,232,327,327,341,372,372,391,122,122,139,139,216,241,241,241,241,251,251,251,251],"floor_reached":33,"language":"ENG","playtime":1931,"items_purged":["Strike_R"],"score":416,"play_id":"b1e60f1a-59ca-45b5-9f9f-03cdb9c048a1","local_time":"20210116104645","is_ascension_mode":true,"campfire_choices":[{"data":"Hemokinesis","floor":6,"key":"SMITH"},{"data":"Armaments","floor":8,"key":"SMITH"},{"data":"Berserk","floor":12,"key":"SMITH"},{"floor":15,"key":"REST"},{"data":"Limit Break","floor":23,"key":"SMITH"},{"floor":25,"key":"REST"},{"floor":29,"key":"REST"},{"floor":32,"key":"REST"}],"circlet_count":0,"master_deck":["AscendersBane","Strike_R","Strike_R","Strike_R","Defend_R","Defend_R","Bash","Shockwave","Flex","Ghostly Armor","Hemokinesis+1","Armaments+1","Berserk+1","Spot Weakness","Double Tap","Clothesline","Offering","CurseOfTheBell","Intimidate","Shrug It Off","Limit Break+1","Flex","Whirlwind","Havoc+1","Reaper","Battle Trance"],"relics":["Burning Blood","Paper Frog","Turnip","Ancient Tea Set","Calling Bell","Blood Vial","Darkstone Periapt","Calipers","Red Mask","MealTicket"],"acts_visited":["Exordium","TheCity"],"potions_floor_usage":[13,16,19,19,27,33,33],"damage_taken":[{"damage":19,"enemies":"Jaw Worm","floor":1,"turns":3},{"damage":16,"enemies":"2 Louse","floor":2,"turns":3},{"damage":7,"enemies":"Small Slimes","floor":3,"turns":4},{"damage":18,"enemies":"Red Slaver","floor":4,"turns":4},{"damage":6,"enemies":"3 Louse","floor":7,"turns":3},{"damage":2,"enemies":"Large Slime","floor":10,"turns":4},{"damage":15,"enemies":"Lagavulin","floor":11,"turns":6},{"damage":22,"enemies":"3 Sentries","floor":13,"turns":4},{"damage":24,"enemies":"Exordium Thugs","floor":14,"turns":5},{"damage":37,"enemies":"Slime Boss","floor":16,"turns":6},{"damage":8,"enemies":"Chosen","floor":18,"turns":4},{"damage":16,"enemies":"Masked Bandits","floor":19,"turns":4},{"damage":22,"enemies":"3 Byrds","floor":21,"turns":6},{"damage":18,"enemies":"Centurion and Healer","floor":24,"turns":5},{"damage":51,"enemies":"Book of Stabbing","floor":27,"turns":5},{"damage":12,"enemies":"3 Cultists","floor":31,"turns":5},{"damage":81,"enemies":"Automaton","floor":33,"turns":6}],"seed_played":"164588142276059073","potions_obtained":[{"floor":3,"key":"Weak Potion"},{"floor":7,"key":"Strength Potion"},{"floor":10,"key":"SteroidPotion"},{"floor":11,"key":"DuplicationPotion"},{"floor":13,"key":"BlessingOfTheForge"},{"floor":19,"key":"SteroidPotion"},{"floor":27,"key":"Weak Potion"},{"floor":31,"key":"DuplicationPotion"}],"is_trial":false,"path_per_floor":["M","M","M","M","?","R","M","R","T","M","E","R","E","M","R","B",null,"M","?","?","M","$","R","M","R","T","E","?","R","?","M","R","B"],"character_chosen":"IRONCLAD","items_purchased":["Limit Break","Flex","Whirlwind"],"campfire_rested":4,"item_purchase_floors":[22,22,22],"current_hp_per_floor":[59,49,48,36,56,56,56,56,56,60,51,51,35,17,41,10,63,63,55,55,41,41,41,31,55,55,12,12,36,36,32,56,0,0],"gold":251,"neow_bonus":"REMOVE_TWO","is_daily":false,"chose_seed":false,"campfire_upgraded":4,"win_rate":0.0,"timestamp":1610812005,"path_taken":["M","M","M","M","?","R","M","R","T","M","E","R","E","M","R","BOSS","M","?","?","M","$","R","?","R","T","E","?","R","?","M","R","BOSS"],"items_purchased_type":["Card","Card","Card"],"build_version":"2020-12-22","purchased_purges":1,"victory":false,"max_hp_per_floor":[80,80,80,80,80,80,80,80,80,80,80,80,80,80,80,80,80,80,80,80,80,80,80,80,80,80,80,80,80,80,80,80,80,80],"card_choices":[{"not_picked":["Perfected Strike","Dropkick"],"picked":"Shockwave","floor":1},{"not_picked":["Headbutt","Wild Strike"],"picked":"Flex","floor":2},{"not_picked":["Heavy Blade","Rampage"],"picked":"Ghostly Armor","floor":3},{"not_picked":["Perfected Strike","Thunderclap"],"picked":"Hemokinesis","floor":4},{"not_picked":["Intimidate","Combust"],"picked":"Armaments","floor":7},{"not_picked":["Cleave","Clothesline"],"picked":"Berserk","floor":10},{"not_picked":["Warcry","Heavy Blade"],"picked":"Spot Weakness","floor":11},{"not_picked":["Battle Trance","Iron Wave"],"picked":"Double Tap","floor":13},{"not_picked":["Clash","Sever Soul"],"picked":"Clothesline","floor":14},{"not_picked":["Demon Form","Berserk"],"picked":"Offering","floor":16},{"not_picked":["Pommel Strike+1","Twin Strike"],"picked":"Intimidate","floor":18},{"not_picked":["Body Slam","Uppercut"],"picked":"Shrug It Off","floor":19},{"not_picked":["Armaments","Dark Embrace","Clothesline"],"picked":"SKIP","floor":21},{"not_picked":["Whirlwind","Fire Breathing+1"],"picked":"Havoc+1","floor":24},{"not_picked":["Uppercut","Armaments"],"picked":"Reaper","floor":27},{"not_picked":["Feel No Pain","Entrench","Perfected Strike"],"picked":"SKIP","floor":31}],"player_experience":201181,"relics_obtained":[{"floor":9,"key":"Paper Frog"},{"floor":11,"key":"Turnip"},{"floor":13,"key":"Ancient Tea Set"},{"floor":17,"key":"Blood Vial"},{"floor":17,"key":"Darkstone Periapt"},{"floor":17,"key":"Calipers"},{"floor":19,"key":"Red Mask"},{"floor":27,"key":"MealTicket"}],"event_choices":[{"damage_healed":20,"gold_gain":0,"player_choice":"Healed","damage_taken":0,"max_hp_gain":0,"max_hp_loss":0,"event_name":"The Cleric","floor":5,"gold_loss":35},{"damage_healed":0,"gold_gain":0,"player_choice":"Fought Bandits","damage_taken":0,"max_hp_gain":0,"max_hp_loss":0,"event_name":"Masked Bandits","floor":19,"gold_loss":0},{"cards_removed":["Strike_R"],"damage_healed":0,"gold_gain":0,"player_choice":"Purged","damage_taken":0,"max_hp_gain":0,"max_hp_loss":0,"event_name":"Purifier","floor":20,"gold_loss":0},{"damage_healed":0,"gold_gain":0,"player_choice":"Ignored","damage_taken":0,"max_hp_gain":0,"max_hp_loss":0,"event_name":"Cursed Tome","floor":28,"gold_loss":0},{"damage_healed":0,"gold_gain":0,"player_choice":"Read","damage_taken":0,"max_hp_gain":0,"max_hp_loss":0,"event_name":"The Library","floor":30,"gold_loss":0,"cards_obtained":["Battle Trance"]}],"is_beta":false,"boss_relics":[{"not_picked":["SacredBark","Busted Crown"],"picked":"Calling Bell"}],"items_purged_floors":[22],"is_endless":false,"potions_floor_spawned":[3,7,10,11,13,19,27,31],"killed_by":"Automaton","ascension_level":10}}