{"host":"fm9e0lfunjlbhzxv","time":1610786296,"event":{"mods":["Alarm Clock","BaseMod","Bestiary","Better Match","Better Skull","Better Third Choice","Colored Map","Colored Powertips","Downfall","Key Reminder","Minty Spire (QoL Compilation)","Permanent Neow","Rare Cards Sparkle","Relic Stats","StSLib","slay the spire mod where everything is the same but ironclad has a cowboy hat"],"gold_per_floor":[99,113,127,142,142,175,175,75,108,145,171,210,207,235,267,375,387,299,322,346,368,398,440,452,464,510,540,582,494,526,523,546,658,670,682,709,736,480,405,405,432,466,468,501,518,548,559,589,606,606,606,641,0,0,0,0],"floor_reached":57,"language":"ENG","playtime":5107,"items_purged":["sneckomod:Strike","sneckomod:Defend"],"score":1720,"play_id":"a070a924-8fa8-4900-847c-8d323ad0866c","local_time":"20210116003816","is_ascension_mode":true,"campfire_choices":[{"data":"sneckomod:TailWhip","floor":1,"key":"SMITH"},{"floor":8,"key":"RECALL"},{"data":"sneckomod:MasterEye","floor":18,"key":"SMITH"},{"floor":25,"key":"REST"},{"data":"sneckomod:UnlimitedRolls","floor":29,"key":"SMITH"},{"data":"sneckomod:TrashToTreasure","floor":35,"key":"SMITH"},{"data":"sneckomod:Strike","floor":40,"key":"PURGE"},{"data":"sneckomod:Unknown3Cost","floor":54,"key":"SMITH"}],"circlet_count":0,"master_deck":["sneckomod:Strike","sneckomod:Defend","sneckomod:Defend","sneckomod:TailWhip+1","sneckomod:SnekBite+1","sneckomod:Unknown","sneckomod:Unknown","sneckomod:QuickBite","sneckomod:UnknownDexterity","sneckomod:MasterEye+1","sneckomod:UnknownUncommonSkill","Jack Of All Trades","sneckomod:QuickBite","sneckomod:DiceBoulder","sneckomod:SoulCleanse","sneckomod:UnknownCommonSkill","sneckomod:TrashToTreasure+1","sneckomod:UnknownStrike","sneckomod:UnknownUncommonPower","sneckomod:UnknownDexterity","sneckomod:UnlimitedRolls+1","CurseOfTheBell","sneckomod:UnknownWeak","sneckomod:UnknownWeak+1","sneckomod:UnknownCommonAttack","sneckomod:UnknownClassGUARDIAN","sneckomod:SnekBeam+1","sneckomod:ImprovisedAttack+1","sneckomod:QuickMove","sneckomod:SoulDraw+1","sneckomod:UnknownClassRED","sneckomod:UnknownClassRED","sneckomod:UnknownClassRED+1","sneckomod:WideSting+1","sneckomod:Unknown3Cost+1","sneckomod:UnknownDraw+1","sneckomod:UnknownClassTHE_CHAMP_GRAY+1","sneckomod:CheapStock","Mayhem","sneckomod:UnknownColorless","sneckomod:SerpentIdol","Master of Strategy","sneckomod:SoulCleanse","sneckomod:ImprovisedAttack","Guardian:DonusPower","sneckomod:Nope","sneckomod:DiceCrush+1","sneckomod:UnknownColorless","sneckomod:DiceCrush+1","sneckomod:SlitherStrike+1","sneckomod:CheapStock","sneckomod:Rotation"],"relics":["Black Star","Thread and Needle","Du-Vu Doll","downfall:HeartBlessingBlue","PreservedInsect","MawBank","Bag of Marbles","Odd Mushroom","Calling Bell","Dream Catcher","Mummified Hand","Lizard Tail","downfall:HeartBlessingRed","Letter Opener","Regal Pillow","Pen Nib","Peace Pipe","Kunai","Bottled Tornado","sneckomod:SneckoCommon","downfall:HeartBlessingGreen","Busted Crown","Toolbox","Happy Flower","Blood Vial","Boot","Lantern","Whetstone","Pantograph","Molten Egg 2","Calipers","Prayer Wheel","FossilizedHelix","Turnip","Unceasing Top"],"acts_visited":["Exordium","TheCity","TheBeyond","TheEnding"],"potions_floor_usage":[19,43,50,56,56,56],"damage_taken":[{"damage":1,"enemies":"Jaw Worm","floor":2,"turns":6},{"damage":4,"enemies":"Cultist","floor":3,"turns":4},{"damage":0,"enemies":"Small Slimes","floor":4,"turns":3},{"damage":15,"enemies":"Gremlin Nob","floor":6,"turns":4},{"damage":11,"enemies":"3 Sentries","floor":9,"turns":6},{"damage":6,"enemies":"Exordium Wildlife","floor":11,"turns":4},{"damage":6,"enemies":"The Mushroom Lair","floor":12,"turns":4},{"damage":0,"enemies":"downfall:FleeingMerchant","floor":13,"turns":4},{"damage":8,"enemies":"2 Fungi Beasts","floor":14,"turns":3},{"damage":0,"enemies":"Exordium Thugs","floor":15,"turns":1},{"damage":16,"enemies":"WA_ARCHETYPE_RETAIN","floor":16,"turns":5},{"damage":9,"enemies":"3 Byrds","floor":19,"turns":5},{"damage":10,"enemies":"Shell Parasite","floor":20,"turns":4},{"damage":16,"enemies":"Snake Plant","floor":21,"turns":4},{"damage":15,"enemies":"Centurion and Healer","floor":22,"turns":6},{"damage":16,"enemies":"Book of Stabbing","floor":23,"turns":4},{"damage":14,"enemies":"Gremlin Leader","floor":26,"turns":3},{"damage":1,"enemies":"Shelled Parasite and Fungi","floor":27,"turns":4},{"damage":0,"enemies":"Book of Stabbing","floor":28,"turns":3},{"damage":2,"enemies":"Cultist and Chosen","floor":30,"turns":4},{"damage":0,"enemies":"downfall:FleeingMerchant","floor":31,"turns":4},{"damage":20,"enemies":"Snake Plant","floor":32,"turns":2},{"damage":6,"enemies":"SI_MIRROR_ARCHETYPE","floor":33,"turns":6},{"damage":6,"enemies":"Orb Walker","floor":36,"turns":2},{"damage":4,"enemies":"3 Darklings","floor":37,"turns":3},{"damage":0,"enemies":"downfall:FleeingMerchant","floor":38,"turns":2},{"damage":3,"enemies":"Nemesis","floor":42,"turns":3},{"damage":3,"enemies":"Spire Growth","floor":43,"turns":5},{"damage":41,"enemies":"Giant Head","floor":44,"turns":3},{"damage":13,"enemies":"4 Shapes","floor":45,"turns":3},{"damage":0,"enemies":"Reptomancer","floor":46,"turns":3},{"damage":18,"enemies":"Transient","floor":47,"turns":5},{"damage":8,"enemies":"Nemesis","floor":48,"turns":3},{"damage":0,"enemies":"Sphere and 2 Shapes","floor":49,"turns":2},{"damage":45,"enemies":"DF_ARCHETYPE_ORBS","floor":50,"turns":4},{"damage":0,"enemies":"downfall:CharBossMerchant","floor":52,"turns":4},{"damage":19,"enemies":"downfall:NeowBoss","floor":55,"turns":8},{"damage":0,"enemies":"downfall:NeowBossFinal","floor":56,"turns":7}],"seed_played":"3937570667685221232","potions_obtained":[{"floor":4,"key":"Ancient Potion"},{"floor":11,"key":"PowerPotion"},{"floor":12,"key":"LiquidBronze"},{"floor":20,"key":"Ancient Potion"},{"floor":37,"key":"Slimebound:ThreeZeroPotion"},{"floor":45,"key":"DistilledChaos"},{"floor":52,"key":"ColorlessPotion"}],"is_trial":false,"path_per_floor":["R","M","M","M","?","E","T","R","E","T","M","?","$","M","M","B",null,"R","M","M","M","M","E","T","R","E","M","E","R","M","$","M","B",null,"R","M","M","?","?","R","T","E","M","E","M","E","M","E","M","B",null,"E","$","R","B","B",null],"character_chosen":"THE_SNECKO","items_purchased":["sneckomod:CheapStock","Mayhem","sneckomod:UnknownColorless","Toolbox","sneckomod:SerpentIdol","Unceasing Top","sneckomod:CheapStock","sneckomod:Rotation","LiquidMemories"],"campfire_rested":1,"item_purchase_floors":[38,38,38,38,38,53,53,53,53],"current_hp_per_floor":[90,89,85,85,85,70,70,80,69,69,63,57,57,49,49,48,100,100,91,81,65,53,37,37,82,68,67,67,67,65,65,45,39,103,103,97,93,93,93,93,93,90,89,85,74,76,60,54,56,38,103,103,103,103,84,103],"gold":0,"neow_bonus":"BOSS_RELIC","is_daily":false,"chose_seed":false,"campfire_upgraded":5,"win_rate":0.0,"timestamp":1610786296,"path_taken":["R","M","M","M","?","E","T","R","E","?","?","?","$","M","M","BOSS","R","M","M","M","M","E","T","R","E","M","E","R","M","$","M","BOSS","R","M","M","?","?","R","T","E","M","E","M","E","M","E","M","BOSS","E","$","R","BOSS","BOSS"],"items_purchased_type":["Card","Card","Card","Relic","Card","Relic","Card","Card","Potion"],"build_version":"2020-12-22","purchased_purges":2,"victory":true,"max_hp_per_floor":[90,90,90,90,90,90,90,100,100,100,100,100,100,100,100,100,100,100,100,100,100,103,103,103,103,103,103,103,103,103,103,103,103,103,103,103,103,103,103,103,103,103,103,103,103,103,103,103,103,103,103,103,103,103,103,103],"relic_stats":{"Regal Pillow":15,"Happy Flower":[16],"counters":[38,150],"PreservedInsect":612,"Pen Nib":[24],"Letter Opener":[290],"Whetstone":["sneckomod:SnekBite","sneckomod:SnekBeam"],"MawBank":348,"Boot":[14],"Peace Pipe":1,"Blood Vial":16,"Dream Catcher":1,"Lizard Tail":0,"Busted Crown":32,"Mummified Hand":[227],"Pantograph":44,"Prayer Wheel":1,"Turnip":[6],"Black Star":10,"Kunai":[54],"obtain_stats":[{"Regal Pillow":23,"Lantern":44,"sneckomod:SneckoCommon":28,"Calipers":48,"downfall:HeartBlessingGreen":29,"Whetstone":44,"Bottled Tornado":28,"sneckomod:SneckoSoul":0,"Boot":42,"Blood Vial":42,"Dream Catcher":17,"Lizard Tail":17,"downfall:HeartBlessingBlue":8,"Mummified Hand":17,"Pantograph":46,"Toolbox":38,"Prayer Wheel":48,"Kunai":26,"downfall:HeartBlessingRed":18,"Happy Flower":41,"Thread and Needle":6,"PreservedInsect":9,"Pen Nib":24,"Letter Opener":23,"Odd Mushroom":12,"MawBank":9,"Du-Vu Doll":6,"keyreminder:keyreminder":7,"Calling Bell":17,"Peace Pipe":26,"Busted Crown":34,"Molten Egg 2":46,"Turnip":52,"Black Star":0,"Bag of Marbles":10,"FossilizedHelix":52,"Unceasing Top":53},{"Regal Pillow":16,"Lantern":29,"sneckomod:SneckoCommon":19,"Calipers":33,"downfall:HeartBlessingGreen":19,"Whetstone":29,"Bottled Tornado":19,"sneckomod:SneckoSoul":0,"Boot":27,"Blood Vial":27,"Dream Catcher":11,"Lizard Tail":11,"downfall:HeartBlessingBlue":4,"Mummified Hand":11,"Pantograph":31,"Toolbox":26,"Prayer Wheel":33,"Kunai":17,"downfall:HeartBlessingRed":11,"Happy Flower":26,"Thread and Needle":4,"PreservedInsect":5,"Pen Nib":16,"Letter Opener":16,"Odd Mushroom":7,"MawBank":5,"Du-Vu Doll":4,"keyreminder:keyreminder":4,"Calling Bell":11,"Peace Pipe":17,"Busted Crown":23,"Molten Egg 2":31,"Turnip":36,"Black Star":0,"Bag of Marbles":5,"FossilizedHelix":36,"Unceasing Top":36},{"Regal Pillow":67,"Lantern":111,"sneckomod:SneckoCommon":77,"Calipers":125,"downfall:HeartBlessingGreen":77,"Whetstone":111,"Bottled Tornado":77,"sneckomod:SneckoSoul":0,"Boot":103,"Blood Vial":103,"Dream Catcher":44,"Lizard Tail":44,"downfall:HeartBlessingBlue":17,"Mummified Hand":44,"Pantograph":117,"Toolbox":100,"Prayer Wheel":125,"Kunai":70,"downfall:HeartBlessingRed":44,"Happy Flower":100,"Thread and Needle":17,"PreservedInsect":23,"Pen Nib":67,"Letter Opener":67,"Odd Mushroom":31,"MawBank":23,"Du-Vu Doll":17,"keyreminder:keyreminder":17,"Calling Bell":44,"Peace Pipe":70,"Busted Crown":93,"Molten Egg 2":117,"Turnip":135,"Black Star":0,"Bag of Marbles":23,"FossilizedHelix":135,"Unceasing Top":135}],"Unceasing Top":[7]},"card_choices":[{"not_picked":["sneckomod:SoulRoll","sneckomod:SoulDraw"],"picked":"sneckomod:QuickBite","floor":2},{"not_picked":["sneckomod:Unknown0Cost","sneckomod:ImprovisedAttack"],"picked":"sneckomod:UnknownDexterity","floor":3},{"not_picked":["sneckomod:UnknownCommonSkill","sneckomod:DiceCrush"],"picked":"sneckomod:MasterEye","floor":4},{"not_picked":["sneckomod:PureSnecko","sneckomod:UnknownDexterity"],"picked":"sneckomod:UnknownUncommonSkill","floor":5},{"not_picked":["Panacea","Good Instincts"],"picked":"Jack Of All Trades","floor":5},{"not_picked":["sneckomod:SoulRoll","sneckomod:DiceCrush"],"picked":"sneckomod:QuickBite","floor":5},{"not_picked":["sneckomod:DangerNoodle","sneckomod:RainOfDice"],"picked":"sneckomod:DiceBoulder","floor":6},{"not_picked":["sneckomod:SnekBeam","sneckomod:SoulDraw"],"picked":"sneckomod:SoulCleanse","floor":9},{"not_picked":["sneckomod:SoulCleanse","sneckomod:WideSting"],"picked":"sneckomod:UnknownCommonSkill","floor":11},{"not_picked":["sneckomod:QuickBite","sneckomod:SoulDraw"],"picked":"sneckomod:TrashToTreasure","floor":12},{"not_picked":["sneckomod:SoulExchange","sneckomod:DiceCrush"],"picked":"sneckomod:UnknownStrike","floor":13},{"not_picked":["sneckomod:Unknown1Cost","sneckomod:DiceCrush"],"picked":"sneckomod:UnknownUncommonPower","floor":14},{"not_picked":["sneckomod:UnknownCommonSkill","sneckomod:RainOfDice"],"picked":"sneckomod:UnknownDexterity","floor":15},{"not_picked":["sneckomod:UnknownRareAttack","sneckomod:SerpentMind"],"picked":"sneckomod:UnlimitedRolls","floor":16},{"not_picked":["sneckomod:DiceBlock","sneckomod:UnknownUncommonPower"],"picked":"sneckomod:UnknownWeak","floor":19},{"not_picked":["sneckomod:RainOfDice","sneckomod:UnknownDraw"],"picked":"sneckomod:UnknownWeak+1","floor":20},{"not_picked":["sneckomod:SoulDraw+1","sneckomod:QuickMove"],"picked":"sneckomod:UnknownCommonAttack","floor":21},{"not_picked":["sneckomod:Unknown1Cost","sneckomod:DiceCrush+1"],"picked":"sneckomod:UnknownClassGUARDIAN","floor":22},{"not_picked":["sneckomod:QuickMove","sneckomod:ImprovisedAttack"],"picked":"sneckomod:SnekBeam","floor":23},{"not_picked":["sneckomod:DangerNoodle","sneckomod:Unknown1Cost+1"],"picked":"sneckomod:ImprovisedAttack+1","floor":25},{"not_picked":["sneckomod:UnknownCommonAttack+1","sneckomod:DefensiveFlair"],"picked":"sneckomod:QuickMove","floor":26},{"not_picked":["sneckomod:RainOfDice","sneckomod:UnknownColorless"],"picked":"sneckomod:UnknownStrength+1","floor":27},{"not_picked":["sneckomod:DiceBoulder","sneckomod:UnknownClassGUARDIAN"],"picked":"sneckomod:SoulDraw+1","floor":28},{"not_picked":["sneckomod:UnknownStrike","sneckomod:SoulCleanse"],"picked":"sneckomod:UnknownClassRED","floor":30},{"not_picked":["sneckomod:UnknownCommonSkill","sneckomod:Unknown1Cost+1"],"picked":"sneckomod:UnknownClassRED+1","floor":31},{"not_picked":["sneckomod:IronFang+1","sneckomod:Mudshield"],"picked":"sneckomod:WideSting+1","floor":32},{"not_picked":["sneckomod:SerpentMind","sneckomod:GlitteringGambit"],"picked":"sneckomod:Unknown3Cost","floor":33},{"not_picked":[],"picked":"sneckomod:UnknownDraw+1","floor":36},{"not_picked":[],"picked":"sneckomod:UnknownClassTHE_CHAMP_GRAY+1","floor":37},{"not_picked":["sneckomod:SoulRoll"],"picked":"SKIP","floor":38},{"not_picked":[],"picked":"Master of Strategy","floor":39},{"not_picked":[],"picked":"sneckomod:SoulCleanse","floor":39},{"not_picked":[],"picked":"sneckomod:ImprovisedAttack","floor":42},{"not_picked":[],"picked":"sneckomod:Memorize+1","floor":43},{"not_picked":[],"picked":"sneckomod:Nope","floor":44},{"not_picked":["sneckomod:Unknown1Cost"],"picked":"SKIP","floor":45},{"not_picked":[],"picked":"sneckomod:DiceCrush+1","floor":46},{"not_picked":["sneckomod:RainOfDice+1"],"picked":"SKIP","floor":47},{"not_picked":["sneckomod:DefensiveFlair"],"picked":"SKIP","floor":48},{"not_picked":[],"picked":"sneckomod:UnknownColorless","floor":49},{"not_picked":[],"picked":"sneckomod:DiceCrush+1","floor":49},{"not_picked":[],"picked":"sneckomod:SlitherStrike+1","floor":52}],"player_experience":490403,"relics_obtained":[{"floor":6,"key":"Thread and Needle"},{"floor":6,"key":"Du-Vu Doll"},{"floor":9,"key":"PreservedInsect"},{"floor":9,"key":"MawBank"},{"floor":10,"key":"Bag of Marbles"},{"floor":12,"key":"Odd Mushroom"},{"floor":17,"key":"Dream Catcher"},{"floor":17,"key":"Mummified Hand"},{"floor":17,"key":"Lizard Tail"},{"floor":23,"key":"Letter Opener"},{"floor":23,"key":"Regal Pillow"},{"floor":24,"key":"Pen Nib"},{"floor":26,"key":"Peace Pipe"},{"floor":26,"key":"Kunai"},{"floor":28,"key":"Bottled Tornado"},{"floor":28,"key":"sneckomod:SneckoCommon"},{"floor":41,"key":"Happy Flower"},{"floor":42,"key":"Blood Vial"},{"floor":42,"key":"Boot"},{"floor":44,"key":"Lantern"},{"floor":44,"key":"Whetstone"},{"floor":46,"key":"Pantograph"},{"floor":46,"key":"Molten Egg 2"},{"floor":48,"key":"Calipers"},{"floor":48,"key":"Prayer Wheel"},{"floor":52,"key":"FossilizedHelix"},{"floor":52,"key":"Turnip"}],"event_choices":[{"damage_healed":0,"gold_gain":0,"player_choice":"1","damage_taken":0,"max_hp_gain":0,"max_hp_loss":0,"event_name":"betterMatch:BetterMatch","floor":5,"gold_loss":0,"cards_obtained":["betterMatch:UncommonCard","betterMatch:ColorlessUncommonCard","betterMatch:CommonCard"]},{"damage_healed":0,"gold_gain":0,"player_choice":"Fought Mushrooms","damage_taken":0,"max_hp_gain":0,"max_hp_loss":0,"event_name":"Mushrooms","floor":12,"gold_loss":0},{"damage_healed":0,"gold_gain":0,"player_choice":"1","damage_taken":0,"max_hp_gain":0,"max_hp_loss":0,"event_name":"betterMatch:BetterMatch","floor":39,"gold_loss":0,"cards_obtained":["betterMatch:ColorlessRareCard","betterMatch:UncommonCard"]}],"is_beta":false,"boss_relics":[{"not_picked":["bronze:MakeshiftBattery","Philosopher\u0027s Stone"],"picked":"Calling Bell"},{"not_picked":["Velvet Choker","Fusion Hammer"],"picked":"Busted Crown"}],"items_purged_floors":[38,53],"is_endless":false,"potions_floor_spawned":[4,11,12,14,15,20,22,23,27,33,37,45,48,49,52],"ascension_level":2}}