{"host":"utqe55yv0jihe4d6","time":1610773309,"event":{"mods":["2.2 Compatiblity","AchievementEnabler","BaseMod","Block Reminder","Colored Map","Colored Powertips","Minty Spire (QoL Compilation)","Quick Restart","Rare Cards Sparkle","Relic Stats","SuperFastMode"],"gold_per_floor":[119,131,142,157,157,157,167,193,272,108,128,159,178,189,189,262,262,278,278,296,314,314,314,341,353,390,402,445,53,73,91,91,169,169,184,204,223,239,239,239,265,281,281,294,321,346,375,394,394,394,394],"floor_reached":50,"language":"ENG","playtime":2489,"items_purged":["Strike_R"],"score":1230,"play_id":"a23f9d68-e068-425d-ba0e-ab18bc3ff55f","local_time":"20210116000149","is_ascension_mode":true,"campfire_choices":[{"data":"Whirlwind","floor":6.0,"key":"SMITH"},{"data":"Spot Weakness","floor":15,"key":"SMITH"},{"data":"Dual Wield","floor":23,"key":"SMITH"},{"floor":25,"key":"REST"},{"data":"Fiend Fire","floor":27,"key":"SMITH"},{"floor":32,"key":"REST"},{"floor":40,"key":"REST"},{"floor":49,"key":"RECALL"}],"circlet_count":0,"master_deck":["AscendersBane","Strike_R","Strike_R","Strike_R","Strike_R","Defend_R","Defend_R","Defend_R","Defend_R","Bash","Feed+1","Battle Trance","Whirlwind+1","Clothesline","Spot Weakness+1","Disarm","Reaper","Shockwave","Shrug It Off","Corruption","Uppercut","Dual Wield+1","Burning Pact+1","Havoc","Fiend Fire+1","Burning Pact","Dark Embrace","Flame Barrier","Spot Weakness","Reaper","True Grit+1","Dropkick","Feel No Pain+1","Pommel Strike+1"],"relics":["Burning Blood","The Courier","StrikeDummy","Shovel","Sozu","MawBank","MealTicket","Ornamental Fan","Toy Ornithopter","Mummified Hand","Runic Pyramid","Peace Pipe","TungstenRod","Turnip","Potion Belt"],"acts_visited":["Exordium","TheCity","TheBeyond"],"potions_floor_usage":[12,33,35],"damage_taken":[{"damage":11.0,"enemies":"2 Louse","floor":1.0,"turns":3.0},{"damage":11.0,"enemies":"Jaw Worm","floor":2.0,"turns":6.0},{"damage":6.0,"enemies":"Cultist","floor":3.0,"turns":3.0},{"damage":8.0,"enemies":"Lots of Slimes","floor":4.0,"turns":3.0},{"damage":8.0,"enemies":"Looter","floor":7.0,"turns":4.0},{"damage":27.0,"enemies":"Gremlin Nob","floor":8.0,"turns":4.0},{"damage":10.0,"enemies":"Blue Slaver","floor":11.0,"turns":5.0},{"damage":21,"enemies":"Lagavulin","floor":12,"turns":6},{"damage":20,"enemies":"2 Fungi Beasts","floor":13,"turns":5},{"damage":7,"enemies":"Large Slime","floor":14,"turns":4},{"damage":30,"enemies":"The Guardian","floor":16,"turns":16},{"damage":34,"enemies":"Shell Parasite","floor":18,"turns":6},{"damage":14,"enemies":"Chosen","floor":20,"turns":5},{"damage":11,"enemies":"Centurion and Healer","floor":21,"turns":4},{"damage":46,"enemies":"Book of Stabbing","floor":24,"turns":5},{"damage":77,"enemies":"Slavers","floor":28,"turns":6},{"damage":23,"enemies":"Snake Plant","floor":30,"turns":5},{"damage":22,"enemies":"Snecko","floor":31,"turns":7},{"damage":99,"enemies":"Champ","floor":33,"turns":16},{"damage":20,"enemies":"3 Shapes","floor":35,"turns":4},{"damage":74,"enemies":"3 Darklings","floor":36,"turns":7},{"damage":42,"enemies":"Writhing Mass","floor":37,"turns":7},{"damage":47,"enemies":"Transient","floor":38,"turns":6},{"damage":95,"enemies":"Nemesis","floor":41,"turns":9},{"damage":0,"enemies":"Spire Growth","floor":42,"turns":5},{"damage":0,"enemies":"Jaw Worm Horde","floor":44,"turns":4},{"damage":1,"enemies":"Reptomancer","floor":45,"turns":5},{"damage":22,"enemies":"Mind Bloom Boss Battle","floor":46,"turns":6},{"damage":36,"enemies":"Giant Head","floor":47,"turns":8},{"damage":145,"enemies":"Transient","floor":48,"turns":6},{"damage":27,"enemies":"Awakened One","floor":50,"turns":2}],"seed_played":"-1204352717388433239","potions_obtained":[{"floor":1.0,"key":"AttackPotion"},{"floor":8.0,"key":"Explosive Potion"},{"floor":12,"key":"Regen Potion"}],"is_trial":false,"path_per_floor":["M","M","M","M","?","R","M","E","T","$","M","E","M","M","R","B",null,"M","?","M","M","?","R","E","R","T","R","E","$","M","M","R","B",null,"M","M","M","M","?","R","E","M","T","M","E","?","E","M","R","B"],"character_chosen":"IRONCLAD","items_purchased":["Disarm","AttackPotion","Toy Ornithopter","Mummified Hand","Dark Embrace"],"campfire_rested":3,"item_purchase_floors":[10,10,29,29,29],"current_hp_per_floor":[66,64,67,68,68,68,70,49,49,49,49,38,42,49,49,45,89,73,73,71,66,66,66,34,66,66,66,19,34,21,27,61,22,96,107,78,46,21,21,60,39,81,81,99,156,156,130,17,17,0,0],"gold":394,"neow_bonus":"THREE_RARE_CARDS","is_daily":false,"chose_seed":false,"campfire_upgraded":4,"win_rate":0.0,"timestamp":1610773309,"path_taken":["M","M","M","M","?","R","M","E","T","$","M","E","M","M","R","BOSS","M","?","M","M","?","R","E","R","T","R","E","$","?","M","R","BOSS","M","M","M","?","?","R","E","M","T","M","E","?","E","M","R","BOSS"],"items_purchased_type":["Card","Potion","Relic","Relic","Card"],"build_version":"2020-12-22","purchased_purges":1,"victory":false,"max_hp_per_floor":[71,74,77,80,80,80,84,84,84,84,88,92,96,100,100,104,104,108,108,108,108,108,108,108,108,108,108,108,108,112,116,116,120,120,124,128,132,132,132,132,136,140,140,152,156,156,160,160,160,160,160],"relic_stats":{"counters":[31,182],"MawBank":60,"Burning Blood":168,"Sozu":9,"Peace Pipe":0,"Shovel":0,"Ornamental Fan":[116],"Mummified Hand":[49],"MealTicket":15,"Turnip":[0],"obtain_stats":[{"Potion Belt":47,"The Courier":8,"MawBank":24,"Burning Blood":0,"Sozu":17,"Peace Pipe":41,"Shovel":12,"Ornamental Fan":28,"Mummified Hand":29,"MealTicket":26,"Turnip":46,"StrikeDummy":9,"Toy Ornithopter":29,"TungstenRod":45,"Runic Pyramid":34},{"Potion Belt":29,"The Courier":6,"MawBank":15,"Burning Blood":0,"Sozu":11,"Peace Pipe":24,"Shovel":8,"Ornamental Fan":16,"Mummified Hand":16,"MealTicket":15,"Turnip":28,"StrikeDummy":6,"Toy Ornithopter":16,"TungstenRod":27,"Runic Pyramid":19},{"Potion Belt":174,"The Courier":23,"MawBank":79,"Burning Blood":0,"Sozu":59,"Peace Pipe":146,"Shovel":34,"Ornamental Fan":85,"Mummified Hand":85,"MealTicket":79,"Turnip":166,"StrikeDummy":23,"Toy Ornithopter":85,"TungstenRod":160,"Runic Pyramid":113}],"Toy Ornithopter":10,"TungstenRod":12},"card_choices":[{"not_picked":["Exhume","Demon Form"],"picked":"Feed","floor":0.0},{"not_picked":["Body Slam","Twin Strike"],"picked":"Battle Trance","floor":1.0},{"not_picked":["Havoc","Dark Embrace","Ghostly Armor"],"picked":"SKIP","floor":2.0},{"not_picked":["Clash","Heavy Blade"],"picked":"Whirlwind","floor":3.0},{"not_picked":["Rage","True Grit"],"picked":"Clothesline","floor":4.0},{"not_picked":["Feel No Pain","Sword Boomerang"],"picked":"Spot Weakness","floor":7.0},{"not_picked":["Wild Strike","Armaments","Searing Blow"],"picked":"SKIP","floor":8.0},{"not_picked":["Dark Embrace","Twin Strike"],"picked":"Reaper","floor":11.0},{"not_picked":["True Grit","Sentinel"],"picked":"Shockwave","floor":12},{"not_picked":["Searing Blow","Second Wind"],"picked":"Shrug It Off","floor":13},{"not_picked":["Flex","Havoc","Wild Strike"],"picked":"SKIP","floor":14},{"not_picked":["Fiend Fire","Barricade"],"picked":"Corruption","floor":16},{"not_picked":["Headbutt+1","Sword Boomerang"],"picked":"Uppercut","floor":18},{"not_picked":["Anger","Headbutt","Sword Boomerang"],"picked":"SKIP","floor":20},{"not_picked":["Headbutt","Entrench"],"picked":"Burning Pact+1","floor":21},{"not_picked":["Iron Wave","Inflame+1"],"picked":"Fiend Fire","floor":24},{"not_picked":["Sever Soul+1","Twin Strike"],"picked":"Burning Pact","floor":28},{"not_picked":["Blood for Blood","Body Slam"],"picked":"Flame Barrier","floor":30},{"not_picked":["Uppercut","Perfected Strike"],"picked":"Spot Weakness","floor":31},{"not_picked":["Feed","Corruption"],"picked":"Reaper","floor":33},{"not_picked":["Perfected Strike","Hemokinesis"],"picked":"True Grit+1","floor":35},{"not_picked":["Havoc+1","Metallicize"],"picked":"Dropkick","floor":36},{"not_picked":["Headbutt","Sword Boomerang","Wild Strike"],"picked":"SKIP","floor":37},{"not_picked":["Rupture+1","Berserk"],"picked":"Feel No Pain+1","floor":38},{"not_picked":["Havoc","Pommel Strike","Infernal Blade"],"picked":"SKIP","floor":41},{"not_picked":["Sword Boomerang+1","Iron Wave","Shrug It Off"],"picked":"SKIP","floor":42},{"not_picked":["Rage","True Grit","Havoc"],"picked":"SKIP","floor":44},{"not_picked":["Feed","Sever Soul"],"picked":"Pommel Strike+1","floor":45},{"not_picked":["Rampage","Body Slam","Pummel"],"picked":"SKIP","floor":47},{"not_picked":["Perfected Strike","Twin Strike+1","Blood for Blood"],"picked":"SKIP","floor":48}],"player_experience":2943238,"relics_obtained":[{"floor":8.0,"key":"The Courier"},{"floor":9.0,"key":"StrikeDummy"},{"floor":12,"key":"Shovel"},{"floor":24,"key":"MawBank"},{"floor":26,"key":"MealTicket"},{"floor":28,"key":"Ornamental Fan"},{"floor":41,"key":"Peace Pipe"},{"floor":45,"key":"TungstenRod"},{"floor":46,"key":"Turnip"},{"floor":47,"key":"Potion Belt"}],"event_choices":[{"damage_healed":0.0,"max_hp_gain":0.0,"max_hp_loss":0.0,"gold_gain":0.0,"event_name":"Living Wall","player_choice":"Grow","floor":5.0,"gold_loss":0.0,"damage_taken":0.0,"cards_upgraded":["Feed"]},{"damage_healed":0,"gold_gain":0,"player_choice":"Read","damage_taken":0,"max_hp_gain":0,"max_hp_loss":0,"event_name":"The Library","floor":19,"gold_loss":0,"cards_obtained":["Dual Wield"]},{"damage_healed":0,"gold_gain":0,"player_choice":"1 cards matched","damage_taken":0,"max_hp_gain":0,"max_hp_loss":0,"event_name":"Match and Keep!","floor":22,"gold_loss":0,"cards_obtained":["Havoc"]},{"damage_healed":0,"gold_gain":0,"player_choice":"Ignored","damage_taken":0,"max_hp_gain":0,"max_hp_loss":0,"event_name":"Tomb of Lord Red Mask","floor":39,"gold_loss":0},{"damage_healed":0,"gold_gain":0,"player_choice":"Fight","damage_taken":0,"max_hp_gain":0,"max_hp_loss":0,"event_name":"MindBloom","floor":46,"gold_loss":0}],"is_beta":false,"boss_relics":[{"not_picked":["Calling Bell","Pandora\u0027s Box"],"picked":"Sozu"},{"not_picked":["Philosopher\u0027s Stone","Mark of Pain"],"picked":"Runic Pyramid"}],"items_purged_floors":[10],"is_endless":false,"potions_floor_spawned":[1,8,11,12,13,20,21,28,31,35,38,42,44,47,48],"killed_by":"Awakened One","ascension_level":20}}