{"host":"9xbyrfh4l0ybbb5d","time":1610777662,"event":{"mods":["100% Spire Juice","ATMod(°¢èªMod)","Act Like it!","BaseMod","Minty Spire (QoL Compilation)","Reimu£¨²©ÀöÁéÃÎ£©","StSLib","The Alterego","The Mystic","óô»ðÖ¸ÄÏ"],"gold_per_floor":[20000,20011,19069,18480,17683,17717,16943,16970,16970,16970,17001,17020,16068,16100,15280,15375,15375,15389,15404,15364,15381,15397,15425,15425,15450,15450,14833,13589,13603,13732,13744,13193,13394,13394,13411,13421,13421,13439,13459,13593,13593,13720,13771,13771,13317,13317,13467,13601,13306,13406,13406,13077,12785,13017,13117],"floor_reached":56,"language":"ZHS","playtime":3546,"items_purged":["Moonworks:Strike","Moonworks:Strike","Moonworks:Strike","Moonworks:Strike","Moonworks:Defend","Moonworks:Defend","Moonworks:Defend","Moonworks:Defend"],"score":1738,"play_id":"1c669286-086d-41d1-9bd8-8cec07ecdc2b","local_time":"20210116141422","is_ascension_mode":true,"campfire_choices":[{"data":"Moonworks:RagingMadness","floor":24.0,"key":"SMITH"},{"data":"Moonworks:HolyNight","floor":41,"key":"SMITH"},{"floor":44,"key":"RECALL"}],"circlet_count":0,"master_deck":["Moonworks:Ambush","Moonworks:LongDistanceShot","Moonworks:MiracleRedBeanIceCream","Moonworks:RagingMadness+1","Moonworks:SakisCookie","Moonworks:JonathanRush","Moonworks:NicePresent","Moonworks:CloudOfSeagulls","Moonworks:JonathanRush+1","Moonworks:SakisCookie","Moonworks:CloudOfSeagulls","Moonworks:SweetBattle+1","Moonworks:JonathanRush","Moonworks:LuckyCharm","Moonworks:DeployBits","Moonworks:HolyNight+1","Moonworks:SakisCookie","Moonworks:CrystalBarrier","Moonworks:CloudOfSeagulls+1","Moonworks:Flamethrower","Moonworks:Dash+1","Moonworks:LulusLuckyEgg+1","Moonworks:JonathanRush+1","Moonworks:CloudOfSeagulls+1","Moonworks:CloudOfSeagulls+1","Moonworks:JonathanRush+1","Moonworks:FullSpeedAlicianrone+1","Bandage Up+1","Moonworks:LulusLuckyEgg+1","Moonworks:EvilSpyWorkPreparation","Moonworks:IndiscriminateFireSupport+1","Moonworks:JonathanRush+1","Moonworks:Dash","Moonworks:HolyNight","AT_EmpoweredMortalDraw+1","Moonworks:DeployBits+1","Moonworks:JonathanRush+1","Moonworks:JonathanRush+1","Moonworks:CloudOfSeagulls+1","Moonworks:OutOfAmmo","Enlightenment","Moonworks:NicePresent","Moonworks:RedAndBlue+1","Moonworks:JonathanRush+1","Moonworks:RedAndBlue","Moonworks:CloudOfSeagulls+1","AT_CelerityRune","Moonworks:NicePresent","Moonworks:Dash"],"relics":["Moonworks:SBBomb","Moonworks:Homemark","AT_ATBox","Mango","Meat on the Bone","Sling","Moonworks:GoldenDie","CrazyTorch:ReiMu","Sundial","Strawberry","Shuriken","Gremlin Horn","Orrery","Bottled Flame","Nunchaku","Molten Egg 2","PreservedInsect","AT_Manta","ClockworkSouvenir","Pantograph","Lee\u0027s Waffle","AT_ChloranthyRing","Pen Nib","AT_RabadonDeathcap","AT_TheCollector","AT_ForceNature","Potion Belt","Cauldron","Turnip","Gambling Chip","Medical Kit","War Paint","Toy Ornithopter","Membership Card","Art of War","AT_MortalBlade","RuthlessExorcism:ReiMu","White Beast Statue","Oddly Smooth Stone","CaptainsWheel","Bronze Scales","TheAbacus","Thread and Needle","Darkstone Periapt","AT_Kusabimaru","AT_RedTearstoneRing","AT_SpeedBoots","Mercury Hourglass","AT_BellDemon","Boot","TentaclePot:ReiMu","Dead Branch"],"acts_visited":["Exordium","TheCity","TheBeyond","TheEnding"],"potions_floor_usage":[33,33,33,35,48,50,50,54,55,55,55,55,55],"damage_taken":[{"damage":10.0,"enemies":"2 Louse","floor":1.0,"turns":4.0},{"damage":5.0,"enemies":"Small Slimes","floor":2.0,"turns":3.0},{"damage":0.0,"enemies":"Cultist","floor":4.0,"turns":3.0},{"damage":28.0,"enemies":"Lagavulin","floor":6.0,"turns":4.0},{"damage":13.0,"enemies":"Gremlin Nob","floor":8.0,"turns":3.0},{"damage":13.0,"enemies":"3 Sentries","floor":11.0,"turns":4.0},{"damage":2.0,"enemies":"3 Louse","floor":12.0,"turns":1.0},{"damage":8.0,"enemies":"Gremlin Nob","floor":14.0,"turns":3.0},{"damage":61.0,"enemies":"Hexaghost","floor":16.0,"turns":5.0},{"damage":22.0,"enemies":"Shell Parasite","floor":18.0,"turns":4.0},{"damage":4.0,"enemies":"Spheric Guardian","floor":19.0,"turns":2.0},{"damage":26.0,"enemies":"Snake Plant","floor":21.0,"turns":4.0},{"damage":2.0,"enemies":"Cultist and Chosen","floor":22.0,"turns":4.0},{"damage":1.0,"enemies":"Gremlin Leader","floor":23.0,"turns":3.0},{"damage":26.0,"enemies":"Slavers","floor":25.0,"turns":2.0},{"damage":12.0,"enemies":"Snecko","floor":29.0,"turns":4.0},{"damage":20.0,"enemies":"Book of Stabbing","floor":30.0,"turns":3.0},{"damage":0.0,"enemies":"Snake Plant","floor":31.0,"turns":2.0},{"damage":22,"enemies":"Automaton","floor":33,"turns":3},{"damage":11,"enemies":"Orb Walker","floor":35,"turns":2},{"damage":0,"enemies":"3 Darklings","floor":36,"turns":1},{"damage":13,"enemies":"Transient","floor":38,"turns":5},{"damage":44,"enemies":"Writhing Mass","floor":39,"turns":3},{"damage":3,"enemies":"Nemesis","floor":40,"turns":2},{"damage":0,"enemies":"Giant Head","floor":42,"turns":3},{"damage":5,"enemies":"Mind Bloom Boss Battle","floor":47,"turns":2},{"damage":0,"enemies":"Reptomancer","floor":48,"turns":1},{"damage":34,"enemies":"Time Eater","floor":50,"turns":3},{"damage":8,"enemies":"Shield and Spear","floor":54,"turns":2},{"damage":10,"enemies":"The Heart","floor":55,"turns":3}],"seed_played":"7096771804881909221","potions_obtained":[{"floor":1.0,"key":"Swift Potion"},{"floor":11.0,"key":"Explosive Potion"},{"floor":14.0,"key":"Ancient Potion"},{"floor":16.0,"key":"GrandPatriotsElixir:ReiMu"},{"floor":20.0,"key":"Weak Potion"},{"floor":20.0,"key":"SteroidPotion"},{"floor":23.0,"key":"GrandPatriotsElixir:ReiMu"},{"floor":27.0,"key":"Fruit Juice"},{"floor":27.0,"key":"MagicPotion:ReiMu"},{"floor":27.0,"key":"CultistPotion"},{"floor":27.0,"key":"SkillPotion"},{"floor":27.0,"key":"GamblersBrew"},{"floor":29.0,"key":"Strength Potion"},{"floor":31.0,"key":"Dexterity Potion"},{"floor":35,"key":"Fruit Juice"},{"floor":36,"key":"SkillPotion"},{"floor":40,"key":"EntropicBrew"},{"floor":42,"key":"Fire Potion"},{"floor":47,"key":"SteroidPotion"},{"floor":48,"key":"Weak Potion"},{"floor":54,"key":"FearPotion"}],"is_trial":false,"path_per_floor":["M","M","$","M","$","E","R","E","T","?","E","M","R","E","R","B",null,"M","M","?","M","M","E","R","E","T","R","$","M","E","M","R","B",null,"M","M","?","M","M","E","R","E","T","R","$","?","?","E","R","B",null,"R","$","E","B",null],"character_chosen":"THE_STARBREAKER","items_purchased":["Mango","Meat on the Bone","Sling","Moonworks:SakisCookie","Moonworks:JonathanRush","EntropicBrew","Moonworks:GoldenDie","CrazyTorch:ReiMu","Sundial","Moonworks:CloudOfSeagulls","Shuriken","Gremlin Horn","Orrery","PreservedInsect","AT_Manta","ClockworkSouvenir","Moonworks:DeployBits","Strength Potion","Block Potion","SpeedPotion","Lee\u0027s Waffle","AT_ChloranthyRing","Pen Nib","Moonworks:SakisCookie","Moonworks:OneHundredPercentOrangeJuicePotion","Block Potion","Moonworks:CloudOfSeagulls+1","AT_ForceNature","Potion Belt","Cauldron","Turnip","Gambling Chip","Medical Kit","Moonworks:JonathanRush+1","Moonworks:FullSpeedAlicianrone+1","Bandage Up","Regen Potion","SteroidPotion","Toy Ornithopter","Membership Card","Art of War","Moonworks:JonathanRush+1","Moonworks:Dash","CaptainsWheel","Bronze Scales","TheAbacus","BlessingOfTheForge","AT_Kusabimaru","AT_RedTearstoneRing","Moonworks:JonathanRush+1","Moonworks:RedAndBlue","Strength Potion","AT_SpeedBoots","Mercury Hourglass","Moonworks:CloudOfSeagulls+1","AT_CelerityRune","SteroidPotion","FearPotion","AT_BellDemon","Boot","TentaclePot:ReiMu","Moonworks:NicePresent","Moonworks:Dash"],"campfire_rested":0,"item_purchase_floors":[3,3,3,3,3,3,5,5,5,5,7,7,7,13,13,13,13,13,13,13,15,15,15,15,15,15,27,27,27,27,28,28,28,28,28,28,28,28,32,32,32,32,32,45,45,45,45,49,49,49,49,49,52,52,52,52,52,52,53,53,53,53,53],"current_hp_per_floor":[56,56,70,77,77,61,61,57,57,40,48,46,46,48,94,52,94,88,84,84,58,63,75,75,53,53,58,58,71,61,61,61,81,99,98,104,99,95,51,60,60,64,64,64,64,64,84,99,99,81,99,99,99,99,98],"gold":13117,"neow_bonus":"TEN_PERCENT_HP_BONUS","is_daily":false,"chose_seed":false,"campfire_upgraded":2,"win_rate":0.0,"timestamp":1610777662,"path_taken":["M","M","$","M","$","E","R","E","T","?","E","M","R","E","R","BOSS","M","M","?","M","?","E","R","E","T","R","$","M","E","M","R","BOSS","M","M","?","M","M","E","R","E","T","R","$","?","?","E","R","BOSS","R","$","E","BOSS"],"items_purchased_type":["Relic","Relic","Relic","Card","Card","Potion","Relic","Relic","Relic","Card","Relic","Relic","Relic","Relic","Relic","Relic","Card","Potion","Potion","Potion","Relic","Relic","Relic","Card","Potion","Potion","Card","Relic","Relic","Relic","Relic","Relic","Relic","Card","Card","Card","Potion","Potion","Relic","Relic","Relic","Card","Card","Relic","Relic","Relic","Potion","Relic","Relic","Card","Card","Potion","Relic","Relic","Card","Card","Potion","Potion","Relic","Relic","Relic","Card","Card"],"build_version":"2020-12-22","purchased_purges":8,"victory":true,"max_hp_per_floor":[66,66,80,80,80,87,87,87,87,87,87,87,87,87,94,94,94,94,94,94,94,94,94,94,94,94,99,99,99,99,99,99,99,99,104,104,99,99,99,99,99,99,99,99,99,99,99,99,99,99,99,99,99,99,99],"card_choices":[{"not_picked":["Moonworks:SweetBattle","Moonworks:LulusLuckyEgg"],"picked":"Moonworks:MiracleRedBeanIceCream","floor":1.0},{"not_picked":["Moonworks:LulusLuckyEgg","Moonworks:Assault"],"picked":"Moonworks:RagingMadness","floor":2.0},{"not_picked":["Moonworks:FinalSurgery","Moonworks:AwakeningOfTalent"],"picked":"Moonworks:NicePresent","floor":4.0},{"not_picked":["Moonworks:ImmovableObject","Moonworks:EvilSpyWorkPreparation"],"picked":"Moonworks:JonathanRush","floor":6.0},{"not_picked":["Moonworks:CastOff","Moonworks:AwakeningOfTalent"],"picked":"Moonworks:SakisCookie","floor":7.0},{"not_picked":["Moonworks:IndiscriminateFireSupport","Moonworks:WindyEnchantment"],"picked":"Moonworks:CloudOfSeagulls","floor":7.0},{"not_picked":["Moonworks:EvilSpyWorkPreparation","Moonworks:ImOnFire"],"picked":"Moonworks:SweetBattle","floor":7.0},{"not_picked":["Moonworks:LulusLuckyEgg","Moonworks:ShieldCounter"],"picked":"Moonworks:JonathanRush","floor":7.0},{"not_picked":["Moonworks:SakisCookie","Moonworks:LulusLuckyEgg","Moonworks:EvilSpyWorkPreparation"],"picked":"SKIP","floor":8.0},{"not_picked":["Moonworks:EvilSpyWorkPreparation","Moonworks:IndiscriminateFireSupport+1","Moonworks:UnluckyCharm"],"picked":"SKIP","floor":11.0},{"not_picked":["Moonworks:DeployBits","Moonworks:SakisCookie"],"picked":"Moonworks:LuckyCharm","floor":12.0},{"not_picked":["Moonworks:LulusLuckyEgg","Moonworks:BigMagnum"],"picked":"Moonworks:HolyNight","floor":14.0},{"not_picked":["Moonworks:Gamble+1","Moonworks:StarBlastingFuse"],"picked":"Moonworks:CrystalBarrier","floor":16.0},{"not_picked":["Moonworks:DeployBits","Moonworks:LulusLuckyEgg"],"picked":"Moonworks:CloudOfSeagulls+1","floor":18.0},{"not_picked":["Moonworks:BigMagnum+1","Moonworks:ReproductionOfRecords"],"picked":"Moonworks:Flamethrower","floor":19.0},{"not_picked":["Moonworks:Assault+1","Moonworks:DeployBits+1"],"picked":"Moonworks:Dash+1","floor":21.0},{"not_picked":["Moonworks:IndiscriminateFireSupport+1","Moonworks:CastOff"],"picked":"Moonworks:LulusLuckyEgg","floor":22.0},{"not_picked":["Moonworks:LulusLuckyEgg+1","Moonworks:CompletionReward+1"],"picked":"Moonworks:JonathanRush+1","floor":23.0},{"not_picked":["Moonworks:BigBangBell+1","Moonworks:SubspaceTunnel"],"picked":"Moonworks:CloudOfSeagulls+1","floor":25.0},{"not_picked":["Moonworks:ImmovableObject","Moonworks:Assault+1"],"picked":"Moonworks:LulusLuckyEgg+1","floor":29.0},{"not_picked":["Moonworks:ImOnFire","Moonworks:Bloodlust"],"picked":"Moonworks:EvilSpyWorkPreparation","floor":30.0},{"not_picked":["Moonworks:SakisCookie","Moonworks:RagingMadness"],"picked":"Moonworks:IndiscriminateFireSupport+1","floor":31.0},{"not_picked":["Moonworks:StarBlastingFuse","Moonworks:WeAreWaruda"],"picked":"Moonworks:HolyNight","floor":33},{"not_picked":["Moonworks:EvilSpyWorkPreparation+1","Moonworks:Heat300Percent+1"],"picked":"Moonworks:DeployBits+1","floor":35},{"not_picked":["Moonworks:UnpaidWork","Moonworks:BigMagnum"],"picked":"Moonworks:JonathanRush+1","floor":36},{"not_picked":["Moonworks:BackdoorTrade","Moonworks:SakisCookie"],"picked":"Moonworks:JonathanRush+1","floor":38},{"not_picked":["Moonworks:AngelHand+1","Moonworks:CompletionReward+1"],"picked":"Moonworks:CloudOfSeagulls+1","floor":39},{"not_picked":["Moonworks:CompletionReward+1","Moonworks:LuckyCharm"],"picked":"Moonworks:OutOfAmmo","floor":40},{"not_picked":["Moonworks:EvilSpyWorkPreparation","Moonworks:Poppoformation","Moonworks:IntelligenceOfficer"],"picked":"SKIP","floor":42},{"not_picked":["Transmutation","Madness"],"picked":"Enlightenment","floor":46},{"not_picked":["Moonworks:FinalSurgery+1","Moonworks:LulusLuckyEgg"],"picked":"Moonworks:NicePresent","floor":47},{"not_picked":["Moonworks:SakisCookie+1","Moonworks:LulusLuckyEgg"],"picked":"Moonworks:RedAndBlue+1","floor":48},{"not_picked":["Moonworks:DeployBits","Moonworks:Assault+1","Moonworks:LulusLuckyEgg+1"],"picked":"SKIP","floor":54}],"player_experience":298563,"relics_obtained":[{"floor":6.0,"key":"Strawberry"},{"floor":8.0,"key":"Bottled Flame"},{"floor":9.0,"key":"Nunchaku"},{"floor":11.0,"key":"Molten Egg 2"},{"floor":14.0,"key":"Pantograph"},{"floor":23.0,"key":"AT_RabadonDeathcap"},{"floor":25.0,"key":"AT_TheCollector"},{"floor":30.0,"key":"War Paint"},{"floor":40,"key":"RuthlessExorcism:ReiMu"},{"floor":42,"key":"White Beast Statue"},{"floor":43,"key":"Oddly Smooth Stone"},{"floor":47,"key":"Thread and Needle"},{"floor":48,"key":"Darkstone Periapt"},{"floor":54,"key":"Dead Branch"}],"event_choices":[{"damage_healed":0.0,"max_hp_gain":0.0,"max_hp_loss":0.0,"gold_gain":0.0,"event_name":"Shining Light","player_choice":"Entered Light","floor":10.0,"gold_loss":0.0,"damage_taken":17.0,"cards_upgraded":["Moonworks:JonathanRush","Moonworks:SweetBattle"]},{"damage_healed":0.0,"max_hp_gain":0.0,"max_hp_loss":0.0,"gold_gain":0.0,"event_name":"The Woman in Blue","player_choice":"Bought 3 Potions","floor":20.0,"gold_loss":0.0,"damage_taken":0.0},{"damage_healed":0,"gold_gain":0,"player_choice":"Max HP","damage_taken":0,"max_hp_gain":0,"max_hp_loss":5,"event_name":"Winding Halls","floor":37,"gold_loss":0},{"damage_healed":0,"gold_gain":0,"player_choice":"Memory 1","damage_taken":0,"max_hp_gain":0,"max_hp_loss":0,"event_name":"SensoryStone","floor":46,"gold_loss":0},{"damage_healed":0,"gold_gain":0,"player_choice":"Fight","damage_taken":0,"max_hp_gain":0,"max_hp_loss":0,"event_name":"MindBloom","floor":47,"gold_loss":0}],"is_beta":false,"boss_relics":[{"not_picked":["Runic Dome","Black Star"],"picked":"Moonworks:SBBomb"},{"not_picked":["Velvet Choker","Astrolabe"],"picked":"AT_MortalBlade"}],"items_purged_floors":[3,5,7,13,15,28,32,45],"is_endless":false,"potions_floor_spawned":[1,11,14,16,18,23,29,31,35,36,40,42,47,48,54],"ascension_level":3}}