{"host":"yvb207ks1sg3cxef","time":1610795437,"event":{"mods":["2.2 Compatiblity","BaseMod","Bestiary","Colored Powertips","Minty Spire (QoL Compilation)","Permanent Neow","Quick Restart","Relic Stats","StSLib"],"gold_per_floor":[115,115,127,92,171,201,201,40,66,66,93,110,138,155,155,229,229,240,240,240],"floor_reached":19,"language":"ENG","playtime":1240,"items_purged":["Strike_G"],"score":420,"play_id":"04846fdd-58ed-4602-856a-fc2f5fa13f14","local_time":"20210116164037","is_ascension_mode":true,"campfire_choices":[{"floor":7,"key":"REST"},{"floor":10,"key":"REST"},{"data":"Noxious Fumes","floor":15,"key":"SMITH"}],"circlet_count":0,"master_deck":["AscendersBane","Strike_G","Strike_G","Strike_G+1","Strike_G+1","Defend_G","Defend_G","Defend_G","Defend_G","Defend_G","Survivor","Neutralize","Footwork","Dagger Throw","Skewer+1","Dodge and Roll","Caltrops","Tools of the Trade","PiercingWail","Deadly Poison","Dagger Spray+1","Well Laid Plans","Noxious Fumes+1","Wraith Form v2","Burst","Dodge and Roll+1"],"relics":["Ring of the Snake","Prayer Wheel","Molten Egg 2","Question Card","Whetstone","Omamori","MealTicket","Tiny Chest","Runic Pyramid"],"acts_visited":["Exordium","TheCity"],"potions_floor_usage":[11,18],"damage_taken":[{"damage":0,"enemies":"2 Louse","floor":1,"turns":3},{"damage":0,"enemies":"Jaw Worm","floor":3,"turns":5},{"damage":43,"enemies":"Gremlin Nob","floor":6,"turns":5},{"damage":0,"enemies":"Lagavulin","floor":11,"turns":7},{"damage":0,"enemies":"Cultist","floor":12,"turns":3},{"damage":27,"enemies":"3 Sentries","floor":13,"turns":12},{"damage":0,"enemies":"3 Louse","floor":14,"turns":2},{"damage":2,"enemies":"Hexaghost","floor":16,"turns":11},{"damage":35,"enemies":"3 Byrds","floor":18,"turns":5},{"damage":34,"enemies":"Chosen","floor":19,"turns":5}],"seed_played":"434938455315191376","potions_obtained":[{"floor":3,"key":"CultistPotion"},{"floor":6,"key":"SteroidPotion"},{"floor":13,"key":"CultistPotion"},{"floor":16,"key":"SpeedPotion"}],"is_trial":false,"path_per_floor":["M","?","M","?","T","E","R","$","T","R","E","M","E","M","R","B",null,"M","M"],"character_chosen":"THE_SILENT","items_purchased":["Tools of the Trade"],"campfire_rested":2,"item_purchase_floors":[8],"current_hp_per_floor":[44,33,33,49,49,6,25,25,25,44,44,44,17,17,17,15,53,18,0,0],"gold":240,"neow_bonus":"ONE_RARE_RELIC","is_daily":false,"chose_seed":false,"campfire_upgraded":1,"win_rate":0.0,"timestamp":1610795437,"path_taken":["M","?","M","?","?","E","R","$","T","R","E","M","E","M","R","BOSS","M","?"],"items_purchased_type":["Card"],"build_version":"2020-12-22","purchased_purges":1,"victory":false,"max_hp_per_floor":[66,66,66,66,66,66,66,66,66,66,66,66,66,66,66,66,66,66,66,66],"relic_stats":{"counters":[10,58],"Prayer Wheel":5,"MealTicket":0,"Tiny Chest":0,"Whetstone":["Strike_G","Strike_G"],"Question Card":10,"obtain_stats":[{"Prayer Wheel":0,"Molten Egg 2":2,"MealTicket":11,"Tiny Chest":13,"Omamori":9,"Whetstone":6,"Question Card":5,"Ring of the Snake":0,"Runic Pyramid":17},{"Prayer Wheel":0,"Molten Egg 2":1,"MealTicket":4,"Tiny Chest":6,"Omamori":3,"Whetstone":3,"Question Card":2,"Ring of the Snake":0,"Runic Pyramid":8},{"Prayer Wheel":0,"Molten Egg 2":3,"MealTicket":20,"Tiny Chest":35,"Omamori":13,"Whetstone":13,"Question Card":8,"Ring of the Snake":0,"Runic Pyramid":48}],"Ring of the Snake":[20]},"card_choices":[{"not_picked":["Deflect","Terror"],"picked":"Footwork","floor":1},{"not_picked":["PiercingWail","Slice"],"picked":"Dagger Throw","floor":1},{"not_picked":["Adrenaline","Bane+1"],"picked":"Skewer+1","floor":3},{"not_picked":["Prepared","Cloak And Dagger"],"picked":"Dodge and Roll","floor":3},{"not_picked":["Cloak And Dagger","Deflect","Sucker Punch+1"],"picked":"Caltrops","floor":6},{"not_picked":["Outmaneuver","Underhanded Strike+1","Unload+1"],"picked":"PiercingWail","floor":11},{"not_picked":["Skewer+1","Outmaneuver","PiercingWail"],"picked":"Deadly Poison","floor":12},{"not_picked":["Blade Dance","Dagger Throw+1","Reflex"],"picked":"Dagger Spray+1","floor":12},{"not_picked":["Prepared","Flying Knee+1","Deflect"],"picked":"Well Laid Plans","floor":13},{"not_picked":["Deflect","Poisoned Stab+1","Dagger Spray+1"],"picked":"Noxious Fumes","floor":14},{"not_picked":["Cloak And Dagger","Flechettes+1","Reflex"],"picked":"Wraith Form v2","floor":14},{"not_picked":["Phantasmal Killer","Storm of Steel","Venomology"],"picked":"Burst","floor":16},{"not_picked":["Dagger Throw+1","Heel Hook+1","Infinite Blades"],"picked":"Dodge and Roll+1","floor":18},{"not_picked":["Underhanded Strike+1","Deadly Poison","Blade Dance+1","Backstab+1"],"picked":"SKIP","floor":18}],"player_experience":360902,"relics_obtained":[{"floor":5,"key":"Question Card"},{"floor":6,"key":"Whetstone"},{"floor":9,"key":"Omamori"},{"floor":11,"key":"MealTicket"},{"floor":13,"key":"Tiny Chest"}],"event_choices":[{"damage_healed":0,"gold_gain":0,"player_choice":"Success","damage_taken":11,"relics_obtained":["Molten Egg 2"],"max_hp_gain":0,"max_hp_loss":0,"event_name":"Scrap Ooze","floor":2,"gold_loss":0},{"damage_healed":16,"gold_gain":0,"player_choice":"Healed","damage_taken":0,"max_hp_gain":0,"max_hp_loss":0,"event_name":"The Cleric","floor":4,"gold_loss":35}],"is_beta":false,"boss_relics":[{"not_picked":["Sozu","SacredBark"],"picked":"Runic Pyramid"}],"items_purged_floors":[8],"is_endless":false,"potions_floor_spawned":[3,6,13,16],"killed_by":"Chosen","ascension_level":20}}