{"host":"tkinv8gv6hgcc58b","time":1610817748,"event":{"mods":["BaseMod","Colored Map","Downfall","Googly Eyes","Hermit","Minty Spire (QoL Compilation)","READ ME - Guardian Mod","StSLib","The Cursed","The Disciple"],"gold_per_floor":[99,99,119,138,163,177,177,194,194,644,644,80,80,96,114,219,219,219,219,57,67,52,52,52,52,67,167,215,242,242,267,278,381,381,281,301,320,355,403,403,403,423,442,474,549,574,574,77,89,89],"floor_reached":51,"language":"ENG","playtime":1269,"items_purged":["downfall:Icky","downfall:Icky","downfall:Haunted"],"score":910,"play_id":"0fb2f288-63fb-4e4d-aec4-00337fd72fbb","local_time":"20210116122228","is_ascension_mode":false,"campfire_choices":[{"data":"bronze:Goto","floor":1.0,"key":"SMITH"},{"floor":9.0,"key":"REST"},{"floor":13.0,"key":"REST"},{"data":"bronze:FindAndReplace","floor":18.0,"key":"SMITH"},{"data":"bronze:Repulsor","floor":25.0,"key":"SMITH"},{"floor":30,"key":"REST"},{"data":"1","floor":35,"key":"LIFT"},{"data":"2","floor":47,"key":"LIFT"}],"circlet_count":0,"master_deck":["bronze:Strike","bronze:Strike","bronze:Strike","bronze:Defend","bronze:Defend","bronze:Defend","bronze:Defend","bronze:Replicate","bronze:Goto+1","bronze:Repair","bronze:Repulsor+1","Injury","bronze:OilSpill","Shame","bronze:Flail","downfall:Icky","bronze:Boost","bronze:ChosenStrike","bronze:Iterate","bronze:OilSpill","bronze:FindAndReplace+1","bronze:GetLatest","bronze:GetLatest","bronze:FollowUp","bronze:BronzeOrb","bronze:DecaBeam","bronze:Branch","bronze:Flail+1","bronze:ClassDefault","bronze:HyperBeam","bronze:WildBeam","bronze:FineTuning","bronze:Verify","bronze:Boost+1","bronze:FollowUp","bronze:OilSpill+1","downfall:Icky","bronze:Optimize","bronze:Iterate+1"],"relics":["Cursed Key","Bag of Preparation","Nunchaku","CaptainsWheel","downfall:BrokenWingStatue","Mummified Hand","Regal Pillow","Black Star","Pocketwatch","Toolbox","MutagenicStrength","Pear","Girya","Gremlin Horn","Bronze Scales","Bottled Flame","Busted Crown","downfall:HeartBlessingGreen","Peace Pipe","Dream Catcher","Darkstone Periapt","Molten Egg 2","Eternal Feather","Thread and Needle","Membership Card","Shuriken","Centennial Puzzle"],"acts_visited":["Exordium","TheCity","TheBeyond"],"potions_floor_usage":[29,33,33,33,44,50,50],"damage_taken":[{"damage":0.0,"enemies":"Small Slimes","floor":3.0,"turns":2.0},{"damage":0.0,"enemies":"Jaw Worm","floor":4.0,"turns":3.0},{"damage":0.0,"enemies":"2 Louse","floor":6.0,"turns":4.0},{"damage":0.0,"enemies":"3 Louse","floor":8.0,"turns":5.0},{"damage":7.0,"enemies":"downfall:FleeingMerchant","floor":12.0,"turns":4.0},{"damage":12.0,"enemies":"Gremlin Gang","floor":14.0,"turns":4.0},{"damage":4.0,"enemies":"Blue Slaver","floor":15.0,"turns":2.0},{"damage":9.0,"enemies":"WA_ARCHETYPE_RETAIN","floor":16.0,"turns":4.0},{"damage":0.0,"enemies":"downfall:FleeingMerchant","floor":20.0,"turns":4.0},{"damage":5.0,"enemies":"Spheric Guardian","floor":21.0,"turns":3.0},{"damage":14.0,"enemies":"downfall:FleeingMerchant","floor":22.0,"turns":4.0},{"damage":0.0,"enemies":"3 Byrds","floor":26.0,"turns":3.0},{"damage":16,"enemies":"3 Byrds","floor":27,"turns":4},{"damage":3,"enemies":"downfall:FleeingMerchant","floor":28,"turns":4},{"damage":45,"enemies":"Gremlin Leader","floor":29,"turns":6},{"damage":35,"enemies":"Slavers","floor":31,"turns":4},{"damage":0,"enemies":"Centurion and Healer","floor":32,"turns":3},{"damage":47,"enemies":"DF_ARCHETYPE_CLAW","floor":33,"turns":9},{"damage":10,"enemies":"3 Darklings","floor":36,"turns":3},{"damage":11,"enemies":"Orb Walker","floor":37,"turns":3},{"damage":13,"enemies":"4 Shapes","floor":38,"turns":3},{"damage":16,"enemies":"2 Orb Walkers","floor":39,"turns":3},{"damage":1,"enemies":"Sphere and 2 Shapes","floor":42,"turns":3},{"damage":0,"enemies":"3 Darklings","floor":43,"turns":1},{"damage":27,"enemies":"Giant Head","floor":44,"turns":8},{"damage":0,"enemies":"Reptomancer","floor":46,"turns":4},{"damage":0,"enemies":"4 Shapes","floor":49,"turns":1},{"damage":4,"enemies":"SI_POISON_ARCHETYPE","floor":50,"turns":5}],"seed_played":"-778927254011710208","potions_obtained":[{"floor":3.0,"key":"champ:CounterPotion"},{"floor":4.0,"key":"ColorlessPotion"},{"floor":15.0,"key":"Regen Potion"},{"floor":16.0,"key":"SteroidPotion"},{"floor":29,"key":"Energy Potion"},{"floor":32,"key":"ColorlessPotion"},{"floor":37,"key":"GamblersBrew"},{"floor":42,"key":"Fire Potion"},{"floor":43,"key":"ColorlessPotion"},{"floor":45,"key":"downfall:CursedFountainPotion"}],"is_trial":false,"path_per_floor":["R","?","M","M","T","M","T","M","R","?","?","$","R","M","M","B",null,"R","?","$","M","$","?","T","R","M","?","$","E","R","E","M","B",null,"R","M","M","M","?","?","T","M","M","E","?","E","R","$","M","B",null],"character_chosen":"THE_AUTOMATON","items_purchased":["bronze:ChosenStrike","Mummified Hand","Regal Pillow","Toolbox","bronze:ClassDefault","bronze:HyperBeam","Membership Card","bronze:Optimize","Shuriken","bronze:Iterate+1","Centennial Puzzle","LiquidMemories"],"campfire_rested":3,"item_purchase_floors":[12,12,12,20,28,28,48,48,48,48,48,48],"current_hp_per_floor":[70,18,18,25,25,32,32,39,60,60,60,53,70,65,61,52,70,70,70,70,65,58,58,68,68,75,64,71,33,72,44,44,17,80,80,70,69,56,40,40,40,39,39,19,80,80,80,80,80,76],"gold":89,"neow_bonus":"BOSS_RELIC","is_daily":false,"chose_seed":false,"campfire_upgraded":3,"win_rate":0.0,"timestamp":1610817748,"path_taken":["R","?","M","M","?","M","T","M","R","?","?","?","R","M","M","BOSS","R","?","$","?","$","?","T","R","M","?","?","E","R","E","M","BOSS","R","M","M","M","?","?","T","M","M","E","?","E","R","$","M","BOSS"],"items_purchased_type":["Card","Relic","Relic","Relic","Card","Card","Relic","Card","Relic","Card","Relic","Potion"],"build_version":"2020-12-22","purchased_purges":3,"victory":true,"max_hp_per_floor":[70,70,70,70,70,70,70,70,70,70,70,70,70,70,70,70,70,70,70,70,70,70,70,80,80,80,80,80,80,80,80,80,80,80,80,80,80,80,80,80,80,80,80,80,80,80,80,80,80,80],"card_choices":[{"not_picked":["bronze:Fortify","bronze:CutThrough"],"picked":"bronze:Repair","floor":3.0},{"not_picked":["bronze:OilSpill","bronze:Invalidate"],"picked":"bronze:Repulsor","floor":4.0},{"not_picked":["bronze:BitShift","bronze:NullPointer"],"picked":"bronze:OilSpill","floor":6.0},{"not_picked":["bronze:WildBeam","bronze:Philosophize"],"picked":"bronze:Flail","floor":8.0},{"not_picked":["bronze:Frontload","bronze:Iterate"],"picked":"bronze:Boost","floor":12.0},{"not_picked":["bronze:BitShift","bronze:MaxOutput"],"picked":"bronze:Iterate","floor":14.0},{"not_picked":["bronze:DelayedSlice","bronze:Frontload"],"picked":"bronze:OilSpill","floor":15.0},{"not_picked":["bronze:HyperBeam","bronze:Mutator"],"picked":"bronze:FindAndReplace","floor":16.0},{"not_picked":["bronze:NullPointer","bronze:ForceShield"],"picked":"bronze:GetLatest","floor":20.0},{"not_picked":["bronze:BronzeArmor+1","bronze:Repulsor"],"picked":"bronze:GetLatest","floor":21.0},{"not_picked":["bronze:BuggyMess","bronze:BugBarrage"],"picked":"bronze:FollowUp","floor":22.0},{"not_picked":["bronze:BugBarrage","bronze:Invalidate+1"],"picked":"bronze:BronzeOrb","floor":26.0},{"not_picked":[],"picked":"bronze:DecaBeam","floor":27},{"not_picked":["bronze:DigitalCarnage","bronze:WildBeam"],"picked":"bronze:Branch","floor":27},{"not_picked":["bronze:ChosenStrike","bronze:BitShift"],"picked":"bronze:Flail+1","floor":28},{"not_picked":["bronze:ClassDefault","bronze:Shield+1","bronze:Safeguard"],"picked":"SKIP","floor":29},{"not_picked":["bronze:NullPointer","bronze:BuggyMess"],"picked":"bronze:WildBeam","floor":31},{"not_picked":["bronze:Frontload","bronze:MaxOutput"],"picked":"bronze:FineTuning","floor":32},{"not_picked":["bronze:ThunderWave","bronze:Break"],"picked":"bronze:Verify","floor":33},{"not_picked":[],"picked":"bronze:Boost+1","floor":36},{"not_picked":[],"picked":"bronze:FollowUp","floor":37},{"not_picked":["bronze:ForceShield"],"picked":"SKIP","floor":38},{"not_picked":[],"picked":"bronze:OilSpill+1","floor":39},{"not_picked":["bronze:Iterate"],"picked":"SKIP","floor":42},{"not_picked":["bronze:WhirlingStrike"],"picked":"SKIP","floor":43},{"not_picked":["bronze:BitShift+1"],"picked":"SKIP","floor":44},{"not_picked":["bronze:ChosenStrike+1"],"picked":"SKIP","floor":46},{"not_picked":["bronze:Overload+1"],"picked":"SKIP","floor":49}],"player_experience":1010251,"relics_obtained":[{"floor":5.0,"key":"Nunchaku"},{"floor":7.0,"key":"CaptainsWheel"},{"floor":19.0,"key":"Pocketwatch"},{"floor":24.0,"key":"Pear"},{"floor":29,"key":"Girya"},{"floor":29,"key":"Gremlin Horn"},{"floor":31,"key":"Bronze Scales"},{"floor":31,"key":"Bottled Flame"},{"floor":39,"key":"Peace Pipe"},{"floor":41,"key":"Dream Catcher"},{"floor":44,"key":"Darkstone Periapt"},{"floor":44,"key":"Molten Egg 2"},{"floor":46,"key":"Eternal Feather"},{"floor":46,"key":"Thread and Needle"}],"event_choices":[{"damage_healed":0.0,"max_hp_gain":0.0,"max_hp_loss":0.0,"gold_gain":0.0,"event_name":"Scrap Ooze","player_choice":"Success","floor":2.0,"gold_loss":0.0,"damage_taken":52.0,"relics_obtained":["Bag of Preparation"]},{"damage_healed":0.0,"max_hp_gain":0.0,"max_hp_loss":0.0,"gold_gain":0.0,"event_name":"Wheel of Change","player_choice":"Relic","floor":19.0,"gold_loss":0.0,"damage_taken":0.0},{"damage_healed":0.0,"max_hp_gain":0.0,"max_hp_loss":0.0,"gold_gain":0.0,"event_name":"Drug Dealer","player_choice":"Inject Mutagens","floor":23.0,"gold_loss":0.0,"damage_taken":0.0,"relics_obtained":["MutagenicStrength"]},{"damage_healed":0,"gold_gain":0,"player_choice":"Fight","damage_taken":0,"max_hp_gain":0,"max_hp_loss":0,"event_name":"Mysterious Sphere","floor":39,"gold_loss":0},{"cards_removed":["bronze:Strike"],"damage_healed":0,"gold_gain":0,"player_choice":"Removed Attack","damage_taken":0,"max_hp_gain":0,"max_hp_loss":0,"event_name":"Falling","floor":40,"gold_loss":0}],"is_beta":false,"boss_relics":[{"not_picked":["Pandora\u0027s Box","Sozu"],"picked":"Black Star"},{"not_picked":["bronze:MakeshiftBattery","Snecko Eye"],"picked":"Busted Crown"}],"items_purged_floors":[12,28,48],"is_endless":false,"potions_floor_spawned":[3,4,15,16,26,27,29,31,32,37,42,43],"ascension_level":0}}