{"host":"2lo6hma6kymb0g9i","time":1610787856,"event":{"mods":["BaseMod","Colored Map","DeckTracker","Minty Spire (QoL Compilation)"],"gold_per_floor":[112,112,126,126,126,126,162,162,162,197,221,259,280,298,298,397,397,412,412,337,337,237,276,276,176,176,176,176],"floor_reached":27,"language":"JPN","playtime":2002,"items_purged":["Strike_B","Defend_B"],"score":544,"play_id":"d0512427-067f-4d38-8a4f-f9b0827c02c7","local_time":"20210116180416","is_ascension_mode":true,"campfire_choices":[{"data":"Cold Snap","floor":6,"key":"SMITH"},{"data":"Hologram","floor":8,"key":"SMITH"},{"data":"Defragment","floor":15,"key":"SMITH"},{"floor":24,"key":"REST"}],"circlet_count":0,"master_deck":["AscendersBane","Defend_B","Defend_B","Defend_B","Zap","Dualcast","Turbo","Cold Snap+1","Hologram+1","Defragment+1","Capacitor","Cold Snap","Creative AI+1","Steam+1","Capacitor+1","Reinforced Body","Defragment","Glacier","Barrage"],"relics":["Cracked Core","NeowsBlessing","Golden Idol","Torii","PreservedInsect","Toy Ornithopter","Meat on the Bone","Astrolabe","Boot","WingedGreaves"],"acts_visited":["Exordium","TheCity"],"potions_floor_usage":[12,16,23,27],"damage_taken":[{"damage":0,"enemies":"2 Louse","floor":1,"turns":1},{"damage":0,"enemies":"Jaw Worm","floor":3,"turns":1},{"damage":0,"enemies":"Lagavulin","floor":7,"turns":1},{"damage":10,"enemies":"3 Sentries","floor":10,"turns":12},{"damage":0,"enemies":"Small Slimes","floor":11,"turns":2},{"damage":9,"enemies":"Gremlin Nob","floor":12,"turns":3},{"damage":1,"enemies":"3 Louse","floor":13,"turns":4},{"damage":13,"enemies":"Blue Slaver","floor":14,"turns":4},{"damage":29,"enemies":"The Guardian","floor":16,"turns":19},{"damage":11,"enemies":"3 Byrds","floor":18,"turns":8},{"damage":24,"enemies":"2 Thieves","floor":22,"turns":5},{"damage":45,"enemies":"Book of Stabbing","floor":23,"turns":15},{"damage":63,"enemies":"Gremlin Leader","floor":27,"turns":4}],"seed_played":"8624434588857821123","potions_obtained":[{"floor":1,"key":"PotionOfCapacity"},{"floor":10,"key":"BlessingOfTheForge"},{"floor":11,"key":"Regen Potion"},{"floor":18,"key":"Weak Potion"},{"floor":23,"key":"Weak Potion"}],"is_trial":false,"path_per_floor":["M","?","M","?","?","R","E","R","T","E","M","E","M","M","R","B",null,"M","?","$","?","M","E","R","$","T","E"],"character_chosen":"DEFECT","items_purchased":[],"campfire_rested":1,"item_purchase_floors":[],"current_hp_per_floor":[64,69,69,43,43,43,43,43,43,33,33,29,40,39,39,42,68,57,57,57,57,45,17,39,39,39,0,0],"gold":176,"neow_bonus":"THREE_ENEMY_KILL","is_daily":false,"chose_seed":false,"campfire_upgraded":3,"win_rate":0.0,"timestamp":1610787856,"path_taken":["M","?","M","?","?","R","E","R","T","E","M","E","M","M","R","BOSS","M","?","$","?","M","E","R","$","T","E"],"items_purchased_type":[],"build_version":"2020-12-22","purchased_purges":2,"victory":false,"max_hp_per_floor":[71,76,76,76,76,76,76,76,76,76,76,76,76,76,76,76,76,76,76,76,76,76,76,76,76,76,76,76],"card_choices":[{"not_picked":["Compile Driver","Rebound"],"picked":"Turbo","floor":1},{"not_picked":["Heatsinks","Self Repair"],"picked":"Cold Snap","floor":3},{"not_picked":["Steam","Stack"],"picked":"Hologram","floor":7},{"not_picked":["Heatsinks","Tempest","Steam"],"picked":"SKIP","floor":10},{"not_picked":["Lockon","Reprogram","Ball Lightning"],"picked":"SKIP","floor":11},{"not_picked":["Darkness","Conserve Battery"],"picked":"Defragment","floor":12},{"not_picked":["Heatsinks","Genetic Algorithm"],"picked":"Capacitor","floor":13},{"not_picked":["Stack","Capacitor"],"picked":"Cold Snap","floor":14},{"not_picked":["Sweeping Beam","Turbo"],"picked":"Reinforced Body","floor":18},{"not_picked":["Capacitor","Chill"],"picked":"Glacier","floor":22},{"not_picked":["Darkness","Ball Lightning+1"],"picked":"Barrage","floor":23}],"player_experience":1081932,"relics_obtained":[{"floor":7,"key":"Torii"},{"floor":9,"key":"PreservedInsect"},{"floor":10,"key":"Toy Ornithopter"},{"floor":12,"key":"Meat on the Bone"},{"floor":23,"key":"Boot"},{"floor":26,"key":"WingedGreaves"}],"event_choices":[{"damage_healed":0,"gold_gain":0,"player_choice":"Donut","damage_taken":0,"max_hp_gain":5,"max_hp_loss":0,"event_name":"Big Fish","floor":2,"gold_loss":0},{"damage_healed":0,"gold_gain":0,"player_choice":"Take Damage","damage_taken":26,"relics_obtained":["Golden Idol"],"max_hp_gain":0,"max_hp_loss":0,"event_name":"Golden Idol","floor":4,"gold_loss":0},{"damage_healed":0,"gold_gain":0,"player_choice":"Ignored","damage_taken":0,"max_hp_gain":0,"max_hp_loss":0,"event_name":"Liars Game","floor":5,"gold_loss":0},{"damage_healed":0,"gold_gain":0,"player_choice":"Ignored","damage_taken":0,"max_hp_gain":0,"max_hp_loss":0,"event_name":"The Mausoleum","floor":19,"gold_loss":0},{"damage_healed":0,"gold_gain":0,"player_choice":"Read","damage_taken":0,"max_hp_gain":0,"max_hp_loss":0,"event_name":"The Library","floor":21,"gold_loss":0,"cards_obtained":["Defragment"]}],"is_beta":false,"boss_relics":[{"not_picked":["Busted Crown","Runic Pyramid"],"picked":"Astrolabe"}],"items_purged_floors":[20,25],"is_endless":false,"potions_floor_spawned":[1,10,11,18,23],"killed_by":"Gremlin Leader","ascension_level":20}}