{"host":"utqe55yv0jihe4d6","time":1610835533,"event":{"mods":["2.2 Compatiblity","AchievementEnabler","BaseMod","Block Reminder","Colored Map","Colored Powertips","Minty Spire (QoL Compilation)","Quick Restart","Rare Cards Sparkle","Relic Stats","SuperFastMode"],"gold_per_floor":[114,73,89,2,2,2,32,32,56,74,108,108,127,52,52,52,52],"floor_reached":16,"language":"ENG","playtime":497,"items_purged":[],"score":216,"play_id":"67558fcc-908b-4f7e-bddc-f31d8c91cd60","local_time":"20210116171853","is_ascension_mode":true,"campfire_choices":[{"data":"Bash","floor":6,"key":"SMITH"},{"data":"Battle Trance","floor":8,"key":"SMITH"},{"data":"Combust","floor":15,"key":"SMITH"}],"circlet_count":0,"master_deck":["AscendersBane","Strike_R","Strike_R","Strike_R","Strike_R","Defend_R+1","Defend_R","Defend_R+1","Defend_R","Bash+1","Feel No Pain","Feel No Pain","Spot Weakness+1","Combust+1","Battle Trance+1","Dark Embrace","Rupture","Feel No Pain","Disarm"],"relics":["Burning Blood","War Paint","Eternal Feather","Nunchaku","Orichalcum"],"acts_visited":["Exordium"],"potions_floor_usage":[11],"damage_taken":[{"damage":6,"enemies":"Cultist","floor":1,"turns":5},{"damage":12,"enemies":"Jaw Worm","floor":3,"turns":5},{"damage":25,"enemies":"3 Sentries","floor":7,"turns":7},{"damage":1,"enemies":"2 Louse","floor":10,"turns":2},{"damage":32,"enemies":"Gremlin Nob","floor":11,"turns":4},{"damage":10,"enemies":"Blue Slaver","floor":13,"turns":4},{"damage":29,"enemies":"Slime Boss","floor":16,"turns":4}],"seed_played":"501140297053500116","potions_obtained":[{"floor":1,"key":"FearPotion"},{"floor":7,"key":"CultistPotion"}],"is_trial":false,"path_per_floor":["M","$","M","$","?","R","E","R","T","M","E","?","M","$","R","B"],"character_chosen":"IRONCLAD","items_purchased":["Feel No Pain","Combust","Disarm"],"campfire_rested":0,"item_purchase_floors":[2,4,14],"current_hp_per_floor":[68,68,62,62,62,62,43,52,52,57,31,24,20,20,29,0,0],"gold":52,"neow_bonus":"RANDOM_COMMON_RELIC","is_daily":false,"chose_seed":false,"campfire_upgraded":3,"win_rate":0.0,"timestamp":1610835533,"path_taken":["M","$","M","?","?","R","E","R","T","M","E","?","M","?","R","BOSS"],"items_purchased_type":["Card","Card","Card"],"build_version":"2020-12-22","purchased_purges":0,"victory":false,"max_hp_per_floor":[75,75,75,75,75,75,75,75,75,75,75,75,75,75,75,75,75],"relic_stats":{"Nunchaku":[2],"counters":[7,31],"Eternal Feather":18,"War Paint":["Defend_R","Defend_R"],"Orichalcum":[24],"obtain_stats":[{"Nunchaku":9,"Eternal Feather":7,"War Paint":0,"Orichalcum":11,"Burning Blood":0},{"Nunchaku":3,"Eternal Feather":3,"War Paint":0,"Orichalcum":5,"Burning Blood":0},{"Nunchaku":17,"Eternal Feather":17,"War Paint":0,"Orichalcum":23,"Burning Blood":0}],"Burning Blood":36},"card_choices":[{"not_picked":["Body Slam","Sever Soul"],"picked":"Feel No Pain","floor":1},{"not_picked":["Battle Trance","Shrug It Off"],"picked":"Spot Weakness","floor":3},{"not_picked":["Clothesline","Spot Weakness"],"picked":"Battle Trance","floor":7},{"not_picked":["Intimidate","Iron Wave"],"picked":"Dark Embrace","floor":10},{"not_picked":["Havoc","Warcry"],"picked":"Rupture","floor":11},{"not_picked":["Iron Wave","Sword Boomerang"],"picked":"Feel No Pain","floor":13}],"player_experience":2953877,"relics_obtained":[{"floor":7,"key":"Eternal Feather"},{"floor":9,"key":"Nunchaku"},{"floor":11,"key":"Orichalcum"}],"event_choices":[{"damage_healed":0,"gold_gain":0,"player_choice":"Grow","damage_taken":0,"max_hp_gain":0,"max_hp_loss":0,"event_name":"Living Wall","floor":5,"gold_loss":0,"cards_upgraded":["Spot Weakness"]},{"cards_removed":["Strike_R"],"damage_healed":0,"gold_gain":0,"player_choice":"Card Removal","damage_taken":7,"max_hp_gain":0,"max_hp_loss":0,"event_name":"Golden Wing","floor":12,"gold_loss":0}],"is_beta":false,"boss_relics":[],"items_purged_floors":[],"is_endless":false,"potions_floor_spawned":[1,7],"killed_by":"Slime Boss","ascension_level":20}}