{"host":"x6nowcojk5kpg2sb","time":1610765141,"event":{"mods":["Bartender","BaseMod","Colored Powertips","Downfall","Friendly Minions","Minty Spire (QoL Compilation)","Rare Cards Sparkle","StSLib","The Bladedancer","The Bug Knight","Unceasing Turn Reminder","WarShipGirlsR/????R mod"],"gold_per_floor":[113,129,304,304,319,319,319,319],"floor_reached":7,"language":"ENG","playtime":871,"items_purged":[],"score":41,"play_id":"066af64e-250c-4f78-9353-45a185b44569","local_time":"20210115214541","is_ascension_mode":false,"campfire_choices":[{"floor":6,"key":"REST"}],"circlet_count":0,"master_deck":["Strike_Bartender","Strike_Bartender","Strike_Bartender","Strike_Bartender","Defend_Bartender","Defend_Bartender","Defend_Bartender","Defend_Bartender","Somersault","downfall:Bewildered","Liquid_Armor+1","Meteodrive","Blizzard_Spikes","Doubt","Bitters"],"relics":["Sneakers"],"acts_visited":["Exordium"],"potions_floor_usage":[],"damage_taken":[{"damage":10,"enemies":"Small Slimes","floor":1,"turns":3},{"damage":15,"enemies":"Jaw Worm","floor":2,"turns":5},{"damage":12,"enemies":"Cultist","floor":5,"turns":5},{"damage":57,"enemies":"Lagavulin","floor":7,"turns":14}],"seed_played":"918978000567103167","potions_obtained":[{"floor":5,"key":"bronze:BurnAndBuffPotion"}],"is_trial":false,"path_per_floor":["M","M","?","?","M","R","E"],"character_chosen":"BARTENDER","items_purchased":[],"campfire_rested":1,"item_purchase_floors":[],"current_hp_per_floor":[60,45,45,45,33,54,0,0],"gold":319,"neow_bonus":"THREE_RARE_CARDS","is_daily":false,"chose_seed":false,"campfire_upgraded":0,"win_rate":0.0,"timestamp":1610765141,"path_taken":["M","M","?","?","M","R","E"],"items_purchased_type":[],"build_version":"2020-12-22","purchased_purges":0,"victory":false,"max_hp_per_floor":[70,70,70,70,70,70,70,70],"card_choices":[{"not_picked":["High_Tide","Combo_Master"],"picked":"Liquid_Armor","floor":0},{"not_picked":["Step_Of_The_Wind","Fading_Blow"],"picked":"Meteodrive","floor":1},{"not_picked":["Power_Up_Punch","Fading_Blow"],"picked":"Blizzard_Spikes","floor":2},{"not_picked":["Dancing_Jab","Ripple"],"picked":"Bitters","floor":5}],"player_experience":524304,"relics_obtained":[],"event_choices":[{"damage_healed":0,"gold_gain":175,"player_choice":"AGREE","damage_taken":0,"max_hp_gain":0,"max_hp_loss":0,"event_name":"Liars Game","floor":3,"gold_loss":0,"cards_obtained":["Doubt"]},{"damage_healed":0,"gold_gain":0,"player_choice":"Upgraded","damage_taken":0,"max_hp_gain":0,"max_hp_loss":0,"event_name":"Upgrade Shrine","floor":4,"gold_loss":0,"cards_upgraded":["Liquid_Armor"]}],"is_beta":false,"boss_relics":[],"items_purged_floors":[],"is_endless":false,"potions_floor_spawned":[5],"killed_by":"Lagavulin","ascension_level":0}}