{"host":"lxtc5dws2zoiy0qv","time":1610797953,"event":{"mods":["Act Like it!","Aspiration","BaseMod","BetterRewards","Conspire","Gensokyo","Hallownest","Minty Spire (QoL Compilation)","Remilia（蕾米莉亚）","Replay The Spire","RumiaBox-露米娅的神秘盒子","Shop Mod","StSLib","The Bug Knight","The Construct","The Cursed","The Servant 0.9.4","[IsaacMod]以撒尖塔","vexMod"],"gold_per_floor":[110,130,179,179,197,224,236,305,378,25,25,51,51,70,70,169,169,169,169],"floor_reached":18,"language":"ZHS","playtime":1929,"items_purged":[],"score":270,"play_id":"e11412f9-2024-46b7-86cb-dcc487ad763e","local_time":"20210116195233","daily_mods":["SealedDeck","Vintage","Heirloom","Time Dilation","Flight"],"is_ascension_mode":false,"campfire_choices":[{"data":"SurpressingFire","floor":11,"key":"SMITH"},{"floor":15,"key":"REST"}],"circlet_count":0,"master_deck":["Barrier","GearUp","SurpressingFire+1","Luminosity","Solidify","Ricochet","KillingDoll","InstantArmor","Contraction","Ricochet","Luminosity+1","Rearm+1","Dilation","FloweringNight","MurderousAura"],"relics":["Uniform","HushsDoor","GuppysHead","aspiration:HatOfInfinitePower","Bag of Preparation","Chameleon Ring","HollowMod:StagPassRelic","GodSword4","MerchantsRug","OrangePellets","Oddly Smooth Stone","ReplayTheSpireMod:Lightbulb","Replay:Grab Bag","GuppysCollar"],"acts_visited":["Gensokyo:Gensokyo","Gensokyo:Gensokyoer"],"potions_floor_usage":[16,16,16],"damage_taken":[{"damage":0,"enemies":"Gensokyo:3_Fairies","floor":1,"turns":3},{"damage":0,"enemies":"Gensokyo:Python","floor":2,"turns":3},{"damage":0,"enemies":"Gensokyo:Gryphon","floor":5,"turns":2},{"damage":0,"enemies":"Gensokyo:Aya","floor":6,"turns":6},{"damage":0,"enemies":"Gensokyo:CorruptedTreant","floor":7,"turns":2},{"damage":0,"enemies":"Gensokyo:Cirno","floor":12,"turns":5},{"damage":0,"enemies":"Gensokyo:5_Fairies","floor":14,"turns":4},{"damage":0,"enemies":"Gensokyo:Reimu","floor":16,"turns":8},{"damage":0,"enemies":"Gensokyo:2_Gloops","floor":18,"turns":1}],"seed_played":"-4493271938334189771","potions_obtained":[{"floor":1,"key":"LiquidBronze"},{"floor":5,"key":"LiquidMemories"},{"floor":14,"key":"Energy Potion"}],"is_trial":true,"path_per_floor":["M","M","?","?","M","E","M","?","T","$","R","E","COS","M","R","B",null,"M"],"character_chosen":"THE_SERVANT","items_purchased":["MerchantsRug","OrangePellets","Luminosity","Rearm","GuppysCollar","MurderousAura"],"campfire_rested":1,"item_purchase_floors":[10,10,10,10,17,17],"current_hp_per_floor":[65,65,50,50,50,50,50,35,35,35,35,35,35,35,54,54,48,48,48],"gold":169,"neow_bonus":"","is_daily":false,"chose_seed":false,"campfire_upgraded":1,"win_rate":0.0,"timestamp":1610797953,"path_taken":["M","M","?","?","M","E","M","?","T","$","R","E","COS","?","R","BOSS","M"],"items_purchased_type":["Relic","Relic","Card","Card","Relic","Card"],"build_version":"2020-12-22","purchased_purges":0,"victory":false,"max_hp_per_floor":[65,65,65,65,65,65,65,65,65,65,65,65,65,65,65,65,48,48,48],"card_choices":[{"not_picked":["Foresight","DualDimension"],"picked":"Ricochet","floor":6},{"not_picked":["ShatteredReality","LightFlow"],"picked":"Dilation","floor":12},{"not_picked":["Duplication","Deny"],"picked":"FloweringNight","floor":16}],"player_experience":62665,"relics_obtained":[{"floor":1,"key":"Bag of Preparation"},{"floor":2,"key":"Chameleon Ring"},{"floor":5,"key":"HollowMod:StagPassRelic"},{"floor":6,"key":"GodSword4"},{"floor":7,"key":"TuHaoJin"},{"floor":12,"key":"Oddly Smooth Stone"},{"floor":14,"key":"ReplayTheSpireMod:Lightbulb"}],"event_choices":[],"is_beta":false,"boss_relics":[{"not_picked":["vexMod:BigBerry","conspire:RunicOctahedron"],"picked":"Replay:Grab Bag"},{"not_picked":[]}],"items_purged_floors":[],"is_endless":true,"potions_floor_spawned":[1,5,14],"killed_by":"Gensokyo:2_Gloops","ascension_level":0}}