{"host":"ertz0a1vw3taca14","time":1610783822,"event":{"mods":["BaseMod","Downfall","KinomotoSakuraMod(ƒæ÷Æ±æ”£)","Luminous","Marisa£®ÏF”Í°°ƒß¿Ì…≥£©","Minty Spire (QoL Compilation)","Remilia£®¿Ÿ√◊¿Ú—«£©","StSLib","The Administrix","The Servant 0.9.4","Yakumo Yukari mod","Youmu£®ªÍ∆«—˝√Œ£©","Yuyuko"],"gold_per_floor":[115,215,215,229,229,247,25,25,49,49,49],"floor_reached":10,"language":"ZHS","playtime":204,"items_purged":["Pain"],"score":106,"play_id":"4c43f8b8-add0-49e4-87fa-5ea12a348549","local_time":"20210116155702","is_ascension_mode":false,"campfire_choices":[{"data":"Ragnarok","floor":8,"key":"SMITH"}],"circlet_count":0,"master_deck":["Strike_P","Strike_P","Strike_P","Strike_P","Defend_P","Defend_P","Defend_P","Defend_P","Eruption","Vigilance","FollowUp","Doubt","Writhe","Ragnarok+1","Writhe","Pain","DeceiveReality","Fasting2"],"relics":["PureWater","NeowsBlessing","Darkstone Periapt","MealTicket","Lantern"],"acts_visited":["Exordium"],"potions_floor_usage":[10],"damage_taken":[{"damage":0,"enemies":"Small Slimes","floor":1,"turns":1},{"damage":0,"enemies":"Jaw Worm","floor":4,"turns":1},{"damage":1,"enemies":"Cultist","floor":6,"turns":1},{"damage":66,"enemies":"Lagavulin","floor":10,"turns":7}],"seed_played":"-6760411342132393837","potions_obtained":[{"floor":6,"key":"Swift Potion"}],"is_trial":false,"path_per_floor":["M","?","?","M","?","M","$","R","T","E"],"character_chosen":"WATCHER","items_purchased":["MealTicket"],"campfire_rested":0,"item_purchase_floors":[7],"current_hp_per_floor":[72,113,113,113,118,117,117,117,117,51,51],"gold":49,"neow_bonus":"THREE_ENEMY_KILL","is_daily":false,"chose_seed":false,"campfire_upgraded":1,"win_rate":0.0,"timestamp":1610783822,"path_taken":["M","?","?","M","?","M","?","R","T","E"],"items_purchased_type":["Relic"],"build_version":"2020-12-22","purchased_purges":1,"victory":false,"max_hp_per_floor":[72,113,113,113,118,118,118,118,118,118,118],"card_choices":[{"not_picked":["CarveReality","Collect"],"picked":"FollowUp","floor":1},{"not_picked":["CrushJoints","SashWhip"],"picked":"DeceiveReality","floor":4},{"not_picked":["TalkToTheHand","Protect"],"picked":"Fasting2","floor":6}],"player_experience":155491,"relics_obtained":[{"floor":9,"key":"Lantern"}],"event_choices":[{"cards_removed":["downfall:Haunted"],"damage_healed":0,"gold_gain":0,"player_choice":"Forget","damage_taken":0,"max_hp_gain":0,"max_hp_loss":0,"event_name":"Living Wall","floor":3,"gold_loss":0},{"damage_healed":0,"gold_gain":0,"player_choice":"Donut","damage_taken":0,"max_hp_gain":5,"max_hp_loss":0,"event_name":"Big Fish","floor":5,"gold_loss":0}],"is_beta":false,"boss_relics":[],"items_purged_floors":[7],"is_endless":false,"potions_floor_spawned":[6],"killed_by":"Lagavulin","ascension_level":0}}