{"host":"wmg3fl10arlg3jig","time":1610770614,"event":{"mods":["BaseMod","Better Match","Better Note","BetterRewards","Colored Powertips","MarisaÅiñ∂âJÅ@ñÇóùçπÅj","Mimic Mod","Minty Spire (QoL Compilation)","Permanent Neow","Quick Restart","Shop Mod","StSLib","Td1madao Mod","The Animator","The Jungle"],"gold_per_floor":[118,136,43,59,59,59,85,85,121,121,145,176,176,176,176,272,272,289,303,322,322],"floor_reached":20,"language":"ENG","playtime":505,"items_purged":[],"score":172,"play_id":"21803e78-793d-4325-a8b0-af268933c301","local_time":"20210115221654","is_ascension_mode":false,"campfire_choices":[{"data":"Discovery","floor":6.0,"key":"SMITH"},{"data":"Anger","floor":8.0,"key":"SMITH"},{"floor":13.0,"key":"RECALL"},{"data":"Bash","floor":15,"key":"SMITH"}],"circlet_count":0,"master_deck":["Strike_R","Strike_R+1","Strike_R","Strike_R+1","Strike_R","Defend_R","Defend_R","Defend_R","Defend_R","Bash+1","Anger+1","Clash","Discovery+1","Clash","Offering"],"relics":["Burning Blood","Ancient Tea Set","Prayer Wheel","PreservedInsect","Smiling Mask","Black Star"],"acts_visited":["Exordium","TheCity"],"potions_floor_usage":[],"damage_taken":[{"damage":6.0,"enemies":"Cultist","floor":1.0,"turns":3.0},{"damage":11.0,"enemies":"Jaw Worm","floor":2.0,"turns":3.0},{"damage":7.0,"enemies":"Small Slimes","floor":4.0,"turns":3.0},{"damage":8.0,"enemies":"Looter","floor":9.0,"turns":4.0},{"damage":15.0,"enemies":"Lagavulin","floor":12.0,"turns":5.0},{"damage":25,"enemies":"Hexaghost","floor":16,"turns":8},{"damage":21,"enemies":"2 Thieves","floor":18,"turns":3},{"damage":6,"enemies":"Spheric Guardian","floor":19,"turns":2},{"damage":13,"enemies":"Chosen and Byrds","floor":20,"turns":4}],"seed_played":"8995915395442214569","potions_obtained":[{"floor":1.0,"key":"Strength Potion"},{"floor":2.0,"key":"EssenceOfSteel"},{"floor":16,"key":"SpeedPotion"}],"is_trial":false,"path_per_floor":["M","M","$","M","$","R","T","R","MIM","?","T","E","R","?","R","B",null,"M","M","M"],"character_chosen":"IRONCLAD","items_purchased":["Discovery"],"campfire_rested":0,"item_purchase_floors":[3],"current_hp_per_floor":[80,75,75,74,74,74,74,74,72,69,69,60,60,44,44,25,80,65,65,58,58],"gold":322,"neow_bonus":"THREE_CARDS","is_daily":false,"chose_seed":false,"campfire_upgraded":3,"win_rate":0.0,"timestamp":1610770614,"path_taken":["M","M","?","M","$","R","?","R","MIM","?","?","E","R","?","R","BOSS","M","M","M"],"items_purchased_type":["Card"],"build_version":"2020-12-22","purchased_purges":0,"victory":false,"max_hp_per_floor":[80,80,80,80,80,80,80,80,80,80,80,80,80,80,80,80,80,80,80,80,80],"card_choices":[{"not_picked":["Flame Barrier","Iron Wave"],"picked":"Anger","floor":0.0},{"not_picked":["Dropkick","Sword Boomerang","Shockwave"],"picked":"SKIP","floor":1.0},{"not_picked":["Warcry","Clothesline"],"picked":"Clash","floor":2.0},{"not_picked":["Warcry","Entrench","Iron Wave"],"picked":"SKIP","floor":4.0},{"not_picked":["Searing Blow","Heavy Blade"],"picked":"Clash","floor":12.0},{"not_picked":["Demon Form","Feed"],"picked":"Offering","floor":16},{"not_picked":["True Grit","Seeing Red","Cleave+1"],"picked":"SKIP","floor":18},{"not_picked":["Flex","True Grit","Impervious"],"picked":"SKIP","floor":18},{"not_picked":["True Grit","Shrug It Off+1","Fire Breathing"],"picked":"SKIP","floor":19},{"not_picked":["Havoc","Thunderclap","Perfected Strike+1"],"picked":"SKIP","floor":19}],"player_experience":256423,"relics_obtained":[{"floor":9.0,"key":"Ancient Tea Set"},{"floor":11.0,"key":"PreservedInsect"},{"floor":12.0,"key":"Smiling Mask"}],"event_choices":[{"damage_healed":0.0,"max_hp_gain":0.0,"max_hp_loss":0.0,"gold_gain":0.0,"event_name":"Scrap Ooze","player_choice":"Success","floor":10.0,"gold_loss":0.0,"damage_taken":3.0,"relics_obtained":["Prayer Wheel"]},{"damage_healed":0,"gold_gain":0,"player_choice":"Entered Light","damage_taken":16,"max_hp_gain":0,"max_hp_loss":0,"event_name":"Shining Light","floor":14,"gold_loss":0,"cards_upgraded":["Strike_R","Strike_R"]}],"is_beta":false,"boss_relics":[{"not_picked":["Busted Crown","Runic Pyramid"],"picked":"Black Star"}],"items_purged_floors":[],"is_endless":false,"potions_floor_spawned":[1,2,16,18,19],"killed_by":"Chosen and Byrds","ascension_level":0}}