{"host":"08z5bj28eube4vug","time":1610773677,"event":{"mods":["2.2 Compatiblity","Abigail Mod","Act Like it!","BaseMod","Beaked The Cultist","Bestiary","Friendly Minions","Gensokyo","GungeonMod","Hallownest","Kiyohime????","Koishi","Lobotomy","Marisa????????","Minty Spire (QoL Compilation)","Prisma Mod","Remilia??????","Replay The Spire","StSLib","Td1madao Mod","The Alterego","The Bug Knight","The Jungle","The Sage","The Senshi","The Servant 0.9.4","Waifu the Spire","WarShipGirlsR/????R mod","Yuri Mod"],"gold_per_floor":[19,31,42,134,134,134,150,150,201,49,49,78,78,135,135,239,239,249,249,249],"floor_reached":19,"language":"ENG","playtime":1378,"items_purged":[],"score":223,"play_id":"6f7fa524-5529-4550-ba1f-5c648de8894e","local_time":"20210116080757","is_ascension_mode":true,"campfire_choices":[{"data":"theSenshi:RoseThrow","floor":6,"key":"SMITH"},{"data":"theSenshi:SteeledNerves","floor":8,"key":"SMITH"},{"data":"theSenshi:TallSilhouette","floor":11,"key":"SMITH"},{"floor":13,"key":"REST"},{"data":"theSenshi:SailorMarsAssists","floor":15,"key":"SMITH"}],"circlet_count":0,"master_deck":["theSenshi:SailorKick","theSenshi:SailorKick","theSenshi:SailorKick","theSenshi:SailorKick","theSenshi:SailorBlock","theSenshi:SailorBlock","theSenshi:SailorBlock","theSenshi:SailorBlock","theSenshi:RoseThrow+1","theSenshi:MoonPrismPowerMakeUp","theSenshi:TallSilhouette+1","theSenshi:SailorVenusAssists","theSenshi:MoonPunch","theSenshi:SteeledNerves+1","theSenshi:MoonTiaraMagic","theSenshi:SailorMarsAssists+1","theSenshi:SailorSaturnAssists","theSenshi:InTheNickOfTime"],"relics":["theSenshi:TransformationBroochRelic","sagemod:Creepy_Carousel","DemoMod:LamentConfigurum","Strawberry","Replay:Mystery Machine","Replay:Baseball","DemoMod:MemoryAlloy","Blood Vial","Snecko Heart"],"acts_visited":["Exordium","TheCity"],"potions_floor_usage":[16,16,16,19],"damage_taken":[{"damage":1,"enemies":"2 Louse","floor":1,"turns":4},{"damage":0,"enemies":"Jaw Worm","floor":2,"turns":4},{"damage":1,"enemies":"Cultist","floor":3,"turns":4},{"damage":0,"enemies":"Large Slime","floor":7,"turns":5},{"damage":24,"enemies":"Replay:BlueRogue","floor":12,"turns":7},{"damage":9,"enemies":"3 Sentries","floor":14,"turns":8},{"damage":39,"enemies":"Slime Boss","floor":16,"turns":13},{"damage":20,"enemies":"Spheric Guardian","floor":18,"turns":6},{"damage":46,"enemies":"Cultist and Chosen","floor":19,"turns":10}],"seed_played":"1618445619900294569","potions_obtained":[{"floor":7,"key":"EssenceOfSteel"},{"floor":12,"key":"Elixir"},{"floor":14,"key":"BlessingOfTheForge"},{"floor":18,"key":"ColorlessPotion"}],"is_trial":false,"path_per_floor":["M","M","M","?","?","R","M","R","T","$","R","E","R","?","R","B",null,"M","M"],"character_chosen":"THE_SENSHI","items_purchased":["Replay:Baseball"],"campfire_rested":1,"item_purchase_floors":[10],"current_hp_per_floor":[67,67,66,48,48,48,48,48,48,48,48,24,46,37,37,7,63,50,16,16],"gold":249,"neow_bonus":"ONE_RARE_RELIC","is_daily":false,"chose_seed":false,"campfire_upgraded":4,"win_rate":0.0,"timestamp":1610773677,"path_taken":["M","M","M","?","?","R","?","R","T","$","R","E","R","?","R","BOSS","M","M"],"items_purchased_type":["Relic"],"build_version":"2020-12-22","purchased_purges":0,"victory":false,"max_hp_per_floor":[75,75,75,75,75,75,75,75,75,75,75,75,75,75,75,82,82,82,82,82],"card_choices":[{"not_picked":["theSenshi:EncouragingSpeech","theSenshi:SchoolBag","theSenshi:Sidestep"],"picked":"SKIP","floor":1},{"not_picked":["theSenshi:MoonHealingEscalation","theSenshi:SteeledNerves"],"picked":"theSenshi:TallSilhouette","floor":2},{"not_picked":["theSenshi:SailorPlanetPower","theSenshi:OdangoHead"],"picked":"theSenshi:TallSilhouette","floor":3},{"not_picked":["theSenshi:LateForSchool","theSenshi:SupersonicWaves"],"picked":"theSenshi:SailorVenusAssists","floor":4},{"not_picked":["theSenshi:SailorStarFighterAssists","theSenshi:TallSilhouette"],"picked":"theSenshi:MoonPunch","floor":4},{"not_picked":["theSenshi:MercurysCunning","theSenshi:OdangoHead"],"picked":"theSenshi:SteeledNerves","floor":7},{"not_picked":["theSenshi:GatheringStrength","theSenshi:MoonPower"],"picked":"theSenshi:MoonTiaraMagic","floor":12},{"not_picked":["theSenshi:SchoolBag","theSenshi:MoonCosmicPowerMakeUp"],"picked":"theSenshi:SailorMarsAssists","floor":14},{"not_picked":["theSenshi:FatedKiss","theSenshi:JupitersPower"],"picked":"theSenshi:SailorSaturnAssists","floor":16},{"not_picked":["theSenshi:VenusGlamour","theSenshi:MoonHealingEscalation"],"picked":"theSenshi:InTheNickOfTime","floor":18}],"player_experience":794429,"relics_obtained":[{"floor":4,"key":"DemoMod:LamentConfigurum"},{"floor":9,"key":"Replay:Mystery Machine"},{"floor":12,"key":"DemoMod:MemoryAlloy"},{"floor":14,"key":"Blood Vial"}],"event_choices":[{"cards_removed":["theSenshi:TallSilhouette"],"damage_healed":0,"gold_gain":0,"player_choice":"Gave Card","damage_taken":0,"relics_obtained":["DemoMod:WeirdEgg"],"max_hp_gain":0,"max_hp_loss":0,"event_name":"WeMeetAgain","floor":5,"gold_loss":0},{"damage_healed":0,"gold_gain":30,"player_choice":"Searched \u00272\u0027 times","damage_taken":0,"max_hp_gain":0,"max_hp_loss":0,"event_name":"Dead Adventurer","floor":14,"gold_loss":0}],"is_beta":false,"boss_relics":[{"not_picked":["Replay:Wanted Poster","Ring of Chaos"],"picked":"Snecko Heart"}],"items_purged_floors":[],"is_endless":false,"potions_floor_spawned":[7,12,14,18],"killed_by":"Cultist and Chosen","ascension_level":7}}