{"host":"n264v15x7h51zqzc","time":1610758357,"event":{"mods":["AchievementEnabler","BaseMod","Colored Powertips","Googly Eyes","Hermit","Infinite Spire","Minty Spire (QoL Compilation)","Replay The Spire","StSLib"],"gold_per_floor":[112,9081,9094,9111,8228,8228,8261,8261,8261,8261,8294,8294,8353,8364,8364,8461,8461,8478,8498,8516,8528,8544,8544,8544],"floor_reached":23,"language":"ENG","playtime":1233,"items_purged":["hermit:Strike_Hermit","ReplayTheSpireMod:Doomed"],"score":203,"play_id":"44788ef2-8fb5-48c8-978f-4da8e30f0769","local_time":"20210115185237","is_ascension_mode":false,"campfire_choices":[{"data":"hermit:Determination","floor":6,"key":"SMITH"},{"data":"Replay:Dark Deal","floor":8,"key":"SMITH"},{"floor":10,"key":"RECALL"},{"floor":15,"key":"DIG"}],"circlet_count":0,"master_deck":["hermit:Strike_Hermit","hermit:Strike_Hermit","hermit:Strike_Hermit","hermit:Defend_Hermit","hermit:Defend_Hermit","hermit:Defend_Hermit+1","hermit:Defend_Hermit","hermit:Snapshot","hermit:Covet","hermit:Ricochet","hermit:Ricochet","Replay:Dark Deal+1","hermit:HoleUp","hermit:Midnight","hermit:Determination+1","hermit:Cheat","hermit:Determination","hermit:SprayPray","hermit:Ricochet","hermit:LowProfile+1","hermit:Quickdraw+1","hermit:SprayPray+1"],"relics":["hermit:Momento","Happy Flower","ReplayTheSpireMod:CursedCoin","infinitespire:Satchel","Unceasing Top","infinitespire:ShieldingShard","Bottled Lightning","Frozen Eye","Counterbalance","infinitespire:Bottled Soul","Darkstone Periapt","Bag of Preparation","Oddly Smooth Stone","Black Star"],"acts_visited":["Exordium","TheCity"],"potions_floor_usage":[3,11,11,14,16,16,16,22],"damage_taken":[{"damage":0,"enemies":"2 Louse","floor":1,"turns":3},{"damage":8,"enemies":"infinitespire:Voidling","floor":3,"turns":3},{"damage":0,"enemies":"Small Slimes","floor":4,"turns":3},{"damage":9,"enemies":"Replay:BlueRogue","floor":7,"turns":4},{"damage":7,"enemies":"Lagavulin","floor":11,"turns":5},{"damage":6,"enemies":"Exordium Wildlife","floor":14,"turns":4},{"damage":9,"enemies":"The Guardian","floor":16,"turns":9},{"damage":0,"enemies":"Chosen","floor":18,"turns":4},{"damage":5,"enemies":"Shell Parasite","floor":19,"turns":6},{"damage":3,"enemies":"Snecko","floor":20,"turns":5},{"damage":14,"enemies":"Centurion and Healer","floor":21,"turns":10},{"damage":40,"enemies":"Sentry and Sphere","floor":22,"turns":6},{"damage":20,"enemies":"Nightmare","floor":23,"turns":5}],"seed_played":"614274362255006429","potions_obtained":[{"floor":11,"key":"GamblersBrew"},{"floor":13,"key":"hermit:Eclipse"},{"floor":14,"key":"Dexterity Potion"},{"floor":19,"key":"GamblersBrew"}],"is_trial":false,"path_per_floor":["M","$","M","M","$","R","E","R","T","R","E","?","?","M","R","B",null,"M","M","M","M","M","NM"],"character_chosen":"HERMIT","items_purchased":["ReplayTheSpireMod:CursedCoin","infinitespire:Satchel","Unceasing Top","PowerPotion","Block Potion","hermit:Ricochet","Strength Potion","Replay:Dark Deal","infinitespire:ShieldingShard","Bottled Lightning","Frozen Eye","Energy Potion","hermit:Determination"],"campfire_rested":0,"item_purchase_floors":[2,2,2,2,2,2,2,2,5,5,5,5,5],"current_hp_per_floor":[75,75,67,67,67,67,58,58,58,58,51,51,33,27,27,18,75,75,70,67,53,13,0,0],"gold":8544,"neow_bonus":"RANDOM_COMMON_RELIC","is_daily":false,"chose_seed":false,"campfire_upgraded":2,"win_rate":0.0,"timestamp":1610758357,"path_taken":["M","$","M","M","$","R","E","R","T","R","E","?","?","M","R","BOSS","M","M","M","M","M","NM"],"items_purchased_type":["Relic","Relic","Relic","Potion","Potion","Card","Potion","Card","Relic","Relic","Relic","Potion","Card"],"build_version":"2020-12-22","purchased_purges":2,"victory":false,"max_hp_per_floor":[75,75,75,75,75,75,75,75,75,75,75,75,75,75,75,75,75,75,75,75,75,75,75,75],"card_choices":[{"not_picked":["hermit:Gestalt","hermit:Manifest"],"picked":"hermit:Ricochet","floor":1},{"not_picked":["hermit:Feint","hermit:Showdown"],"picked":"hermit:HoleUp","floor":3},{"not_picked":["hermit:FlashPowder","hermit:Brawl"],"picked":"hermit:Midnight","floor":4},{"not_picked":["hermit:Manifest","hermit:ItchyTrigger"],"picked":"hermit:Cheat","floor":7},{"not_picked":["hermit:Virtue","hermit:GoldenBullet"],"picked":"hermit:Determination","floor":11},{"not_picked":["hermit:NoHoldsBarred","hermit:ItchyTrigger"],"picked":"hermit:SprayPray","floor":13},{"not_picked":["hermit:CalledShot","hermit:Maintenance"],"picked":"hermit:Ricochet","floor":14},{"not_picked":["hermit:Horror+1","hermit:Roulette"],"picked":"hermit:LowProfile+1","floor":18},{"not_picked":["hermit:Roulette","hermit:Snipe+1","hermit:Misfire+1"],"picked":"SKIP","floor":19},{"not_picked":["hermit:TrackingShot+1","hermit:Feint"],"picked":"hermit:Quickdraw+1","floor":20},{"not_picked":["hermit:OverwhelmingPower","hermit:ItchyTrigger"],"picked":"hermit:SprayPray+1","floor":21},{"not_picked":["hermit:Shortfuse","hermit:Roulette","hermit:BodyArmor"],"picked":"SKIP","floor":22}],"player_experience":173841,"relics_obtained":[{"floor":7,"key":"Counterbalance"},{"floor":9,"key":"infinitespire:Bottled Soul"},{"floor":11,"key":"Darkstone Periapt"},{"floor":13,"key":"Bag of Preparation"},{"floor":15,"key":"Oddly Smooth Stone"}],"event_choices":[],"is_beta":false,"boss_relics":[{"not_picked":["Runic Dome","Tiny House"],"picked":"Black Star"}],"items_purged_floors":[2,5],"is_endless":false,"potions_floor_spawned":[7,11,14,19],"killed_by":"Nightmare","ascension_level":0}}