{"host":"th1rgt4ohg3ajuw6","time":1610837631,"event":{"mods":["Act Like it!","BaseMod","Downfall","GifTheSpireLib","GungeonMod","Minty Spire (QoL Compilation)","Shop Mod","StSLib","Stuff the Spire","The Gatherer"],"gold_per_floor":[117,128,143,156,169,181,181,193,266,266,285,74,74,85,85,190,190,205,41,61,75,88,88,88,88],"floor_reached":23,"language":"ENG","playtime":1593,"items_purged":[],"score":191,"play_id":"f3599a54-fbed-4a05-bbc4-1e9664279c22","local_time":"20210116145351","is_ascension_mode":false,"metric_token":657,"campfire_choices":[{"floor":10,"key":"REST"},{"floor":13,"key":"REST"},{"floor":15,"key":"REST"}],"circlet_count":0,"master_deck":["Gatherer:Strike_Gatherer+1","Gatherer:Strike_Gatherer","Gatherer:Strike_Gatherer","Gatherer:Strike_Gatherer","Gatherer:Strike_Gatherer","Gatherer:Defend_Gatherer","Gatherer:Defend_Gatherer","Gatherer:Defend_Gatherer","Gatherer:Defend_Gatherer+1","Gatherer:Defend_Gatherer","Gatherer:Centralize","Gatherer:FlowerWhip","StuffTheSpire:Recharge","Gatherer:BalancedGrowth","Gatherer:WoolGloves","Gatherer:OddSpoils","Gatherer:FlowerFalling","Gatherer:SmartManeuver","Gatherer:ScherryThrow","Gatherer:WoolGloves","Gatherer:ScherryThrow","Gatherer:TreeGrowth","Panacea","Gatherer:DrugPower","Gatherer:TacticalStrike","Gatherer:Liquidism","Gatherer:Photoscythe","Gatherer:BalancedGrowth","Gatherer:Photoscythe","Gatherer:CollectorsShot","Gatherer:BambuSword","Gatherer:WitheringStrike"],"relics":["Gatherer:AlchemyBag","Question Card","Busted Crown"],"acts_visited":["Exordium","TheCity"],"potions_floor_usage":[4,8,11,11,11,16,20,20],"damage_taken":[{"damage":6,"enemies":"Cultist","floor":1,"turns":3},{"damage":0,"enemies":"2 Louse","floor":2,"turns":1},{"damage":3,"enemies":"Jaw Worm","floor":3,"turns":2},{"damage":3,"enemies":"Lots of Slimes","floor":4,"turns":3},{"damage":20,"enemies":"Exordium Wildlife","floor":5,"turns":6},{"damage":0,"enemies":"Large Slime","floor":6,"turns":4},{"damage":0,"enemies":"Exordium Thugs","floor":8,"turns":4},{"damage":4,"enemies":"2 Fungi Beasts","floor":11,"turns":3},{"damage":0,"enemies":"Blue Slaver","floor":14,"turns":4},{"damage":23,"enemies":"The Guardian","floor":16,"turns":12},{"damage":16,"enemies":"Spheric Guardian","floor":18,"turns":4},{"damage":3,"enemies":"2 Thieves","floor":20,"turns":4},{"damage":26,"enemies":"Cultist and Chosen","floor":21,"turns":9},{"damage":11,"enemies":"Snake Plant","floor":22,"turns":8},{"damage":16,"enemies":"Shelled Parasite and Fungi","floor":23,"turns":6}],"seed_played":"8035295773512462469","potions_obtained":[{"floor":2,"key":"ColorlessPotion"},{"floor":5,"key":"Dexterity Potion"},{"floor":8,"key":"EntropicBrew"},{"floor":14,"key":"Poison Potion"},{"floor":16,"key":"DemoMod:LeadSkinPotion"},{"floor":21,"key":"GamblersBrew"}],"is_trial":false,"path_per_floor":["M","M","M","M","M","M","?","M","T","R","M","$","R","M","R","B",null,"M","$","M","M","M","M"],"character_chosen":"THE_GATHERER","items_purchased":["Gatherer:TreeGrowth","Panacea","Gatherer:DrugPower","Gatherer:TacticalStrike","Gatherer:Photoscythe"],"campfire_rested":3,"item_purchase_floors":[12,12,12,12,19],"current_hp_per_floor":[45,45,42,39,19,19,5,5,5,26,22,22,43,43,64,41,72,56,56,53,27,16,0,0,0],"gold":88,"neow_bonus":"RANDOM_COLORLESS_2","is_daily":false,"chose_seed":false,"campfire_upgraded":0,"win_rate":0.0,"timestamp":1610837631,"path_taken":["M","M","M","M","M","M","?","M","T","R","M","$","R","M","R","BOSS","M","$","M","M","M","M"],"items_purchased_type":["Card","Card","Card","Card","Card"],"build_version":"2020-12-22","purchased_purges":0,"victory":false,"max_hp_per_floor":[72,72,72,72,72,72,72,72,72,72,72,72,72,72,72,72,72,72,72,72,72,72,72,72,72],"card_choices":[{"not_picked":["Magnetism","The Bomb"],"picked":"StuffTheSpire:Recharge","floor":0},{"not_picked":["Gatherer:EnergyBasket","Gatherer:GatherMaterial"],"picked":"Gatherer:BalancedGrowth","floor":1},{"not_picked":["Gatherer:BalancedGrowth","Gatherer:ScrollOfWall"],"picked":"Gatherer:WoolGloves","floor":2},{"not_picked":["Gatherer:ScentOfRosmari","Gatherer:BalancedGrowth"],"picked":"Gatherer:OddSpoils","floor":3},{"not_picked":["Gatherer:AromaProtection","Gatherer:Overflowing"],"picked":"Gatherer:FlowerFalling","floor":4},{"not_picked":["Gatherer:TacticalStrike","Gatherer:ScentOfRosmari"],"picked":"Gatherer:SmartManeuver","floor":5},{"not_picked":["Gatherer:AromaProtection","Gatherer:ScentOfRosmari"],"picked":"Gatherer:ScherryThrow","floor":6},{"not_picked":["Gatherer:BalancedGrowth","Gatherer:Examine"],"picked":"Gatherer:WoolGloves","floor":8},{"not_picked":["Gatherer:EnergyBasket","Gatherer:RottenStipe","Gatherer:AcidicSpray"],"picked":"Gatherer:ScherryThrow","floor":11},{"not_picked":["Gatherer:FlowerShield","Gatherer:EnergyBasket","Gatherer:RecipeChange"],"picked":"Gatherer:Liquidism","floor":14},{"not_picked":["Gatherer:ScrollOfPurity","Gatherer:BlackTea","Gatherer:StoneFence"],"picked":"Gatherer:Photoscythe","floor":16},{"not_picked":["Gatherer:TreeGrowth"],"picked":"Gatherer:BalancedGrowth","floor":18},{"not_picked":["Gatherer:Frenzy"],"picked":"Gatherer:CollectorsShot","floor":20},{"not_picked":["Gatherer:TacticalStrike"],"picked":"Gatherer:BambuSword","floor":21},{"not_picked":["Gatherer:BambuSword"],"picked":"Gatherer:WitheringStrike","floor":22}],"player_experience":239102,"relics_obtained":[{"floor":9,"key":"Question Card"}],"event_choices":[{"damage_healed":0,"gold_gain":0,"player_choice":"Entered Light","damage_taken":14,"max_hp_gain":0,"max_hp_loss":0,"event_name":"Shining Light","floor":7,"gold_loss":0,"cards_upgraded":["Gatherer:Strike_Gatherer","Gatherer:Defend_Gatherer"]}],"is_beta":false,"boss_relics":[{"not_picked":["Runic Dome","Snecko Eye"],"picked":"Busted Crown"}],"items_purged_floors":[],"is_endless":false,"potions_floor_spawned":[2,5,8,14,16,21],"killed_by":"Shelled Parasite and Fungi","ascension_level":0}}