{"host":"alk2ftu785mujiir","time":1610831941,"event":{"mods":["BaseMod","Colored Map","Downfall","Minty Spire (QoL Compilation)","StSLib"],"gold_per_floor":[99,113,130,145,10,10,10,43,108,8,108,108,108,142,155,155,155,155],"floor_reached":16,"language":"ENG","playtime":1027,"items_purged":[],"score":108,"play_id":"1d7c81a9-8027-4649-bd24-3228764d6ab0","local_time":"20210116161901","is_ascension_mode":false,"campfire_choices":[{"data":"Discovery","floor":1,"key":"SMITH"},{"data":"Guardian:PrismaticBarrier","floor":6,"key":"SMITH"},{"floor":13,"key":"REST"}],"circlet_count":0,"master_deck":["Guardian:Strike_Guardian","Guardian:Strike_Guardian","Guardian:Defend_Guardian","Guardian:Defend_Guardian","Guardian:Defend_Guardian","Guardian:Defend_Guardian","Guardian:CurlUp","Guardian:TwinSlam","Discovery+1","Guardian:PrismaticBarrier+1","Guardian:BaubleBeam+1","Guardian:ArmoredProtocol","Guardian:SentryBeam","Guardian:EvasiveProtocol","Guardian:ChargeCore","Guardian:Gem_Yellow","Guardian:TimeBomb","Guardian:ShieldSpikes","Guardian:Gem_Crimson"],"relics":["Guardian:ModeShifter","Meat on the Bone","Guardian:PickAxe","Ice Cream","downfall:HeartBlessingGreen","Mummified Hand","Bird Faced Urn"],"acts_visited":["Exordium"],"potions_floor_usage":[9,14,16],"damage_taken":[{"damage":1,"enemies":"2 Louse","floor":2,"turns":2},{"damage":1,"enemies":"Jaw Worm","floor":3,"turns":4},{"damage":0,"enemies":"Small Slimes","floor":4,"turns":5},{"damage":5,"enemies":"downfall:FleeingMerchant","floor":5,"turns":4},{"damage":21,"enemies":"Lagavulin","floor":8,"turns":11},{"damage":0,"enemies":"Lagavulin Event","floor":9,"turns":8},{"damage":6,"enemies":"downfall:Heads","floor":11,"turns":7},{"damage":16,"enemies":"Gremlin Nob","floor":14,"turns":4},{"damage":0,"enemies":"Exordium Wildlife","floor":15,"turns":3},{"damage":65,"enemies":"SI_SHIV_ARCHETYPE","floor":16,"turns":8}],"seed_played":"-3049059264458567951","potions_obtained":[{"floor":4,"key":"champ:CounterPotion"},{"floor":11,"key":"Weak Potion"},{"floor":14,"key":"Strength Potion"}],"is_trial":false,"path_per_floor":["R","M","M","M","$","R","T","E","?","R","?","?","R","E","M","B"],"character_chosen":"GUARDIAN","items_purchased":["Guardian:ArmoredProtocol","Guardian:SentryBeam"],"campfire_rested":1,"item_purchase_floors":[5,5],"current_hp_per_floor":[80,79,78,78,73,73,73,52,52,52,46,39,63,47,51,0,0,0],"gold":155,"neow_bonus":"RANDOM_COLORLESS","is_daily":false,"chose_seed":false,"campfire_upgraded":2,"win_rate":0.0,"timestamp":1610831941,"path_taken":["R","M","M","M","$","R","T","E","?","R","?","?","R","E","M","BOSS"],"items_purchased_type":["Card","Card"],"build_version":"2020-12-22","purchased_purges":0,"victory":false,"max_hp_per_floor":[80,80,80,80,80,80,80,80,80,80,80,80,80,80,80,80,80,80],"card_choices":[{"not_picked":["Purity","Swift Strike"],"picked":"Discovery","floor":0},{"not_picked":["Guardian:Gem_Green","Guardian:Gem_Lightblue"],"picked":"Guardian:Gem_Cyan","floor":2},{"not_picked":["Guardian:Gem_Green","Guardian:WalkerClaw"],"picked":"Guardian:Gem_Cyan","floor":3},{"not_picked":["Guardian:Planning","Guardian:Gem_Lightblue"],"picked":"Guardian:PrismaticBarrier","floor":4},{"not_picked":["Guardian:PiercingHide","Guardian:HyperBeam_Guardian"],"picked":"Guardian:BaubleBeam","floor":5},{"not_picked":["Guardian:ChargeCore","Guardian:StasisField"],"picked":"Guardian:EvasiveProtocol","floor":8},{"not_picked":["Guardian:Preprogram","Guardian:Recover"],"picked":"Guardian:ChargeCore","floor":9},{"not_picked":["Guardian:Recover","Guardian:Gem_Red"],"picked":"Guardian:TimeBomb","floor":11},{"not_picked":["Guardian:StasisStrike","Guardian:Gem_Lightblue"],"picked":"Guardian:ShieldSpikes","floor":14},{"not_picked":["Guardian:PrimingBeam","Guardian:Gem_Red"],"picked":"Guardian:Gem_Crimson","floor":15}],"player_experience":1763192,"relics_obtained":[{"floor":7,"key":"Meat on the Bone"},{"floor":8,"key":"Guardian:PickAxe"},{"floor":9,"key":"Ice Cream"},{"floor":14,"key":"Bird Faced Urn"}],"event_choices":[{"damage_healed":0,"gold_gain":0,"player_choice":"Success","damage_taken":7,"relics_obtained":["Mummified Hand"],"max_hp_gain":0,"max_hp_loss":0,"event_name":"Scrap Ooze","floor":12,"gold_loss":0}],"is_beta":false,"boss_relics":[],"items_purged_floors":[],"is_endless":false,"potions_floor_spawned":[4,11,14],"killed_by":"SI_SHIV_ARCHETYPE","ascension_level":0}}