{"host":"04hh9gplt9wkfmr1","time":1610773943,"event":{"mods":["AchievementEnabler","BaseMod","Colored Map","KOR Keyword Fix","Minty Spire (QoL Compilation)","Rare Cards Sparkle","SuperFastMode"],"gold_per_floor":[112,122,141,157,173,173,188,217,217,217,228,228,228],"floor_reached":12,"language":"KOR","playtime":354,"items_purged":[],"score":105,"play_id":"97d7af43-4351-4031-8c7e-f2dd1f553e3f","local_time":"20210116141223","is_ascension_mode":true,"campfire_choices":[{"data":"Cloak And Dagger","floor":6,"key":"SMITH"},{"floor":10,"key":"REST"}],"circlet_count":0,"master_deck":["Strike_G","Strike_G","Strike_G","Strike_G","Strike_G","Defend_G","Defend_G","Defend_G","Defend_G","Defend_G","Survivor","Neutralize","Envenom","Accuracy","Terror","Catalyst","Cloak And Dagger+1","PiercingWail","Backstab","Blade Dance","Poisoned Stab"],"relics":["Ring of the Snake","Nunchaku","Frozen Egg 2"],"acts_visited":["Exordium"],"potions_floor_usage":[5,7,8,12],"damage_taken":[{"damage":1.0,"enemies":"2 Louse","floor":1.0,"turns":3.0},{"damage":0.0,"enemies":"Small Slimes","floor":2.0,"turns":4.0},{"damage":0.0,"enemies":"Cultist","floor":3.0,"turns":4.0},{"damage":14,"enemies":"2 Fungi Beasts","floor":4,"turns":5},{"damage":4,"enemies":"Exordium Thugs","floor":5,"turns":4},{"damage":4,"enemies":"Looter","floor":7,"turns":4},{"damage":21,"enemies":"Gremlin Nob","floor":8,"turns":4},{"damage":15,"enemies":"3 Louse","floor":11,"turns":4},{"damage":11,"enemies":"Lagavulin","floor":12,"turns":5}],"seed_played":"-169117285219575656","potions_obtained":[{"floor":2.0,"key":"SpeedPotion"},{"floor":4,"key":"Poison Potion"},{"floor":7,"key":"SteroidPotion"},{"floor":11,"key":"Energy Potion"}],"is_trial":false,"path_per_floor":["M","M","M","M","M","R","M","E","T","R","M","E"],"character_chosen":"THE_SILENT","items_purchased":[],"campfire_rested":1,"item_purchase_floors":[],"current_hp_per_floor":[48,48,48,34,30,30,26,5,5,26,11,0,0],"gold":228,"neow_bonus":"THREE_RARE_CARDS","is_daily":false,"chose_seed":false,"campfire_upgraded":1,"win_rate":0.0,"timestamp":1610773943,"path_taken":["M","M","M","M","M","R","M","E","T","R","M","E"],"items_purchased_type":[],"build_version":"2020-12-22","purchased_purges":0,"victory":false,"max_hp_per_floor":[70,70,70,70,70,70,70,70,70,70,70,70,70],"card_choices":[{"not_picked":["Adrenaline","Tools of the Trade"],"picked":"Envenom","floor":0.0},{"not_picked":["Prepared","Quick Slash"],"picked":"Accuracy","floor":1.0},{"not_picked":["Outmaneuver","Sucker Punch"],"picked":"Terror","floor":2.0},{"not_picked":["Underhanded Strike","Deadly Poison"],"picked":"Catalyst","floor":3},{"not_picked":["Deflect","Flying Knee"],"picked":"Cloak And Dagger","floor":4},{"not_picked":["Backflip","Dagger Throw"],"picked":"PiercingWail","floor":5},{"not_picked":["Calculated Gamble","Tactician"],"picked":"Backstab","floor":7},{"not_picked":["Phantasmal Killer","Catalyst"],"picked":"Blade Dance","floor":8},{"not_picked":["Backflip","Crippling Poison"],"picked":"Poisoned Stab","floor":11}],"player_experience":37707,"relics_obtained":[{"floor":8,"key":"Nunchaku"},{"floor":9,"key":"Frozen Egg 2"}],"event_choices":[],"is_beta":false,"boss_relics":[],"items_purged_floors":[],"is_endless":false,"potions_floor_spawned":[2,4,7,11],"killed_by":"Lagavulin","ascension_level":5}}