{"host":"by3dnjj711vo194a","time":1610823434,"event":{"mods":["2.2 Compatiblity","AchievementEnabler","BaseMod","Colored Map","DeckTracker","KOR Keyword Fix","Keyboard Shortcuts","Minty Spire (QoL Compilation)","Permanent Neow","Quick Restart","StSLib","SuperFastMode","everything is the same but u backflip on backflip"],"gold_per_floor":[99,99,99,99,99],"floor_reached":6,"language":"KOR","playtime":159,"items_purged":[],"score":613,"play_id":"3636c36e-145c-4eb5-82bd-6a39255e47e0","local_time":"20210117035714","is_ascension_mode":true,"campfire_choices":[],"circlet_count":0,"master_deck":["Eruption+1","Vigilance+1","InnerPeace+1","Adaptation+1","Tantrum+1","CutThroughFate+1","EmptyMind+1","Adaptation+1","FearNoEvil+1","WheelKick+1","MentalFortress+1","Purity+1","MentalFortress+1"],"relics":["PureWater","Potion Belt","Melange","Tiny Chest","Art of War","Vajra","Peace Pipe","Membership Card","Juzu Bracelet","Shuriken","Bag of Marbles","Sundial","Lantern","VioletLotus","Mummified Hand","HandDrill","Bottled Lightning","Toxic Egg 2","Meat on the Bone","Orrery","Ancient Tea Set","MealTicket","SacredBark","TheAbacus","Oddly Smooth Stone","Orichalcum","Whetstone","Mercury Hourglass","PreservedInsect","MawBank","Toy Ornithopter","Omamori","ClockworkSouvenir","Centennial Puzzle","Art of War","FossilizedHelix","MawBank","Empty Cage","Bag of Marbles","Molten Egg 2","Prayer Wheel","MealTicket","Akabeko","Gremlin Horn","Strawberry","Ice Cream","Black Star","GoldenEye","Anchor","Darkstone Periapt","TeardropLocket","Yang","PreservedInsect","InkBottle","MealTicket","Singing Bowl","DollysMirror","Omamori","Ice Cream","PreservedInsect","Happy Flower","Damaru","Matryoshka","Potion Belt","Runic Pyramid","Ginger","Bag of Preparation","OrangePellets","Letter Opener","Yang","Whetstone","Bronze Scales","Lizard Tail","CaptainsWheel","Nunchaku","Centennial Puzzle","Sozu","Unceasing Top","HornCleat","Mummified Hand","Art of War","War Paint","Gremlin Horn","Tiny Chest","Ectoplasm","Busted Crown","Ectoplasm","Calling Bell","Centennial Puzzle","Mummified Hand","Ginger"],"acts_visited":["Exordium","TheCity","TheBeyond","TheBeyond"],"potions_floor_usage":[],"damage_taken":[{"damage":0,"enemies":"Small Slimes","floor":1,"turns":1},{"damage":0,"enemies":"The Guardian","floor":1,"turns":1},{"damage":0,"enemies":"Spheric Guardian","floor":3,"turns":1},{"damage":0,"enemies":"Collector","floor":3,"turns":1},{"damage":0,"enemies":"3 Darklings","floor":5,"turns":1},{"damage":0,"enemies":"Time Eater","floor":5,"turns":1}],"seed_played":"1807492846448892","potions_obtained":[],"is_trial":false,"path_per_floor":["M",null,"M",null,"M",null],"character_chosen":"WATCHER","items_purchased":[],"campfire_rested":0,"item_purchase_floors":[],"current_hp_per_floor":[202,202,208,208,212],"gold":99,"neow_bonus":"TEN_PERCENT_HP_BONUS","is_daily":false,"chose_seed":false,"campfire_upgraded":0,"win_rate":0.0,"timestamp":1610823434,"path_taken":["M","BOSS","M","BOSS","M","BOSS"],"items_purchased_type":[],"build_version":"2020-12-22","purchased_purges":0,"victory":true,"max_hp_per_floor":[202,202,208,208,212],"card_choices":[{"not_picked":["Halt+1","BowlingBash+1","Consecrate+1"],"picked":"Singing Bowl","floor":0},{"not_picked":["Prostrate+1","FlyingSleeves+1","ReachHeaven+1"],"picked":"Singing Bowl","floor":0},{"not_picked":["FlurryOfBlows+1","ClearTheMind+1","ThirdEye+1"],"picked":"Singing Bowl","floor":0},{"not_picked":["Crescendo+1","EmptyBody+1","Swivel+1"],"picked":"Singing Bowl","floor":0},{"not_picked":["CutThroughFate+1","MentalFortress","FearNoEvil+1"],"picked":"Singing Bowl","floor":0},{"not_picked":["ConjureBlade+1"],"picked":"Singing Bowl","floor":1},{"not_picked":["FlurryOfBlows+1"],"picked":"Singing Bowl","floor":1},{"not_picked":["Wish+1"],"picked":"Singing Bowl","floor":1},{"not_picked":["FearNoEvil+1"],"picked":"Singing Bowl","floor":3},{"not_picked":["SignatureMove+1"],"picked":"Singing Bowl","floor":3},{"not_picked":["Wish+1"],"picked":"Singing Bowl","floor":3},{"not_picked":["CutThroughFate+1"],"picked":"Singing Bowl","floor":5},{"not_picked":["FollowUp+1"],"picked":"Singing Bowl","floor":5}],"player_experience":179321,"relics_obtained":[{"floor":4,"key":"Centennial Puzzle"},{"floor":4,"key":"Mummified Hand"},{"floor":4,"key":"Ginger"}],"event_choices":[],"is_beta":false,"boss_relics":[{"not_picked":["Pandora\u0027s Box","Astrolabe"],"picked":"Ectoplasm"},{"not_picked":["Cursed Key","SacredBark"],"picked":"Calling Bell"}],"items_purged_floors":[],"is_endless":false,"potions_floor_spawned":[1,3],"ascension_level":15}}