{"host":"j4tm1fhkymdbe3p9","time":1610794077,"event":{"mods":["A Magickal Journey","BaseMod","Better Third Choice","BetterRewards","Chen","Downfall","Hermit","Hubris","Infinite Spire","Koishi","Luminous","Marisa????????","Mimic Mod","Minty Spire (QoL Compilation)","Reimu??????","Remilia??????","Replay The Spire","Shade Mod","Shop Mod","StSLib","The Administrix","The Animator","The Blackbeard","The Bladedancer","The Construct","The Cursed","The Disciple","The Druid","The Exalted","The Gatherer","The Hierophant","The Mystic","The Necromancer","The Runesmith","The Servant 0.9.4","The Spell Scribe","TheSwordswoman","??????REMEMod"],"gold_per_floor":[116,133,133,148,160,185,185,110,147,147,147,166,166,178,178,273,273,291,291,291,311,311,311,341,341,341,352,352,352,352,199,199,298,298,309,319,388,400,400],"floor_reached":38,"language":"ENG","playtime":1689,"items_purged":["Strike_W"],"score":392,"play_id":"5481f8d5-45cb-4b9e-b020-0ae2423878ab","local_time":"20210116054757","is_ascension_mode":false,"campfire_choices":[{"floor":7,"key":"REST"},{"data":"Shade_Step","floor":10,"key":"SMITH"},{"data":"Necrotic_Claws","floor":15,"key":"SMITH"},{"data":"Acid_Javelin","floor":23,"key":"SMITH"},{"data":"Negative_Energy_Sphere","floor":25,"key":"SMITH"},{"data":"Negative_Energy_Sphere","floor":28,"key":"SMITH"},{"data":"Negative_Energy_Sphere","floor":32,"key":"SMITH"}],"circlet_count":0,"master_deck":["Defend_W","Defend_W","Defend_W","Defend_W","Negative_Energy_Arrows+1","Bone_Wall","ChaoticDestiny+1","Necrotic_Claws+1","Negative_Energy_Sphere+1","Negative_Energy_Javelin","Shade_Step+1","Negative_Energy_Sphere+1","Negative_Energy_Sphere+1","Acid_Javelin+1","Shade_Step+1","Summon_Undead_Army+1","Shade_Step+1","Skeleton_Dragon+1","ReplayTheSpireMod:Doomed","Injury","sneckomod:Bewildered","Bone_Armor"],"relics":["Vampire_Amulet","REME_ComplimentaryCards","Replay:Mystery Machine","Bronze Scales","Empty Cage","Frozen Egg 2","MealTicket","MutagenicStrength","DollysMirror","Replay:Ancient Bell","Vajra","infinitespire:ShieldingShard","Bromod:ArcanePistoleer","MawBank"],"acts_visited":["Exordium","TheCity","TheBeyond"],"potions_floor_usage":[6,38,38],"damage_taken":[{"damage":4,"enemies":"Cultist","floor":1,"turns":4},{"damage":12,"enemies":"infinitespire:Voidling","floor":2,"turns":4},{"damage":0,"enemies":"2 Louse","floor":4,"turns":2},{"damage":13,"enemies":"2 Fungi Beasts","floor":5,"turns":3},{"damage":32,"enemies":"Lagavulin","floor":6,"turns":6},{"damage":1,"enemies":"Looter","floor":9,"turns":8},{"damage":0,"enemies":"Looter","floor":12,"turns":2},{"damage":0,"enemies":"Red Slaver","floor":14,"turns":3},{"damage":12,"enemies":"Hexaghost","floor":16,"turns":8},{"damage":0,"enemies":"3 Byrds","floor":18,"turns":2},{"damage":6,"enemies":"Chosen","floor":21,"turns":3},{"damage":23,"enemies":"Gremlin Leader","floor":24,"turns":5},{"damage":0,"enemies":"3 Cultists","floor":27,"turns":3},{"damage":34,"enemies":"hubris:MusketHawk","floor":33,"turns":6},{"damage":26,"enemies":"3 Darklings","floor":35,"turns":7},{"damage":9,"enemies":"3 Shapes","floor":36,"turns":4},{"damage":51,"enemies":"Spire Growth","floor":38,"turns":5}],"seed_played":"-5435490650899283409","potions_obtained":[{"floor":1,"key":"SteroidPotion"},{"floor":4,"key":"Elixir"},{"floor":12,"key":"Languid Potion"},{"floor":33,"key":"construct:ShiftPotion"}],"is_trial":false,"path_per_floor":["M","M","?","M","M","E","R","$","MIM","R","?","M","?","M","R","B",null,"M","?","?","M","?","R","E","R","T","M","R","?","?","$","R","B",null,"M","M","?","M"],"character_chosen":"NECROMANCER","items_purchased":["DollysMirror"],"campfire_rested":1,"item_purchase_floors":[31],"current_hp_per_floor":[73,63,75,75,64,34,56,56,57,57,57,59,59,61,61,51,75,75,75,75,71,71,71,56,56,56,62,62,62,62,75,75,43,75,51,48,48,0,0],"gold":400,"neow_bonus":"UPGRADE_CARD","is_daily":false,"chose_seed":false,"campfire_upgraded":6,"win_rate":0.0,"timestamp":1610794077,"path_taken":["M","M","?","M","M","E","R","$","MIM","R","?","M","?","M","R","BOSS","M","?","?","M","?","R","E","R","T","?","R","?","?","$","R","BOSS","M","M","?","?"],"items_purchased_type":["Relic"],"build_version":"2020-12-22","purchased_purges":1,"victory":false,"max_hp_per_floor":[75,75,75,75,75,75,75,75,75,75,75,75,75,75,75,75,75,75,75,75,75,75,75,75,75,75,75,75,75,75,75,75,75,75,75,75,75,75,75],"card_choices":[{"not_picked":["Bone_Armor","Death_March_Dance"],"picked":"Necrotic_Claws","floor":1},{"not_picked":["Slay_Living","Spectral_Armor"],"picked":"Negative_Energy_Sphere","floor":2},{"not_picked":["Bone_Bullets","Blood_Whip","Blood_for_Blood"],"picked":"SKIP","floor":4},{"not_picked":["Bone_Armor","Death_Coil"],"picked":"Negative_Energy_Javelin","floor":5},{"not_picked":["Violent_Necrosis","Reap_The_Weak","Bone_Bullets"],"picked":"SKIP","floor":6},{"not_picked":["Finger_Of_Death","Negative_Energy_Shield"],"picked":"Shade_Step","floor":9},{"not_picked":["Violent_Necrosis","Blood_Whip"],"picked":"Negative_Energy_Sphere","floor":12},{"not_picked":["Spectral_Armor","Bone_Prison"],"picked":"Negative_Energy_Sphere","floor":14},{"not_picked":["Negative_Energy_Shield","Death_Coil","Finger_Of_Death"],"picked":"SKIP","floor":18},{"not_picked":["Toxic_Smoke_Screen+1","Blood_Curse"],"picked":"Acid_Javelin","floor":21},{"not_picked":["Requiem","Summon_Death_Knight+1","Death_Knell"],"picked":"SKIP","floor":24},{"not_picked":["Strike_from_Beyond","Negative_Energy_Shield"],"picked":"Summon_Undead_Army+1","floor":27},{"not_picked":["Detonate_Bones","Blood_Magic+1"],"picked":"Skeleton_Dragon+1","floor":33},{"not_picked":["hexamod:Haunted","animator:Curse_Greed"],"picked":"ReplayTheSpireMod:Doomed","floor":34},{"not_picked":["ReplayTheSpireMod:IOU","sneckomod:Bewildered"],"picked":"Injury","floor":34},{"not_picked":["CurseOfTheBell","ReplayTheSpireMod:IOU"],"picked":"sneckomod:Bewildered","floor":34},{"not_picked":["Death_March_Dance+1","Scare+1","Blood_for_Blood+1"],"picked":"SKIP","floor":35},{"not_picked":["Bone_Bullets","Blood_Whip","Negative_Energy_Mist"],"picked":"SKIP","floor":36},{"not_picked":["Negative_Energy_Burst+1","Death_Coil"],"picked":"Bone_Armor","floor":37}],"player_experience":590202,"relics_obtained":[{"floor":6,"key":"Replay:Mystery Machine"},{"floor":9,"key":"Bronze Scales"},{"floor":24,"key":"Frozen Egg 2"},{"floor":26,"key":"MealTicket"},{"floor":37,"key":"MawBank"}],"event_choices":[{"damage_healed":12,"gold_gain":0,"player_choice":"Full Heal","damage_taken":0,"max_hp_gain":0,"max_hp_loss":0,"event_name":"Wheel of Change","floor":3,"gold_loss":0},{"damage_healed":0,"gold_gain":0,"player_choice":"Grow","damage_taken":0,"max_hp_gain":0,"max_hp_loss":0,"event_name":"Living Wall","floor":11,"gold_loss":0,"cards_upgraded":["Negative_Energy_Arrows"]},{"damage_healed":0,"gold_gain":0,"player_choice":"Ignored","damage_taken":0,"max_hp_gain":0,"max_hp_loss":0,"event_name":"Beggar","floor":19,"gold_loss":0},{"damage_healed":0,"gold_gain":0,"player_choice":"Copied","damage_taken":0,"max_hp_gain":0,"max_hp_loss":0,"event_name":"Duplicator","floor":22,"gold_loss":0,"cards_obtained":["Shade_Step"]},{"damage_healed":0,"gold_gain":0,"player_choice":"Ignored","damage_taken":0,"max_hp_gain":0,"max_hp_loss":0,"event_name":"Ghosts","floor":29,"gold_loss":0},{"damage_healed":0,"gold_gain":0,"player_choice":"Inject Mutagens","damage_taken":0,"relics_obtained":["MutagenicStrength"],"max_hp_gain":0,"max_hp_loss":0,"event_name":"Drug Dealer","floor":30,"gold_loss":0}],"is_beta":false,"boss_relics":[{"not_picked":["REME_ChargedStone","Ectoplasm"],"picked":"Empty Cage"},{"not_picked":["SacredBark","Runesmith:UraniumAnvil"],"picked":"Replay:Ancient Bell"},{"not_picked":["Pen Nib","Happy Flower"],"picked":"Vajra"},{"not_picked":["AntiCross","REME_ArchaeologicalTools"],"picked":"infinitespire:ShieldingShard"},{"not_picked":["Thread and Needle","CaptainsWheel"],"picked":"Bromod:ArcanePistoleer"}],"items_purged_floors":[8],"is_endless":false,"potions_floor_spawned":[1,4,12,33],"killed_by":"Spire Growth","ascension_level":0}}