{"host":"obbn5gje3893ci3z","time":1610795107,"event":{"mods":["BaseMod","CapriCore","Colored Powertips","Minty Spire (QoL Compilation)","StSLib","The Immortal"],"gold_per_floor":[14,31,42,217,217,217,217,217,217,142,155,155,168,183,183,314,314,327,342,366,391,187,187,124,160,160,160,175,175,200,223,223,353,353,371,371,395,458,558,558,576,130,184,208,208,208,120,145,145,145],"floor_reached":51,"language":"ZHS","playtime":3511,"items_purged":["Doubt","MokouMod:Strike","MokouMod:Strike","MokouMod:Strike","MokouMod:Defend"],"score":724,"play_id":"2b978c5f-e00b-4e90-b567-a3ef42e71e6a","local_time":"20210116190507","is_ascension_mode":true,"campfire_choices":[{"data":"MokouMod:IgneousBlow","floor":6.0,"key":"SMITH"},{"data":"MokouMod:UncontrollableSolarReaction","floor":8.0,"key":"SMITH"},{"data":"MokouMod:Ember","floor":15.0,"key":"SMITH"},{"data":"MokouMod:Rebirth","floor":23.0,"key":"SMITH"},{"data":"MokouMod:IllusoryBattlefield","floor":32.0,"key":"SMITH"},{"data":"MokouMod:Ventilation","floor":40,"key":"SMITH"},{"data":"Master of Strategy","floor":45,"key":"SMITH"},{"data":"MokouMod:ScorchedEarth","floor":49,"key":"SMITH"}],"circlet_count":0,"master_deck":["MokouMod:Defend","MokouMod:Defend","MokouMod:Defend","MokouMod:HeatSpark+1","MokouMod:UncontrollableSolarReaction+1","MokouMod:IgnitionBlast+1","MokouMod:IgneousBlow+1","MokouMod:Ember+1","MokouMod:Sear","MokouMod:Ventilation+1","CurseOfTheBell","MokouMod:Wildfire+1","MokouMod:UncontrollableSolarReaction+1","MokouMod:Rebirth+1","MokouMod:ScorchedEarth+1","MokouMod:IllusoryBattlefield+1","MokouMod:IllusoryBattlefield+1","Master of Strategy+1"],"relics":["MokouMod:PhoenixFeather","TungstenRod","Golden Idol","Matryoshka","Calling Bell","Meat on the Bone","Anchor","Ice Cream","Membership Card","Pantograph","Bottled Lightning","Ornamental Fan","Busted Crown","Lizard Tail","Mummified Hand","DollysMirror","Vajra","HornCleat","Happy Flower"],"acts_visited":["Exordium","TheCity","TheBeyond"],"potions_floor_usage":[35,38],"damage_taken":[{"damage":0.0,"enemies":"Cultist","floor":1.0,"turns":4.0},{"damage":6.0,"enemies":"Jaw Worm","floor":2.0,"turns":2.0},{"damage":0.0,"enemies":"Small Slimes","floor":3.0,"turns":3.0},{"damage":7.0,"enemies":"3 Louse","floor":11.0,"turns":4.0},{"damage":0.0,"enemies":"Large Slime","floor":13.0,"turns":2.0},{"damage":7.0,"enemies":"Blue Slaver","floor":14.0,"turns":2.0},{"damage":28.0,"enemies":"The Guardian","floor":16.0,"turns":8.0},{"damage":27.0,"enemies":"3 Byrds","floor":18.0,"turns":6.0},{"damage":20.0,"enemies":"Spheric Guardian","floor":19.0,"turns":4.0},{"damage":22.0,"enemies":"3 Cultists","floor":20.0,"turns":5.0},{"damage":26.0,"enemies":"Cultist and Chosen","floor":21.0,"turns":4.0},{"damage":21.0,"enemies":"Gremlin Leader","floor":25.0,"turns":4.0},{"damage":25.0,"enemies":"Centurion and Healer","floor":28.0,"turns":7.0},{"damage":0.0,"enemies":"Snecko","floor":30.0,"turns":4.0},{"damage":17.0,"enemies":"Snake Plant","floor":31.0,"turns":4.0},{"damage":90.0,"enemies":"Champ","floor":33.0,"turns":10.0},{"damage":12,"enemies":"3 Darklings","floor":35,"turns":4},{"damage":26,"enemies":"3 Shapes","floor":37,"turns":8},{"damage":9,"enemies":"Mind Bloom Boss Battle","floor":38,"turns":5},{"damage":19,"enemies":"Jaw Worm Horde","floor":41,"turns":3},{"damage":0,"enemies":"3 Darklings","floor":44,"turns":4},{"damage":20,"enemies":"Spire Growth","floor":46,"turns":4},{"damage":16,"enemies":"Maw","floor":48,"turns":6},{"damage":217,"enemies":"Awakened One","floor":50,"turns":9}],"seed_played":"-2048724168520184647","potions_obtained":[{"floor":1.0,"key":"SteroidPotion"},{"floor":11.0,"key":"DistilledChaos"},{"floor":16.0,"key":"EssenceOfSteel"},{"floor":25.0,"key":"PowerPotion"},{"floor":31.0,"key":"Weak Potion"},{"floor":33.0,"key":"Explosive Potion"},{"floor":35,"key":"BlessingOfTheForge"},{"floor":37,"key":"FearPotion"},{"floor":41,"key":"DuplicationPotion"}],"is_trial":false,"path_per_floor":["M","M","M","?","?","R","?","R","T","$","M","?","M","M","R","B",null,"M","M","M","M","$","R","$","E","T","?","M","?","M","M","R","B",null,"M","?","M","?","?","R","M","$","T","M","R","M","$","M","R","B",null],"character_chosen":"MKU","items_purchased":["Membership Card","Mummified Hand","DollysMirror","Vajra","Master of Strategy"],"campfire_rested":0,"item_purchase_floors":[22,42,42,42,42],"current_hp_per_floor":[75,69,69,69,74,74,55,55,55,55,48,33,33,26,26,20,80,53,45,35,21,21,21,21,32,32,58,45,45,45,40,40,32,80,68,68,42,58,58,58,51,51,51,51,51,43,43,39,39,20],"gold":145,"neow_bonus":"ONE_RARE_RELIC","is_daily":false,"chose_seed":false,"campfire_upgraded":8,"win_rate":0.0,"timestamp":1610795107,"path_taken":["M","M","?","?","?","R","?","R","T","$","M","?","M","M","R","BOSS","M","M","M","M","$","R","$","E","T","?","M","?","M","M","R","BOSS","M","?","M","?","?","R","?","$","T","M","R","M","?","?","R","BOSS"],"items_purchased_type":["Relic","Relic","Relic","Relic","Card"],"build_version":"2020-12-22","purchased_purges":5,"victory":true,"max_hp_per_floor":[75,75,75,75,80,80,80,80,80,80,80,80,80,80,80,80,80,80,80,80,80,80,80,80,80,80,80,80,80,80,80,80,80,80,80,80,80,80,80,80,80,80,80,80,80,80,80,80,80,80],"card_choices":[{"not_picked":["MokouMod:ResonanceReactor","MokouMod:Overheat"],"picked":"MokouMod:UncontrollableSolarReaction","floor":1.0},{"not_picked":["MokouMod:HeartofFire","MokouMod:EternalBurstReactor"],"picked":"MokouMod:IgnitionBlast","floor":2.0},{"not_picked":["MokouMod:IcarusDive","MokouMod:Meltdown"],"picked":"MokouMod:IgneousBlow","floor":3.0},{"not_picked":["MokouMod:UncontrollableSolarReaction","MokouMod:Overheat"],"picked":"MokouMod:Ember","floor":11.0},{"not_picked":["MokouMod:FlickeringFlame","MokouMod:FujiyamaVolcano","MokouMod:TemporalFireSeal"],"picked":"SKIP","floor":13.0},{"not_picked":["MokouMod:SearingShot","MokouMod:ProfanedFlare"],"picked":"MokouMod:Sear","floor":14.0},{"not_picked":["MokouMod:ExplosiveFlame","MokouMod:ProfanedFlare"],"picked":"MokouMod:Ventilation","floor":16.0},{"not_picked":["MokouMod:ExplosiveFlame","MokouMod:EternalBurstReactor"],"picked":"MokouMod:Wildfire+1","floor":18.0},{"not_picked":["MokouMod:Burn","MokouMod:Firecracker"],"picked":"MokouMod:UncontrollableSolarReaction+1","floor":19.0},{"not_picked":["MokouMod:Sear","MokouMod:BlazingComet"],"picked":"MokouMod:Rebirth","floor":20.0},{"not_picked":["MokouMod:IndiscriminateIgnition","MokouMod:Scorch","MokouMod:SearingShot+1"],"picked":"SKIP","floor":21.0},{"not_picked":["MokouMod:ScorchingColumn","MokouMod:CrimsonFlare"],"picked":"MokouMod:ScorchedEarth","floor":25.0},{"not_picked":["MokouMod:InfernalWave","MokouMod:Meltdown+1","MokouMod:SearingBlow"],"picked":"SKIP","floor":28.0},{"not_picked":["MokouMod:SearingShot+1","MokouMod:Burn+1","MokouMod:HeartofFire"],"picked":"SKIP","floor":30.0},{"not_picked":["MokouMod:AdaptivePyromancy","MokouMod:Sear","MokouMod:ResonanceReactor+1"],"picked":"SKIP","floor":31.0},{"not_picked":["MokouMod:IgnitionBarrier"],"picked":"SKIP","floor":35},{"not_picked":["MokouMod:Stoke+1"],"picked":"SKIP","floor":37},{"not_picked":["MokouMod:PhoenixFeathers+1"],"picked":"SKIP","floor":41},{"not_picked":["MokouMod:HeatTransfer"],"picked":"SKIP","floor":44},{"not_picked":["MokouMod:HeatTransfer"],"picked":"SKIP","floor":46},{"not_picked":["MokouMod:RisingSunBarrier+1"],"picked":"SKIP","floor":48}],"player_experience":47415,"relics_obtained":[{"floor":9.0,"key":"Matryoshka"},{"floor":17.0,"key":"Meat on the Bone"},{"floor":17.0,"key":"Anchor"},{"floor":17.0,"key":"Ice Cream"},{"floor":25.0,"key":"Pantograph"},{"floor":26.0,"key":"Bottled Lightning"},{"floor":26.0,"key":"Ornamental Fan"},{"floor":38,"key":"Lizard Tail"},{"floor":43,"key":"HornCleat"},{"floor":43,"key":"Happy Flower"}],"event_choices":[{"damage_healed":0.0,"max_hp_gain":0.0,"max_hp_loss":0.0,"gold_gain":175.0,"event_name":"Liars Game","player_choice":"AGREE","floor":4.0,"gold_loss":0.0,"damage_taken":0.0,"cards_obtained":["Doubt"]},{"damage_healed":0.0,"max_hp_gain":5.0,"max_hp_loss":0.0,"gold_gain":0.0,"event_name":"Big Fish","player_choice":"Donut","floor":5.0,"gold_loss":0.0,"damage_taken":0.0},{"damage_healed":0.0,"max_hp_gain":0.0,"max_hp_loss":0.0,"gold_gain":0.0,"event_name":"Golden Idol","player_choice":"Take Damage","floor":7.0,"gold_loss":0.0,"damage_taken":20.0,"relics_obtained":["Golden Idol"]},{"damage_healed":0.0,"max_hp_gain":0.0,"max_hp_loss":0.0,"gold_gain":0.0,"event_name":"Shining Light","player_choice":"Entered Light","floor":12.0,"gold_loss":0.0,"damage_taken":16.0,"cards_upgraded":["MokouMod:IgnitionBlast","MokouMod:HeatSpark"]},{"damage_healed":26.0,"max_hp_gain":0.0,"max_hp_loss":0.0,"gold_gain":0.0,"event_name":"The Library","player_choice":"Heal","floor":27.0,"gold_loss":0.0,"damage_taken":0.0},{"damage_healed":0.0,"max_hp_gain":0.0,"max_hp_loss":0.0,"gold_gain":0.0,"cards_transformed":["MokouMod:Strike","MokouMod:Strike"],"event_name":"Drug Dealer","player_choice":"Became Test Subject","floor":29.0,"gold_loss":0.0,"damage_taken":0.0,"cards_obtained":["MokouMod:IllusoryBattlefield","MokouMod:BlazingComet"]},{"cards_removed":["MokouMod:BlazingComet"],"damage_healed":0,"gold_gain":0,"player_choice":"Removed Attack","damage_taken":0,"max_hp_gain":0,"max_hp_loss":0,"event_name":"Falling","floor":36,"gold_loss":0},{"damage_healed":0,"gold_gain":0,"player_choice":"Fight","damage_taken":0,"max_hp_gain":0,"max_hp_loss":0,"event_name":"MindBloom","floor":38,"gold_loss":0},{"damage_healed":0,"gold_gain":100,"player_choice":"Pray","damage_taken":0,"max_hp_gain":0,"max_hp_loss":0,"event_name":"Golden Shrine","floor":39,"gold_loss":0}],"is_beta":false,"boss_relics":[{"not_picked":["Ectoplasm","Cursed Key"],"picked":"Calling Bell"},{"not_picked":["Tiny House","Black Star"],"picked":"Busted Crown"}],"items_purged_floors":[10,22,24,42,47],"is_endless":false,"potions_floor_spawned":[1,11,16,19,25,31,33,35,37,41],"ascension_level":2}}