{"host":"ibonnlq6s1c814xj","time":1610783642,"event":{"mods":["BaseMod","BetterRewards","Minty Spire (QoL Compilation)","Shop Mod","¡¾ÒÅÎï¿¨ÅÆ¡¿REMEMod"],"gold_per_floor":[116,116,127,127,146,146,162,180,180,195,213,231,231,245,245,345,345,270,270],"floor_reached":18,"language":"ZHS","playtime":1005,"items_purged":["Machine Learning","Strike_G"],"score":174,"play_id":"c58c00fd-2ea7-4f1e-bfe3-080d990843c6","local_time":"20210116155402","is_ascension_mode":true,"campfire_choices":[{"floor":6,"key":"REST"},{"floor":15,"key":"REST"}],"circlet_count":0,"master_deck":["Strike_G","Strike_G","Strike_G","Strike_G","Defend_G+1","Defend_G","Defend_G+1","Defend_G","Defend_G","Survivor","After Image","Well Laid Plans","Catalyst","Eviscerate","Deflect","Blur","Reflex","Noxious Fumes","Bouncing Flask","Adrenaline"],"relics":["Ring of the Snake","REME_ComplimentaryCards","MerchantsRug","Calipers","REME_PoisonedDagger","Happy Flower","Snecko Eye"],"acts_visited":["Exordium","TheCity"],"potions_floor_usage":[10,11,14,16,16],"damage_taken":[{"damage":0,"enemies":"2 Louse","floor":1,"turns":5},{"damage":7,"enemies":"Jaw Worm","floor":3,"turns":8},{"damage":0,"enemies":"Cultist","floor":5,"turns":5},{"damage":1,"enemies":"Blue Slaver","floor":7,"turns":6},{"damage":0,"enemies":"Red Slaver","floor":8,"turns":8},{"damage":0,"enemies":"3 Louse","floor":10,"turns":4},{"damage":0,"enemies":"Looter","floor":11,"turns":4},{"damage":5,"enemies":"Blue Slaver","floor":12,"turns":6},{"damage":10,"enemies":"3 Louse","floor":14,"turns":5},{"damage":3,"enemies":"Hexaghost","floor":16,"turns":8},{"damage":25,"enemies":"2 Thieves","floor":18,"turns":4}],"seed_played":"3810980703536898106","potions_obtained":[{"floor":8,"key":"Fire Potion"},{"floor":10,"key":"Weak Potion"},{"floor":11,"key":"Energy Potion"},{"floor":14,"key":"Regen Potion"}],"is_trial":false,"path_per_floor":["M","?","M","T","M","R","M","M","T","M","M","M","?","M","R","B",null,"M"],"character_chosen":"THE_SILENT","items_purchased":["Well Laid Plans","MerchantsRug","Calipers","Catalyst","Energy Potion"],"campfire_rested":2,"item_purchase_floors":[0,0,0,0,0],"current_hp_per_floor":[38,24,17,17,17,38,37,37,37,37,37,32,32,22,43,55,70,45,45],"gold":270,"neow_bonus":"","is_daily":false,"chose_seed":false,"campfire_upgraded":0,"win_rate":0.0,"timestamp":1610783642,"path_taken":["M","?","M","?","M","R","M","M","T","M","?","M","?","M","R","BOSS","M"],"items_purchased_type":["Card","Relic","Relic","Card","Potion"],"build_version":"2020-12-22","purchased_purges":2,"victory":false,"max_hp_per_floor":[70,70,70,70,70,70,70,70,70,70,70,70,70,70,70,70,70,70,70],"card_choices":[{"not_picked":["Skewer","PiercingWail","Finisher"],"picked":"SKIP","floor":1},{"not_picked":["Bane","Setup"],"picked":"Deflect","floor":3},{"not_picked":["Choke","Poisoned Stab"],"picked":"Blur","floor":5},{"not_picked":["Cloak And Dagger","Bane","Eviscerate"],"picked":"SKIP","floor":7},{"not_picked":["Skewer","Underhanded Strike","Backflip"],"picked":"SKIP","floor":8},{"not_picked":["Blade Dance","Leg Sweep"],"picked":"Reflex","floor":10},{"not_picked":["Deadly Poison","Outmaneuver"],"picked":"Noxious Fumes","floor":11},{"not_picked":["Distraction","Heel Hook","PiercingWail"],"picked":"SKIP","floor":12},{"not_picked":["Backstab","Underhanded Strike"],"picked":"Bouncing Flask","floor":14},{"not_picked":["Malaise","After Image"],"picked":"Adrenaline","floor":16}],"player_experience":253528,"relics_obtained":[{"floor":4,"key":"REME_PoisonedDagger"},{"floor":9,"key":"Happy Flower"}],"event_choices":[{"damage_healed":0,"gold_gain":0,"player_choice":"Entered Light","damage_taken":14,"max_hp_gain":0,"max_hp_loss":0,"event_name":"Shining Light","floor":2,"gold_loss":0,"cards_upgraded":["Defend_G","Defend_G"]},{"damage_healed":0,"gold_gain":0,"player_choice":"Bought 0 Potions","damage_taken":0,"max_hp_gain":0,"max_hp_loss":0,"event_name":"The Woman in Blue","floor":13,"gold_loss":0}],"is_beta":false,"boss_relics":[{"not_picked":["WristBlade","Fusion Hammer"],"picked":"Snecko Eye"}],"items_purged_floors":[0,0],"is_endless":false,"potions_floor_spawned":[8,10,11,14],"killed_by":"2 Thieves","ascension_level":2}}