{"host":"cjhtzh7tp54jdfyv","time":1610811013,"event":{"mods":["AchievementEnabler","BaseMod","Colored Map","Colored Powertips","Curses Come First","DeckTracker","Filter the Spire","Minty Spire (QoL Compilation)","RNG Fix","Relic Sorter","Relic Stats","StSLib","UnlockEverythingMod","ojb\u0027s Better Paths Mod","ojb\u0027s Info Mod"],"gold_per_floor":[117,130,130,130,145,186,186,219,219,219,237,237,253,253,253],"floor_reached":14,"language":"ENG","playtime":696,"items_purged":[],"score":200,"play_id":"02b041a4-2d93-41cb-8227-e86d92d4c84a","local_time":"20210116103013","is_ascension_mode":true,"campfire_choices":[{"data":"Bouncing Flask","floor":7,"key":"SMITH"},{"floor":10,"key":"REST"}],"circlet_count":0,"master_deck":["AscendersBane","Strike_G","Strike_G","Strike_G","Strike_G","Strike_G","Defend_G","Defend_G","Defend_G","Defend_G","Survivor","Neutralize","Bouncing Flask+1","Calculated Gamble","Dagger Spray","Die Die Die","Predator","Quick Slash"],"relics":["Sozu","Golden Idol","White Beast Statue","Frozen Egg 2","Omamori","GremlinMask"],"acts_visited":["Exordium"],"potions_floor_usage":[],"damage_taken":[{"damage":1,"enemies":"2 Louse","floor":1,"turns":4},{"damage":0,"enemies":"Small Slimes","floor":2,"turns":3},{"damage":0,"enemies":"Cultist","floor":5,"turns":3},{"damage":44,"enemies":"Gremlin Nob","floor":6,"turns":4},{"damage":7,"enemies":"3 Sentries","floor":8,"turns":6},{"damage":3,"enemies":"Blue Slaver","floor":11,"turns":3},{"damage":15,"enemies":"Large Slime","floor":13,"turns":7},{"damage":12,"enemies":"Lagavulin","floor":14,"turns":3}],"seed_played":"5115314434035399780","potions_obtained":[],"is_trial":false,"path_per_floor":["M","M","?","?","M","E","R","E","T","R","M","?","M","E"],"character_chosen":"THE_SILENT","items_purchased":[],"campfire_rested":1,"item_purchase_floors":[],"current_hp_per_floor":[58,58,58,58,58,14,14,7,7,25,22,22,7,0,0],"gold":253,"neow_bonus":"BOSS_RELIC","is_daily":false,"chose_seed":false,"campfire_upgraded":1,"win_rate":0.0,"timestamp":1610811013,"path_taken":["M","M","?","?","M","E","R","E","T","R","M","?","M","E"],"items_purchased_type":[],"build_version":"2020-12-22","purchased_purges":0,"victory":false,"max_hp_per_floor":[66,66,60,60,60,60,60,60,60,60,60,60,60,60,60],"relic_stats":{"Sozu":4,"counters":[8,33],"Golden Idol":25,"obtain_stats":[{"Sozu":0,"Golden Idol":3,"GremlinMask":12,"Omamori":9,"Frozen Egg 2":8,"White Beast Statue":6,"Ring of the Snake":0},{"Sozu":0,"Golden Idol":2,"GremlinMask":6,"Omamori":5,"Frozen Egg 2":5,"White Beast Statue":4,"Ring of the Snake":0},{"Sozu":0,"Golden Idol":7,"GremlinMask":23,"Omamori":20,"Frozen Egg 2":20,"White Beast Statue":14,"Ring of the Snake":0}]},"card_choices":[{"not_picked":["Blade Dance","Dagger Spray"],"picked":"Bouncing Flask","floor":1},{"not_picked":["Flying Knee","Acrobatics"],"picked":"Calculated Gamble","floor":2},{"not_picked":["Setup","Deflect"],"picked":"Dagger Spray","floor":5},{"not_picked":["Acrobatics","Dagger Throw"],"picked":"Die Die Die","floor":6},{"not_picked":["Dodge and Roll","Outmaneuver","All Out Attack"],"picked":"SKIP","floor":8},{"not_picked":["Sucker Punch","Acrobatics"],"picked":"Predator","floor":11},{"not_picked":["All Out Attack","Prepared"],"picked":"Quick Slash","floor":13}],"player_experience":4380752,"relics_obtained":[{"floor":6,"key":"White Beast Statue"},{"floor":8,"key":"Frozen Egg 2"},{"floor":9,"key":"Omamori"}],"event_choices":[{"damage_healed":0,"gold_gain":0,"player_choice":"Lose Max HP","damage_taken":0,"relics_obtained":["Golden Idol"],"max_hp_gain":0,"max_hp_loss":6,"event_name":"Golden Idol","floor":3,"gold_loss":0},{"cards_removed":["Defend_G"],"damage_healed":0,"gold_gain":0,"player_choice":"Offered Basic","damage_taken":0,"max_hp_gain":0,"max_hp_loss":0,"event_name":"Bonfire Elementals","floor":4,"gold_loss":0},{"damage_healed":0,"gold_gain":0,"player_choice":"Trade","damage_taken":0,"relics_obtained":["GremlinMask"],"max_hp_gain":0,"max_hp_loss":0,"event_name":"FaceTrader","floor":12,"gold_loss":0}],"is_beta":false,"boss_relics":[],"items_purged_floors":[],"is_endless":false,"potions_floor_spawned":[1,8,11,13],"killed_by":"Lagavulin","ascension_level":20}}