{"host":"y193d0agu1dp5x1y","time":1610771276,"event":{"mods":["AchievementEnabler","BaseMod","Googly Eyes","Minty Spire (QoL Compilation)"],"gold_per_floor":[115,40,215,290,11,11,41,55,55,67,80,80,80,93,93,93,93],"floor_reached":16,"language":"ENG","playtime":341,"items_purged":["Dualcast","Doubt"],"score":90,"play_id":"8dfa8b06-a844-427b-bb40-d3806df3873e","local_time":"20210115222756","is_ascension_mode":false,"campfire_choices":[{"data":"Storm","floor":6,"key":"SMITH"},{"data":"Go for the Eyes","floor":12,"key":"SMITH"},{"floor":15,"key":"REST"}],"circlet_count":0,"master_deck":["Strike_B","Strike_B","Strike_B","Strike_B","Defend_B","Defend_B","Defend_B","Defend_B","Zap","Cold Snap","Storm+1","Gash","Go for the Eyes+1","Coolheaded","Static Discharge","Cold Snap"],"relics":["Busted Crown","Oddly Smooth Stone","Pantograph"],"acts_visited":["Exordium"],"potions_floor_usage":[],"damage_taken":[{"damage":4,"enemies":"Cultist","floor":1,"turns":4},{"damage":11,"enemies":"Small Slimes","floor":8,"turns":4},{"damage":5,"enemies":"Jaw Worm","floor":10,"turns":3},{"damage":6,"enemies":"3 Louse","floor":11,"turns":5},{"damage":7,"enemies":"Blue Slaver","floor":14,"turns":3},{"damage":28,"enemies":"The Guardian","floor":16,"turns":4}],"seed_played":"-3425204740699230230","potions_obtained":[{"floor":10,"key":"Block Potion"}],"is_trial":false,"path_per_floor":["M","$","?","?","$","R","?","M","T","M","M","R","?","M","R","B"],"character_chosen":"DEFECT","items_purchased":["Storm","Gash","Go for the Eyes"],"campfire_rested":1,"item_purchase_floors":[5,5,5],"current_hp_per_floor":[71,71,71,60,60,60,60,49,49,44,38,38,31,24,46,43,43],"gold":93,"neow_bonus":"BOSS_RELIC","is_daily":false,"chose_seed":false,"campfire_upgraded":2,"win_rate":0.0,"timestamp":1610771276,"path_taken":["M","?","?","?","$","R","?","M","T","M","?","R","?","M","R","BOSS"],"items_purchased_type":["Card","Card","Card"],"build_version":"2020-12-22","purchased_purges":2,"victory":false,"max_hp_per_floor":[75,75,75,75,75,75,75,75,75,75,75,75,75,75,75,75,75],"card_choices":[{"not_picked":[],"picked":"Cold Snap","floor":1},{"not_picked":["Coolheaded"],"picked":"SKIP","floor":8},{"not_picked":[],"picked":"Coolheaded","floor":10},{"not_picked":[],"picked":"Static Discharge","floor":11},{"not_picked":[],"picked":"Cold Snap","floor":14}],"player_experience":101717,"relics_obtained":[{"floor":9,"key":"Pantograph"}],"event_choices":[{"damage_healed":0,"gold_gain":175,"player_choice":"AGREE","damage_taken":0,"max_hp_gain":0,"max_hp_loss":0,"event_name":"Liars Game","floor":3,"gold_loss":0,"cards_obtained":["Doubt"]},{"damage_healed":0,"gold_gain":75,"player_choice":"Gather Gold","damage_taken":11,"max_hp_gain":0,"max_hp_loss":0,"event_name":"World of Goop","floor":4,"gold_loss":0},{"damage_healed":0,"gold_gain":30,"player_choice":"Searched \u00272\u0027 times","damage_taken":0,"relics_obtained":["Oddly Smooth Stone"],"max_hp_gain":0,"max_hp_loss":0,"event_name":"Dead Adventurer","floor":7,"gold_loss":0},{"damage_healed":0,"gold_gain":0,"player_choice":"Damaged","damage_taken":7,"max_hp_gain":0,"max_hp_loss":0,"event_name":"Wheel of Change","floor":13,"gold_loss":0}],"is_beta":false,"boss_relics":[],"items_purged_floors":[2,5],"is_endless":false,"potions_floor_spawned":[10],"killed_by":"The Guardian","ascension_level":0}}