{"host":"9h1qbmp5h1ch7u4r","time":1610835244,"event":{"mods":["BaseMod","Minty Spire (QoL Compilation)","StSLib","The Servant 0.9.4"],"gold_per_floor":[115,65,79,79,92,92,128,128,128,203,219,239,239,260,260,386,386,407,332,332,332,371,371,401,401,428,428,297,328,368,318,318,459,459,495,495,347,381,430,488,511,511,511,511,560,560,560,598,598,620,620,620,76,129,129,129],"floor_reached":55,"language":"ENG","playtime":5269,"items_purged":["Defend_S","ReplayTheSpireMod:Restless Dread"],"score":1049,"play_id":"ce3633f7-3f3b-4a89-b15e-d52b8f9e7935","local_time":"20210116171404","is_ascension_mode":false,"campfire_choices":[{"data":"Exchange","floor":6.0,"key":"SMITH"},{"data":"Foresight","floor":8.0,"key":"SMITH"},{"data":"Duplication","floor":13.0,"key":"SMITH"},{"data":"Reset","floor":15.0,"key":"SMITH"},{"data":"MurderousAura","floor":23.0,"key":"SMITH"},{"data":"Luminosity","floor":25.0,"key":"SMITH"},{"data":"Foresight","floor":32.0,"key":"SMITH"},{"data":"Luminosity","floor":42.0,"key":"SMITH"},{"data":"FloweringNight","floor":46.0,"key":"SMITH"},{"floor":49.0,"key":"RECALL"},{"data":"Defy","floor":52.0,"key":"SMITH"}],"circlet_count":4,"master_deck":["Strike_S","Strike_S","Defend_S","Defend_S","Defend_S","KidneyShot+1","Exchange+1","DoubleEdge","Defy+1","Reset+1","Foresight+1","DoubleEdge","Duplication+1","Revamp","MurderousAura+1","Luminosity+1","Spin","Madness+1","Madness+1","Reset+1","Reset+1","Foresight+1","SpecialFormula+1","TheWorld+1","Defy+1","BottledTime+1","FloweringNight+1","BottledTime+1","StarChef+1","Luminosity+1","Foresight+1","MoonPhase+1","Advance+1","Sabotage+1","Madness+1","Secret Weapon+1","Madness+1","Foresight","Reset+1","Luminosity","Panache","Finesse+1","Reset+1"],"relics":["Uniform","Golden Idol","Mummified Hand","StoneMask","Toxic Egg 2","Circlet","Orrery","Singing Bowl","Pantograph"],"acts_visited":[],"potions_floor_usage":[],"damage_taken":[{"damage":0.0,"enemies":"2 Louse","floor":1.0,"turns":3.0},{"damage":0.0,"enemies":"Small Slimes","floor":3.0,"turns":3.0},{"damage":0.0,"enemies":"Jaw Worm","floor":5.0,"turns":3.0},{"damage":14.0,"enemies":"3 Sentries","floor":7.0,"turns":11.0},{"damage":0.0,"enemies":"3 Louse","floor":11.0,"turns":4.0},{"damage":2.0,"enemies":"Large Slime","floor":12.0,"turns":5.0},{"damage":5.0,"enemies":"2 Fungi Beasts","floor":14.0,"turns":4.0},{"damage":8.0,"enemies":"The Guardian","floor":16.0,"turns":12.0},{"damage":18.0,"enemies":"Spheric Guardian","floor":18.0,"turns":6.0},{"damage":10.0,"enemies":"3 Byrds","floor":22.0,"turns":6.0},{"damage":6.0,"enemies":"Shelled Parasite and Fungi","floor":24.0,"turns":5.0},{"damage":0.0,"enemies":"3 Cultists","floor":29.0,"turns":4.0},{"damage":0.0,"enemies":"Chosen and Byrds","floor":30.0,"turns":5.0},{"damage":11.0,"enemies":"Pondfish","floor":33.0,"turns":8.0},{"damage":2.0,"enemies":"3 Darklings","floor":35.0,"turns":6.0},{"damage":0.0,"enemies":"Orb Walker","floor":38.0,"turns":2.0},{"damage":0.0,"enemies":"3 Darklings","floor":39.0,"turns":4.0},{"damage":0.0,"enemies":"Reptomancer","floor":40.0,"turns":5.0},{"damage":0.0,"enemies":"Maw","floor":41.0,"turns":5.0},{"damage":0.0,"enemies":"Sphere and 2 Shapes","floor":45.0,"turns":4.0},{"damage":0.0,"enemies":"Jaw Worm Horde","floor":48.0,"turns":1.0},{"damage":20.0,"enemies":"Donu and Deca","floor":50.0,"turns":8.0},{"damage":25.0,"enemies":"Shield and Spear","floor":54.0,"turns":7.0},{"damage":0,"enemies":"The Heart","floor":55,"turns":1}],"seed_played":"-4178074519582864903","potions_obtained":[{"floor":5.0,"key":"Adrenaline Potion"},{"floor":12.0,"key":"Languid Potion"},{"floor":14.0,"key":"SteroidPotion"},{"floor":16.0,"key":"LifebloodPotion"},{"floor":24.0,"key":"Milkshake"},{"floor":30.0,"key":"Strength Potion"},{"floor":35.0,"key":"LiquidBronze"},{"floor":38.0,"key":"SteroidPotion"},{"floor":48.0,"key":"Milkshake"}],"is_trial":false,"path_per_floor":["M","?","M","?","M","R","E","R","T","?","M","M","R","M","R","B",null,"M","?","T","?","M","R","M","R","T","?","$","M","M","?","R","B",null,"M","T","$","M","M","E","M","R","T","?","M","R","?","M","R","B",null,"R","$","E","B"],"character_chosen":"THE_SERVANT","items_purchased":["Reset+1","Foresight","Luminosity","Replay:Rubber Ducky","Luminosity","Panache","ReplayTheSpireMod:CursedCoin","Finesse+1","Reset+1","Toxic Potion"],"campfire_rested":0,"item_purchase_floors":[28,28,37,53,53,53,53,53,53,53],"current_hp_per_floor":[65,65,65,49,49,49,35,35,35,24,24,22,22,17,17,9,65,50,50,50,50,49,49,49,49,49,49,49,58,76,76,76,75,78,79,79,79,80,81,82,83,83,83,78,86,86,82,85,85,79,87,87,87,70,91,91],"gold":129,"neow_bonus":"RANDOM_EVENT","is_daily":false,"chose_seed":false,"campfire_upgraded":10,"win_rate":0.0,"timestamp":1610835244,"path_taken":["M","?","M","?","M","R","E","R","T","?","M","M","R","M","R","BOSS","M","?","?","?","M","R","M","R","T","?","$","?","M","?","R","BOSS","M","?","$","M","M","E","M","R","T","?","M","R","?","?","R","BOSS","R","$","E","BOSS"],"items_purchased_type":["Card","Card","Card","Undefined","Card","Card","Undefined","Card","Card","Undefined"],"build_version":"2020-12-22","purchased_purges":2,"victory":false,"max_hp_per_floor":[65,65,65,65,65,65,65,65,65,65,65,65,65,65,65,65,65,66,66,66,66,69,69,71,71,71,71,71,74,76,76,76,78,78,79,79,79,80,81,82,83,83,83,83,86,86,82,85,85,87,87,87,87,91,91,91],"card_choices":[{"not_picked":["TimeWarp","Unruled"],"picked":"DoubleEdge","floor":1.0},{"not_picked":["FastForward","Shuttle"],"picked":"Defy","floor":3.0},{"not_picked":["TimeWarp","BottledTime"],"picked":"Reset","floor":5.0},{"not_picked":["Ricochet","Sabotage"],"picked":"Foresight","floor":7.0},{"not_picked":["Ricochet","Shuttle"],"picked":"DoubleEdge","floor":11.0},{"not_picked":["Unruled","Revamp"],"picked":"Duplication","floor":12.0},{"not_picked":["FastForward","Gouge"],"picked":"Revamp","floor":14.0},{"not_picked":["Solidify","Duplication"],"picked":"MurderousAura","floor":16.0},{"not_picked":["BottledTime","Rewind"],"picked":"Luminosity","floor":18.0},{"not_picked":["ShatteredReality","Revamp+1"],"picked":"Spin","floor":22.0},{"not_picked":["Replace+1","DoubleEdge","Rewind+1"],"picked":"SKIP","floor":24.0},{"not_picked":["Spin","Collapse"],"picked":"SpecialFormula+1","floor":29.0},{"not_picked":["TimeWarp","FastForward+1","Alleviate+1"],"picked":"SKIP","floor":30.0},{"not_picked":["Solidify+1","KillingDoll"],"picked":"TheWorld+1","floor":33.0},{"not_picked":["Ricochet","ReturningBlade"],"picked":"Defy+1","floor":34.0},{"not_picked":["Defy+1","Spin"],"picked":"BottledTime+1","floor":34.0},{"not_picked":["Spin","Unruled"],"picked":"FloweringNight","floor":34.0},{"not_picked":["Defy+1","FastForward+1"],"picked":"BottledTime+1","floor":34.0},{"not_picked":["Defy+1","Potential"],"picked":"StarChef+1","floor":35.0},{"not_picked":["BottledTime+1","Read+1"],"picked":"Foresight+1","floor":38.0},{"not_picked":["Rewind+1","Potential"],"picked":"MoonPhase+1","floor":39.0},{"not_picked":["TimeWarp+1","GearUp+1"],"picked":"Advance+1","floor":40.0},{"not_picked":["Rearm+1","Alleviate+1"],"picked":"Sabotage+1","floor":41.0},{"not_picked":["Violence+1","Specialist"],"picked":"ReplayTheSpireMod:Private Reserves+1","floor":44.0},{"not_picked":["Jack Of All Trades+1","Forethought+1"],"picked":"Secret Weapon+1","floor":44.0},{"not_picked":["Rewind+1","InstantArmor+1"],"picked":"Foresight","floor":45.0},{"not_picked":["Foresight","Potential"],"picked":"Reset+1","floor":48.0},{"not_picked":["Revamp+1","Ricochet+1","TimeWarp+1"],"picked":"Singing Bowl","floor":54.0}],"player_experience":882502,"relics_obtained":[{"floor":7.0,"key":"Mummified Hand"},{"floor":20.0,"key":"Toxic Egg 2"},{"floor":26.0,"key":"Grinning Jar"},{"floor":36.0,"key":"hubris:CrystalStatue"},{"floor":40.0,"key":"Singing Bowl"},{"floor":43.0,"key":"Pantograph"},{"floor":54.0,"key":"Baseball"}],"event_choices":[{"damage_healed":0.0,"max_hp_gain":0.0,"max_hp_loss":0.0,"gold_gain":0.0,"event_name":"Living Wall","player_choice":"Grow","floor":0.0,"gold_loss":0.0,"damage_taken":0.0,"cards_upgraded":["KidneyShot"]},{"cards_removed":["Strike_S"],"damage_healed":0.0,"max_hp_gain":0.0,"max_hp_loss":0.0,"gold_gain":0.0,"event_name":"The Cleric","player_choice":"Card Removal","floor":2.0,"gold_loss":50.0,"damage_taken":0.0},{"damage_healed":0.0,"max_hp_gain":0.0,"max_hp_loss":0.0,"gold_gain":0.0,"event_name":"Golden Idol","player_choice":"Take Damage","floor":4.0,"gold_loss":0.0,"damage_taken":16.0,"relics_obtained":["Golden Idol"]},{"damage_healed":0.0,"max_hp_gain":0.0,"max_hp_loss":0.0,"gold_gain":75.0,"event_name":"World of Goop","player_choice":"Gather Gold","floor":10.0,"gold_loss":0.0,"damage_taken":11.0},{"cards_removed":["Strike_S"],"damage_healed":0.0,"max_hp_gain":0.0,"max_hp_loss":0.0,"gold_gain":0.0,"event_name":"Beggar","player_choice":"Gave Gold","floor":19.0,"gold_loss":75.0,"damage_taken":0.0},{"cards_removed":["hubris:Compulsion"],"damage_healed":0.0,"max_hp_gain":0.0,"max_hp_loss":0.0,"gold_gain":0.0,"event_name":"Back to Basics","player_choice":"Elegance","floor":27.0,"gold_loss":0.0,"damage_taken":0.0},{"damage_healed":0.0,"max_hp_gain":0.0,"max_hp_loss":0.0,"gold_gain":0.0,"event_name":"The Joust","player_choice":"Bet on Murderer","floor":31.0,"gold_loss":50.0,"damage_taken":0.0},{"damage_healed":0.0,"max_hp_gain":0.0,"max_hp_loss":0.0,"gold_gain":0.0,"event_name":"SensoryStone","player_choice":"Memory 2","floor":44.0,"gold_loss":0.0,"damage_taken":5.0},{"damage_healed":0.0,"max_hp_gain":0.0,"max_hp_loss":4.0,"gold_gain":0.0,"event_name":"Winding Halls","player_choice":"Max HP","floor":47.0,"gold_loss":0.0,"damage_taken":0.0}],"is_beta":false,"boss_relics":[{"not_picked":["ReplayTheSpireMod:DimensionalGlitch","Ring of Chaos"],"picked":"StoneMask"},{"not_picked":["Kintsugi","hubris:HollowSoul"],"picked":"Orrery"}],"items_purged_floors":[37,53],"is_endless":false,"potions_floor_spawned":[5,12,14,16,24,30,35,38,48],"killed_by":"The Heart","ascension_level":0}}