{"host":"bydnmyvf669xu6ab","time":1610825478,"event":{"mods":["BaseMod","BetterRewards","Colored Map","Highlight Path","Minty Spire (QoL Compilation)","Poor People Problems","Rare Cards Sparkle","Relic Stats","Shop Mod","Spikes Relics","StSLib","SuperFastMode"],"gold_per_floor":[118,70,70,88,105,105,125,125,125,159,159,81,91,126,126,221,221,233,154,170,170,185,185,196,196,250,268,301,301,59,79,79,179,179,194,29,29,44,62,62,97,97,97,126,401,401,419,419,419,419,419],"floor_reached":50,"language":"ENG","playtime":4043,"items_purged":[],"score":792,"play_id":"671eef3a-4aba-4041-ba52-968fe9af5e0b","local_time":"20210116113118","is_ascension_mode":true,"campfire_choices":[{"data":"Armaments","floor":6,"key":"SMITH"},{"data":"Metallicize","floor":8,"key":"SMITH"},{"floor":11,"key":"RECALL"},{"data":"Reaper","floor":15,"key":"SMITH"},{"data":"Offering","floor":23,"key":"SMITH"},{"data":"Metallicize","floor":25,"key":"SMITH"},{"data":"Metallicize","floor":29,"key":"SMITH"},{"data":"Battle Trance","floor":32,"key":"SMITH"},{"data":"Demon Form","floor":40,"key":"SMITH"},{"data":"Cleave","floor":42,"key":"SMITH"},{"data":"Berserk","floor":46,"key":"SMITH"},{"data":"Shrug It Off","floor":49,"key":"SMITH"}],"circlet_count":0,"master_deck":["Strike_R","Strike_R","Strike_R","Strike_R","Defend_R","Defend_R","Defend_R+1","Defend_R","Bash","Spot Weakness+1","Metallicize+1","Perfected Strike","Deep Breath","Heavy Blade","Armaments+1","Sword Boomerang","Armaments+1","Iron Wave","Exhume","True Grit","Reaper+1","Offering+1","Shockwave","Metallicize+1","Cleave+1","Uppercut","Heavy Blade+1","Injury","Metallicize+1","Battle Trance+1","Flex","Body Slam","Demon Form+1","Inflame+1","Shrug It Off+1","Madness","Madness","Flex+1","Berserk+1","Notoriety","Fire Breathing+1","Regret"],"relics":["Burning Blood","War Paint","GiantMaggot","LugNut","Orichalcum","Cursed Key","Bag of Marbles","Happy Flower","Pen Nib","Sozu","ClockworkSouvenir","Bottled Flame","Eternal Feather"],"acts_visited":["Exordium","TheCity","TheBeyond"],"potions_floor_usage":[5,7,14,28,33,39],"damage_taken":[{"damage":1,"enemies":"Cultist","floor":1,"turns":3},{"damage":6,"enemies":"2 Louse","floor":4,"turns":2},{"damage":3,"enemies":"Jaw Worm","floor":5,"turns":2},{"damage":14,"enemies":"Lots of Slimes","floor":7,"turns":5},{"damage":28,"enemies":"3 Sentries","floor":10,"turns":6},{"damage":5,"enemies":"Blue Slaver","floor":13,"turns":4},{"damage":23,"enemies":"Gremlin Nob","floor":14,"turns":5},{"damage":19,"enemies":"Hexaghost","floor":16,"turns":10},{"damage":12,"enemies":"3 Byrds","floor":18,"turns":5},{"damage":12,"enemies":"Shell Parasite","floor":20,"turns":3},{"damage":21,"enemies":"Snake Plant","floor":22,"turns":6},{"damage":20,"enemies":"3 Cultists","floor":24,"turns":3},{"damage":14,"enemies":"Centurion and Healer","floor":27,"turns":3},{"damage":22,"enemies":"Slavers","floor":28,"turns":6},{"damage":21,"enemies":"Sentry and Sphere","floor":31,"turns":4},{"damage":26,"enemies":"Automaton","floor":33,"turns":8},{"damage":16,"enemies":"3 Shapes","floor":35,"turns":3},{"damage":15,"enemies":"Orb Walker","floor":38,"turns":2},{"damage":27,"enemies":"Maw","floor":39,"turns":5},{"damage":21,"enemies":"Giant Head","floor":41,"turns":4},{"damage":12,"enemies":"Reptomancer","floor":44,"turns":3},{"damage":3,"enemies":"Spire Growth","floor":47,"turns":6},{"damage":105,"enemies":"Awakened One","floor":50,"turns":10}],"seed_played":"4102167362719049239","potions_obtained":[{"floor":1,"key":"Energy Potion"},{"floor":5,"key":"GamblersBrew"},{"floor":10,"key":"BlessingOfTheForge"},{"floor":16,"key":"SpeedPotion"},{"floor":22,"key":"Regen Potion"},{"floor":31,"key":"LiquidBronze"},{"floor":33,"key":"PowerPotion"}],"is_trial":false,"path_per_floor":["M","$","?","M","M","R","M","R","T","E","R","$","M","E","R","B",null,"M","$","M","?","M","R","M","R","T","M","E","R","$","M","R","B",null,"M","$","?","M","M","R","E","R","T","E","?","R","M","?","R","B"],"character_chosen":"IRONCLAD","items_purchased":["Spot Weakness","Metallicize","War Paint","Perfected Strike","Deep Breath","Armaments","Exhume","Metallicize","Pen Nib","Battle Trance","Flex","ClockworkSouvenir","Shrug It Off"],"campfire_rested":0,"item_purchase_floors":[0,0,0,0,0,2,12,19,30,30,30,36,36],"current_hp_per_floor":[71,71,71,71,74,74,66,66,66,44,44,44,45,28,28,30,80,79,79,73,73,65,65,73,73,73,72,71,71,71,63,63,56,80,80,80,70,61,64,64,80,80,80,74,74,80,80,80,80,0,0],"gold":419,"neow_bonus":"","is_daily":false,"chose_seed":false,"campfire_upgraded":11,"win_rate":0.0,"timestamp":1610825478,"path_taken":["M","?","?","?","M","R","M","R","T","E","R","$","M","E","R","BOSS","M","$","M","?","M","R","?","R","T","M","E","R","$","M","R","BOSS","M","$","?","M","M","R","E","R","T","E","?","R","?","?","R","BOSS"],"items_purchased_type":["Card","Card","Relic","Card","Card","Card","Card","Card","Relic","Card","Card","Relic","Card"],"build_version":"2020-12-22","purchased_purges":0,"victory":false,"max_hp_per_floor":[80,80,80,80,80,80,80,80,80,80,80,80,80,80,80,80,80,80,80,80,80,80,80,80,80,80,80,80,80,80,80,80,80,80,80,80,80,80,80,80,80,80,80,80,80,80,80,80,80,80,80],"relic_stats":{"Sozu":2,"Happy Flower":[15],"counters":[186,829],"Eternal Feather":6,"Pen Nib":[17],"War Paint":["Defend_R","Spot Weakness"],"Orichalcum":[126],"Cursed Key":3,"obtain_stats":[{"infinitespire:BottledMercury":29,"Nilry\u0027s Codex":30,"Vajra":26,"Ginger":10,"Boot":54,"Sozu":17,"Blood Vial":20,"Lizard Tail":28,"HornCleat":26,"DollysMirror":28,"Sundial":24,"Strawberry":31,"MealTicket":41,"infinitespire:Golems Mask":25,"Prayer Wheel":0,"Fusion Hammer":17,"Kunai":0,"Toxic Egg 2":0,"LugNut":2,"MerchantsRug":8,"Happy Flower":23,"GiantMaggot":9,"Dead Branch":0,"Blue Candle":41,"Velvet Choker":17,"Eternal Feather":44,"Pen Nib":8,"Letter Opener":0,"War Paint":0,"Question Card":11,"Bottled Flame":41,"Shuriken":19,"infinitespire:Lychee Nut":26,"Bird Faced Urn":23,"Bronze Scales":22,"MutagenicStrength":20,"Molten Egg 2":0,"Pandora\u0027s Box":17,"Mark of Pain":17,"Black Star":17,"infinitespire:PuzzleCube":26,"Unceasing Top":14,"Darkstone Periapt":11,"SnailShell":43,"Regal Pillow":0,"Lantern":28,"Black Blood":34,"BrokenLever":12,"Incense Burner":38,"Bag of Preparation":0,"Juzu Bracelet":0,"HeavenlyBonsai":24,"PrismaticShard":0,"Cursed Key":34,"Burning Blood":0,"ClockworkSouvenir":20,"HailfireSword":17,"Nunchaku":7,"Matryoshka":0,"Gambling Chip":40,"Pantograph":0,"RollingBoulder":13,"Red Mask":42,"Chemical X":0,"InkBottle":0,"Red Skull":10,"Paper Frog":42,"Potion Belt":38,"Thread and Needle":39,"infinitespire:Joker Card":8,"infinitespire:FocusingShard":43,"PreservedInsect":0,"Omamori":12,"infinitespire:CheckeredPen":9,"infinitespire:Lucky Rock":9,"Orichalcum":14,"Mercury Hourglass":10,"Sandwich":34,"CaptainsWheel":29,"Busted Crown":34,"infinitespire:WardingShard":46,"infinitespire:Satchel":44,"SpikesRelics:DaevaFist":7,"Art of War":11,"GolemAmulet":46,"Bag of Marbles":26,"Membership Card":0,"Toy Ornithopter":23,"infinitespire:Midas Blood":13},{"infinitespire:BottledMercury":100,"Nilry\u0027s Codex":100,"Vajra":142,"Ginger":31,"Boot":82,"Sozu":68,"Blood Vial":115,"Lizard Tail":160,"HornCleat":71,"DollysMirror":50,"Sundial":159,"Strawberry":52,"MealTicket":57,"infinitespire:Golems Mask":71,"Prayer Wheel":130,"Fusion Hammer":9,"Kunai":83,"Toxic Egg 2":0,"LugNut":28,"MerchantsRug":5,"Happy Flower":96,"GiantMaggot":167,"Dead Branch":0,"Blue Candle":77,"Velvet Choker":91,"Eternal Feather":184,"Pen Nib":5,"Letter Opener":27,"War Paint":0,"Question Card":111,"Bottled Flame":183,"Shuriken":10,"infinitespire:Lychee Nut":15,"Bird Faced Urn":13,"Bronze Scales":69,"MutagenicStrength":139,"Molten Egg 2":61,"Pandora\u0027s Box":114,"Mark of Pain":46,"Black Star":138,"infinitespire:PuzzleCube":49,"Unceasing Top":126,"Darkstone Periapt":31,"SnailShell":25,"Regal Pillow":83,"Lantern":142,"Black Blood":19,"BrokenLever":65,"Incense Burner":56,"Bag of Preparation":83,"Juzu Bracelet":147,"HeavenlyBonsai":37,"PrismaticShard":27,"Cursed Key":53,"Burning Blood":0,"ClockworkSouvenir":35,"HailfireSword":33,"Nunchaku":134,"Matryoshka":61,"Gambling Chip":23,"Pantograph":27,"RollingBoulder":66,"Red Mask":77,"Chemical X":61,"InkBottle":83,"Red Skull":135,"Paper Frog":57,"Potion Belt":21,"Thread and Needle":56,"infinitespire:Joker Card":42,"infinitespire:FocusingShard":77,"PreservedInsect":83,"Omamori":6,"infinitespire:CheckeredPen":30,"infinitespire:Lucky Rock":87,"Orichalcum":170,"Mercury Hourglass":124,"Sandwich":102,"CaptainsWheel":161,"Busted Crown":73,"infinitespire:WardingShard":26,"infinitespire:Satchel":78,"SpikesRelics:DaevaFist":42,"Art of War":44,"GolemAmulet":79,"Bag of Marbles":175,"Membership Card":0,"Toy Ornithopter":70,"infinitespire:Midas Blood":90},{"infinitespire:BottledMercury":388,"Nilry\u0027s Codex":388,"Vajra":611,"Ginger":129,"Boot":332,"Sozu":289,"Blood Vial":461,"Lizard Tail":701,"HornCleat":296,"DollysMirror":215,"Sundial":700,"Strawberry":223,"MealTicket":249,"infinitespire:Golems Mask":296,"Prayer Wheel":549,"Fusion Hammer":34,"Kunai":340,"Toxic Egg 2":0,"LugNut":114,"MerchantsRug":17,"Happy Flower":376,"GiantMaggot":733,"Dead Branch":0,"Blue Candle":313,"Velvet Choker":365,"Eternal Feather":813,"Pen Nib":17,"Letter Opener":111,"War Paint":0,"Question Card":439,"Bottled Flame":810,"Shuriken":36,"infinitespire:Lychee Nut":54,"Bird Faced Urn":48,"Bronze Scales":290,"MutagenicStrength":599,"Molten Egg 2":268,"Pandora\u0027s Box":456,"Mark of Pain":199,"Black Star":592,"infinitespire:PuzzleCube":210,"Unceasing Top":523,"Darkstone Periapt":129,"SnailShell":102,"Regal Pillow":340,"Lantern":611,"Black Blood":75,"BrokenLever":278,"Incense Burner":242,"Bag of Preparation":340,"Juzu Bracelet":650,"HeavenlyBonsai":154,"PrismaticShard":111,"Cursed Key":231,"Burning Blood":0,"ClockworkSouvenir":146,"HailfireSword":139,"Nunchaku":570,"Matryoshka":268,"Gambling Chip":93,"Pantograph":111,"RollingBoulder":281,"Red Mask":313,"Chemical X":268,"InkBottle":340,"Red Skull":575,"Paper Frog":249,"Potion Belt":84,"Thread and Needle":242,"infinitespire:Joker Card":180,"infinitespire:FocusingShard":313,"PreservedInsect":340,"Omamori":21,"infinitespire:CheckeredPen":123,"infinitespire:Lucky Rock":351,"Orichalcum":748,"Mercury Hourglass":514,"Sandwich":401,"CaptainsWheel":709,"Busted Crown":304,"infinitespire:WardingShard":107,"infinitespire:Satchel":318,"SpikesRelics:DaevaFist":180,"Art of War":188,"GolemAmulet":321,"Bag of Marbles":775,"Membership Card":0,"Toy Ornithopter":294,"infinitespire:Midas Blood":361}],"Burning Blood":1001},"card_choices":[{"not_picked":["Disarm","Feel No Pain"],"picked":"Heavy Blade","floor":1},{"not_picked":["Wild Strike","Warcry"],"picked":"Sword Boomerang","floor":4},{"not_picked":["Sentinel","Rupture"],"picked":"Armaments","floor":5},{"not_picked":["Wild Strike","Anger","Havoc"],"picked":"SKIP","floor":7},{"not_picked":["Uppercut","Wild Strike"],"picked":"Iron Wave","floor":10},{"not_picked":["Warcry","Thunderclap"],"picked":"True Grit","floor":13},{"not_picked":["Blood for Blood","Sword Boomerang"],"picked":"Reaper","floor":14},{"not_picked":["Double Tap","Immolate"],"picked":"Offering","floor":16},{"not_picked":["Wild Strike","Thunderclap"],"picked":"Shockwave","floor":18},{"not_picked":["Body Slam","Anger+1"],"picked":"Cleave","floor":20},{"not_picked":["Iron Wave","Havoc+1"],"picked":"Uppercut","floor":22},{"not_picked":["Warcry+1","BarbarianYell"],"picked":"Heavy Blade+1","floor":24},{"not_picked":["Perfected Strike+1","Fire Breathing"],"picked":"Metallicize","floor":27},{"not_picked":["Corruption","Searing Blow","Bloodletting+1"],"picked":"SKIP","floor":28},{"not_picked":["Sever Soul","Headbutt"],"picked":"Body Slam","floor":31},{"not_picked":["Reaper","Corruption"],"picked":"Demon Form","floor":33},{"not_picked":["Sever Soul","Battle Trance+1"],"picked":"Inflame+1","floor":35},{"not_picked":["Thunderclap","Perfected Strike","Havoc"],"picked":"SKIP","floor":38},{"not_picked":["Clash+1","Twin Strike+1"],"picked":"Flex+1","floor":39},{"not_picked":["True Grit+1","Flex+1"],"picked":"Berserk","floor":41},{"not_picked":["Havoc+1","Sever Soul"],"picked":"Fire Breathing+1","floor":44},{"not_picked":["Ghostly Armor","Clothesline","Combust+1"],"picked":"SKIP","floor":47}],"player_experience":2233691,"relics_obtained":[{"floor":9,"key":"GiantMaggot"},{"floor":10,"key":"LugNut"},{"floor":14,"key":"Orichalcum"},{"floor":26,"key":"Bag of Marbles"},{"floor":28,"key":"Happy Flower"},{"floor":41,"key":"Bottled Flame"},{"floor":44,"key":"Eternal Feather"}],"event_choices":[{"damage_healed":0,"gold_gain":0,"player_choice":"Upgraded","damage_taken":0,"max_hp_gain":0,"max_hp_loss":0,"event_name":"Upgrade Shrine","floor":3,"gold_loss":0,"cards_upgraded":["Armaments"]},{"cards_removed":["Strike_R"],"damage_healed":0,"gold_gain":0,"player_choice":"Card Removal","damage_taken":0,"max_hp_gain":0,"max_hp_loss":0,"event_name":"Wheel of Change","floor":21,"gold_loss":0},{"damage_healed":0,"gold_gain":0,"player_choice":"Embrace Madness","damage_taken":10,"max_hp_gain":0,"max_hp_loss":0,"event_name":"Winding Halls","floor":37,"gold_loss":0,"cards_obtained":["Madness","Madness"]},{"damage_healed":0,"gold_gain":275,"player_choice":"Desecrate","damage_taken":0,"max_hp_gain":0,"max_hp_loss":0,"event_name":"Golden Shrine","floor":45,"gold_loss":0,"cards_obtained":["Regret"]},{"damage_healed":0,"gold_gain":0,"player_choice":"Ignored","damage_taken":0,"max_hp_gain":0,"max_hp_loss":0,"event_name":"Mysterious Sphere","floor":48,"gold_loss":0}],"is_beta":false,"boss_relics":[{"not_picked":["Runic Dome","HailfireSword"],"picked":"Cursed Key"},{"not_picked":["Astrolabe","Velvet Choker"],"picked":"Sozu"}],"items_purged_floors":[],"is_endless":false,"potions_floor_spawned":[1,5,10,16,22,31,33,39,44],"killed_by":"Awakened One","ascension_level":1}}