{"host":"y3h3n3f7seyagppx","time":1610839264,"event":{"mods":["AlwaysNeverKeys","BaseMod","Better Vampires","Colored Powertips","DeckTracker","Emptier Cage","Minty Spire (QoL Compilation)","Permanent Neow","Quick Restart","Rare Cards Sparkle","Relic Sorter","Relic Stats","StSLib","Transform Curses"],"gold_per_floor":[114,114,139,139,160,160,160],"floor_reached":6,"language":"ENG","playtime":1937,"items_purged":[],"score":72,"play_id":"e3381091-9add-4da1-b927-07b7f68736f4","local_time":"20210116182104","is_ascension_mode":true,"campfire_choices":[],"circlet_count":0,"master_deck":["AscendersBane","Strike_R","Strike_R","Strike_R","Strike_R","Strike_R","Defend_R","Defend_R","Defend_R","Defend_R","Bash","CurseOfTheBell","Armaments","Wild Strike","Cleave"],"relics":["Calling Bell","Akabeko","Letter Opener","WingedGreaves","Golden Idol","Toxic Egg 2"],"acts_visited":["Exordium"],"potions_floor_usage":[6],"damage_taken":[{"damage":0,"enemies":"Small Slimes","floor":1,"turns":3},{"damage":14,"enemies":"Jaw Worm","floor":3,"turns":4},{"damage":1,"enemies":"Cultist","floor":5,"turns":3},{"damage":30,"enemies":"Lagavulin","floor":6,"turns":7}],"seed_played":"-344879354629974095","potions_obtained":[{"floor":1,"key":"Swift Potion"}],"is_trial":false,"path_per_floor":["M","?","M","?","M","E"],"character_chosen":"IRONCLAD","items_purchased":[],"campfire_rested":0,"item_purchase_floors":[],"current_hp_per_floor":[68,68,54,28,27,0,0],"gold":160,"neow_bonus":"BOSS_RELIC","is_daily":false,"chose_seed":false,"campfire_upgraded":0,"win_rate":0.0,"timestamp":1610839264,"path_taken":["M","?","M","?","M","E"],"items_purchased_type":[],"build_version":"2020-12-22","purchased_purges":0,"victory":false,"max_hp_per_floor":[75,68,68,68,68,68,68],"relic_stats":{"counters":[4,17],"Golden Idol":9,"Letter Opener":[10],"obtain_stats":[{"Calling Bell":0,"Golden Idol":2,"WingedGreaves":0,"Letter Opener":0,"Toxic Egg 2":4,"Burning Blood":0,"Akabeko":0},{"Calling Bell":0,"Golden Idol":1,"WingedGreaves":0,"Letter Opener":0,"Toxic Egg 2":2,"Burning Blood":0,"Akabeko":0},{"Calling Bell":0,"Golden Idol":3,"WingedGreaves":0,"Letter Opener":0,"Toxic Egg 2":7,"Burning Blood":0,"Akabeko":0}]},"card_choices":[{"not_picked":["Warcry","Perfected Strike"],"picked":"Armaments","floor":1},{"not_picked":["Armaments","Rage","Wild Strike"],"picked":"SKIP","floor":3},{"not_picked":["Armaments","Rage"],"picked":"Wild Strike","floor":3},{"not_picked":["True Grit+1","Evolve"],"picked":"Cleave","floor":5}],"player_experience":21099968,"relics_obtained":[{"floor":0,"key":"Akabeko"},{"floor":0,"key":"Letter Opener"},{"floor":0,"key":"WingedGreaves"}],"event_choices":[{"damage_healed":0,"gold_gain":0,"player_choice":"Lose Max HP","damage_taken":0,"relics_obtained":["Golden Idol"],"max_hp_gain":0,"max_hp_loss":7,"event_name":"Golden Idol","floor":2,"gold_loss":0},{"damage_healed":0,"gold_gain":0,"player_choice":"Success","damage_taken":26,"relics_obtained":["Toxic Egg 2"],"max_hp_gain":0,"max_hp_loss":0,"event_name":"Scrap Ooze","floor":4,"gold_loss":0}],"is_beta":false,"boss_relics":[],"items_purged_floors":[],"is_endless":false,"potions_floor_spawned":[1],"killed_by":"Lagavulin","ascension_level":20}}