{"host":"mydft8i2zzydgggw","time":1610828261,"event":{"mods":["AchievementEnabler","BaseMod","BetterRewards","Colored Map","Colored Powertips","DeckTracker","Keyboard Shortcuts","Minty Spire (QoL Compilation)","Rare Cards Sparkle","StSLib","SuperFastMode","everything is the same but u backflip on backflip"],"gold_per_floor":[119,44,61,12,25,25,42,42,111,143,230,242,273,34,34,34,34],"floor_reached":16,"language":"KOR","playtime":294,"items_purged":["Decay"],"score":140,"play_id":"ba995e3b-f1de-4f4b-9ab2-5b78483186db","local_time":"20210117051741","is_ascension_mode":true,"campfire_choices":[{"data":"Coolheaded","floor":6.0,"key":"SMITH"},{"floor":12.0,"key":"REST"},{"floor":15.0,"key":"REST"}],"circlet_count":0,"master_deck":["Strike_B","Strike_B","Strike_B","Defend_B","Defend_B","Defend_B","Defend_B","Zap","Dualcast","Creative AI","Coolheaded+1","Streamline","Cold Snap","Consume"],"relics":["Cracked Core","Eternal Feather","MawBank","Mummified Hand"],"acts_visited":["Exordium"],"potions_floor_usage":[],"damage_taken":[{"damage":3.0,"enemies":"Cultist","floor":1.0,"turns":3.0},{"damage":7.0,"enemies":"Small Slimes","floor":3.0,"turns":5.0},{"damage":5.0,"enemies":"2 Louse","floor":5.0,"turns":2.0},{"damage":8.0,"enemies":"Blue Slaver","floor":7.0,"turns":4.0},{"damage":28.0,"enemies":"Lagavulin","floor":10.0,"turns":7.0},{"damage":21.0,"enemies":"Large Slime","floor":13.0,"turns":10.0},{"damage":50,"enemies":"Slime Boss","floor":16,"turns":5}],"seed_played":"-5341479787656539848","potions_obtained":[{"floor":1.0,"key":"Ancient Potion"}],"is_trial":false,"path_per_floor":["M","$","M","$","M","R","M","?","T","E","?","R","M","$","R","B"],"character_chosen":"DEFECT","items_purchased":["Cold Snap","Mummified Hand"],"campfire_rested":2,"item_purchase_floors":[4,14],"current_hp_per_floor":[65,65,58,58,53,53,45,45,45,17,6,34,13,13,41,0,0],"gold":34,"neow_bonus":"THREE_RARE_CARDS","is_daily":false,"chose_seed":false,"campfire_upgraded":1,"win_rate":0.0,"timestamp":1610828261,"path_taken":["M","$","M","?","M","R","M","?","T","E","?","R","M","$","R","BOSS"],"items_purchased_type":["Card","Relic"],"build_version":"2020-12-22","purchased_purges":1,"victory":false,"max_hp_per_floor":[75,75,75,75,75,75,75,75,75,75,75,75,75,75,75,75,75],"card_choices":[{"not_picked":["Fission","Electrodynamics"],"picked":"Creative AI","floor":0.0},{"not_picked":["Stack","Gash"],"picked":"Coolheaded","floor":1.0},{"not_picked":["Static Discharge","Genetic Algorithm"],"picked":"Streamline","floor":3.0},{"not_picked":["Lockon","Turbo","Steam"],"picked":"SKIP","floor":5.0},{"not_picked":["Storm","Rebound","Gash"],"picked":"SKIP","floor":7.0},{"not_picked":["Beam Cell","Cold Snap","Storm"],"picked":"SKIP","floor":10.0},{"not_picked":["Stack","Melter"],"picked":"Consume","floor":13.0}],"player_experience":164995,"relics_obtained":[{"floor":9.0,"key":"Eternal Feather"},{"floor":10.0,"key":"MawBank"}],"event_choices":[{"cards_removed":["Strike_B"],"damage_healed":0.0,"max_hp_gain":0.0,"max_hp_loss":0.0,"gold_gain":0.0,"event_name":"Living Wall","player_choice":"Forget","floor":8.0,"gold_loss":0.0,"damage_taken":0.0},{"damage_healed":0.0,"max_hp_gain":0.0,"max_hp_loss":0.0,"gold_gain":75.0,"event_name":"World of Goop","player_choice":"Gather Gold","floor":11.0,"gold_loss":0.0,"damage_taken":11.0}],"is_beta":false,"boss_relics":[],"items_purged_floors":[2],"is_endless":false,"potions_floor_spawned":[1],"killed_by":"Slime Boss","ascension_level":8}}