{"host":"j4vm2xutdvrvbn3r","time":1610771111,"event":{"mods":["BaseMod","Better Third Choice","Googly Eyes","Minty Spire (QoL Compilation)","StSLib"],"gold_per_floor":[109,128,128,147,247,281,297,315,315,315,340,359,88,99,99,204,204,217,10,100,112,122,122,139,172,198,198,198,209,209,209,209,311,311,330,330,42,58,76,93,93,113,138,138,151,168,168,16,16,16],"floor_reached":51,"language":"ENG","playtime":4233,"items_purged":["Defend_P","Prostrate","Defend_P","JustLucky"],"score":698,"play_id":"58290d57-6c29-44ba-99a8-d38d098898ae","local_time":"20210115232511","is_ascension_mode":false,"campfire_choices":[{"data":"Vigilance","floor":10,"key":"SMITH"},{"data":"TalkToTheHand","floor":15,"key":"SMITH"},{"data":"LikeWater","floor":23,"key":"SMITH"},{"floor":27,"key":"REST"},{"data":"Judgement","floor":30,"key":"SMITH"},{"floor":32,"key":"REST"},{"floor":41,"key":"REST"},{"data":"Alpha","floor":44,"key":"SMITH"},{"data":"LikeWater","floor":49,"key":"SMITH"}],"circlet_count":0,"master_deck":["Strike_P","Strike_P","Strike_P","Defend_P","Defend_P","Eruption","Vigilance+1","FearNoEvil","LikeWater+1","Consecrate","CutThroughFate","ClearTheMind","LikeWater+1","TalkToTheHand+1","Judgement+1","Wallop","ForeignInfluence+1","InnerPeace","SandsOfTime","Alpha+1","Protect+1","TalkToTheHand+1","Parasite","FearNoEvil+1","SashWhip+1","ThirdEye","WheelKick"],"relics":["PureWater","Strawberry","Bag of Marbles","Juzu Bracelet","Smiling Mask","MealTicket","Velvet Choker","Orichalcum","Kunai","Ancient Tea Set","Nilry\u0027s Codex","Bottled Tornado","Pen Nib"],"acts_visited":["Exordium","TheCity","TheBeyond"],"potions_floor_usage":[6,16,25,29,33,33,39,42,45,50,50,50],"damage_taken":[{"damage":0,"enemies":"2 Louse","floor":1,"turns":2},{"damage":2,"enemies":"Cultist","floor":2,"turns":3},{"damage":5,"enemies":"Jaw Worm","floor":4,"turns":4},{"damage":19,"enemies":"Lagavulin","floor":6,"turns":8},{"damage":8,"enemies":"Red Slaver","floor":7,"turns":3},{"damage":0,"enemies":"Blue Slaver","floor":8,"turns":1},{"damage":2,"enemies":"Gremlin Gang","floor":12,"turns":4},{"damage":0,"enemies":"2 Fungi Beasts","floor":14,"turns":2},{"damage":0,"enemies":"Slime Boss","floor":16,"turns":5},{"damage":0,"enemies":"Spheric Guardian","floor":18,"turns":3},{"damage":10,"enemies":"Shell Parasite","floor":21,"turns":6},{"damage":0,"enemies":"Chosen and Byrds","floor":22,"turns":6},{"damage":10,"enemies":"Snake Plant","floor":24,"turns":7},{"damage":33,"enemies":"Slavers","floor":25,"turns":6},{"damage":1,"enemies":"Cultist and Chosen","floor":29,"turns":6},{"damage":7,"enemies":"Champ","floor":33,"turns":13},{"damage":20,"enemies":"3 Darklings","floor":35,"turns":6},{"damage":5,"enemies":"Orb Walker","floor":38,"turns":5},{"damage":31,"enemies":"Jaw Worm Horde","floor":39,"turns":5},{"damage":24,"enemies":"Writhing Mass","floor":40,"turns":6},{"damage":6,"enemies":"4 Shapes","floor":42,"turns":7},{"damage":0,"enemies":"Transient","floor":45,"turns":6},{"damage":8,"enemies":"Jaw Worm Horde","floor":46,"turns":5},{"damage":12,"enemies":"Time Eater","floor":50,"turns":12}],"seed_played":"-3862956628176829402","potions_obtained":[{"floor":0,"key":"FearPotion"},{"floor":0,"key":"Swift Potion"},{"floor":0,"key":"SmokeBomb"},{"floor":1,"key":"Fire Potion"},{"floor":4,"key":"BlessingOfTheForge"},{"floor":7,"key":"Fire Potion"},{"floor":12,"key":"BlessingOfTheForge"},{"floor":22,"key":"DuplicationPotion"},{"floor":29,"key":"LiquidMemories"},{"floor":33,"key":"SteroidPotion"},{"floor":35,"key":"ColorlessPotion"},{"floor":38,"key":"DistilledChaos"},{"floor":46,"key":"Energy Potion"}],"is_trial":false,"path_per_floor":["M","M","?","M","?","E","M","M","T","R","T","M","$","M","R","B",null,"M","$","?","M","M","R","M","E","T","R","?","M","R","?","R","B",null,"M","?","$","M","M","M","R","M","T","R","M","M","?","$","R","B",null],"character_chosen":"WATCHER","items_purchased":["MealTicket","LikeWater","Orichalcum","Bottled Tornado","Dexterity Potion","SkillPotion"],"campfire_rested":3,"item_purchase_floors":[13,13,19,37,48,48],"current_hp_per_floor":[72,70,59,54,54,35,27,27,27,27,27,25,25,25,25,25,79,79,79,67,57,57,57,47,14,14,37,21,20,20,20,43,36,79,59,59,74,69,38,14,37,31,31,31,31,23,23,38,38,26],"gold":16,"neow_bonus":"THREE_SMALL_POTIONS","is_daily":false,"chose_seed":false,"campfire_upgraded":6,"win_rate":0.0,"timestamp":1610771111,"path_taken":["M","M","?","M","?","E","M","?","T","R","?","M","$","M","R","BOSS","M","$","?","M","M","R","M","E","T","R","?","M","R","?","R","BOSS","M","?","$","M","M","M","R","M","T","R","M","M","?","$","R","BOSS"],"items_purchased_type":["Relic","Card","Relic","Relic","Potion","Potion"],"build_version":"2020-12-22","purchased_purges":4,"victory":true,"max_hp_per_floor":[72,72,79,79,79,79,79,79,79,79,79,79,79,79,79,79,79,79,79,79,79,79,79,79,79,79,79,79,79,79,79,79,79,79,79,79,79,79,79,79,79,79,79,79,79,79,79,79,79,79],"card_choices":[{"not_picked":["Indignation","BowlingBash"],"picked":"FearNoEvil","floor":1},{"not_picked":["Wallop","CutThroughFate"],"picked":"JustLucky","floor":2},{"not_picked":["FearNoEvil","Study"],"picked":"LikeWater","floor":4},{"not_picked":["SashWhip","Crescendo"],"picked":"Consecrate","floor":6},{"not_picked":["WreathOfFlame","Wallop"],"picked":"Prostrate","floor":7},{"not_picked":["SashWhip","Protect"],"picked":"CutThroughFate","floor":8},{"not_picked":["FlyingSleeves","BowlingBash"],"picked":"ClearTheMind","floor":12},{"not_picked":["EmptyBody","EmptyMind"],"picked":"TalkToTheHand","floor":14},{"not_picked":["Devotion","SpiritShield"],"picked":"Judgement","floor":16},{"not_picked":["FlyingSleeves","ThirdEye"],"picked":"Wallop","floor":18},{"not_picked":["Protect","FlyingSleeves"],"picked":"ForeignInfluence+1","floor":21},{"not_picked":["JustLucky","EmptyBody","FlyingSleeves"],"picked":"SKIP","floor":22},{"not_picked":["Wireheading","FlurryOfBlows"],"picked":"InnerPeace","floor":24},{"not_picked":["Evaluate","BowlingBash"],"picked":"SandsOfTime","floor":25},{"not_picked":["CutThroughFate+1","DeusExMachina","PathToVictory"],"picked":"SKIP","floor":29},{"not_picked":["Devotion","Establishment"],"picked":"Alpha","floor":33},{"not_picked":["ThirdEye+1","Protect","PathToVictory"],"picked":"SKIP","floor":35},{"not_picked":["Evaluate","JustLucky+1"],"picked":"Protect+1","floor":38},{"not_picked":["Tantrum","Consecrate+1"],"picked":"TalkToTheHand+1","floor":39},{"not_picked":["Collect+1","FlurryOfBlows"],"picked":"FearNoEvil+1","floor":40},{"not_picked":["Perseverance","EmptyFist"],"picked":"SashWhip+1","floor":42},{"not_picked":["Blasphemy","Conclude+1"],"picked":"ThirdEye","floor":45},{"not_picked":["PathToVictory","Prostrate+1"],"picked":"WheelKick","floor":46}],"player_experience":440826,"relics_obtained":[{"floor":6,"key":"Bag of Marbles"},{"floor":9,"key":"Juzu Bracelet"},{"floor":11,"key":"Smiling Mask"},{"floor":25,"key":"Kunai"},{"floor":26,"key":"Ancient Tea Set"},{"floor":28,"key":"Nilry\u0027s Codex"},{"floor":43,"key":"Pen Nib"}],"event_choices":[{"damage_healed":0,"gold_gain":0,"player_choice":"Relic ","damage_taken":18,"max_hp_gain":0,"max_hp_loss":0,"event_name":"betterThird:BetterScrap","floor":3,"gold_loss":0,"cards_obtained":["Tempest"]},{"damage_healed":0,"gold_gain":100,"player_choice":"Pray","damage_taken":0,"max_hp_gain":0,"max_hp_loss":0,"event_name":"Golden Shrine","floor":5,"gold_loss":0},{"damage_healed":0,"gold_gain":90,"player_choice":"GOLD ","damage_taken":12,"max_hp_gain":0,"max_hp_loss":0,"event_name":"Knowing Skull","floor":20,"potions_obtained":[],"gold_loss":0,"cards_obtained":[]},{"damage_healed":0,"gold_gain":0,"player_choice":"Obtained Book","damage_taken":16,"max_hp_gain":0,"max_hp_loss":0,"event_name":"Cursed Tome","floor":28,"gold_loss":0},{"cards_removed":["Strike_P"],"damage_healed":0,"gold_gain":0,"player_choice":"Purged","damage_taken":0,"max_hp_gain":0,"max_hp_loss":0,"event_name":"Purifier","floor":31,"gold_loss":0},{"damage_healed":0,"gold_gain":0,"player_choice":"Ignored","damage_taken":0,"max_hp_gain":0,"max_hp_loss":0,"event_name":"Tomb of Lord Red Mask","floor":36,"gold_loss":0},{"damage_healed":0,"gold_gain":0,"player_choice":"Ignored","damage_taken":0,"max_hp_gain":0,"max_hp_loss":0,"event_name":"Mysterious Sphere","floor":47,"gold_loss":0}],"is_beta":false,"boss_relics":[{"not_picked":["Cursed Key","Pandora\u0027s Box"],"picked":"Velvet Choker"},{"not_picked":["Snecko Eye","Runic Dome","Sozu"]}],"items_purged_floors":[13,19,37,48],"is_endless":false,"potions_floor_spawned":[1,4,7,12,22,29,33,35,38,46],"ascension_level":0}}