{"host":"2lvuisjyit3p3u01","time":1610822325,"event":{"mods":["Act Like it!","BaseMod","Bestiary","Better Synergies","CapriCore","Colored Map","Colored Powertips","Duelist Mod","Fox Events","GifTheSpireLib","Minty Spire (QoL Compilation)","Quick Restart","Replay The Spire","StSLib"],"gold_per_floor":[236,93,93,16,28,62,62,76,129,129,148,159,189,202,202,305,305,316,330,3,21,36,36,55,68,68,85,431,431,447,464,464,562,562,577,577,577,587,597,597,610,610,661,661,687,687,27,27,27,27,27],"floor_reached":50,"language":"ENG","playtime":2280,"items_purged":["theDuelist:CastleWalls","theDuelist:Sparks","theDuelist:DeltaMagnet"],"score":995,"play_id":"51752e50-12a2-4c71-8871-651889f8a45e","local_time":"20210116203845","is_ascension_mode":true,"campfire_choices":[{"data":"theDuelist:CastleDragonSouls","floor":7.0,"key":"SMITH"},{"data":"theDuelist:CyberDragonCore","floor":10.0,"key":"SMITH"},{"data":"theDuelist:MaskedDragon","floor":15.0,"key":"SMITH"},{"floor":23,"key":"REST"},{"floor":40,"key":"REST"},{"floor":44,"key":"REST"},{"data":"theDuelist:WingedDragonRa","floor":46,"key":"SMITH"},{"floor":49,"key":"REST"}],"circlet_count":0,"master_deck":["AscendersBane","theDuelist:BabyDragon","theDuelist:CastleWalls","theDuelist:CaveDragon","theDuelist:CaveDragon","theDuelist:LesserDragon","theDuelist:LesserDragon","theDuelist:Sparks","theDuelist:YamataDragon","theDuelist:CyberDragonCore+1","theDuelist:CastleDragonSouls+1","theDuelist:WaterDragon","theDuelist:MaskedDragon+1","theDuelist:Freezadon","theDuelist:AtomicScrapDragon","theDuelist:WingedDragonRa+1","theDuelist:ForbiddenLance","theDuelist:TwinHeadedFire","theDuelist:BabyDragon+1","theDuelist:CyberDragonSieger","theDuelist:MirageDragon","theDuelist:FluteSummoning","theDuelist:Hinotama+2","theDuelist:StardustDragon","theDuelist:SilverDragon+1"],"relics":["theDuelist:MillenniumPuzzle","theDuelist:CardPoolRelic","theDuelist:CardPoolBasicRelic","theDuelist:BoosterPackPoolRelic","theDuelist:CardPoolAddRelic","theDuelist:CardPoolMinusRelic","theDuelist:CardPoolSaveRelic","theDuelist:CardPoolOptionsRelic","Bag of Marbles","Simple Rune","Chameleon Ring","theDuelist:MillenniumKey","Sling","theDuelist:SpellMaxHPRelic","Ginger","Magic Flower","Old Coin","Ring of Fury","ReplayTheSpireMod:Ring of Exchange","theDuelist:MillenniumSymbol","theDuelist:CursedHealer","ReplayTheSpireMod:TigerMarble","Blue Doll","Replay:Byrd Feeder","Replay:WaspNest","Art of War"],"acts_visited":["Exordium","TheCity","TheBeyond"],"potions_floor_usage":[28,28,33,33,33,45,50],"damage_taken":[{"damage":0.0,"enemies":"Cultist","floor":1.0,"turns":3.0},{"damage":1.0,"enemies":"Jaw Worm","floor":5.0,"turns":2.0},{"damage":4.0,"enemies":"3 Sentries","floor":6.0,"turns":6.0},{"damage":0.0,"enemies":"Small Slimes","floor":8.0,"turns":2.0},{"damage":5.0,"enemies":"Looter","floor":11.0,"turns":2.0},{"damage":6.0,"enemies":"Exordium Wildlife","floor":12.0,"turns":3.0},{"damage":19.0,"enemies":"Replay:BlueRogue","floor":13.0,"turns":4.0},{"damage":0.0,"enemies":"Exordium Thugs","floor":14.0,"turns":2.0},{"damage":0.0,"enemies":"Hexaghost","floor":16.0,"turns":4.0},{"damage":10,"enemies":"2 Thieves","floor":18,"turns":3},{"damage":12,"enemies":"Shell Parasite","floor":19,"turns":3},{"damage":26,"enemies":"Centurion and Healer","floor":21,"turns":4},{"damage":10,"enemies":"Chosen and Byrds","floor":22,"turns":5},{"damage":8,"enemies":"Shelled Parasite and Fungi","floor":24,"turns":3},{"damage":0,"enemies":"Cultist and Chosen","floor":25,"turns":4},{"damage":10,"enemies":"Snake Plant","floor":27,"turns":2},{"damage":0,"enemies":"Snake Plant","floor":28,"turns":4},{"damage":0,"enemies":"Sentry and Sphere","floor":30,"turns":3},{"damage":0,"enemies":"Centurion and Healer","floor":31,"turns":2},{"damage":0,"enemies":"Champ","floor":33,"turns":1},{"damage":8,"enemies":"Orb Walker","floor":35,"turns":2},{"damage":28,"enemies":"3 Darklings","floor":38,"turns":4},{"damage":25,"enemies":"Spire Growth","floor":39,"turns":4},{"damage":17,"enemies":"4 Shapes","floor":41,"turns":4},{"damage":26,"enemies":"Nemesis","floor":45,"turns":5},{"damage":78,"enemies":"Replay:Hell Engine","floor":50,"turns":5}],"seed_played":"2100136074561203395","potions_obtained":[{"floor":1.0,"key":"theDuelist:VoidBottle"},{"floor":8.0,"key":"Elixir"},{"floor":12.0,"key":"theDuelist:TokenPotion"},{"floor":14.0,"key":"theDuelist:VoidBottle"},{"floor":21,"key":"FocusPotion"},{"floor":24,"key":"Fire Potion"},{"floor":28,"key":"theDuelist:VoidBottle"},{"floor":30,"key":"theDuelist:FreezingPotion"},{"floor":31,"key":"PowerPotion"},{"floor":41,"key":"FearPotion"},{"floor":45,"key":"theDuelist:LavaBottle"}],"is_trial":false,"path_per_floor":["M","$","?","$","M","E","R","M","T","R","M","M","E","M","R","B",null,"M","M","$","M","M","R","M","M","T","M","?","?","M","M","R_BF","B",null,"M","?","?","M","M","R","M","?","T","R","E","R","$","T","R","B"],"character_chosen":"THE_DUELIST","items_purchased":["theDuelist:CastleDragonSouls","theDuelist:WaterDragon","Sling","theDuelist:MegaupgradePotion","Replay:Byrd Feeder","Replay:WaspNest"],"campfire_rested":4,"item_purchase_floors":[2,4,20,20,47,47],"current_hp_per_floor":[72,72,80,80,79,75,75,75,75,75,70,64,45,45,45,45,71,61,49,49,23,13,37,29,29,29,19,20,20,20,20,20,20,66,59,82,82,54,29,53,36,36,36,60,34,34,34,34,58,0,0],"gold":27,"neow_bonus":"HUNDRED_GOLD","is_daily":false,"chose_seed":false,"campfire_upgraded":4,"win_rate":0.0,"timestamp":1610822325,"path_taken":["M","?","?","$","?","E","R","M","T","R","M","M","E","M","R","BOSS","M","M","$","?","M","R","M","?","T","M","?","?","M","M","R_BF","BOSS","M","?","?","M","M","R","M","?","T","R","E","R","$","?","R","BOSS"],"items_purchased_type":["Card","Card","Relic","Potion","Relic","Relic"],"build_version":"2020-12-22","purchased_purges":3,"victory":false,"max_hp_per_floor":[80,80,80,80,80,80,80,80,80,80,80,80,80,80,80,80,80,80,80,80,80,80,80,80,80,80,80,81,81,81,81,81,81,81,82,82,82,82,82,82,82,82,82,82,82,82,82,82,82,82,82],"card_choices":[{"not_picked":["theDuelist:YamataDragon","theDuelist:AncientPixieDragon","theDuelist:CyberDragonVier","theDuelist:DragonRavine"],"picked":"theDuelist:CyberDragonCore","floor":1.0},{"not_picked":["theDuelist:Hydrogeddon","theDuelist:CyberDragon","theDuelist:Frostosaurus","theDuelist:Carboneddon","theDuelist:RedEyesZombie"],"picked":"SKIP","floor":5.0},{"not_picked":["theDuelist:Hydrogeddon","theDuelist:SphereChaos","theDuelist:MoltenDestruction","theDuelist:CyberRevsystem"],"picked":"theDuelist:MaskedDragon","floor":6.0},{"not_picked":["theDuelist:BlackStego","theDuelist:ViceDragon","theDuelist:BlackPtera","theDuelist:EvolutionBurst"],"picked":"theDuelist:Freezadon","floor":8.0},{"not_picked":["theDuelist:SpiralSpearStrike","theDuelist:DragonZombie"],"picked":"theDuelist:AtomicScrapDragon","floor":11.0},{"not_picked":["theDuelist:TotemDragon","theDuelist:CyberTwinDragon","theDuelist:BlizzardDragon","theDuelist:BlackBrutdrago"],"picked":"theDuelist:WingedDragonRa","floor":12.0},{"not_picked":["theDuelist:BattleguardKing","theDuelist:BigFire","theDuelist:Hinotama","theDuelist:LightningDarts"],"picked":"theDuelist:ForbiddenLance","floor":13.0},{"not_picked":["theDuelist:WaterDragon","theDuelist:Lancephorhynchus","theDuelist:DefensiveTactics","theDuelist:BerserkScales","theDuelist:BSkullDragon"],"picked":"SKIP","floor":14.0},{"not_picked":["theDuelist:BlackStego","theDuelist:MadFlameKaiju","theDuelist:BlacklandFireDragon","theDuelist:BlackBrutdrago"],"picked":"theDuelist:TwinHeadedFire","floor":18},{"not_picked":["theDuelist:CurseDragon+1","theDuelist:Pyrorex","theDuelist:SafeZone","theDuelist:Babycerasaurus+1"],"picked":"theDuelist:BabyDragon+1","floor":19},{"not_picked":["theDuelist:BigFire","theDuelist:Hinotama+1","theDuelist:LightningDarts","theDuelist:RainbowOverdragon","theDuelist:ForbiddenLance"],"picked":"SKIP","floor":21},{"not_picked":["theDuelist:YamataDragon","theDuelist:CyberDragonDrei","theDuelist:CaveDragon+1","theDuelist:TwinHeadedFire","theDuelist:GuardragonJusticia"],"picked":"SKIP","floor":22},{"not_picked":["theDuelist:Vandalgyon","theDuelist:MiraculousDescent","theDuelist:DragonTreasure+1"],"picked":"theDuelist:CyberDragonSieger","floor":24},{"not_picked":["theDuelist:ViceDragon","theDuelist:LesserDragon+1","theDuelist:DarkstormDragon+1","theDuelist:BoosterDragon"],"picked":"theDuelist:MirageDragon","floor":25},{"not_picked":["theDuelist:TotemDragon","theDuelist:SilverWing","theDuelist:CyberLaserDragon","theDuelist:AutorokketDragon+1"],"picked":"SKIP","floor":27},{"not_picked":["theDuelist:StampingDestruction","theDuelist:Earthquake","theDuelist:MoltenDestruction","theDuelist:UltraEvolutionPill"],"picked":"theDuelist:FluteSummoning","floor":28},{"not_picked":["theDuelist:RainbowOverdragon","theDuelist:BigKoala","theDuelist:GreyGreedOni","theDuelist:RainbowBridge","theDuelist:BlackPendant"],"picked":"SKIP","floor":30},{"not_picked":["theDuelist:BattleguardKing","theDuelist:Hinotama","theDuelist:ForbiddenLance","theDuelist:RainbowOverdragon","theDuelist:Raigeki"],"picked":"SKIP","floor":31},{"not_picked":["theDuelist:HarpieFeather","theDuelist:BattleguardKing","theDuelist:ForbiddenChalice+1","theDuelist:BigEye"],"picked":"theDuelist:Hinotama+2","floor":35},{"not_picked":["theDuelist:TailSwipe+1","theDuelist:OceanDragonLord+1","theDuelist:FiveHeaded+1","theDuelist:BerserkScales+1"],"picked":"theDuelist:StardustDragon","floor":38},{"not_picked":["theDuelist:VoidOgreDragon+1","theDuelist:TailSwipe+1","theDuelist:SurvivalFittest","theDuelist:ArmedProtectorDragon+1","theDuelist:ArmageddonDragonEmp"],"picked":"SKIP","floor":39},{"not_picked":["theDuelist:DarkHorus+1","theDuelist:Beatraptor+1","theDuelist:FrostflameDragon","theDuelist:BusterBlader+1"],"picked":"theDuelist:SilverDragon+1","floor":41},{"not_picked":["theDuelist:HazyFlameHydra+1","theDuelist:FrostflameDragon","theDuelist:Anthrosaurus+1","theDuelist:AncientPixieDragon+1","theDuelist:EvilMind+1"],"picked":"SKIP","floor":45}],"player_experience":304773,"relics_obtained":[{"floor":6.0,"key":"Bag of Marbles"},{"floor":9.0,"key":"Simple Rune"},{"floor":13.0,"key":"Chameleon Ring"},{"floor":26,"key":"theDuelist:SpellMaxHPRelic"},{"floor":28,"key":"Ginger"},{"floor":28,"key":"Magic Flower"},{"floor":28,"key":"Old Coin"},{"floor":29,"key":"Ring of Fury"},{"floor":29,"key":"ReplayTheSpireMod:Ring of Exchange"},{"floor":43,"key":"ReplayTheSpireMod:TigerMarble"},{"floor":45,"key":"Blue Doll"},{"floor":48,"key":"Art of War"}],"event_choices":[{"damage_healed":8.0,"max_hp_gain":0.0,"max_hp_loss":0.0,"gold_gain":0.0,"event_name":"Wheel of Change","player_choice":"Full Heal","floor":3.0,"gold_loss":0.0,"damage_taken":0.0},{"damage_healed":0,"gold_gain":0,"player_choice":"Fight","duelist":true,"damage_taken":0,"max_hp_gain":0,"max_hp_loss":0,"event_name":"Battle City","floor":28,"gold_loss":0},{"damage_healed":0,"gold_gain":0,"player_choice":"Delta Electro","duelist":true,"damage_taken":0,"max_hp_gain":0,"max_hp_loss":0,"event_name":"Egyptian Village","floor":32,"gold_loss":0,"cards_obtained":["Delta Electromagnet Warrior"]},{"damage_healed":0,"gold_gain":0,"player_choice":"Succumb - +25HP/Cursed Relic","duelist":true,"damage_taken":0,"max_hp_gain":0,"max_hp_loss":0,"event_name":"Tomb of the Nameless","floor":36,"gold_loss":0},{"damage_healed":0,"gold_gain":0,"player_choice":"Ignored","damage_taken":0,"max_hp_gain":0,"max_hp_loss":0,"event_name":"Tomb of Lord Red Mask","floor":37,"gold_loss":0},{"damage_healed":0,"gold_gain":0,"player_choice":"Ignored","damage_taken":0,"max_hp_gain":0,"max_hp_loss":0,"event_name":"Mysterious Sphere","floor":42,"gold_loss":0}],"is_beta":false,"boss_relics":[{"not_picked":["theDuelist:GamblerChip","Electric Blood"],"picked":"theDuelist:MillenniumKey"},{"not_picked":["theDuelist:Spellheart","Ring of Chaos"],"picked":"theDuelist:MillenniumSymbol"}],"items_purged_floors":[2,20,47],"is_endless":false,"potions_floor_spawned":[1,8,12,14,21,24,27,28,30,31,41,45],"killed_by":"Replay:Hell Engine","ascension_level":10}}