{"host":"qy89j0vid1u7yuu4","time":1610802770,"event":{"mods":["Act Like it!","Aspiration","BaseMod","Better Match","Better Third Choice","Card Forge","Colored Powertips","Conspire","Elementarium","GifTheSpireLib","Halation","Hermit","Hubris","Infinite Spire","Menagerie","Minty Spire (QoL Compilation)","Replay The Spire","Spicy Shops","StSLib","Stuff the Spire","The Blue Laboratory","The Jungle"],"gold_per_floor":[132,132,57,96,96,195,297,297,297],"floor_reached":8,"language":"ENG","playtime":305,"items_purged":["Pain"],"score":128,"play_id":"9b3a22dc-0bdd-4d2f-9636-52699fa01172","local_time":"20210116061250","daily_mods":["Flight","Midas"],"is_ascension_mode":true,"campfire_choices":[],"circlet_count":0,"master_deck":["AscendersBane","Strike_R","Strike_R","Strike_R","Strike_R","Strike_R","Defend_R","Defend_R","Defend_R","Defend_R","Bash+1","Twin Strike+1","Anger+1","Battle Trance+1","Searing Blow+10"],"relics":["Burning Blood","Hammer of Thor","Seething Fire","Anvil of the Gods","Ring of Chaos","WarpedTongs","Nunchaku","Dream Catcher"],"acts_visited":["Exordium"],"potions_floor_usage":[7],"damage_taken":[{"damage":4,"enemies":"2 Louse","floor":1,"turns":4},{"damage":5,"enemies":"infinitespire:Voidling","floor":4,"turns":3},{"damage":32,"enemies":"Gremlin Nob","floor":6,"turns":4},{"damage":34,"enemies":"3 Sentries","floor":7,"turns":10},{"damage":29,"enemies":"Gremlin Nob","floor":8,"turns":3}],"seed_played":"5629311762708563370","potions_obtained":[{"floor":1,"key":"blueLaboratory:LouseDecoction"}],"is_trial":true,"path_per_floor":["M","?","$","M","$","E","E","E"],"character_chosen":"IRONCLAD","items_purchased":[],"campfire_rested":0,"item_purchase_floors":[],"current_hp_per_floor":[70,70,70,71,71,45,17,0,0],"gold":297,"neow_bonus":"","is_daily":false,"chose_seed":false,"campfire_upgraded":0,"win_rate":0.0,"timestamp":1610802770,"path_taken":["M","?","$","?","?","E","E","E"],"items_purchased_type":[],"build_version":"2020-12-22","purchased_purges":1,"victory":false,"max_hp_per_floor":[75,75,75,75,75,75,75,75,75],"card_choices":[{"not_picked":["Pommel Strike","Anger"],"picked":"Twin Strike","floor":1},{"not_picked":["Rupture","Battle Trance"],"picked":"Anger","floor":4},{"not_picked":["ReplayTheSpireMod:Strike From Hell","Pommel Strike"],"picked":"Battle Trance","floor":6},{"not_picked":["ReplayTheSpireMod:Limb From Limb","Pummel"],"picked":"Searing Blow","floor":7}],"player_experience":107425,"relics_obtained":[{"floor":6,"key":"Nunchaku"},{"floor":7,"key":"Dream Catcher"}],"event_choices":[{"damage_healed":0,"gold_gain":0,"player_choice":"Rummage","damage_taken":0,"relics_obtained":["WarpedTongs"],"max_hp_gain":0,"max_hp_loss":0,"event_name":"Accursed Blacksmith","floor":2,"gold_loss":0,"cards_obtained":["Pain"]}],"is_beta":false,"boss_relics":[],"items_purged_floors":[3],"is_endless":false,"potions_floor_spawned":[1],"killed_by":"Gremlin Nob","ascension_level":20}}