{"host":"3a1ypf1irl30q4k8","time":1610795842,"event":{"mods":["AchievementEnabler","BaseMod","Bestiary","Colored Map","Minty Spire (QoL Compilation)","Relic Stats"],"gold_per_floor":[118,132,146,146,165,199,199,232,232,232,252,268,39,50,50,151,151,171,171,171,182,195,195,220,220,244,244,244,261,292,307,307,411,411,429,429,1428,1428,1428],"floor_reached":38,"language":"ENG","playtime":2667,"items_purged":["Strike_R"],"score":572,"play_id":"997e6cae-cf4c-4f39-af78-f569361119bd","local_time":"20210116111722","is_ascension_mode":true,"campfire_choices":[{"data":"Whirlwind","floor":7,"key":"SMITH"},{"data":"True Grit","floor":10,"key":"SMITH"},{"data":"Shockwave","floor":15,"key":"SMITH"},{"data":"Thunderclap","floor":23,"key":"SMITH"},{"data":"Headbutt","floor":25,"key":"SMITH"},{"data":"Impervious","floor":27,"key":"SMITH"},{"data":"Combust","floor":32,"key":"SMITH"}],"circlet_count":0,"master_deck":["Defend_R","Defend_R","Defend_R","Defend_R","Bash","Bludgeon+1","Whirlwind+1","Combust+1","True Grit+1","Thunderclap+1","Battle Trance","Feel No Pain","Burning Pact","Ghostly Armor","Shockwave+1","Dark Shackles","Pommel Strike","Impervious+1","Flame Barrier+1","Combust+1","Warcry+1","Iron Wave+1","Armaments+1","Headbutt+1","Burning Pact+1","Fiend Fire","Offering","Madness","Madness","Normality","Normality"],"relics":["Burning Blood","Champion Belt","Charon\u0027s Ashes","Bird Faced Urn","Astrolabe","MutagenicStrength","Ice Cream","Happy Flower","Orichalcum","Runic Cube"],"acts_visited":["Exordium","TheCity","TheBeyond"],"potions_floor_usage":[16,21,22,24,31,33,38],"damage_taken":[{"damage":13,"enemies":"Small Slimes","floor":1,"turns":3},{"damage":12,"enemies":"Jaw Worm","floor":2,"turns":2},{"damage":0,"enemies":"Cultist","floor":3,"turns":2},{"damage":8,"enemies":"Exordium Wildlife","floor":5,"turns":3},{"damage":18,"enemies":"Gremlin Nob","floor":6,"turns":3},{"damage":25,"enemies":"3 Sentries","floor":8,"turns":5},{"damage":9,"enemies":"Blue Slaver","floor":11,"turns":3},{"damage":5,"enemies":"Exordium Thugs","floor":12,"turns":3},{"damage":0,"enemies":"Exordium Wildlife","floor":14,"turns":3},{"damage":5,"enemies":"Slime Boss","floor":16,"turns":6},{"damage":3,"enemies":"Chosen","floor":18,"turns":4},{"damage":0,"enemies":"3 Byrds","floor":21,"turns":5},{"damage":1,"enemies":"Cultist and Chosen","floor":22,"turns":7},{"damage":29,"enemies":"Book of Stabbing","floor":24,"turns":7},{"damage":3,"enemies":"Centurion and Healer","floor":29,"turns":7},{"damage":8,"enemies":"Gremlin Leader","floor":30,"turns":5},{"damage":9,"enemies":"Snake Plant","floor":31,"turns":4},{"damage":33,"enemies":"Collector","floor":33,"turns":9},{"damage":6,"enemies":"3 Darklings","floor":35,"turns":1},{"damage":72,"enemies":"2 Orb Walkers","floor":38,"turns":5}],"seed_played":"3355789957523115098","potions_obtained":[{"floor":2,"key":"Swift Potion"},{"floor":8,"key":"ElixirPotion"},{"floor":11,"key":"Block Potion"},{"floor":18,"key":"DistilledChaos"},{"floor":20,"key":"BloodPotion"},{"floor":20,"key":"LiquidMemories"},{"floor":30,"key":"LiquidBronze"},{"floor":31,"key":"Weak Potion"},{"floor":33,"key":"Dexterity Potion"}],"is_trial":false,"path_per_floor":["M","M","M","?","M","E","R","E","T","R","M","M","$","M","R","B",null,"M","?","?","M","M","R","E","R","T","R","?","M","E","M","R","B",null,"M","?","?","?"],"character_chosen":"IRONCLAD","items_purchased":["Shockwave","Dark Shackles"],"campfire_rested":0,"item_purchase_floors":[13,13],"current_hp_per_floor":[73,67,73,73,71,59,59,40,40,40,39,40,40,46,46,51,80,80,80,80,80,80,80,75,75,75,75,75,80,78,77,77,56,80,80,70,70,0,0],"gold":1428,"neow_bonus":"ONE_RANDOM_RARE_CARD","is_daily":false,"chose_seed":false,"campfire_upgraded":7,"win_rate":0.0,"timestamp":1610795842,"path_taken":["M","M","M","?","M","E","R","E","T","R","M","M","$","M","R","BOSS","M","?","?","M","?","R","E","R","T","R","?","M","E","M","R","BOSS","M","?","?","?"],"items_purchased_type":["Card","Card"],"build_version":"2020-12-22","purchased_purges":1,"victory":false,"max_hp_per_floor":[80,80,80,80,80,80,80,80,80,80,80,80,80,80,80,80,80,80,80,80,80,80,80,80,80,80,80,80,80,80,80,80,80,80,80,80,80,80,80],"relic_stats":{"Happy Flower":[10],"counters":[20,87],"Bird Faced Urn":[20],"Astrolabe":["Flame Barrier","Combust","Warcry"],"Charon\u0027s Ashes":[375],"Champion Belt":[32],"Orichalcum":[18],"obtain_stats":[{"Ice Cream":24,"Happy Flower":26,"Bird Faced Urn":9,"Astrolabe":17,"MutagenicStrength":19,"Charon\u0027s Ashes":8,"Champion Belt":6,"Orichalcum":30,"Burning Blood":0,"Runic Cube":34},{"Ice Cream":14,"Happy Flower":14,"Bird Faced Urn":6,"Astrolabe":10,"MutagenicStrength":11,"Charon\u0027s Ashes":6,"Champion Belt":5,"Orichalcum":16,"Burning Blood":0,"Runic Cube":18},{"Ice Cream":56,"Happy Flower":56,"Bird Faced Urn":18,"Astrolabe":33,"MutagenicStrength":37,"Charon\u0027s Ashes":18,"Champion Belt":13,"Orichalcum":68,"Burning Blood":0,"Runic Cube":81}],"Burning Blood":100,"Runic Cube":[7]},"card_choices":[{"not_picked":["Clash","Flame Barrier"],"picked":"Whirlwind","floor":1},{"not_picked":["Havoc","Clothesline"],"picked":"Combust","floor":2},{"not_picked":["Clash","Feel No Pain"],"picked":"True Grit","floor":3},{"not_picked":["Dropkick","Perfected Strike"],"picked":"Thunderclap","floor":5},{"not_picked":["Bludgeon","Twin Strike"],"picked":"Battle Trance","floor":6},{"not_picked":["Pommel Strike","Warcry"],"picked":"Feel No Pain","floor":8},{"not_picked":["Dual Wield","Intimidate"],"picked":"Burning Pact","floor":11},{"not_picked":["Clash","Perfected Strike"],"picked":"Ghostly Armor","floor":12},{"not_picked":["Headbutt","Dual Wield"],"picked":"Pommel Strike","floor":14},{"not_picked":["Juggernaut","Limit Break"],"picked":"Impervious","floor":16},{"not_picked":["Evolve+1","Twin Strike"],"picked":"Iron Wave+1","floor":18},{"not_picked":["Warcry","Heavy Blade+1"],"picked":"Armaments+1","floor":21},{"not_picked":["Pommel Strike","Iron Wave","Clash"],"picked":"SKIP","floor":22},{"not_picked":["Metallicize+1","Warcry"],"picked":"Headbutt","floor":24},{"not_picked":["Heavy Blade+1","Twin Strike+1"],"picked":"Burning Pact+1","floor":29},{"not_picked":["Pommel Strike","Impervious"],"picked":"Fiend Fire","floor":30},{"not_picked":["Fire Breathing","Shrug It Off","Heavy Blade"],"picked":"SKIP","floor":31},{"not_picked":["Barricade","Limit Break"],"picked":"Offering","floor":33},{"not_picked":["Headbutt+1","Warcry+1","Burning Pact"],"picked":"SKIP","floor":35}],"player_experience":1078750,"relics_obtained":[{"floor":6,"key":"Champion Belt"},{"floor":8,"key":"Charon\u0027s Ashes"},{"floor":9,"key":"Bird Faced Urn"},{"floor":24,"key":"Ice Cream"},{"floor":26,"key":"Happy Flower"},{"floor":30,"key":"Orichalcum"}],"event_choices":[{"damage_healed":0,"gold_gain":0,"player_choice":"Grow","damage_taken":0,"max_hp_gain":0,"max_hp_loss":0,"event_name":"Living Wall","floor":4,"gold_loss":0,"cards_upgraded":["Bludgeon"]},{"damage_healed":0,"gold_gain":0,"player_choice":"Inject Mutagens","damage_taken":0,"relics_obtained":["MutagenicStrength"],"max_hp_gain":0,"max_hp_loss":0,"event_name":"Drug Dealer","floor":19,"gold_loss":0},{"damage_healed":0,"gold_gain":0,"player_choice":"Got Potions","damage_taken":0,"max_hp_gain":0,"max_hp_loss":0,"event_name":"Lab","floor":20,"gold_loss":0},{"cards_removed":["Strike_R"],"damage_healed":0,"gold_gain":0,"player_choice":"Elegance","damage_taken":0,"max_hp_gain":0,"max_hp_loss":0,"event_name":"Back to Basics","floor":28,"gold_loss":0},{"damage_healed":0,"gold_gain":0,"player_choice":"Embrace Madness","damage_taken":10,"max_hp_gain":0,"max_hp_loss":0,"event_name":"Winding Halls","floor":36,"gold_loss":0,"cards_obtained":["Madness","Madness"]},{"damage_healed":0,"gold_gain":999,"player_choice":"Gold","damage_taken":0,"max_hp_gain":0,"max_hp_loss":0,"event_name":"MindBloom","floor":37,"gold_loss":0,"cards_obtained":["Normality","Normality"]},{"damage_healed":0,"gold_gain":0,"player_choice":"Fight","damage_taken":0,"max_hp_gain":0,"max_hp_loss":0,"event_name":"Mysterious Sphere","floor":38,"gold_loss":0}],"is_beta":false,"boss_relics":[{"not_picked":["Black Star","Runic Dome"],"picked":"Astrolabe"},{"not_picked":["Philosopher\u0027s Stone","Calling Bell"],"picked":"Runic Cube"}],"items_purged_floors":[13],"is_endless":false,"potions_floor_spawned":[2,8,11,14,18,30,31,33],"killed_by":"2 Orb Walkers","ascension_level":3}}