{"host":"s7l2a3wroivred6i","time":1610769131,"event":{"mods":["AchievementEnabler","Aspiration","BaseMod","Better Altar","Better Match","Better Note","Better Sensory Stone","Better Skull","Better Synergies","Better Third Choice","BetterRewards","Conspire","GifTheSpireLib","Halation","Hubris","Infinite Spire","Marked Mod","Minty Spire (QoL Compilation)","Replay The Spire","Retaliation","StSLib","Stuff the Spire","The Blue Laboratory","The Construct"],"gold_per_floor":[116,126,2,13,13,40,40,40,40,40,50,85,35,68,68,171,171,182,192,207,207,207],"floor_reached":21,"language":"ENG","playtime":1328,"items_purged":[],"score":199,"play_id":"f2b6879d-9fc6-45b3-8c68-d735916b91a2","local_time":"20210115225211","is_ascension_mode":false,"campfire_choices":[{"data":"conspire:Charge","floor":8,"key":"SMITH"},{"floor":10,"key":"REST"},{"floor":15,"key":"REST"}],"circlet_count":0,"master_deck":["Strike_R","Strike_R","Strike_R","Strike_R","Strike_R","Defend_R","Defend_R","Defend_R","Defend_R","Bash","Twin Strike","conspire:Charge+1","ReplayTheSpireMod:LeadingStrike","Twin Strike","Inflame","Double Tap","Replay:Undeath\u0027s Touch","Heavy Blade"],"relics":["Burning Blood","conspire:TreasureMap","hubris:MobiusCoin","DDmod:BarbedSlagRelic","StoneCalendar","StuffTheSpire:OldFever","StuffTheSpire:ForceGauntlet","Mercury Hourglass","Another Sword"],"acts_visited":["Exordium","TheCity"],"potions_floor_usage":[4,6,6,12,14,14,16],"damage_taken":[{"damage":7,"enemies":"Small Slimes","floor":1,"turns":4},{"damage":8,"enemies":"Jaw Worm","floor":2,"turns":4},{"damage":7,"enemies":"2 Louse","floor":4,"turns":2},{"damage":17,"enemies":"3 Sentries","floor":6,"turns":10},{"damage":15,"enemies":"Lots of Slimes","floor":11,"turns":3},{"damage":36,"enemies":"Lagavulin","floor":12,"turns":5},{"damage":18,"enemies":"3 Sentries","floor":14,"turns":4},{"damage":32,"enemies":"Hexaghost","floor":16,"turns":5},{"damage":35,"enemies":"Shell Parasite","floor":18,"turns":4},{"damage":15,"enemies":"3 Byrds","floor":19,"turns":5},{"damage":40,"enemies":"Centurion and Healer","floor":20,"turns":5},{"damage":0,"enemies":"Snake Plant","floor":21,"turns":1}],"seed_played":"4329951096008270910","potions_obtained":[{"floor":1,"key":"blueLaboratory:PhilterOfMotion"},{"floor":4,"key":"blueLaboratory:LouseDecoction"},{"floor":12,"key":"blueLaboratory:FruitPunch"},{"floor":14,"key":"blueLaboratory:SavagePotion"}],"is_trial":false,"path_per_floor":["M","M","$","M","?","E","T","R","T","R","M","E","$","E","R","B",null,"M","M","M","M"],"character_chosen":"IRONCLAD","items_purchased":["conspire:TreasureMap","hubris:MobiusCoin","Twin Strike","PowerPotion","blueLaboratory:PyrophylliteBrew","ColorlessPotion"],"campfire_rested":2,"item_purchase_floors":[0,0,0,3,3,13],"current_hp_per_floor":[63,61,61,60,60,49,49,49,49,73,64,34,34,24,48,22,82,53,44,10,10,10],"gold":207,"neow_bonus":"","is_daily":false,"chose_seed":false,"campfire_upgraded":1,"win_rate":0.0,"timestamp":1610769131,"path_taken":["M","M","$","M","?","E","?","R","T","R","M","E","$","E","R","BOSS","M","M","M","M"],"items_purchased_type":["Relic","Relic","Card","Potion","Potion","Potion"],"build_version":"2020-12-22","purchased_purges":0,"victory":false,"max_hp_per_floor":[80,80,80,80,80,80,80,80,80,80,80,80,80,82,82,82,82,82,82,82,82,82],"card_choices":[{"not_picked":["StuffTheSpire:Slingshot","DDmod:SpikeMailSkill","True Grit"],"picked":"SKIP","floor":1},{"not_picked":["Warcry","Havoc","StuffTheSpire:Incineration"],"picked":"SKIP","floor":2},{"not_picked":["Clothesline","DDmod:EasePowerCard"],"picked":"conspire:Charge","floor":4},{"not_picked":["Warcry","StuffTheSpire:Resist"],"picked":"ReplayTheSpireMod:LeadingStrike","floor":6},{"not_picked":["DDmod:CallousedSkill","StuffTheSpire:RockThrow"],"picked":"Twin Strike","floor":11},{"not_picked":["Defy Death","Carnage","Power Through"],"picked":"SKIP","floor":12},{"not_picked":["True Grit","Sword Boomerang"],"picked":"Inflame","floor":14},{"not_picked":["Berserk","StuffTheSpire:TitanForm"],"picked":"Double Tap","floor":16},{"not_picked":["StuffTheSpire:Slingshot","Bloodletting"],"picked":"Replay:Undeath\u0027s Touch","floor":18},{"not_picked":["Wild Strike","Headbutt","Massacre+1"],"picked":"SKIP","floor":19},{"not_picked":["Anger+1","Clash"],"picked":"Heavy Blade","floor":20}],"player_experience":358292,"relics_obtained":[{"floor":6,"key":"StoneCalendar"},{"floor":7,"key":"StuffTheSpire:OldFever"},{"floor":9,"key":"StuffTheSpire:ForceGauntlet"},{"floor":12,"key":"Mercury Hourglass"},{"floor":14,"key":"Another Sword"}],"event_choices":[],"is_beta":false,"boss_relics":[{"not_picked":["aspiration:FutureDiary","Ooze Armor","Coffee Dripper"]}],"items_purged_floors":[],"is_endless":false,"potions_floor_spawned":[1,4,12,14,18],"killed_by":"Snake Plant","ascension_level":0}}