{"host":"szp1d6dso4pv7ddl","time":1610835614,"event":{"mods":["AchievementEnabler","Alarm Clock","BaseMod","Bestiary","Block Reminder","Colored Map","Colored Powertips","Curses Come First","Dark Map","Displayed Cursed Tome","Highlight Path","Minty Spire (QoL Compilation)","Permanent Neow","Quick Restart","Relic Sorter","Relic Stats","StSLib","Synergy Search"],"gold_per_floor":[109,109,124,74,99,127,127,152,176,211,211,225,225,240,240,360,360,383,271,186,10,30,30,30,30],"floor_reached":24,"language":"ENG","playtime":952,"items_purged":["Strike_B","Strike_B"],"score":344,"play_id":"32688bf7-b528-49d0-8245-9d2d427b7fec","local_time":"20210116142014","is_ascension_mode":true,"campfire_choices":[{"data":"Chaos","floor":7,"key":"SMITH"},{"data":"Rainbow","floor":11,"key":"SMITH"},{"floor":15,"key":"REST"},{"floor":23,"key":"REST"}],"circlet_count":0,"master_deck":["Strike_B","Defend_B+1","Defend_B","Defend_B","Zap","Dualcast+1","Melter","Doom and Gloom","Beam Cell","Chaos+1","Lockon","Rainbow+1","Seek","Loop+1","Self Repair","Loop"],"relics":["Cracked Core","NeowsBlessing","Anchor","Lantern","Pen Nib","PreservedInsect","Bag of Preparation","Golden Idol","Philosopher\u0027s Stone","War Paint"],"acts_visited":["Exordium","TheCity"],"potions_floor_usage":[8,10,16,24],"damage_taken":[{"damage":0,"enemies":"2 Louse","floor":1,"turns":1},{"damage":0,"enemies":"Small Slimes","floor":3,"turns":1},{"damage":0,"enemies":"Gremlin Nob","floor":6,"turns":1},{"damage":24,"enemies":"Lagavulin","floor":8,"turns":5},{"damage":15,"enemies":"3 Sentries","floor":10,"turns":3},{"damage":0,"enemies":"Jaw Worm","floor":12,"turns":2},{"damage":0,"enemies":"Looter","floor":14,"turns":2},{"damage":30,"enemies":"Hexaghost","floor":16,"turns":8},{"damage":9,"enemies":"2 Thieves","floor":18,"turns":3},{"damage":19,"enemies":"3 Byrds","floor":22,"turns":3},{"damage":54,"enemies":"Slavers","floor":24,"turns":4}],"seed_played":"4114553938342722229","potions_obtained":[{"floor":1,"key":"BlessingOfTheForge"},{"floor":3,"key":"PowerPotion"},{"floor":10,"key":"SpeedPotion"},{"floor":22,"key":"Dexterity Potion"}],"is_trial":false,"path_per_floor":["M","?","M","?","T","E","R","E","T","E","R","M","?","M","R","B",null,"M","$","?","$","M","R","E"],"character_chosen":"DEFECT","items_purchased":["Self Repair","Loop"],"campfire_rested":2,"item_purchase_floors":[19,21],"current_hp_per_floor":[68,68,68,68,68,68,68,44,44,29,29,29,11,11,33,3,57,48,48,48,48,29,51,0,0],"gold":30,"neow_bonus":"THREE_ENEMY_KILL","is_daily":false,"chose_seed":false,"campfire_upgraded":2,"win_rate":0.0,"timestamp":1610835614,"path_taken":["M","?","M","?","?","E","R","E","T","E","R","M","?","M","R","BOSS","M","$","?","$","M","R","E"],"items_purchased_type":["Card","Card"],"build_version":"2020-12-22","purchased_purges":2,"victory":false,"max_hp_per_floor":[75,75,75,75,75,75,75,75,75,75,75,75,75,75,75,75,75,75,75,75,75,75,75,75,75],"relic_stats":{"counters":[11,33],"Golden Idol":36,"Pen Nib":[4],"PreservedInsect":74,"Bag of Preparation":[12],"War Paint":["Defend_B","Dualcast"],"obtain_stats":[{"Anchor":5,"Lantern":6,"NeowsBlessing":0,"Golden Idol":13,"Philosopher\u0027s Stone":17,"Pen Nib":8,"PreservedInsect":9,"Bag of Preparation":10,"War Paint":20,"Cracked Core":0},{"Anchor":2,"Lantern":3,"NeowsBlessing":0,"Golden Idol":6,"Philosopher\u0027s Stone":8,"Pen Nib":4,"PreservedInsect":4,"Bag of Preparation":5,"War Paint":9,"Cracked Core":0},{"Anchor":2,"Lantern":3,"NeowsBlessing":0,"Golden Idol":13,"Philosopher\u0027s Stone":23,"Pen Nib":8,"PreservedInsect":8,"Bag of Preparation":11,"War Paint":26,"Cracked Core":0}]},"card_choices":[{"not_picked":["Barrage","Force Field"],"picked":"Melter","floor":1},{"not_picked":["Doom and Gloom","Heatsinks"],"picked":"Beam Cell","floor":3},{"not_picked":["Beam Cell","Coolheaded"],"picked":"Chaos","floor":6},{"not_picked":["Coolheaded","Leap"],"picked":"Lockon","floor":8},{"not_picked":["Heatsinks","Turbo"],"picked":"Rainbow","floor":10},{"not_picked":["Redo","Go for the Eyes","Genetic Algorithm"],"picked":"SKIP","floor":12},{"not_picked":["Sweeping Beam","Turbo","Ball Lightning"],"picked":"SKIP","floor":14},{"not_picked":["Fission","All For One"],"picked":"Seek","floor":16},{"not_picked":["Reprogram+1","Redo+1"],"picked":"Loop+1","floor":18},{"not_picked":["Compile Driver","Streamline","Ball Lightning"],"picked":"SKIP","floor":22}],"player_experience":1193606,"relics_obtained":[{"floor":5,"key":"Anchor"},{"floor":6,"key":"Lantern"},{"floor":8,"key":"Pen Nib"},{"floor":9,"key":"PreservedInsect"},{"floor":10,"key":"Bag of Preparation"}],"event_choices":[{"damage_healed":0,"gold_gain":0,"cards_transformed":["Strike_B"],"player_choice":"Change","damage_taken":0,"max_hp_gain":0,"max_hp_loss":0,"event_name":"Living Wall","floor":2,"gold_loss":0,"cards_obtained":["Doom and Gloom"]},{"cards_removed":["Defend_B"],"damage_healed":0,"gold_gain":0,"player_choice":"Card Removal","damage_taken":0,"max_hp_gain":0,"max_hp_loss":0,"event_name":"The Cleric","floor":4,"gold_loss":50},{"damage_healed":0,"gold_gain":0,"player_choice":"Take Damage","damage_taken":18,"relics_obtained":["Golden Idol"],"max_hp_gain":0,"max_hp_loss":0,"event_name":"Golden Idol","floor":13,"gold_loss":0},{"damage_healed":0,"gold_gain":0,"player_choice":"Obtained Relic","damage_taken":0,"relics_obtained":["War Paint"],"max_hp_gain":0,"max_hp_loss":0,"event_name":"Addict","floor":20,"gold_loss":85}],"is_beta":false,"boss_relics":[{"not_picked":["Runic Dome","SacredBark"],"picked":"Philosopher\u0027s Stone"}],"items_purged_floors":[19,21],"is_endless":false,"potions_floor_spawned":[1,3,10,22],"killed_by":"Slavers","ascension_level":9}}