{"host":"vm3f1ccwgbs4oygt","time":1610833375,"event":{"mods":["BaseMod","BetterRewards","Colored Powertips","Minty Spire (QoL Compilation)","Permanent Neow","Shop Mod","StSLib"],"gold_per_floor":[113,123,134,134,152,177,142,142,142,157,46,66,66,82,82,178,178,188,188,188,207,223,223,254,254,279,279,66,82,99,110,110,205,205,222,222,222,235,251,251,279,329,329,345,68,85,113,113,113,113],"floor_reached":51,"language":"ENG","playtime":15955,"items_purged":["Strike_B","Reboot","Shame"],"score":756,"play_id":"dc856e8d-3be3-43e0-8e3b-d3e5104b9ce9","local_time":"20210116224255","is_ascension_mode":false,"campfire_choices":[{"data":"Stack","floor":8,"key":"SMITH"},{"floor":15,"key":"REST"},{"floor":23,"key":"REST"},{"data":"Chaos","floor":25,"key":"SMITH"},{"floor":27,"key":"REST"},{"floor":32,"key":"REST"},{"data":"Go for the Eyes","floor":40,"key":"SMITH"},{"floor":49,"key":"REST"}],"circlet_count":0,"master_deck":["Strike_B","Strike_B","Defend_B","Defend_B","Defend_B","Defend_B","Zap","Dualcast","Barrage","Compile Driver","Leap","Conserve Battery","Stack+1","Doom and Gloom","Defragment","Ball Lightning","Chaos+1","Defragment+1","Capacitor+1","Ball Lightning","Streamline+1","Loop+1","Self Repair+1","Coolheaded","Redo","Go for the Eyes+1","Coolheaded+1","Electrodynamics+1","Redo","Flash of Steel","Writhe","Stack+1","Doubt","Self Repair+1","Static Discharge+1"],"relics":["Cracked Core","CaptainsWheel","Bottled Flame","Frozen Egg 2","Cursed Key","Darkstone Periapt","Strawberry","Nuclear Battery","Thread and Needle","Gambling Chip","Question Card","Frozen Eye","Bottled Tornado"],"acts_visited":["Exordium","TheCity","TheBeyond"],"potions_floor_usage":[5,6,6,16,24,41,42,50],"damage_taken":[{"damage":0,"enemies":"Cultist","floor":1,"turns":3},{"damage":1,"enemies":"Jaw Worm","floor":2,"turns":4},{"damage":10,"enemies":"Small Slimes","floor":3,"turns":3},{"damage":5,"enemies":"Blue Slaver","floor":5,"turns":4},{"damage":25,"enemies":"Gremlin Nob","floor":6,"turns":4},{"damage":12,"enemies":"Exordium Thugs","floor":10,"turns":6},{"damage":0,"enemies":"2 Fungi Beasts","floor":12,"turns":4},{"damage":2,"enemies":"Exordium Wildlife","floor":14,"turns":6},{"damage":18,"enemies":"The Guardian","floor":16,"turns":10},{"damage":8,"enemies":"Shell Parasite","floor":18,"turns":5},{"damage":6,"enemies":"Chosen","floor":21,"turns":5},{"damage":30,"enemies":"Shelled Parasite and Fungi","floor":22,"turns":6},{"damage":26,"enemies":"Gremlin Leader","floor":24,"turns":7},{"damage":14,"enemies":"Chosen and Byrds","floor":29,"turns":6},{"damage":20,"enemies":"Centurion and Healer","floor":30,"turns":7},{"damage":2,"enemies":"Sentry and Sphere","floor":31,"turns":5},{"damage":18,"enemies":"Champ","floor":33,"turns":9},{"damage":23,"enemies":"3 Darklings","floor":35,"turns":4},{"damage":6,"enemies":"Orb Walker","floor":38,"turns":4},{"damage":7,"enemies":"Spire Growth","floor":39,"turns":4},{"damage":29,"enemies":"Nemesis","floor":41,"turns":7},{"damage":6,"enemies":"Mind Bloom Boss Battle","floor":42,"turns":6},{"damage":15,"enemies":"Jaw Worm Horde","floor":44,"turns":2},{"damage":34,"enemies":"Sphere and 2 Shapes","floor":46,"turns":4},{"damage":20,"enemies":"Giant Head","floor":47,"turns":9},{"damage":114,"enemies":"Awakened One","floor":50,"turns":12}],"seed_played":"5110804565051154440","potions_obtained":[{"floor":1,"key":"AttackPotion"},{"floor":3,"key":"LiquidBronze"},{"floor":5,"key":"Fruit Juice"},{"floor":12,"key":"Block Potion"},{"floor":21,"key":"ColorlessPotion"},{"floor":31,"key":"FairyPotion"},{"floor":33,"key":"Weak Potion"},{"floor":41,"key":"Block Potion"},{"floor":44,"key":"Weak Potion"},{"floor":47,"key":"SteroidPotion"}],"is_trial":false,"path_per_floor":["M","M","M","?","M","E","?","R","T","M","$","M","T","M","R","B",null,"M","?","?","M","M","R","E","R","T","R","$","M","M","M","R","B",null,"M","?","?","M","M","R","E","?","T","M","$","M","E","?","R","B",null],"character_chosen":"DEFECT","items_purchased":["Defragment","Self Repair+1","Coolheaded","Frozen Eye"],"campfire_rested":5,"item_purchase_floors":[11,28,28,45],"current_hp_per_floor":[75,74,64,64,64,39,59,59,59,47,47,47,47,45,69,51,80,72,72,72,66,36,60,34,34,47,74,74,70,60,68,93,85,93,70,70,99,99,99,99,80,84,90,85,85,71,71,71,102,27],"gold":113,"neow_bonus":"TRANSFORM_CARD","is_daily":false,"chose_seed":false,"campfire_upgraded":3,"win_rate":0.0,"timestamp":1610833375,"path_taken":["M","M","?","?","?","E","?","R","T","M","$","M","?","M","R","BOSS","M","?","?","M","M","R","E","R","T","R","$","?","M","M","R","BOSS","M","?","?","M","M","R","E","?","T","M","?","?","E","?","R","BOSS"],"items_purchased_type":["Card","Card","Card","Relic"],"build_version":"2020-12-22","purchased_purges":3,"victory":true,"max_hp_per_floor":[75,75,75,75,80,80,80,80,80,80,80,80,80,80,80,80,80,80,80,80,80,80,80,80,80,93,93,93,93,93,93,93,93,93,93,93,99,99,99,99,99,99,105,105,105,105,105,105,105,105],"card_choices":[{"not_picked":["Barrage","Double Energy"],"picked":"Storm","floor":1},{"not_picked":["Force Field","Beam Cell"],"picked":"Compile Driver","floor":2},{"not_picked":["Rebound","Compile Driver"],"picked":"Leap","floor":3},{"not_picked":["Streamline","Go for the Eyes"],"picked":"Conserve Battery","floor":5},{"not_picked":["Auto Shields","Multi-Cast"],"picked":"Stack","floor":6},{"not_picked":["Rebound","Sweeping Beam"],"picked":"Doom and Gloom","floor":10},{"not_picked":["Stack","Chaos"],"picked":"Ball Lightning","floor":12},{"not_picked":["Compile Driver","Beam Cell"],"picked":"Chaos","floor":14},{"not_picked":["Fission","Multi-Cast"],"picked":"Reboot","floor":16},{"not_picked":["Hologram","Go for the Eyes"],"picked":"Defragment+1","floor":18},{"not_picked":["Compile Driver","Beam Cell+1"],"picked":"Ball Lightning","floor":21},{"not_picked":["Rip and Tear","Undo"],"picked":"Streamline+1","floor":22},{"not_picked":["Chaos","Hologram"],"picked":"Loop+1","floor":24},{"not_picked":["Gash","Stack+1"],"picked":"Redo","floor":29},{"not_picked":["Rebound","FTL"],"picked":"Go for the Eyes","floor":30},{"not_picked":["Scrape+1","Steam"],"picked":"Coolheaded+1","floor":31},{"not_picked":["Fission","Biased Cognition+1"],"picked":"Electrodynamics+1","floor":33},{"not_picked":["Barrage","Hologram+1"],"picked":"Redo","floor":35},{"not_picked":["Enlightenment","Impatience"],"picked":"Flash of Steel","floor":36},{"not_picked":["Conserve Battery","Rebound+1"],"picked":"Stack+1","floor":38},{"not_picked":["Stack+1","Heatsinks+1","Rebound"],"picked":"SKIP","floor":39},{"not_picked":["All For One","Genetic Algorithm+1","Storm+1"],"picked":"SKIP","floor":41},{"not_picked":["Consume+1","Steam Power","Streamline+1"],"picked":"Self Repair+1","floor":44},{"not_picked":["Hologram","Undo","Conserve Battery+1","Streamline+1"],"picked":"SKIP","floor":46},{"not_picked":["Hologram","Beam Cell+1","Leap"],"picked":"Static Discharge+1","floor":47}],"player_experience":493523,"relics_obtained":[{"floor":6,"key":"CaptainsWheel"},{"floor":9,"key":"Bottled Flame"},{"floor":13,"key":"Frozen Egg 2"},{"floor":24,"key":"Darkstone Periapt"},{"floor":26,"key":"Strawberry"},{"floor":41,"key":"Thread and Needle"},{"floor":42,"key":"Gambling Chip"},{"floor":43,"key":"Question Card"},{"floor":47,"key":"Bottled Tornado"}],"event_choices":[{"cards_removed":["Storm"],"damage_healed":0,"gold_gain":0,"player_choice":"Purged","damage_taken":0,"max_hp_gain":0,"max_hp_loss":0,"event_name":"Purifier","floor":4,"gold_loss":0},{"damage_healed":20,"gold_gain":0,"player_choice":"Healed","damage_taken":0,"max_hp_gain":0,"max_hp_loss":0,"event_name":"The Cleric","floor":7,"gold_loss":35},{"damage_healed":0,"gold_gain":0,"player_choice":"Read","damage_taken":0,"max_hp_gain":0,"max_hp_loss":0,"event_name":"The Library","floor":19,"gold_loss":0,"cards_obtained":["Capacitor"]},{"damage_healed":0,"gold_gain":0,"player_choice":"Ignored","damage_taken":0,"max_hp_gain":0,"max_hp_loss":0,"event_name":"Vampires","floor":20,"gold_loss":0},{"damage_healed":0,"gold_gain":0,"player_choice":"Memory 1","damage_taken":0,"max_hp_gain":0,"max_hp_loss":0,"event_name":"SensoryStone","floor":36,"gold_loss":0},{"damage_healed":23,"gold_gain":0,"player_choice":"Writhe","damage_taken":0,"max_hp_gain":0,"max_hp_loss":0,"event_name":"Winding Halls","floor":37,"gold_loss":0,"cards_obtained":["Writhe"]},{"damage_healed":0,"gold_gain":0,"player_choice":"Fight","damage_taken":0,"max_hp_gain":0,"max_hp_loss":0,"event_name":"MindBloom","floor":42,"gold_loss":0},{"damage_healed":0,"gold_gain":0,"player_choice":"Ignored","damage_taken":0,"max_hp_gain":0,"max_hp_loss":0,"event_name":"SecretPortal","floor":48,"gold_loss":0}],"is_beta":false,"boss_relics":[{"not_picked":["Pandora\u0027s Box","Inserter"],"picked":"Cursed Key"},{"not_picked":["Empty Cage","Philosopher\u0027s Stone"],"picked":"Nuclear Battery"}],"items_purged_floors":[11,28,45],"is_endless":false,"potions_floor_spawned":[1,3,5,12,21,31,33,41,44,47],"ascension_level":0}}