{"host":"w6oy2nru13p3os12","time":1610825356,"event":{"mods":["AchievementEnabler","BaseMod","Better Third Choice","BetterRewards","Conspire","Energized Spire","GungeonMod","Halation","Hubris","Mimic Mod","Minty Spire (QoL Compilation)","Permanent Neow","Quick Restart","Replay The Spire","Reworked Bosses","Spikes Relics","StSLib","The Bug Knight","The Hierophant","Wandering Minibosses"],"gold_per_floor":[33,64,97,110,90,122,122,137,162,162,192,192,45,58,58,153,153,171,171,121,121,121,121,121,121],"floor_reached":24,"language":"ENG","playtime":800,"items_purged":["Strike_G"],"score":329,"play_id":"8b5f19c4-dc30-4276-a798-d884feb89ec6","local_time":"20210116142916","is_ascension_mode":true,"campfire_choices":[{"data":"A Thousand Cuts","floor":7,"key":"SMITH"},{"data":"Bouncing Flask","floor":10,"key":"SMITH"},{"data":"HandOfGreed","floor":12,"key":"SMITH"},{"floor":15,"key":"DIG"}],"circlet_count":0,"master_deck":["Strike_G","Strike_G","Strike_G","Strike_G","Defend_G","Defend_G","Defend_G","Defend_G","Defend_G","Survivor","Neutralize","HandOfGreed+1","Bouncing Flask+1","Poisoned Stab","Poisoned Stab","A Thousand Cuts+1","Deflect","Corpse Explosion","Backflip"],"relics":["Ring of the Snake","MealTicket","Smiling Mask","Blue Candle","Oddly Smooth Stone","hubris:TenFootPole","energizedSpire:EnergizedDie","MutagenicStrength","hubris:DisguiseKit"],"acts_visited":["Exordium","TheCity"],"potions_floor_usage":[16,16,23,23,23],"damage_taken":[{"damage":0,"enemies":"Jaw Worm","floor":1,"turns":3},{"damage":0,"enemies":"Cultist","floor":2,"turns":3},{"damage":0,"enemies":"Small Slimes","floor":3,"turns":3},{"damage":4,"enemies":"Blue Slaver","floor":4,"turns":5},{"damage":0,"enemies":"HollowMod:MossKnight","floor":6,"turns":7},{"damage":8,"enemies":"Large Slime","floor":8,"turns":4},{"damage":18,"enemies":"Gremlin Nob","floor":11,"turns":3},{"damage":5,"enemies":"Looter","floor":14,"turns":3},{"damage":5,"enemies":"Fading Forest","floor":16,"turns":11},{"damage":21,"enemies":"2 Thieves","floor":18,"turns":3},{"damage":17,"enemies":"Spheric Guardian","floor":19,"turns":4},{"damage":17,"enemies":"conspire:HollyBat","floor":22,"turns":7},{"damage":21,"enemies":"Slavers","floor":23,"turns":3},{"damage":6,"enemies":"Centurion and Healer","floor":24,"turns":2}],"seed_played":"-5593931401016091288","potions_obtained":[{"floor":3,"key":"Ancient Potion"},{"floor":4,"key":"DemoMod:LeadSkinPotion"},{"floor":5,"key":"Energy Potion"},{"floor":16,"key":"Dexterity Potion"},{"floor":22,"key":"Weak Potion"},{"floor":23,"key":"FearPotion"}],"is_trial":false,"path_per_floor":["M","M","M","M","?","E","R","M","T","R","E","R","$","M","R","B",null,"M","M","$","?","M","E","M"],"character_chosen":"THE_SILENT","items_purchased":["Oddly Smooth Stone"],"campfire_rested":0,"item_purchase_floors":[13],"current_hp_per_floor":[63,63,63,59,59,59,59,51,51,51,33,33,48,43,43,54,66,45,28,43,43,26,5,0,0],"gold":121,"neow_bonus":"RANDOM_COLORLESS_2","is_daily":false,"chose_seed":false,"campfire_upgraded":3,"win_rate":0.0,"timestamp":1610825356,"path_taken":["M","M","M","M","?","E","R","M","T","R","E","R","$","?","R","BOSS","M","M","$","?","M","E","M"],"items_purchased_type":["Relic"],"build_version":"2020-12-22","purchased_purges":1,"victory":false,"max_hp_per_floor":[70,70,70,70,70,70,70,70,70,70,70,70,70,70,70,70,70,70,70,70,70,70,70,70,70],"card_choices":[{"not_picked":["Secret Weapon","ReplayUltimateDefense"],"picked":"HandOfGreed","floor":0},{"not_picked":["Deflect","Masterful Stab"],"picked":"Bouncing Flask","floor":1},{"not_picked":["hubris:SlightOfHand","conspire:PoisonWeapons"],"picked":"Poisoned Stab","floor":2},{"not_picked":["Slice","Sucker Punch"],"picked":"Poisoned Stab","floor":3},{"not_picked":["Sucker Punch","Riddle With Holes"],"picked":"A Thousand Cuts","floor":4},{"not_picked":["ReplayTheSpireMod:Tripwire","Dagger Throw","Infinite Blades"],"picked":"SKIP","floor":6},{"not_picked":["Expertise","Setup","Slice"],"picked":"SKIP","floor":8},{"not_picked":["Acrobatics","Draining Mist","Slice"],"picked":"SKIP","floor":11},{"not_picked":["Poisoned Stab","Quick Slash"],"picked":"Deflect","floor":14},{"not_picked":["Night Terror","Venomology"],"picked":"Corpse Explosion","floor":16},{"not_picked":["Fluid Movement","Bane","Dagger Throw"],"picked":"SKIP","floor":18},{"not_picked":["Blade Dance","Hidden Blade+1","Dagger Spray"],"picked":"SKIP","floor":19},{"not_picked":["Dagger Spray","Pace","Quick Slash+1"],"picked":"SKIP","floor":22},{"not_picked":["Heel Hook","Skewer"],"picked":"Backflip","floor":23}],"player_experience":347360,"relics_obtained":[{"floor":6,"key":"MealTicket"},{"floor":9,"key":"Smiling Mask"},{"floor":11,"key":"Blue Candle"},{"floor":15,"key":"hubris:TenFootPole"},{"floor":23,"key":"hubris:DisguiseKit"}],"event_choices":[{"damage_healed":0,"gold_gain":0,"player_choice":"Bought 1 Potion","damage_taken":0,"max_hp_gain":0,"max_hp_loss":0,"event_name":"The Woman in Blue","floor":5,"gold_loss":0},{"damage_healed":0,"gold_gain":0,"player_choice":"Inject Mutagens","damage_taken":0,"relics_obtained":["MutagenicStrength"],"max_hp_gain":0,"max_hp_loss":0,"event_name":"Drug Dealer","floor":21,"gold_loss":0}],"is_beta":false,"boss_relics":[{"not_picked":["energizedSpire:MagnifyingGlass","energizedSpire:OgreHead"],"picked":"energizedSpire:EnergizedDie"}],"items_purged_floors":[20],"is_endless":false,"potions_floor_spawned":[3,4,6,11,16,22,23],"killed_by":"Centurion and Healer","ascension_level":6}}