{"host":"dzc8cchcquikqbpv","time":1610819147,"event":{"mods":["BaseMod","Dark Map","Fox Events","Minty Spire (QoL Compilation)","StSLib"],"gold_per_floor":[110,33,44,58,18,18,47,47,47,47,61,92,11,28,28,129,129,139,139,158,158,176,95,95,108,131,131,131],"floor_reached":27,"language":"ENG","playtime":1489,"items_purged":[],"score":223,"play_id":"6be780b8-11df-4084-ae7f-31798cf934d2","local_time":"20210116174547","is_ascension_mode":false,"campfire_choices":[{"data":"White Noise","floor":6,"key":"SMITH"},{"data":"Barrage","floor":8,"key":"SMITH"},{"floor":15,"key":"REST"},{"floor":24,"key":"REST"}],"circlet_count":0,"master_deck":["Strike_B","Strike_B","Defend_B","Defend_B","Defend_B","Zap","Dualcast+1","Glacier","Self Repair","White Noise+1","Barrage+1","Storm","Skim+1","Sweeping Beam","Storm","Defragment","Creative AI","Leap+1","Conserve Battery","Hello World","Loop"],"relics":["Cracked Core","NeowsBlessing","Meat on the Bone","Potion Belt","War Paint","Empty Cage","Dream Catcher"],"acts_visited":["Exordium","TheCity"],"potions_floor_usage":[12,16,27,27,27,27],"damage_taken":[{"damage":0,"enemies":"Cultist","floor":1,"turns":1},{"damage":0,"enemies":"Jaw Worm","floor":3,"turns":1},{"damage":0,"enemies":"2 Louse","floor":4,"turns":2},{"damage":13,"enemies":"3 Sentries","floor":7,"turns":8},{"damage":6,"enemies":"Large Slime","floor":11,"turns":6},{"damage":22,"enemies":"Lagavulin","floor":12,"turns":7},{"damage":21,"enemies":"Gremlin Gang","floor":14,"turns":5},{"damage":21,"enemies":"Slime Boss","floor":16,"turns":7},{"damage":10,"enemies":"Spheric Guardian","floor":18,"turns":3},{"damage":20,"enemies":"Chosen","floor":20,"turns":5},{"damage":22,"enemies":"Snake Plant","floor":22,"turns":4},{"damage":29,"enemies":"Snecko","floor":25,"turns":7},{"damage":68,"enemies":"Slavers","floor":27,"turns":4}],"seed_played":"9066120630994350680","potions_obtained":[{"floor":3,"key":"FearPotion"},{"floor":11,"key":"DuplicationPotion"},{"floor":12,"key":"Explosive Potion"},{"floor":16,"key":"GamblersBrew"},{"floor":18,"key":"AttackPotion"},{"floor":21,"key":"PotionOfCapacity"},{"floor":25,"key":"Strength Potion"}],"is_trial":false,"path_per_floor":["M","$","M","M","$","R","E","R","T","?","M","E","$","M","R","B",null,"M","?","M","?","M","$","R","M","T","E"],"character_chosen":"DEFECT","items_purchased":["Self Repair","Storm","Defragment","Hello World"],"campfire_rested":2,"item_purchase_floors":[2,5,13,23],"current_hp_per_floor":[75,75,75,75,75,75,69,69,69,62,63,48,48,39,61,40,75,72,58,57,57,54,54,78,56,56,0,0],"gold":131,"neow_bonus":"THREE_ENEMY_KILL","is_daily":false,"chose_seed":false,"campfire_upgraded":2,"win_rate":0.0,"timestamp":1610819147,"path_taken":["M","$","?","M","?","R","E","R","T","?","M","E","?","M","R","BOSS","M","?","M","?","?","$","R","?","T","E"],"items_purchased_type":["Card","Card","Card","Card"],"build_version":"2020-12-22","purchased_purges":0,"victory":false,"max_hp_per_floor":[75,75,75,75,75,75,75,75,75,75,75,75,75,75,75,75,75,75,80,80,80,80,80,80,80,80,80,80],"card_choices":[{"not_picked":["Compile Driver","Conserve Battery"],"picked":"Glacier","floor":1},{"not_picked":["Reinforced Body","Melter"],"picked":"White Noise","floor":3},{"not_picked":["Gash","BootSequence"],"picked":"Barrage","floor":4},{"not_picked":["Consume","Gash"],"picked":"Skim","floor":7},{"not_picked":["Ball Lightning","Tempest"],"picked":"Sweeping Beam","floor":11},{"not_picked":["Steam Power","Hologram"],"picked":"Storm","floor":12},{"not_picked":["Reprogram","Buffer","Streamline"],"picked":"SKIP","floor":14},{"not_picked":["Biased Cognition","Buffer"],"picked":"Creative AI","floor":16},{"not_picked":["Beam Cell","Steam"],"picked":"Leap+1","floor":18},{"not_picked":["Reprogram","Stack","Ball Lightning"],"picked":"SKIP","floor":20},{"not_picked":["Static Discharge","Aggregate"],"picked":"Conserve Battery","floor":22},{"not_picked":["Hologram","Reprogram"],"picked":"Loop","floor":25}],"player_experience":4059,"relics_obtained":[{"floor":7,"key":"Meat on the Bone"},{"floor":9,"key":"Potion Belt"},{"floor":12,"key":"War Paint"},{"floor":26,"key":"Dream Catcher"}],"event_choices":[{"cards_removed":["Strike_B"],"damage_healed":0,"gold_gain":0,"player_choice":"Card Removal","damage_taken":7,"max_hp_gain":0,"max_hp_loss":0,"event_name":"Golden Wing","floor":10,"gold_loss":0},{"damage_healed":0,"gold_gain":0,"player_choice":"Shed Blood","damage_taken":19,"max_hp_gain":5,"max_hp_loss":0,"event_name":"Forgotten Altar","floor":19,"gold_loss":0},{"damage_healed":0,"gold_gain":0,"player_choice":"Got Potions","damage_taken":0,"max_hp_gain":0,"max_hp_loss":0,"event_name":"Lab","floor":21,"gold_loss":0}],"is_beta":false,"boss_relics":[{"not_picked":["Velvet Choker","Fusion Hammer"],"picked":"Empty Cage"}],"items_purged_floors":[],"is_endless":false,"potions_floor_spawned":[3,11,12,16,18,25],"killed_by":"Slavers","ascension_level":0}}