{"host":"dztixnx9b0gu6w9i","time":1610758733,"event":{"mods":["BaseMod","Bestiary","Minty Spire (QoL Compilation)","Relic Stats","Slay the Relics Exporter","SpireBot","ojb\u0027s Better Paths Mod","ojb\u0027s Info Mod"],"gold_per_floor":[14,14,30,30,30,30,46,75,129,156,156,187,27,43,43,119,119,135,135,153,78,93,118,118,118,118,131,166,178,212,222,222,300,300,317,317,65,75,93,119,119,134,134,154,154,187,202,127,127,127,127,127],"floor_reached":51,"language":"ENG","playtime":5975,"items_purged":["Strike_G"],"score":1749,"play_id":"0f414b5f-57ca-42cf-8330-28ddaf117582","local_time":"20210115195853","is_ascension_mode":true,"campfire_choices":[{"data":"Glass Knife","floor":6,"key":"SMITH"},{"data":"Masterful Stab","floor":11,"key":"SMITH"},{"data":"Neutralize","floor":15,"key":"SMITH"},{"data":"Die Die Die","floor":24,"key":"SMITH"},{"data":"Envenom","floor":32,"key":"SMITH"},{"data":"Wraith Form v2","floor":41,"key":"SMITH"},{"data":"Footwork","floor":45,"key":"SMITH"},{"floor":49,"key":"RECALL"}],"circlet_count":0,"master_deck":["AscendersBane","Strike_G","Defend_G","Defend_G","Defend_G","Defend_G","Defend_G","Survivor","Neutralize+1","Glass Knife+1","Dodge and Roll","Deadly Poison","Noxious Fumes","Masterful Stab+1","Terror","Footwork+1","Blade Dance","Die Die Die+1","Leg Sweep","PiercingWail","Backstab","Deflect+1","Dagger Spray","Envenom+1","Crippling Poison","Blade Dance+1","Poisoned Stab+1","Wraith Form v2+1","Bouncing Flask+1","After Image","Blade Dance","Blur","Leg Sweep+1","Backflip+1","Expertise+1","Cloak And Dagger+1","Concentrate+1","A Thousand Cuts"],"relics":["Ring of the Snake","WarpedTongs","PreservedInsect","Darkstone Periapt","Happy Flower","Akabeko","Paper Crane","Coffee Dripper","FossilizedHelix","Bronze Scales","Toy Ornithopter","Black Star","OrangePellets","StrikeDummy","StoneCalendar","Bottled Lightning","Mercury Hourglass","Toxic Egg 2"],"acts_visited":["Exordium","TheCity","TheBeyond"],"potions_floor_usage":[22,28,31,33,38,40,40,51],"damage_taken":[{"damage":0,"enemies":"2 Louse","floor":1,"turns":2},{"damage":1,"enemies":"Cultist","floor":3,"turns":3},{"damage":0,"enemies":"Small Slimes","floor":7,"turns":2},{"damage":3,"enemies":"Gremlin Nob","floor":8,"turns":3},{"damage":5,"enemies":"Lagavulin","floor":10,"turns":5},{"damage":0,"enemies":"Gremlin Nob","floor":12,"turns":2},{"damage":1,"enemies":"2 Fungi Beasts","floor":14,"turns":2},{"damage":12,"enemies":"The Guardian","floor":16,"turns":11},{"damage":0,"enemies":"3 Byrds","floor":18,"turns":6},{"damage":0,"enemies":"2 Thieves","floor":20,"turns":3},{"damage":0,"enemies":"Snecko","floor":22,"turns":4},{"damage":0,"enemies":"Gremlin Leader","floor":23,"turns":4},{"damage":0,"enemies":"3 Cultists","floor":27,"turns":7},{"damage":0,"enemies":"Slavers","floor":28,"turns":6},{"damage":0,"enemies":"Snake Plant","floor":29,"turns":4},{"damage":0,"enemies":"Gremlin Leader","floor":30,"turns":5},{"damage":0,"enemies":"Centurion and Healer","floor":31,"turns":6},{"damage":66,"enemies":"Collector","floor":33,"turns":11},{"damage":0,"enemies":"3 Shapes","floor":35,"turns":4},{"damage":0,"enemies":"Orb Walker","floor":38,"turns":2},{"damage":0,"enemies":"Transient","floor":39,"turns":6},{"damage":6,"enemies":"Giant Head","floor":40,"turns":7},{"damage":0,"enemies":"3 Darklings","floor":42,"turns":6},{"damage":0,"enemies":"Spire Growth","floor":44,"turns":4},{"damage":0,"enemies":"Reptomancer","floor":46,"turns":7},{"damage":0,"enemies":"Writhing Mass","floor":47,"turns":7},{"damage":61,"enemies":"Awakened One","floor":50,"turns":19},{"damage":8,"enemies":"Time Eater","floor":51,"turns":10}],"seed_played":"-2148908111048530147","potions_obtained":[{"floor":1,"key":"Explosive Potion"},{"floor":8,"key":"SpeedPotion"},{"floor":20,"key":"Block Potion"},{"floor":22,"key":"Weak Potion"},{"floor":27,"key":"CunningPotion"},{"floor":29,"key":"Fruit Juice"},{"floor":31,"key":"Energy Potion"},{"floor":33,"key":"Block Potion"},{"floor":38,"key":"Energy Potion"},{"floor":39,"key":"DistilledChaos"},{"floor":44,"key":"Energy Potion"}],"is_trial":false,"path_per_floor":["M","?","M","?","?","R","M","E","T","E","R","E","$","M","R","B",null,"M","?","M","?","M","E","R","?","T","M","E","M","E","M","R","B",null,"M","?","$","M","M","E","R","M","T","M","R","E","M","?","R","B","B"],"character_chosen":"THE_SILENT","items_purchased":["Footwork","After Image","OrangePellets"],"campfire_rested":0,"item_purchase_floors":[13,37,37],"current_hp_per_floor":[59,59,58,53,53,53,53,50,50,45,45,45,45,44,44,32,58,58,58,58,58,58,58,58,54,54,54,54,54,54,64,64,3,54,54,54,54,59,59,63,63,63,63,63,63,63,63,63,63,2,0,0],"gold":127,"neow_bonus":"THREE_RARE_CARDS","is_daily":false,"chose_seed":false,"campfire_upgraded":7,"win_rate":0.0,"timestamp":1610758733,"path_taken":["M","?","?","?","?","R","M","E","T","E","R","E","$","M","R","BOSS","M","?","M","?","M","E","R","?","T","?","E","M","E","M","R","BOSS","M","?","$","M","M","E","R","M","T","M","R","E","M","?","R","BOSS","BOSS"],"items_purchased_type":["Card","Card","Relic"],"build_version":"2020-12-22","purchased_purges":1,"victory":false,"max_hp_per_floor":[66,66,66,66,66,66,66,66,66,66,66,66,66,66,66,66,66,66,66,66,66,66,66,66,66,66,66,66,66,66,71,71,71,71,71,71,71,71,71,71,71,71,71,71,71,71,71,71,71,71,71,71],"relic_stats":{"Darkstone Periapt":0,"Happy Flower":[49],"counters":[28,158],"StoneCalendar":[121],"PreservedInsect":398,"WarpedTongs":[149],"Mercury Hourglass":[105],"OrangePellets":[14],"Bronze Scales":[348],"Black Star":2,"obtain_stats":[{"Darkstone Periapt":8,"Happy Flower":9,"StoneCalendar":40,"PreservedInsect":4,"Paper Crane":12,"Akabeko":10,"WarpedTongs":2,"Mercury Hourglass":46,"OrangePellets":37,"Bronze Scales":28,"Coffee Dripper":17,"Black Star":34,"Bottled Lightning":43,"Toxic Egg 2":46,"StrikeDummy":40,"FossilizedHelix":23,"Toy Ornithopter":30,"Ring of the Snake":0},{"Darkstone Periapt":4,"Happy Flower":4,"StoneCalendar":22,"PreservedInsect":2,"Paper Crane":6,"Akabeko":5,"WarpedTongs":1,"Mercury Hourglass":25,"OrangePellets":19,"Bronze Scales":14,"Coffee Dripper":8,"Black Star":18,"Bottled Lightning":23,"Toxic Egg 2":25,"StrikeDummy":22,"FossilizedHelix":12,"Toy Ornithopter":16,"Ring of the Snake":0},{"Darkstone Periapt":10,"Happy Flower":10,"StoneCalendar":105,"PreservedInsect":5,"Paper Crane":17,"Akabeko":15,"WarpedTongs":2,"Mercury Hourglass":122,"OrangePellets":90,"Bronze Scales":60,"Coffee Dripper":30,"Black Star":86,"Bottled Lightning":111,"Toxic Egg 2":122,"StrikeDummy":105,"FossilizedHelix":47,"Toy Ornithopter":69,"Ring of the Snake":0}],"Toy Ornithopter":30,"Ring of the Snake":[56]},"card_choices":[{"not_picked":["Phantasmal Killer","Night Terror"],"picked":"Glass Knife","floor":0},{"not_picked":["Caltrops","Well Laid Plans"],"picked":"Dodge and Roll","floor":1},{"not_picked":["Cloak And Dagger","Deflect"],"picked":"Deadly Poison","floor":3},{"not_picked":["Reflex","Distraction"],"picked":"Noxious Fumes","floor":7},{"not_picked":["Dagger Throw","Bane"],"picked":"Masterful Stab","floor":8},{"not_picked":["Blade Dance","Quick Slash"],"picked":"Terror","floor":10},{"not_picked":["Storm of Steel","Slice","Deadly Poison"],"picked":"SKIP","floor":12},{"not_picked":["Storm of Steel","Slice","Deadly Poison"],"picked":"SKIP","floor":12},{"not_picked":["Dagger Throw","Acrobatics"],"picked":"Blade Dance","floor":14},{"not_picked":["Night Terror","Storm of Steel"],"picked":"Die Die Die","floor":16},{"not_picked":["Flechettes","Choke","Terror"],"picked":"SKIP","floor":18},{"not_picked":["Bouncing Flask","Dagger Spray"],"picked":"PiercingWail","floor":20},{"not_picked":["Concentrate","Poisoned Stab"],"picked":"Backstab","floor":22},{"not_picked":["Distraction","Dodge and Roll"],"picked":"Deflect+1","floor":23},{"not_picked":["Backstab","Expertise"],"picked":"Dagger Spray","floor":27},{"not_picked":["Prepared","Choke"],"picked":"Envenom","floor":28},{"not_picked":["Escape Plan+1","Terror"],"picked":"Crippling Poison","floor":29},{"not_picked":["Poisoned Stab+1","Heel Hook"],"picked":"Blade Dance+1","floor":30},{"not_picked":["Bullet Time","Reflex"],"picked":"Poisoned Stab+1","floor":31},{"not_picked":["Phantasmal Killer","Burst"],"picked":"Wraith Form v2","floor":33},{"not_picked":["Underhanded Strike","Slice"],"picked":"Bouncing Flask+1","floor":35},{"not_picked":["Outmaneuver","Slice"],"picked":"Blade Dance","floor":38},{"not_picked":["Poisoned Stab","Outmaneuver","Flying Knee"],"picked":"SKIP","floor":39},{"not_picked":["Choke","Slice+1"],"picked":"Blur","floor":40},{"not_picked":["Outmaneuver","Prepared+1"],"picked":"Leg Sweep+1","floor":42},{"not_picked":["Poisoned Stab","Deadly Poison"],"picked":"Backflip+1","floor":44},{"not_picked":["Flying Knee","Slice"],"picked":"Expertise+1","floor":46},{"not_picked":["Dagger Throw+1","Blade Dance+1"],"picked":"Cloak And Dagger+1","floor":47}],"player_experience":8169786,"relics_obtained":[{"floor":8,"key":"Darkstone Periapt"},{"floor":9,"key":"Happy Flower"},{"floor":10,"key":"Akabeko"},{"floor":12,"key":"Paper Crane"},{"floor":23,"key":"FossilizedHelix"},{"floor":28,"key":"Bronze Scales"},{"floor":30,"key":"Toy Ornithopter"},{"floor":40,"key":"StrikeDummy"},{"floor":40,"key":"StoneCalendar"},{"floor":43,"key":"Bottled Lightning"},{"floor":46,"key":"Mercury Hourglass"},{"floor":46,"key":"Toxic Egg 2"}],"event_choices":[{"damage_healed":0,"gold_gain":0,"player_choice":"Rummage","damage_taken":0,"relics_obtained":["WarpedTongs"],"max_hp_gain":0,"max_hp_loss":0,"event_name":"Accursed Blacksmith","floor":2,"gold_loss":0,"cards_obtained":["Pain"]},{"damage_healed":0,"gold_gain":0,"player_choice":"Success","damage_taken":5,"relics_obtained":["PreservedInsect"],"max_hp_gain":0,"max_hp_loss":0,"event_name":"Scrap Ooze","floor":4,"gold_loss":0},{"cards_removed":["Pain"],"damage_healed":0,"gold_gain":0,"player_choice":"Forget","damage_taken":0,"max_hp_gain":0,"max_hp_loss":0,"event_name":"Living Wall","floor":5,"gold_loss":0},{"damage_healed":0,"gold_gain":0,"player_choice":"Read","damage_taken":0,"max_hp_gain":0,"max_hp_loss":0,"event_name":"The Library","floor":19,"gold_loss":0,"cards_obtained":["Leg Sweep"]},{"cards_removed":["Strike_G"],"damage_healed":0,"gold_gain":0,"player_choice":"Gave Gold","damage_taken":0,"max_hp_gain":0,"max_hp_loss":0,"event_name":"Beggar","floor":21,"gold_loss":75},{"damage_healed":0,"gold_gain":0,"player_choice":"Bought 0 Potions","damage_taken":0,"max_hp_gain":0,"max_hp_loss":0,"event_name":"The Woman in Blue","floor":25,"gold_loss":0},{"damage_healed":0,"gold_gain":0,"player_choice":"Ignored","damage_taken":0,"max_hp_gain":0,"max_hp_loss":0,"event_name":"Tomb of Lord Red Mask","floor":36,"gold_loss":0},{"damage_healed":0,"gold_gain":0,"cards_transformed":["Strike_G","Strike_G"],"player_choice":"Transformed Cards","damage_taken":0,"max_hp_gain":0,"max_hp_loss":0,"event_name":"Designer","floor":48,"gold_loss":75,"cards_obtained":["Concentrate","A Thousand Cuts"]}],"is_beta":false,"boss_relics":[{"not_picked":["Calling Bell","Astrolabe"],"picked":"Coffee Dripper"},{"not_picked":["HoveringKite","SacredBark"],"picked":"Black Star"}],"items_purged_floors":[13],"is_endless":false,"potions_floor_spawned":[1,8,12,20,22,27,29,31,33,38,39,44],"killed_by":"Time Eater","ascension_level":20}}