{"host":"9tdk3zzhmpo6o3dg","time":1610817540,"event":{"mods":["AchievementEnabler","BaseMod","Downfall","Marisa£®ÏF”Í°°ƒß¿Ì…≥£©","Minty Spire (QoL Compilation)","Shop Mod","StSLib","The Cursed","The Marked","The Servant 0.9.4"],"gold_per_floor":[109,123,298,313,263,294,324,359,359,372,372,400,400,182,182,182,182],"floor_reached":16,"language":"ZHS","playtime":558,"items_purged":["Defend_B"],"score":153,"play_id":"4315d3d8-3036-4649-a238-8287ba3f2d2a","local_time":"20210117011900","is_ascension_mode":true,"campfire_choices":[{"floor":15.0,"key":"REST"}],"circlet_count":0,"master_deck":["Strike_B","Strike_B","Strike_B","Defend_B","Defend_B","Defend_B","Zap","Dualcast","Sweeping Beam","Glacier","Skim","Beam Cell","Turbo","Compile Driver","Tempest","Multi-Cast"],"relics":["Cracked Core","NeowsBlessing","Boot","Pear","Juzu Bracelet","Pen Nib","Ice Cream","WingedGreaves"],"acts_visited":["Exordium"],"potions_floor_usage":[],"damage_taken":[{"damage":0.0,"enemies":"2 Louse","floor":1.0,"turns":1.0},{"damage":0.0,"enemies":"Jaw Worm","floor":2.0,"turns":1.0},{"damage":0.0,"enemies":"Small Slimes","floor":4.0,"turns":1.0},{"damage":32.0,"enemies":"Gremlin Nob","floor":6.0,"turns":6.0},{"damage":23.0,"enemies":"Lagavulin","floor":8.0,"turns":6.0},{"damage":2.0,"enemies":"Exordium Thugs","floor":10.0,"turns":5.0},{"damage":2.0,"enemies":"Gremlin Nob","floor":12.0,"turns":3.0},{"damage":19,"enemies":"Hexaghost","floor":16,"turns":9}],"seed_played":"-6531924153729160210","potions_obtained":[{"floor":2.0,"key":"Dexterity Potion"},{"floor":4.0,"key":"FocusPotion"},{"floor":6.0,"key":"DistilledChaos"},{"floor":8.0,"key":"Swift Potion"},{"floor":10.0,"key":"SteroidPotion"}],"is_trial":false,"path_per_floor":["M","M","?","M","?","E","?","E","T","M","?","E","T","$","R","B"],"character_chosen":"DEFECT","items_purchased":["Multi-Cast"],"campfire_rested":1,"item_purchase_floors":[14],"current_hp_per_floor":[68,68,68,68,68,36,46,23,23,21,14,12,12,12,37,18,18],"gold":182,"neow_bonus":"THREE_ENEMY_KILL","is_daily":false,"chose_seed":false,"campfire_upgraded":0,"win_rate":0.0,"timestamp":1610817540,"path_taken":["M","M","?","M","?","E","?","E","T","M","?","E","?","$","R","BOSS"],"items_purchased_type":["Card"],"build_version":"2020-12-22","purchased_purges":1,"victory":false,"max_hp_per_floor":[75,75,75,75,75,75,85,85,85,85,85,85,85,85,85,85,85],"card_choices":[{"not_picked":["Gash","Melter"],"picked":"Sweeping Beam","floor":1.0},{"not_picked":["Cold Snap","Aggregate"],"picked":"Glacier","floor":2.0},{"not_picked":["Chill","Streamline"],"picked":"Skim","floor":4.0},{"not_picked":["Stack","Buffer"],"picked":"Beam Cell","floor":6.0},{"not_picked":["Hologram","Leap"],"picked":"Turbo","floor":8.0},{"not_picked":["Doom and Gloom","Scrape"],"picked":"Compile Driver","floor":10.0},{"not_picked":["Steam","Machine Learning"],"picked":"Tempest","floor":12.0}],"player_experience":147752,"relics_obtained":[{"floor":6.0,"key":"Boot"},{"floor":8.0,"key":"Juzu Bracelet"},{"floor":9.0,"key":"Pen Nib"},{"floor":12.0,"key":"Ice Cream"},{"floor":13.0,"key":"WingedGreaves"}],"event_choices":[{"damage_healed":0.0,"max_hp_gain":0.0,"max_hp_loss":0.0,"gold_gain":175.0,"event_name":"Liars Game","player_choice":"AGREE","floor":3.0,"gold_loss":0.0,"damage_taken":0.0,"cards_obtained":["Doubt"]},{"cards_removed":["Doubt"],"damage_healed":0.0,"max_hp_gain":0.0,"max_hp_loss":0.0,"gold_gain":0.0,"event_name":"The Cleric","player_choice":"Card Removal","floor":5.0,"gold_loss":50.0,"damage_taken":0.0},{"damage_healed":0.0,"max_hp_gain":0.0,"max_hp_loss":0.0,"gold_gain":30.0,"event_name":"Dead Adventurer","player_choice":"Searched \u00272\u0027 times","floor":7.0,"gold_loss":0.0,"damage_taken":0.0,"relics_obtained":["Pear"]},{"cards_removed":["Strike_B"],"damage_healed":0.0,"max_hp_gain":0.0,"max_hp_loss":0.0,"gold_gain":0.0,"event_name":"Golden Wing","player_choice":"Card Removal","floor":11.0,"gold_loss":0.0,"damage_taken":7.0}],"is_beta":false,"boss_relics":[],"items_purged_floors":[14],"is_endless":false,"potions_floor_spawned":[2,4,6,8,10],"killed_by":"Hexaghost","ascension_level":6}}