{"host":"mal0jdk4f6ubgyb8","time":1610824801,"event":{"mods":["100% Spire Juice","Act Like it!","Arknights The Spire","Aspiration","BaseMod","Gensokyo","Hallownest","Koishi","Luminous","Marisa£®ÏF”Í°°ƒß¿Ì…≥£©","Minty Spire (QoL Compilation)","Quick Restart","Reimu£®≤©¿ˆ¡È√Œ£©","Relic Stats","Remilia£®¿Ÿ√◊¿Ú—«£©","StSLib","The Bug Knight","WarShipGirlsR/’ΩΩ¢…Ÿ≈ÆR mod","Yakumo Yukari mod","Youmu£®ªÍ∆«—˝√Œ£©","Yuri Mod","Yuyuko"],"gold_per_floor":[112,112,112,40,40,68,87,87,134,134,159,176,176,204,204,204,204],"floor_reached":16,"language":"ZHS","playtime":649,"items_purged":[],"score":141,"play_id":"248689f7-3acf-43ca-96bb-8c02d190f0c7","local_time":"20210117032001","is_ascension_mode":false,"campfire_choices":[{"floor":10.0,"key":"RECALL"},{"floor":13.0,"key":"REST"},{"data":"Moonworks:MetallicMonocoque","floor":15.0,"key":"SMITH"}],"circlet_count":0,"master_deck":["Moonworks:Strike","Moonworks:Strike","Moonworks:Strike","Moonworks:Defend","Moonworks:Defend","Moonworks:Defend","Moonworks:Defend","Moonworks:Ambush","Moonworks:LongDistanceShot","Moonworks:IndiscriminateFireSupport","Moonworks:RagingMadness","Moonworks:DevilHand","Moonworks:ImOnFire","Moonworks:GoAway","Moonworks:EvilSpyWorkPreparation","Moonworks:MetallicMonocoque+1"],"relics":["Moonworks:BrokenBomb","Moonworks:Homemark","NeowsBlessing","Hallownest:SalubrasBlessingRelic","aspiration:DSix","Bag of Marbles","aspiration:StickyExplosives_weak"],"acts_visited":["Exordium"],"potions_floor_usage":[],"damage_taken":[{"damage":0.0,"enemies":"2_ Uuma","floor":1.0,"turns":1.0},{"damage":0.0,"enemies":"Hallownest:eliteVengeflyKing","floor":6.0,"turns":1.0},{"damage":0.0,"enemies":"Hallownest:2_Baldur","floor":7.0,"turns":1.0},{"damage":37.0,"enemies":"Hallownest:eliteMossKnight","floor":11.0,"turns":5.0},{"damage":3.0,"enemies":"Hallownest:2_MossCreeps","floor":12.0,"turns":2.0},{"damage":8.0,"enemies":"Hallownest:eliteVengeflyKing","floor":14.0,"turns":6.0},{"damage":25,"enemies":"Hallownest:BossBrokenVessel","floor":16,"turns":7}],"seed_played":"-7005000280622022358","potions_obtained":[{"floor":7.0,"key":"Swift Potion"},{"floor":11.0,"key":"BlessingOfTheForge"},{"floor":12.0,"key":"SpeedPotion"}],"is_trial":false,"path_per_floor":["M","?","?","$","?","E","M","$","T","R","E","M","R","E","R","B"],"character_chosen":"THE_STARBREAKER","items_purchased":["Moonworks:RagingMadness"],"campfire_rested":1,"item_purchase_floors":[4],"current_hp_per_floor":[60,51,51,51,51,51,51,51,51,51,14,11,31,23,23,0,0],"gold":204,"neow_bonus":"THREE_ENEMY_KILL","is_daily":false,"chose_seed":false,"campfire_upgraded":1,"win_rate":0.0,"timestamp":1610824801,"path_taken":["M","?","?","?","?","E","?","?","T","R","E","M","R","E","R","BOSS"],"items_purchased_type":["Card"],"build_version":"2020-12-22","purchased_purges":0,"victory":false,"max_hp_per_floor":[60,60,60,60,60,60,60,60,60,60,60,60,62,62,62,62,62],"relic_stats":{"counters":[7,23],"obtain_stats":[{"Hallownest:SalubrasBlessingRelic":3,"NeowsBlessing":0,"Moonworks:Homemark":0,"Bag of Marbles":11,"aspiration:DSix":6,"Moonworks:BrokenBomb":0,"aspiration:StickyExplosives_weak":14},{"Hallownest:SalubrasBlessingRelic":1,"NeowsBlessing":0,"Moonworks:Homemark":0,"Bag of Marbles":4,"aspiration:DSix":2,"Moonworks:BrokenBomb":0,"aspiration:StickyExplosives_weak":6},{"Hallownest:SalubrasBlessingRelic":1,"NeowsBlessing":0,"Moonworks:Homemark":0,"Bag of Marbles":8,"aspiration:DSix":2,"Moonworks:BrokenBomb":0,"aspiration:StickyExplosives_weak":16}]},"card_choices":[{"not_picked":["Moonworks:BigMagnum","Moonworks:UnluckyCharm"],"picked":"Moonworks:IndiscriminateFireSupport","floor":1.0},{"not_picked":["Moonworks:IndiscriminateFireSupport","Moonworks:CloudOfSeagulls"],"picked":"Moonworks:DevilHand","floor":6.0},{"not_picked":["Moonworks:Assault","Moonworks:NicePresent"],"picked":"Moonworks:ImOnFire","floor":7.0},{"not_picked":["Moonworks:LulusLuckyEgg","Moonworks:EvilSpyWorkPreparation"],"picked":"Moonworks:GoAway","floor":11.0},{"not_picked":["Moonworks:BigMagnum","Moonworks:LulusLuckyEgg"],"picked":"Moonworks:EvilSpyWorkPreparation","floor":12.0},{"not_picked":["Moonworks:ScrambledEve","Moonworks:ShieldCounter"],"picked":"Moonworks:MetallicMonocoque","floor":14.0}],"player_experience":316547,"relics_obtained":[{"floor":6.0,"key":"aspiration:DSix"},{"floor":11.0,"key":"Bag of Marbles"},{"floor":14.0,"key":"aspiration:StickyExplosives_weak"}],"event_choices":[],"is_beta":false,"boss_relics":[],"items_purged_floors":[],"is_endless":false,"potions_floor_spawned":[7,11,12],"killed_by":"Hallownest:BossBrokenVessel","ascension_level":0}}