{"host":"r8wnwrggzw8t210b","time":1610790351,"event":{"mods":["BaseMod","Colored Powertips","Minty Spire (QoL Compilation)","StSLib"],"gold_per_floor":[111,127,52,52,69,95,117,128,128,160,160,160,160],"floor_reached":12,"language":"ZHS","playtime":471,"items_purged":["Strike_R"],"score":101,"play_id":"4bd8ad62-c2c5-444c-97a3-18b96a0416a6","local_time":"20210116174551","is_ascension_mode":true,"campfire_choices":[{"floor":11,"key":"REST"}],"circlet_count":0,"master_deck":["Strike_R","Strike_R","Strike_R","Strike_R","Defend_R","Defend_R","Defend_R","Defend_R","Bash","Hemokinesis+1","Body Slam","Demon Form","Burning Pact"],"relics":["Burning Blood","NeowsBlessing","Bottled Flame","Odd Mushroom","Paper Frog","Bottled Tornado"],"acts_visited":["Exordium"],"potions_floor_usage":[12],"damage_taken":[{"damage":0.0,"enemies":"Cultist","floor":1.0,"turns":1.0},{"damage":0.0,"enemies":"2 Louse","floor":2.0,"turns":1.0},{"damage":0.0,"enemies":"Jaw Worm","floor":5.0,"turns":1.0},{"damage":46.0,"enemies":"3 Sentries","floor":6.0,"turns":10.0},{"damage":19.0,"enemies":"The Mushroom Lair","floor":7.0,"turns":4.0},{"damage":4.0,"enemies":"2 Fungi Beasts","floor":8.0,"turns":5.0},{"damage":27,"enemies":"Lagavulin","floor":10,"turns":7},{"damage":32,"enemies":"3 Sentries","floor":12,"turns":4}],"seed_played":"-4423364055666294241","potions_obtained":[{"floor":1.0,"key":"BlessingOfTheForge"},{"floor":6.0,"key":"Strength Potion"},{"floor":7.0,"key":"LiquidBronze"}],"is_trial":false,"path_per_floor":["M","M","$","?","M","E","?","M","T","E","R","E"],"character_chosen":"IRONCLAD","items_purchased":[],"campfire_rested":1,"item_purchase_floors":[],"current_hp_per_floor":[80,80,80,80,80,40,27,29,29,8,32,0,0],"gold":160,"neow_bonus":"THREE_ENEMY_KILL","is_daily":false,"chose_seed":false,"campfire_upgraded":0,"win_rate":0.0,"timestamp":1610790351,"path_taken":["M","M","$","?","M","E","?","M","T","E","R","E"],"items_purchased_type":[],"build_version":"2020-12-22","purchased_purges":1,"victory":false,"max_hp_per_floor":[80,80,80,80,80,80,80,80,80,80,80,80,80],"card_choices":[{"not_picked":["Blood for Blood","Heavy Blade","Combust"],"picked":"SKIP","floor":1.0},{"not_picked":["Thunderclap","Rampage"],"picked":"Hemokinesis","floor":2.0},{"not_picked":["Bloodletting","Armaments"],"picked":"Body Slam","floor":5.0},{"not_picked":["Searing Blow","Carnage"],"picked":"Demon Form","floor":6.0},{"not_picked":["Clothesline","True Grit"],"picked":"Burning Pact","floor":7.0},{"not_picked":["Heavy Blade","Headbutt","True Grit"],"picked":"SKIP","floor":8.0},{"not_picked":["Body Slam","Juggernaut","Bloodletting"],"picked":"SKIP","floor":10}],"player_experience":101451,"relics_obtained":[{"floor":6.0,"key":"Bottled Flame"},{"floor":7.0,"key":"Odd Mushroom"},{"floor":9.0,"key":"Paper Frog"},{"floor":10,"key":"Bottled Tornado"}],"event_choices":[{"damage_healed":0.0,"max_hp_gain":0.0,"max_hp_loss":0.0,"gold_gain":0.0,"event_name":"Living Wall","player_choice":"Grow","floor":4.0,"gold_loss":0.0,"damage_taken":0.0,"cards_upgraded":["Hemokinesis"]},{"damage_healed":0.0,"max_hp_gain":0.0,"max_hp_loss":0.0,"gold_gain":0.0,"event_name":"Mushrooms","player_choice":"Fought Mushrooms","floor":7.0,"gold_loss":0.0,"damage_taken":0.0}],"is_beta":false,"boss_relics":[],"items_purged_floors":[3],"is_endless":false,"potions_floor_spawned":[1,6,7],"killed_by":"3 Sentries","ascension_level":3}}