{"host":"CK","time":1610823937,"event":{"mods":["2.2 Compatiblity","BaseMod","Bestiary","Block Reminder","Colored Powertips","DeckTracker","Displayed Cursed Tome","Minty Spire (QoL Compilation)","Permanent Neow","Unknown Chances"],"gold_per_floor":[118,193,205,89,103,103,103,103,103,3,3,37,53,64,64,135,135,152,152,152],"floor_reached":19,"language":"ENG","playtime":2033,"items_purged":["Strike_B","Strike_B"],"score":309,"play_id":"d61ac231-7ba1-4570-9b6b-4bbd3cc4b99d","local_time":"20210116110537","is_ascension_mode":true,"campfire_choices":[{"data":"Sunder","floor":6,"key":"SMITH"},{"data":"Zap","floor":8,"key":"SMITH"},{"data":"Capacitor","floor":11,"key":"SMITH"},{"data":"Darkness","floor":15,"key":"SMITH"}],"circlet_count":0,"master_deck":["AscendersBane","Defend_B","Defend_B","Defend_B","Defend_B","Zap+1","Dualcast","Conserve Battery","Sunder+1","Capacitor+1","Conserve Battery","Darkness+1","Reboot","Loop"],"relics":["Cracked Core","StoneCalendar","Shuriken","Prayer Wheel","Empty Cage"],"acts_visited":["Exordium","TheCity"],"potions_floor_usage":[18,19],"damage_taken":[{"damage":6,"enemies":"Jaw Worm","floor":1,"turns":6},{"damage":0,"enemies":"2 Louse","floor":3,"turns":3},{"damage":1,"enemies":"Cultist","floor":5,"turns":3},{"damage":10,"enemies":"3 Sentries","floor":12,"turns":6},{"damage":6,"enemies":"Exordium Wildlife","floor":13,"turns":3},{"damage":11,"enemies":"Exordium Thugs","floor":14,"turns":4},{"damage":11,"enemies":"Hexaghost","floor":16,"turns":9},{"damage":14,"enemies":"Spheric Guardian","floor":18,"turns":4},{"damage":55,"enemies":"Masked Bandits","floor":19,"turns":3}],"seed_played":"-5937584980170299860","potions_obtained":[{"floor":13,"key":"DistilledChaos"},{"floor":14,"key":"Regen Potion"}],"is_trial":false,"path_per_floor":["M","?","M","$","M","R","?","R","T","$","R","E","M","M","R","B",null,"M","?"],"character_chosen":"DEFECT","items_purchased":["Capacitor"],"campfire_rested":0,"item_purchase_floors":[4],"current_hp_per_floor":[40,29,29,29,28,28,51,51,51,51,51,41,35,24,24,13,57,43,0,0],"gold":152,"neow_bonus":"ONE_RARE_RELIC","is_daily":false,"chose_seed":false,"campfire_upgraded":4,"win_rate":0.0,"timestamp":1610823937,"path_taken":["M","?","M","$","M","R","?","R","T","$","R","E","M","M","R","BOSS","M","?"],"items_purchased_type":["Card"],"build_version":"2020-12-18","purchased_purges":2,"victory":false,"max_hp_per_floor":[71,71,71,71,71,71,71,71,71,71,71,71,71,71,71,71,71,71,71,71],"card_choices":[{"not_picked":["Beam Cell","Streamline"],"picked":"Conserve Battery","floor":1},{"not_picked":["Undo","Leap"],"picked":"Sunder","floor":3},{"not_picked":["Coolheaded","Blizzard","Redo"],"picked":"SKIP","floor":5},{"not_picked":["Hologram","Barrage"],"picked":"Conserve Battery","floor":12},{"not_picked":["Turbo","Coolheaded","Cold Snap"],"picked":"SKIP","floor":13},{"not_picked":["Conserve Battery","Turbo","Streamline"],"picked":"SKIP","floor":13},{"not_picked":["Coolheaded","Gash"],"picked":"Darkness","floor":14},{"not_picked":["Aggregate","Stack","Loop"],"picked":"SKIP","floor":14},{"not_picked":["Hyperbeam","Rainbow"],"picked":"Reboot","floor":16},{"not_picked":["Ball Lightning+1","Conserve Battery"],"picked":"Loop","floor":18},{"not_picked":["Recycle","Conserve Battery","Streamline"],"picked":"SKIP","floor":18}],"player_experience":1139847,"relics_obtained":[{"floor":9,"key":"Shuriken"},{"floor":12,"key":"Prayer Wheel"}],"event_choices":[{"damage_healed":0,"gold_gain":75,"player_choice":"Gather Gold","damage_taken":11,"max_hp_gain":0,"max_hp_loss":0,"event_name":"World of Goop","floor":2,"gold_loss":0},{"damage_healed":23,"gold_gain":0,"player_choice":"Banana","damage_taken":0,"max_hp_gain":0,"max_hp_loss":0,"event_name":"Big Fish","floor":7,"gold_loss":0},{"damage_healed":0,"gold_gain":0,"player_choice":"Fought Bandits","damage_taken":0,"max_hp_gain":0,"max_hp_loss":0,"event_name":"Masked Bandits","floor":19,"gold_loss":0}],"is_beta":true,"boss_relics":[{"not_picked":["Philosopher\u0027s Stone","Pandora\u0027s Box"],"picked":"Empty Cage"}],"items_purged_floors":[4,10],"is_endless":false,"potions_floor_spawned":[13,14,16],"killed_by":"Masked Bandits","ascension_level":17}}