{"host":"vddkjx04kiwje1tk","time":1610756335,"event":{"mods":["AchievementEnabler","BaseMod","Colored Map","Minty Spire (QoL Compilation)","Quick Restart","SuperFastMode"],"gold_per_floor":[117,117,42,61,74,84,33,97,152,102,102,102,27,38,38,140,140,152,152,163,63,78,78,112,127,127,127,144,194,194,204,204,304,304,314,189,17,17,36,36,56,56,56,71,71,19,35,47,47,47,47],"floor_reached":50,"language":"KOR","playtime":1364,"items_purged":["Strike_G","Defend_G","Strike_G","Defend_G"],"score":479,"play_id":"48280ffb-cf3b-48bf-9f0f-c90335ded8cc","local_time":"20210116091855","is_ascension_mode":false,"campfire_choices":[{"floor":11,"key":"REST"},{"data":"Catalyst","floor":15,"key":"SMITH"},{"floor":23,"key":"REST"},{"data":"Wraith Form v2","floor":27,"key":"SMITH"},{"data":"Backflip","floor":30,"key":"SMITH"},{"data":"Bouncing Flask","floor":32,"key":"SMITH"},{"data":"Bouncing Flask","floor":40,"key":"SMITH"},{"data":"Neutralize","floor":42,"key":"SMITH"},{"data":"Corpse Explosion","floor":45,"key":"SMITH"},{"data":"Bullet Time","floor":49,"key":"SMITH"}],"circlet_count":0,"master_deck":["Strike_G","Defend_G","Defend_G","Survivor","Neutralize+1","Mayhem+1","Catalyst+1","Bouncing Flask+1","Backflip+1","Deadly Poison","Bouncing Flask+1","Corpse Explosion+1","Wraith Form v2+1","Deadly Poison","Deadly Poison+1","Backflip","Bullet Time+1"],"relics":["Ring of the Snake","Anchor","Ancient Tea Set","Sozu","Matryoshka","Oddly Smooth Stone","Eternal Feather","Dream Catcher","Blue Candle"],"acts_visited":["Exordium","TheCity","TheBeyond"],"potions_floor_usage":[8,18,33],"damage_taken":[{"damage":0,"enemies":"Cultist","floor":1,"turns":4},{"damage":3,"enemies":"Jaw Worm","floor":4,"turns":5},{"damage":7,"enemies":"Small Slimes","floor":5,"turns":4},{"damage":4,"enemies":"3 Louse","floor":6,"turns":5},{"damage":19,"enemies":"3 Sentries","floor":8,"turns":7},{"damage":1,"enemies":"Large Slime","floor":14,"turns":2},{"damage":16,"enemies":"Hexaghost","floor":16,"turns":6},{"damage":13,"enemies":"3 Byrds","floor":18,"turns":4},{"damage":2,"enemies":"Shell Parasite","floor":20,"turns":3},{"damage":22,"enemies":"Sentry and Sphere","floor":22,"turns":4},{"damage":22,"enemies":"Slavers","floor":24,"turns":3},{"damage":14,"enemies":"Centurion and Healer","floor":25,"turns":4},{"damage":3,"enemies":"Snake Plant","floor":28,"turns":3},{"damage":0,"enemies":"Snecko","floor":31,"turns":3},{"damage":38,"enemies":"Collector","floor":33,"turns":8},{"damage":0,"enemies":"3 Shapes","floor":35,"turns":3},{"damage":1,"enemies":"3 Darklings","floor":39,"turns":5},{"damage":1,"enemies":"Maw","floor":41,"turns":4},{"damage":0,"enemies":"4 Shapes","floor":44,"turns":3},{"damage":0,"enemies":"Transient","floor":47,"turns":5},{"damage":3,"enemies":"Sphere and 2 Shapes","floor":48,"turns":5},{"damage":74,"enemies":"Awakened One","floor":50,"turns":9}],"seed_played":"-7238361360957368754","potions_obtained":[{"floor":1,"key":"PowerPotion"},{"floor":4,"key":"LiquidBronze"},{"floor":5,"key":"SpeedPotion"}],"is_trial":false,"path_per_floor":["M","?","$","M","M","M","$","?","T","?","R","?","$","M","R","B",null,"M","?","M","$","M","R","E","M","T","R","M","?","R","M","R","B",null,"M","$","$","?","M","R","M","R","T","M","R","$","M","M","R","B"],"character_chosen":"THE_SILENT","items_purchased":["Deadly Poison","Bouncing Flask","Deadly Poison","Backflip"],"campfire_rested":2,"item_purchase_floors":[7,13,37,46],"current_hp_per_floor":[49,49,49,46,39,35,35,16,16,16,37,37,37,36,36,20,70,57,57,55,55,33,54,32,18,18,27,24,24,33,33,42,4,70,70,70,70,70,69,70,69,70,70,70,70,70,70,67,70,0,0],"gold":47,"neow_bonus":"RANDOM_COLORLESS_2","is_daily":false,"chose_seed":false,"campfire_upgraded":8,"win_rate":0.0,"timestamp":1610756335,"path_taken":["M","?","?","M","?","M","$","?","T","?","R","?","$","M","R","BOSS","M","?","?","$","M","R","E","?","T","R","M","?","R","M","R","BOSS","M","?","$","?","M","R","M","R","T","M","R","$","M","?","R","BOSS"],"items_purchased_type":["Card","Card","Card","Card"],"build_version":"2020-12-22","purchased_purges":4,"victory":false,"max_hp_per_floor":[70,70,70,70,70,70,70,70,70,70,70,70,70,70,70,70,70,70,70,70,70,70,70,70,70,70,70,70,70,70,70,70,70,70,70,70,70,70,70,70,70,70,70,70,70,70,70,70,70,70,70],"card_choices":[{"not_picked":["Violence","The Bomb"],"picked":"Mayhem","floor":0},{"not_picked":["Eviscerate","Heel Hook"],"picked":"Catalyst","floor":1},{"not_picked":["Prepared","Cloak And Dagger","Eviscerate"],"picked":"SKIP","floor":4},{"not_picked":["Slice","Prepared"],"picked":"Bouncing Flask","floor":5},{"not_picked":["Slice","Deflect"],"picked":"Backflip","floor":6},{"not_picked":["Blade Dance","PiercingWail","Prepared"],"picked":"SKIP","floor":14},{"not_picked":["Envenom","Malaise"],"picked":"Corpse Explosion","floor":16},{"not_picked":["Poisoned Stab","PiercingWail","Dodge and Roll+1"],"picked":"SKIP","floor":18},{"not_picked":["Dagger Spray+1","Sucker Punch+1","Backflip"],"picked":"SKIP","floor":20},{"not_picked":["Slice+1","Sucker Punch","Deadly Poison"],"picked":"SKIP","floor":22},{"not_picked":["Footwork","Riddle With Holes"],"picked":"Wraith Form v2","floor":24},{"not_picked":["Reflex","Sucker Punch+1","Riddle With Holes+1"],"picked":"SKIP","floor":25},{"not_picked":["Dagger Throw","Blade Dance+1","Endless Agony+1"],"picked":"SKIP","floor":28},{"not_picked":["Acrobatics","Deadly Poison","Blade Dance"],"picked":"SKIP","floor":31},{"not_picked":["Poisoned Stab","Acrobatics","Flying Knee"],"picked":"SKIP","floor":35},{"not_picked":["Dagger Spray","Concentrate","Acrobatics"],"picked":"SKIP","floor":39},{"not_picked":["Terror","Eviscerate+1"],"picked":"Deadly Poison+1","floor":41},{"not_picked":["Underhanded Strike+1","Deflect","Sucker Punch"],"picked":"SKIP","floor":44},{"not_picked":["Dagger Throw","Slice+1"],"picked":"Bullet Time","floor":47},{"not_picked":["Finisher","Sucker Punch","Dagger Throw"],"picked":"SKIP","floor":48}],"player_experience":196100,"relics_obtained":[{"floor":9,"key":"Ancient Tea Set"},{"floor":24,"key":"Matryoshka"},{"floor":26,"key":"Oddly Smooth Stone"},{"floor":26,"key":"Eternal Feather"},{"floor":43,"key":"Dream Catcher"},{"floor":43,"key":"Blue Candle"}],"event_choices":[{"damage_healed":0,"gold_gain":0,"player_choice":"Forge","damage_taken":0,"max_hp_gain":0,"max_hp_loss":0,"event_name":"Accursed Blacksmith","floor":2,"gold_loss":0,"cards_upgraded":["Mayhem"]},{"damage_healed":0,"gold_gain":30,"player_choice":"Searched \u00273\u0027 times","damage_taken":0,"relics_obtained":["Anchor"],"max_hp_gain":0,"max_hp_loss":0,"event_name":"Dead Adventurer","floor":8,"gold_loss":0},{"cards_removed":["Defend_G"],"damage_healed":0,"gold_gain":0,"player_choice":"Card Removal","damage_taken":0,"max_hp_gain":0,"max_hp_loss":0,"event_name":"The Cleric","floor":10,"gold_loss":50},{"damage_healed":0,"gold_gain":0,"player_choice":"Ignored","damage_taken":0,"max_hp_gain":0,"max_hp_loss":0,"event_name":"Liars Game","floor":12,"gold_loss":0},{"cards_removed":["Strike_G"],"damage_healed":0,"gold_gain":0,"player_choice":"Purged","damage_taken":0,"max_hp_gain":0,"max_hp_loss":0,"event_name":"Purifier","floor":19,"gold_loss":0},{"damage_healed":0,"gold_gain":100,"player_choice":"Bet on Murderer","damage_taken":0,"max_hp_gain":0,"max_hp_loss":0,"event_name":"The Joust","floor":29,"gold_loss":50},{"cards_removed":["Strike_G"],"damage_healed":0,"gold_gain":0,"player_choice":"Removed Attack","damage_taken":0,"max_hp_gain":0,"max_hp_loss":0,"event_name":"Falling","floor":38,"gold_loss":0}],"is_beta":false,"boss_relics":[{"not_picked":["Coffee Dripper","Pandora\u0027s Box"],"picked":"Sozu"},{"not_picked":["Runic Dome","SacredBark","Cursed Key"]}],"items_purged_floors":[3,21,36,37],"is_endless":false,"potions_floor_spawned":[1,4,5,22,28,33,41,44,47],"killed_by":"Awakened One","ascension_level":0}}