{"host":"0jfycbte0yldxyb4","time":1610832203,"event":{"mods":["2.2 Compatiblity","AchievementEnabler","Aspiration","BaseMod","Better Note","BetterRewards","Colored Map","Colored Powertips","GungeonMod","Hermit","Minty Spire (QoL Compilation)","StSLib","The Bladedancer","The Bug Knight","The Servant 0.9.4","The Wild Card"],"gold_per_floor":[110,122,140,140,69,69,69],"floor_reached":6,"language":"ENG","playtime":871,"items_purged":[],"score":36,"play_id":"26e4d12c-4c14-47ca-9638-e46fddda3788","local_time":"20210116152323","is_ascension_mode":false,"campfire_choices":[],"circlet_count":0,"master_deck":["DemoMod:Strike_Huntress","DemoMod:Strike_Huntress","DemoMod:Strike_Huntress","DemoMod:Defend_Huntress","DemoMod:Defend_Huntress","DemoMod:Defend_Huntress","DemoMod:Defend_Huntress","DemoMod:Roll","DemoMod:ManualReload","DemoMod:RustySidearm","DemoMod:CrossBow","DemoMod:Polaris","DemoMod:StickyCrossBow","DemoMod:CombinedRifle","DemoMod:SAA","DemoMod:AbyssalTentacle"],"relics":["DemoMod:Dog"],"acts_visited":["Exordium"],"potions_floor_usage":[],"damage_taken":[{"damage":6,"enemies":"Jaw Worm","floor":1,"turns":4},{"damage":9,"enemies":"Small Slimes","floor":2,"turns":3},{"damage":1,"enemies":"2 Louse","floor":3,"turns":3},{"damage":49,"enemies":"Gremlin Nob","floor":6,"turns":4}],"seed_played":"-6589533375705611383","potions_obtained":[{"floor":1,"key":"Strength Potion"}],"is_trial":false,"path_per_floor":["M","M","M","?","$","E"],"character_chosen":"HUNTRESS","items_purchased":["DemoMod:AbyssalTentacle"],"campfire_rested":0,"item_purchase_floors":[5],"current_hp_per_floor":[64,55,54,38,38,0,0],"gold":69,"neow_bonus":"","is_daily":false,"chose_seed":false,"campfire_upgraded":0,"win_rate":0.0,"timestamp":1610832203,"path_taken":["M","M","M","?","$","E"],"items_purchased_type":["Card"],"build_version":"2020-12-22","purchased_purges":0,"victory":false,"max_hp_per_floor":[70,70,70,70,70,70,70],"card_choices":[{"not_picked":["DemoMod:HardPowerCard","DemoMod:Ejector"],"picked":"DemoMod:Polaris","floor":1},{"not_picked":["DemoMod:GunstockTap","DemoMod:ConditionalReflex"],"picked":"DemoMod:StickyCrossBow","floor":2},{"not_picked":["DemoMod:Polaris","DemoMod:Purify"],"picked":"DemoMod:CombinedRifle","floor":3},{"not_picked":["DemoMod:Unmoved","DemoMod:AC15"],"picked":"DemoMod:SAA","floor":3}],"player_experience":0,"relics_obtained":[],"event_choices":[],"is_beta":false,"boss_relics":[],"items_purged_floors":[],"is_endless":false,"potions_floor_spawned":[1],"killed_by":"Gremlin Nob","ascension_level":0}}