{"host":"Jinnai","time":1610833997,"event":{"mods":["BaseMod","Bestiary","Block Reminder","Colored Map","Colored Powertips","Highlight Path","Minty Spire (QoL Compilation)","Quick Restart","Relic Stats","StSLib"],"gold_per_floor":[128,153,178,14,14,14,49,49,49,18,46,46,75,94,94,94,94],"floor_reached":16,"language":"ENG","playtime":596,"items_purged":[],"score":194,"play_id":"80fe01b3-7b5b-418a-9097-96d8b8b8ead7","local_time":"20210116165317","is_ascension_mode":true,"campfire_choices":[{"data":"Dagger Spray","floor":6,"key":"SMITH"},{"data":"Well Laid Plans","floor":12,"key":"SMITH"},{"floor":15,"key":"REST"}],"circlet_count":0,"master_deck":["AscendersBane","Strike_G","Strike_G","Strike_G","Strike_G","Strike_G","Defend_G","Defend_G","Defend_G","Defend_G","Defend_G","Survivor","Neutralize","Dagger Spray+1","Well Laid Plans+1","Choke","Grand Finale","Noxious Fumes","Footwork","Footwork","Blade Dance"],"relics":["Ring of the Snake","CeramicFish","Blood Vial","HornCleat","MealTicket"],"acts_visited":["Exordium"],"potions_floor_usage":[7,13,16],"damage_taken":[{"damage":2,"enemies":"2 Louse","floor":1,"turns":4},{"damage":9,"enemies":"Jaw Worm","floor":2,"turns":6},{"damage":1,"enemies":"Small Slimes","floor":3,"turns":3},{"damage":32,"enemies":"Gremlin Nob","floor":7,"turns":4},{"damage":0,"enemies":"2 Fungi Beasts","floor":11,"turns":3},{"damage":8,"enemies":"Exordium Thugs","floor":13,"turns":6},{"damage":0,"enemies":"3 Louse","floor":14,"turns":5},{"damage":53,"enemies":"Slime Boss","floor":16,"turns":6}],"seed_played":"446342525398078953","potions_obtained":[{"floor":2,"key":"FearPotion"},{"floor":7,"key":"ColorlessPotion"},{"floor":11,"key":"Energy Potion"}],"is_trial":false,"path_per_floor":["M","M","M","$","?","R","E","?","T","$","M","R","M","M","R","B"],"character_chosen":"THE_SILENT","items_purchased":["Blood Vial","Noxious Fumes"],"campfire_rested":1,"item_purchase_floors":[4,10],"current_hp_per_floor":[57,48,47,47,47,47,17,17,17,32,34,34,28,30,49,0,0],"gold":94,"neow_bonus":"RANDOM_COMMON_RELIC","is_daily":false,"chose_seed":false,"campfire_upgraded":2,"win_rate":0.0,"timestamp":1610833997,"path_taken":["M","M","M","$","?","R","E","?","T","$","M","R","M","M","R","BOSS"],"items_purchased_type":["Relic","Card"],"build_version":"2020-12-18","purchased_purges":0,"victory":false,"max_hp_per_floor":[66,66,66,66,66,66,66,66,66,66,66,66,66,66,66,66,66],"relic_stats":{"Blood Vial":10,"counters":[8,37],"CeramicFish":72,"MealTicket":15,"obtain_stats":[{"Blood Vial":4,"HornCleat":7,"CeramicFish":0,"MealTicket":9,"Ring of the Snake":0},{"Blood Vial":3,"HornCleat":4,"CeramicFish":0,"MealTicket":4,"Ring of the Snake":0},{"Blood Vial":13,"HornCleat":17,"CeramicFish":0,"MealTicket":17,"Ring of the Snake":0}],"Ring of the Snake":[16]},"card_choices":[{"not_picked":["Backflip","Concentrate"],"picked":"Dagger Spray","floor":1},{"not_picked":["Acrobatics","Underhanded Strike"],"picked":"Well Laid Plans","floor":2},{"not_picked":["Well Laid Plans","Acrobatics"],"picked":"Choke","floor":3},{"not_picked":["Sucker Punch","Cloak And Dagger"],"picked":"Grand Finale","floor":7},{"not_picked":["Well Laid Plans","Outmaneuver"],"picked":"Footwork","floor":11},{"not_picked":["Quick Slash","Dagger Spray"],"picked":"Footwork","floor":13},{"not_picked":["Caltrops","Eviscerate"],"picked":"Blade Dance","floor":14}],"player_experience":1523921,"relics_obtained":[{"floor":7,"key":"HornCleat"},{"floor":9,"key":"MealTicket"}],"event_choices":[{"damage_healed":0,"gold_gain":0,"player_choice":"Ignored","damage_taken":0,"max_hp_gain":0,"max_hp_loss":0,"event_name":"Liars Game","floor":5,"gold_loss":0},{"damage_healed":0,"gold_gain":0,"player_choice":"Fled","damage_taken":0,"max_hp_gain":0,"max_hp_loss":0,"event_name":"Scrap Ooze","floor":8,"gold_loss":0}],"is_beta":true,"boss_relics":[],"items_purged_floors":[],"is_endless":false,"potions_floor_spawned":[2,7,11],"killed_by":"Slime Boss","ascension_level":18}}