{"host":"03a85bwj0a5skoit","time":1610776676,"event":{"mods":["BaseMod","Block Reminder","Minty Spire (QoL Compilation)","Relic Stats","StSLib"],"gold_per_floor":[119,130,149,21,21,52,52,66,93,116,150,164,56,56,56,147,147,168,168,168,138,38,38,38,38],"floor_reached":24,"language":"ENG","playtime":982,"items_purged":["Strike_P","Defend_P","Defend_P"],"score":458,"play_id":"6a30c29a-18e7-49af-8dc9-cc570647559a","local_time":"20210116162756","is_ascension_mode":true,"campfire_choices":[{"data":"Eruption","floor":7,"key":"SMITH"},{"data":"Evaluate","floor":15,"key":"SMITH"},{"data":"SignatureMove","floor":23,"key":"SMITH"}],"circlet_count":0,"master_deck":["AscendersBane","Defend_P","Eruption+1","Vigilance","Wireheading+1","FearNoEvil+1","Nirvana+1","SignatureMove+1","Wireheading","Consecrate","MentalFortress","Consecrate","Worship","Evaluate+1","FlurryOfBlows","ThirdEye","Establishment","JustLucky+1","ThirdEye"],"relics":["Astrolabe","Golden Idol","MealTicket","Omamori","Smiling Mask","Potion Belt","Black Star"],"acts_visited":["Exordium","TheCity"],"potions_floor_usage":[6,11,24,24,24,24],"damage_taken":[{"damage":1,"enemies":"Cultist","floor":1,"turns":4},{"damage":2,"enemies":"Jaw Worm","floor":2,"turns":4},{"damage":1,"enemies":"2 Louse","floor":3,"turns":3},{"damage":23,"enemies":"3 Sentries","floor":6,"turns":6},{"damage":0,"enemies":"Large Slime","floor":8,"turns":5},{"damage":1,"enemies":"2 Fungi Beasts","floor":10,"turns":3},{"damage":0,"enemies":"Gremlin Nob","floor":11,"turns":2},{"damage":9,"enemies":"Red Slaver","floor":12,"turns":2},{"damage":21,"enemies":"Hexaghost","floor":16,"turns":8},{"damage":13,"enemies":"3 Byrds","floor":18,"turns":7},{"damage":67,"enemies":"Gremlin Leader","floor":24,"turns":6}],"seed_played":"1123787622299156955","potions_obtained":[{"floor":3,"key":"Regen Potion"},{"floor":6,"key":"Energy Potion"},{"floor":16,"key":"Weak Potion"},{"floor":21,"key":"Block Potion"},{"floor":21,"key":"Fruit Juice"}],"is_trial":false,"path_per_floor":["M","M","M","$","?","E","R","M","T","M","E","M","$","?","R","B",null,"M","?","?","?","$","R","E"],"character_chosen":"WATCHER","items_purchased":["Strength Potion","ThirdEye","ThirdEye"],"campfire_rested":0,"item_purchase_floors":[4,13,22],"current_hp_per_floor":[60,58,57,57,57,34,34,34,34,33,38,29,44,33,33,12,50,37,37,37,37,52,52,0,0],"gold":38,"neow_bonus":"BOSS_RELIC","is_daily":false,"chose_seed":false,"campfire_upgraded":3,"win_rate":0.0,"timestamp":1610776676,"path_taken":["M","M","?","$","?","E","R","M","T","M","E","M","$","?","R","BOSS","M","?","?","?","$","R","E"],"items_purchased_type":["Potion","Card","Card"],"build_version":"2020-12-22","purchased_purges":3,"victory":false,"max_hp_per_floor":[68,68,68,68,62,62,62,62,62,62,62,62,62,62,62,62,62,62,62,62,62,62,62,67,67],"relic_stats":{"counters":[11,50],"Golden Idol":46,"Astrolabe":["Wireheading","FearNoEvil","Nirvana"],"MealTicket":30,"Black Star":0,"Smiling Mask":125,"obtain_stats":[{"Potion Belt":14,"Golden Idol":5,"Astrolabe":0,"MealTicket":6,"Omamori":9,"Black Star":17,"PureWater":0,"Smiling Mask":11},{"Potion Belt":8,"Golden Idol":3,"Astrolabe":0,"MealTicket":4,"Omamori":5,"Black Star":9,"PureWater":0,"Smiling Mask":7},{"Potion Belt":29,"Golden Idol":11,"Astrolabe":0,"MealTicket":17,"Omamori":22,"Black Star":37,"PureWater":0,"Smiling Mask":27}]},"card_choices":[{"not_picked":["Halt","Prostrate"],"picked":"SignatureMove","floor":1},{"not_picked":["WreathOfFlame","Crescendo"],"picked":"Wireheading","floor":2},{"not_picked":["BowlingBash","FollowUp"],"picked":"Consecrate","floor":3},{"not_picked":["Consecrate","FlyingSleeves"],"picked":"MentalFortress","floor":6},{"not_picked":["BowlingBash","Crescendo"],"picked":"Consecrate","floor":8},{"not_picked":["FollowUp","ThirdEye"],"picked":"Worship","floor":10},{"not_picked":["SashWhip","Ragnarok"],"picked":"Evaluate","floor":11},{"not_picked":["Halt","FlyingSleeves"],"picked":"FlurryOfBlows","floor":12},{"not_picked":["Ragnarok","Brilliance"],"picked":"Establishment","floor":16},{"not_picked":["ClearTheMind","FollowUp"],"picked":"JustLucky+1","floor":18}],"player_experience":2340679,"relics_obtained":[{"floor":6,"key":"MealTicket"},{"floor":9,"key":"Omamori"},{"floor":11,"key":"Smiling Mask"}],"event_choices":[{"damage_healed":0,"gold_gain":0,"player_choice":"Lose Max HP","damage_taken":0,"relics_obtained":["Golden Idol"],"max_hp_gain":0,"max_hp_loss":6,"event_name":"Golden Idol","floor":5,"gold_loss":0},{"damage_healed":0,"gold_gain":0,"player_choice":"Success","damage_taken":11,"relics_obtained":["Potion Belt"],"max_hp_gain":0,"max_hp_loss":0,"event_name":"Scrap Ooze","floor":14,"gold_loss":0},{"damage_healed":0,"gold_gain":0,"player_choice":"Ignored","damage_taken":0,"max_hp_gain":0,"max_hp_loss":0,"event_name":"Vampires","floor":19,"gold_loss":0},{"cards_removed":["Defend_P"],"damage_healed":0,"gold_gain":0,"player_choice":"Elegance","damage_taken":0,"max_hp_gain":0,"max_hp_loss":0,"event_name":"Back to Basics","floor":20,"gold_loss":0},{"damage_healed":0,"gold_gain":0,"player_choice":"Bought 2 Potions","damage_taken":0,"max_hp_gain":0,"max_hp_loss":0,"event_name":"The Woman in Blue","floor":21,"gold_loss":0}],"is_beta":false,"boss_relics":[{"not_picked":["Velvet Choker","Runic Pyramid"],"picked":"Black Star"}],"items_purged_floors":[4,13,22],"is_endless":false,"potions_floor_spawned":[3,6,8,16],"killed_by":"Gremlin Leader","ascension_level":20}}