{"host":"xes75gx807s8gyhc","time":1610830356,"event":{"mods":["AchievementEnabler","BaseMod","Colored Powertips","Curses Come First","Minty Spire (QoL Compilation)","Rare Cards Sparkle","Relic Stats","StSLib","Unceasing Turn Reminder","everything is the same but u backflip on backflip"],"gold_per_floor":[116,116,3,3,16,16,56,76,102,118,118,118,137,176,176,295,295,308,308,322,342,356,400,400,456,456,456,456,508,539,556,556,658,658,671,671,685,701,548,548,567,143,143,172,191,201,231,243,243,243],"floor_reached":51,"language":"ENG","playtime":3181,"items_purged":["Strike_G","Strike_G"],"score":868,"play_id":"f3aef841-15fe-40a5-ab5e-b5f0bfe4ce29","local_time":"20210116125236","is_ascension_mode":true,"campfire_choices":[{"data":"Noxious Fumes","floor":6.0,"key":"SMITH"},{"data":"Catalyst","floor":11.0,"key":"SMITH"},{"data":"Leg Sweep","floor":15.0,"key":"SMITH"},{"data":"Noxious Fumes","floor":24.0,"key":"SMITH"},{"data":"Wraith Form v2","floor":28.0,"key":"SMITH"},{"data":"Leg Sweep","floor":32.0,"key":"SMITH"},{"data":"Wraith Form v2","floor":40.0,"key":"SMITH"},{"data":"Catalyst","floor":49,"key":"SMITH"}],"circlet_count":0,"master_deck":["Strike_G+1","Strike_G","Strike_G","Defend_G","Defend_G","Defend_G","Defend_G","Defend_G","Survivor","Neutralize+1","Deadly Poison","Noxious Fumes+1","Leg Sweep+1","Blur","Catalyst+1","Malaise","Escape Plan","Caltrops","PiercingWail","Glass Knife","CurseOfTheBell","Backflip","Leg Sweep+1","Noxious Fumes+1","Calculated Gamble","Wraith Form v2+1","Bane+1","PiercingWail","Wraith Form v2+1","Blade Dance+1","Footwork","Catalyst+1","Bane+1","Well Laid Plans+1","Caltrops+1"],"relics":["Ring of the Snake","Boot","Bloody Idol","Torii","PreservedInsect","Thread and Needle","Calling Bell","Bag of Marbles","Molten Egg 2","Pocketwatch","Happy Flower","Potion Belt","Matryoshka","Snake Skull","Whetstone","Omamori","Philosopher\u0027s Stone","Paper Crane","Toy Ornithopter","The Specimen","Nunchaku","Eternal Feather"],"acts_visited":["Exordium","TheCity","TheBeyond"],"potions_floor_usage":[47,50,50,50],"damage_taken":[{"damage":0.0,"enemies":"Small Slimes","floor":1.0,"turns":3.0},{"damage":0.0,"enemies":"2 Louse","floor":5.0,"turns":3.0},{"damage":20.0,"enemies":"Gremlin Nob","floor":7.0,"turns":4.0},{"damage":0.0,"enemies":"Cultist","floor":8.0,"turns":4.0},{"damage":0.0,"enemies":"Large Slime","floor":10.0,"turns":5.0},{"damage":0.0,"enemies":"Gremlin Gang","floor":13.0,"turns":5.0},{"damage":2.0,"enemies":"3 Sentries","floor":14.0,"turns":6.0},{"damage":24.0,"enemies":"Slime Boss","floor":16.0,"turns":13.0},{"damage":0.0,"enemies":"3 Byrds","floor":18.0,"turns":3.0},{"damage":0.0,"enemies":"Spheric Guardian","floor":20.0,"turns":4.0},{"damage":0.0,"enemies":"Cultist and Chosen","floor":21.0,"turns":8.0},{"damage":7.0,"enemies":"Sentry and Sphere","floor":22.0,"turns":5.0},{"damage":0.0,"enemies":"Book of Stabbing","floor":23.0,"turns":6.0},{"damage":7.0,"enemies":"Slavers","floor":25.0,"turns":5.0},{"damage":1.0,"enemies":"Gremlin Leader","floor":30.0,"turns":6.0},{"damage":2.0,"enemies":"Snake Plant","floor":31.0,"turns":4.0},{"damage":15.0,"enemies":"Automaton","floor":33.0,"turns":8.0},{"damage":2.0,"enemies":"3 Darklings","floor":35.0,"turns":6.0},{"damage":0.0,"enemies":"Orb Walker","floor":37.0,"turns":5.0},{"damage":0.0,"enemies":"Sphere and 2 Shapes","floor":38.0,"turns":5.0},{"damage":13.0,"enemies":"Spire Growth","floor":41.0,"turns":6.0},{"damage":9.0,"enemies":"Nemesis","floor":44.0,"turns":5.0},{"damage":0,"enemies":"Transient","floor":45,"turns":5},{"damage":0,"enemies":"Writhing Mass","floor":46,"turns":6},{"damage":23,"enemies":"Reptomancer","floor":47,"turns":5},{"damage":0,"enemies":"Jaw Worm Horde","floor":48,"turns":5},{"damage":14,"enemies":"Time Eater","floor":50,"turns":6}],"seed_played":"5299061930144909441","potions_obtained":[{"floor":0.0,"key":"Fire Potion"},{"floor":0.0,"key":"Poison Potion"},{"floor":0.0,"key":"Fire Potion"},{"floor":12.0,"key":"CunningPotion"},{"floor":12.0,"key":"FearPotion"},{"floor":13.0,"key":"SpeedPotion"},{"floor":14.0,"key":"Regen Potion"},{"floor":16.0,"key":"Energy Potion"},{"floor":22.0,"key":"ColorlessPotion"},{"floor":23.0,"key":"Block Potion"},{"floor":25.0,"key":"Swift Potion"},{"floor":33.0,"key":"Poison Potion"},{"floor":35.0,"key":"EssenceOfSteel"},{"floor":38.0,"key":"Block Potion"},{"floor":44,"key":"Poison Potion"},{"floor":46,"key":"SkillPotion"}],"is_trial":false,"path_per_floor":["M","?","$","?","M","R","E","M","T","M","R","?","M","E","R","B",null,"M","?","M","M","M","E","R","E","T","?","R","T","E","M","R","B",null,"M","?","M","M","$","R","M","$","T","E","M","M","E","M","R","B",null],"character_chosen":"THE_SILENT","items_purchased":["Noxious Fumes","Leg Sweep","Footwork","Catalyst","Paper Crane"],"campfire_rested":0,"item_purchase_floors":[3,3,39,42,42],"current_hp_per_floor":[70,58,58,58,58,58,38,38,38,38,38,38,38,36,36,12,65,65,65,65,65,58,58,58,51,51,51,51,56,60,63,63,53,65,65,65,65,65,65,65,57,57,57,58,63,65,47,52,65,51],"gold":243,"neow_bonus":"THREE_SMALL_POTIONS","is_daily":false,"chose_seed":false,"campfire_upgraded":8,"win_rate":0.0,"timestamp":1610830356,"path_taken":["M","?","$","?","M","R","E","M","T","M","R","?","?","E","R","BOSS","M","?","?","M","M","E","R","E","T","?","R","?","E","M","R","BOSS","BOSS","M","?","M","M","$","R","M","$","T","E","M","M","E","M","R","BOSS"],"items_purchased_type":["Card","Card","Card","Card","Relic"],"build_version":"2020-12-22","purchased_purges":2,"victory":true,"max_hp_per_floor":[70,70,70,65,65,65,65,65,65,65,65,65,65,65,65,65,65,65,65,65,65,65,65,65,65,65,65,65,65,65,65,65,65,65,65,65,65,65,65,65,65,65,65,65,65,65,65,65,65,65],"relic_stats":{"Torii":24,"Happy Flower":[25],"counters":[27,146],"Eternal Feather":13,"PreservedInsect":265,"Snake Skull":[108],"Whetstone":["Neutralize","Strike_G"],"Boot":[73],"Nunchaku":[2],"Bloody Idol":49,"obtain_stats":[{"Potion Belt":25,"Torii":7,"Happy Flower":23,"The Specimen":43,"Golden Idol":4,"Thread and Needle":14,"Eternal Feather":47,"PreservedInsect":9,"Snake Skull":29,"Omamori":30,"Whetstone":29,"Paper Crane":42,"Boot":2,"Calling Bell":17,"Nunchaku":44,"Matryoshka":26,"Bloody Idol":27,"Molten Egg 2":17,"Philosopher\u0027s Stone":34,"Bag of Marbles":17,"Toy Ornithopter":43,"Ring of the Snake":0,"Pocketwatch":17},{"Potion Belt":14,"Torii":3,"Happy Flower":13,"The Specimen":21,"Golden Idol":1,"Thread and Needle":7,"Eternal Feather":25,"PreservedInsect":4,"Snake Skull":14,"Omamori":15,"Whetstone":14,"Paper Crane":21,"Boot":1,"Calling Bell":8,"Nunchaku":22,"Matryoshka":14,"Bloody Idol":14,"Molten Egg 2":8,"Philosopher\u0027s Stone":17,"Bag of Marbles":8,"Toy Ornithopter":21,"Ring of the Snake":0,"Pocketwatch":8},{"Potion Belt":74,"Torii":10,"Happy Flower":69,"The Specimen":114,"Golden Idol":3,"Thread and Needle":30,"Eternal Feather":135,"PreservedInsect":14,"Snake Skull":74,"Omamori":80,"Whetstone":74,"Paper Crane":114,"Boot":3,"Calling Bell":43,"Nunchaku":119,"Matryoshka":74,"Bloody Idol":74,"Molten Egg 2":43,"Philosopher\u0027s Stone":92,"Bag of Marbles":43,"Toy Ornithopter":114,"Ring of the Snake":0,"Pocketwatch":43}],"Toy Ornithopter":5,"Ring of the Snake":[54],"Pocketwatch":[159]},"card_choices":[{"not_picked":["Underhanded Strike","Calculated Gamble"],"picked":"Deadly Poison","floor":1.0},{"not_picked":["Outmaneuver","Dagger Spray"],"picked":"Blur","floor":5.0},{"not_picked":["Leg Sweep","Dagger Spray"],"picked":"Catalyst","floor":7.0},{"not_picked":["Dagger Throw","Dodge and Roll"],"picked":"Malaise","floor":8.0},{"not_picked":["Masterful Stab","Predator"],"picked":"Escape Plan","floor":10.0},{"not_picked":["Outmaneuver","Slice"],"picked":"Caltrops","floor":13.0},{"not_picked":["Prepared","Choke"],"picked":"PiercingWail","floor":14.0},{"not_picked":["Malaise","Tools of the Trade"],"picked":"Glass Knife","floor":16.0},{"not_picked":["Reflex+1","Dodge and Roll+1"],"picked":"Backflip","floor":18.0},{"not_picked":["PiercingWail","Caltrops"],"picked":"Leg Sweep","floor":20.0},{"not_picked":["Acrobatics","Prepared"],"picked":"Heel Hook+1","floor":21.0},{"not_picked":["Eviscerate+1","Corpse Explosion"],"picked":"Noxious Fumes","floor":22.0},{"not_picked":["Flying Knee+1","Tactician"],"picked":"Calculated Gamble","floor":23.0},{"not_picked":["Dash+1","Footwork"],"picked":"Wraith Form v2","floor":25.0},{"not_picked":["Die Die Die+1","Deadly Poison"],"picked":"Bane+1","floor":30.0},{"not_picked":["Deflect+1","Calculated Gamble"],"picked":"PiercingWail","floor":31.0},{"not_picked":["Burst","A Thousand Cuts"],"picked":"Wraith Form v2","floor":33.0},{"not_picked":["Underhanded Strike+1","Reflex","Dagger Throw+1"],"picked":"SKIP","floor":35.0},{"not_picked":["Dodge and Roll","Outmaneuver","Sucker Punch+1"],"picked":"SKIP","floor":37.0},{"not_picked":["Heel Hook+1","Riddle With Holes+1"],"picked":"Blade Dance+1","floor":38.0},{"not_picked":["Blade Dance","Deflect+1","Backflip"],"picked":"SKIP","floor":41.0},{"not_picked":["Bouncing Flask","Envenom","Flying Knee+1"],"picked":"SKIP","floor":44},{"not_picked":["Riddle With Holes+1","Slice+1"],"picked":"Bane+1","floor":45},{"not_picked":["Eviscerate+1","Backstab+1"],"picked":"Well Laid Plans+1","floor":46},{"not_picked":["Tools of the Trade","Flying Knee+1"],"picked":"Caltrops+1","floor":47},{"not_picked":["Dodge and Roll","Flying Knee+1","Choke+1"],"picked":"SKIP","floor":48}],"player_experience":13072,"relics_obtained":[{"floor":7.0,"key":"Torii"},{"floor":9.0,"key":"PreservedInsect"},{"floor":14.0,"key":"Thread and Needle"},{"floor":17.0,"key":"Bag of Marbles"},{"floor":17.0,"key":"Molten Egg 2"},{"floor":17.0,"key":"Pocketwatch"},{"floor":23.0,"key":"Happy Flower"},{"floor":25.0,"key":"Potion Belt"},{"floor":26.0,"key":"Matryoshka"},{"floor":29.0,"key":"Snake Skull"},{"floor":29.0,"key":"Whetstone"},{"floor":30.0,"key":"Omamori"},{"floor":43.0,"key":"Toy Ornithopter"},{"floor":43.0,"key":"The Specimen"},{"floor":44,"key":"Nunchaku"},{"floor":47,"key":"Eternal Feather"}],"event_choices":[{"damage_healed":0.0,"max_hp_gain":0.0,"max_hp_loss":0.0,"gold_gain":0.0,"event_name":"Scrap Ooze","player_choice":"Success","floor":2.0,"gold_loss":0.0,"damage_taken":12.0,"relics_obtained":["Boot"]},{"damage_healed":0.0,"max_hp_gain":0.0,"max_hp_loss":5.0,"gold_gain":0.0,"event_name":"Golden Idol","player_choice":"Lose Max HP","floor":4.0,"gold_loss":0.0,"damage_taken":0.0,"relics_obtained":["Golden Idol"]},{"damage_healed":0.0,"max_hp_gain":0.0,"max_hp_loss":0.0,"gold_gain":0.0,"event_name":"Lab","player_choice":"Got Potions","floor":12.0,"gold_loss":0.0,"damage_taken":0.0},{"damage_healed":0.0,"max_hp_gain":0.0,"max_hp_loss":0.0,"gold_gain":0.0,"event_name":"N\u0027loth","player_choice":"Ignored","floor":19.0,"gold_loss":0.0,"damage_taken":0.0},{"damage_healed":0.0,"max_hp_gain":0.0,"max_hp_loss":0.0,"gold_gain":0.0,"event_name":"Forgotten Altar","player_choice":"Gave Idol","floor":27.0,"relics_lost":["Golden Idol"],"gold_loss":0.0,"damage_taken":0.0,"relics_obtained":["Bloody Idol"]},{"cards_removed":["Heel Hook"],"damage_healed":0.0,"max_hp_gain":0.0,"max_hp_loss":0.0,"gold_gain":0.0,"event_name":"Falling","player_choice":"Removed Attack","floor":36.0,"gold_loss":0.0,"damage_taken":0.0}],"is_beta":false,"boss_relics":[{"not_picked":["Busted Crown","Runic Dome"],"picked":"Calling Bell"},{"not_picked":["WristBlade","HoveringKite"],"picked":"Philosopher\u0027s Stone"}],"items_purged_floors":[39,42],"is_endless":false,"potions_floor_spawned":[5,13,14,16,22,23,25,33,35,38,44,46],"ascension_level":1}}