{"host":"oiw60b5ins9fyx34","time":1610779731,"event":{"mods":["BaseMod","Colored Map","Colored Powertips","Minty Spire (QoL Compilation)","Permanent Neow","Quick Restart","Rare Cards Sparkle","Relic Stats","StSLib","The Cursed"],"gold_per_floor":[113,113,129,129,143,143,158,177,177,203,48,48,75,88,88,183,183,199,23,23,23,36,36,66,66,66,80,110,126,126,126,126,230,230,244,244,260,45,64,97,97,116,116,135,135,135],"floor_reached":45,"language":"JPN","playtime":6166,"items_purged":["Strike_G","Strike_G"],"score":600,"play_id":"11dc3a79-8ee5-4e2e-92c5-76e1a45dadca","local_time":"20210116154851","is_ascension_mode":true,"campfire_choices":[{"data":"Poisoned Stab","floor":6,"key":"SMITH"},{"floor":12,"key":"REST"},{"floor":15,"key":"REST"},{"data":"Noxious Fumes","floor":23,"key":"SMITH"},{"data":"Crippling Poison","floor":25,"key":"SMITH"},{"data":"Bouncing Flask","floor":30,"key":"SMITH"},{"data":"Neutralize","floor":32,"key":"SMITH"},{"data":"Night Terror","floor":41,"key":"SMITH"}],"circlet_count":0,"master_deck":["Strike_G","Strike_G","Strike_G","Defend_G","Defend_G","Defend_G","Defend_G","Defend_G","Survivor","Neutralize+1","Poisoned Stab+1","Catalyst+1","Bane","Heel Hook","Slice","Endless Agony","Noxious Fumes+1","PiercingWail","Corpse Explosion","Bouncing Flask+1","Crippling Poison+1","PiercingWail","Night Terror+1","Deadly Poison+1","Deadly Poison+1","Blur","Prepared+1","Sucker Punch+1","Terror+1"],"relics":["Ring of the Snake","Snake Skull","Tingsha","Eternal Feather","Question Card","Toy Ornithopter","Runic Pyramid","Du-Vu Doll","Pear","Sozu","Bag of Marbles","CaptainsWheel","Bottled Tornado"],"acts_visited":["Exordium","TheCity","TheBeyond"],"potions_floor_usage":[10,11,13,24,28,28,33],"damage_taken":[{"damage":7,"enemies":"Small Slimes","floor":1,"turns":4},{"damage":1,"enemies":"Cultist","floor":3,"turns":4},{"damage":0,"enemies":"2 Louse","floor":5,"turns":2},{"damage":8,"enemies":"Exordium Wildlife","floor":7,"turns":4},{"damage":14,"enemies":"Gremlin Gang","floor":8,"turns":5},{"damage":19,"enemies":"3 Sentries","floor":10,"turns":7},{"damage":18,"enemies":"Lagavulin","floor":13,"turns":4},{"damage":3,"enemies":"Blue Slaver","floor":14,"turns":2},{"damage":27,"enemies":"Slime Boss","floor":16,"turns":11},{"damage":24,"enemies":"Shell Parasite","floor":18,"turns":5},{"damage":8,"enemies":"3 Byrds","floor":22,"turns":4},{"damage":23,"enemies":"Book of Stabbing","floor":24,"turns":5},{"damage":1,"enemies":"Snake Plant","floor":27,"turns":3},{"damage":18,"enemies":"Gremlin Leader","floor":28,"turns":4},{"damage":15,"enemies":"Centurion and Healer","floor":29,"turns":4},{"damage":28,"enemies":"Champ","floor":33,"turns":4},{"damage":12,"enemies":"3 Darklings","floor":35,"turns":5},{"damage":13,"enemies":"3 Shapes","floor":37,"turns":3},{"damage":3,"enemies":"Maw","floor":39,"turns":3},{"damage":0,"enemies":"Nemesis","floor":40,"turns":5},{"damage":10,"enemies":"Transient","floor":42,"turns":5},{"damage":34,"enemies":"Spire Growth","floor":44,"turns":4},{"damage":23,"enemies":"3 Darklings","floor":45,"turns":1}],"seed_played":"-8298653810104509928","potions_obtained":[{"floor":3,"key":"SteroidPotion"},{"floor":10,"key":"EntropicBrew"},{"floor":13,"key":"Regen Potion"},{"floor":14,"key":"EntropicBrew"},{"floor":16,"key":"DuplicationPotion"},{"floor":29,"key":"DuplicationPotion"}],"is_trial":false,"path_per_floor":["M","?","M","?","M","R","M","M","T","E","$","R","E","M","R","B",null,"M","$","?","?","M","R","E","R","T","M","E","M","R","?","R","B",null,"M","?","M","$","M","E","R","M","T","M","M"],"character_chosen":"THE_SILENT","items_purchased":["Noxious Fumes","Crippling Poison","Blur","Bag of Marbles"],"campfire_rested":2,"item_purchase_floors":[11,19,38,38],"current_hp_per_floor":[63,51,50,50,50,50,42,28,28,9,9,39,21,18,48,21,70,46,46,46,40,32,44,26,38,38,37,39,24,36,36,48,25,80,68,68,55,55,52,52,67,57,57,23,0,0],"gold":135,"neow_bonus":"RANDOM_COMMON_RELIC","is_daily":false,"chose_seed":false,"campfire_upgraded":6,"win_rate":0.0,"timestamp":1610779731,"path_taken":["M","?","M","?","M","R","?","M","T","E","$","R","E","M","R","BOSS","M","$","?","?","?","R","E","R","T","M","E","M","R","?","R","BOSS","M","?","M","$","M","E","R","M","T","?","M"],"items_purchased_type":["Card","Card","Card","Relic"],"build_version":"2020-12-22","purchased_purges":2,"victory":false,"max_hp_per_floor":[70,70,70,70,70,70,70,70,70,70,70,70,70,70,70,70,70,70,70,70,70,70,70,70,70,70,70,80,80,80,80,80,80,80,80,80,80,80,80,80,80,80,80,80,80,80],"relic_stats":{"Sozu":3,"counters":[23,98],"Tingsha":[66],"Eternal Feather":81,"Snake Skull":[155],"Question Card":16,"obtain_stats":[{"Pear":28,"Tingsha":2,"Eternal Feather":9,"Snake Skull":0,"Bottled Tornado":43,"Question Card":10,"Du-Vu Doll":24,"Sozu":34,"CaptainsWheel":40,"Bag of Marbles":38,"Toy Ornithopter":13,"Ring of the Snake":0,"Runic Pyramid":17},{"Pear":14,"Tingsha":1,"Eternal Feather":5,"Snake Skull":0,"Bottled Tornado":21,"Question Card":6,"Du-Vu Doll":12,"Sozu":16,"CaptainsWheel":20,"Bag of Marbles":18,"Toy Ornithopter":7,"Ring of the Snake":0,"Runic Pyramid":9},{"Pear":64,"Tingsha":4,"Eternal Feather":19,"Snake Skull":0,"Bottled Tornado":93,"Question Card":26,"Du-Vu Doll":57,"Sozu":72,"CaptainsWheel":88,"Bag of Marbles":80,"Toy Ornithopter":30,"Ring of the Snake":0,"Runic Pyramid":43}],"Toy Ornithopter":20,"Ring of the Snake":[47]},"card_choices":[{"not_picked":["Outmaneuver","Dagger Spray"],"picked":"Poisoned Stab","floor":1},{"not_picked":["Flying Knee","Leg Sweep"],"picked":"Catalyst","floor":3},{"not_picked":["Acrobatics","Sucker Punch"],"picked":"Bane","floor":5},{"not_picked":["Riddle With Holes","Predator"],"picked":"Heel Hook","floor":7},{"not_picked":["Flying Knee","Accuracy"],"picked":"Slice","floor":8},{"not_picked":["Tactician","Bane"],"picked":"Endless Agony","floor":10},{"not_picked":["Setup","Outmaneuver","Skewer","Predator"],"picked":"SKIP","floor":13},{"not_picked":["Sucker Punch","Terror","Prepared"],"picked":"PiercingWail","floor":14},{"not_picked":["Envenom","Die Die Die","Phantasmal Killer"],"picked":"Corpse Explosion","floor":16},{"not_picked":["Underhanded Strike+1","Caltrops+1","Slice"],"picked":"Bouncing Flask","floor":18},{"not_picked":["Predator+1","Quick Slash","Underhanded Strike","Finisher"],"picked":"SKIP","floor":22},{"not_picked":["Terror","Reflex+1","Die Die Die"],"picked":"PiercingWail","floor":24},{"not_picked":["Blade Dance","All Out Attack","Prepared","Bane"],"picked":"SKIP","floor":27},{"not_picked":["Masterful Stab","Dodge and Roll","Endless Agony","Glass Knife"],"picked":"SKIP","floor":28},{"not_picked":["Dodge and Roll","Sucker Punch","Quick Slash","Dagger Spray"],"picked":"SKIP","floor":29},{"not_picked":["A Thousand Cuts","Envenom","Bullet Time"],"picked":"Night Terror","floor":33},{"not_picked":["Acrobatics","Crippling Poison","Dodge and Roll+1"],"picked":"Deadly Poison+1","floor":35},{"not_picked":["Slice","Expertise","Quick Slash+1"],"picked":"Deadly Poison+1","floor":37},{"not_picked":["Deflect","Bane","Setup+1"],"picked":"Prepared+1","floor":39},{"not_picked":["Underhanded Strike+1","Bane+1","Quick Slash+1"],"picked":"Sucker Punch+1","floor":40},{"not_picked":["Underhanded Strike","Backflip","Poisoned Stab"],"picked":"Terror+1","floor":44}],"player_experience":685619,"relics_obtained":[{"floor":9,"key":"Eternal Feather"},{"floor":10,"key":"Question Card"},{"floor":13,"key":"Toy Ornithopter"},{"floor":24,"key":"Du-Vu Doll"},{"floor":28,"key":"Pear"},{"floor":40,"key":"CaptainsWheel"},{"floor":43,"key":"Bottled Tornado"}],"event_choices":[{"damage_healed":0,"gold_gain":0,"player_choice":"Success","damage_taken":12,"relics_obtained":["Tingsha"],"max_hp_gain":0,"max_hp_loss":0,"event_name":"Scrap Ooze","floor":2,"gold_loss":0},{"damage_healed":0,"gold_gain":0,"player_choice":"Upgraded","damage_taken":0,"max_hp_gain":0,"max_hp_loss":0,"event_name":"Upgrade Shrine","floor":4,"gold_loss":0,"cards_upgraded":["Catalyst"]},{"damage_healed":0,"gold_gain":0,"player_choice":"Ignored","damage_taken":0,"max_hp_gain":0,"max_hp_loss":0,"event_name":"Ghosts","floor":20,"gold_loss":0},{"damage_healed":0,"gold_gain":0,"player_choice":"","damage_taken":6,"max_hp_gain":0,"max_hp_loss":0,"event_name":"Knowing Skull","floor":21,"potions_obtained":[],"gold_loss":0,"cards_obtained":[]},{"damage_healed":0,"gold_gain":0,"player_choice":"Ignored","damage_taken":0,"max_hp_gain":0,"max_hp_loss":0,"event_name":"Cursed Tome","floor":31,"gold_loss":0},{"damage_healed":0,"gold_gain":0,"player_choice":"Got Potions","damage_taken":0,"max_hp_gain":0,"max_hp_loss":0,"event_name":"Lab","floor":36,"gold_loss":0}],"is_beta":false,"boss_relics":[{"not_picked":["Fusion Hammer","Astrolabe"],"picked":"Runic Pyramid"},{"not_picked":["Pandora\u0027s Box","Runic Dome"],"picked":"Sozu"}],"items_purged_floors":[11,19],"is_endless":false,"potions_floor_spawned":[3,10,13,14,16,22,29,40,42],"killed_by":"3 Darklings","ascension_level":2}}