{"host":"dwqr8rfkubzfvfti","time":1610757325,"event":{"mods":["BaseMod","Colored Map","Colored Powertips","Minty Spire (QoL Compilation)","Rare Cards Sparkle","Relic Stats"],"gold_per_floor":[112,187,199,199,49,49,49,73,73,107,107,122,142,161,161,281,281,302,302,318,16,36,36,59,59,84,102,102,102],"floor_reached":28,"language":"ENG","playtime":977,"items_purged":[],"score":333,"play_id":"9d468e47-19c1-499b-9aad-9e4ded22ed4e","local_time":"20210115193525","is_ascension_mode":true,"campfire_choices":[{"floor":6,"key":"REST"},{"floor":11,"key":"REST"},{"data":"Noxious Fumes","floor":15,"key":"SMITH"},{"floor":23,"key":"REST"},{"floor":25,"key":"REST"}],"circlet_count":0,"master_deck":["AscendersBane","Strike_G","Strike_G","Strike_G+1","Strike_G","Strike_G","Defend_G","Defend_G","Defend_G","Defend_G","Defend_G","Survivor","Neutralize","Slice+1","Dagger Throw","Cloak And Dagger","Footwork","Sucker Punch","Blade Dance","Noxious Fumes+1","Footwork","Storm of Steel","Noxious Fumes+1","Underhanded Strike","Bane","Accuracy","Burst"],"relics":["Ring of the Snake","PreservedInsect","Golden Idol","StoneCalendar","Bag of Marbles","HoveringKite","Omamori","Anchor","Tiny Chest"],"acts_visited":["Exordium","TheCity"],"potions_floor_usage":[16,22],"damage_taken":[{"damage":8,"enemies":"2 Louse","floor":1,"turns":3},{"damage":0,"enemies":"Small Slimes","floor":3,"turns":3},{"damage":0,"enemies":"Cultist","floor":8,"turns":3},{"damage":16,"enemies":"Gremlin Nob","floor":10,"turns":4},{"damage":0,"enemies":"Exordium Thugs","floor":12,"turns":4},{"damage":0,"enemies":"3 Louse","floor":13,"turns":2},{"damage":3,"enemies":"2 Fungi Beasts","floor":14,"turns":3},{"damage":22,"enemies":"Hexaghost","floor":16,"turns":10},{"damage":19,"enemies":"3 Byrds","floor":18,"turns":5},{"damage":10,"enemies":"Shell Parasite","floor":20,"turns":5},{"damage":21,"enemies":"3 Cultists","floor":22,"turns":6},{"damage":19,"enemies":"Snake Plant","floor":24,"turns":5},{"damage":9,"enemies":"Centurion and Healer","floor":27,"turns":6},{"damage":37,"enemies":"Masked Bandits","floor":28,"turns":3}],"seed_played":"-5651598688564529051","potions_obtained":[{"floor":1,"key":"SmokeBomb"},{"floor":8,"key":"FairyPotion"},{"floor":14,"key":"FearPotion"},{"floor":16,"key":"BlessingOfTheForge"},{"floor":20,"key":"Fire Potion"},{"floor":24,"key":"Poison Potion"},{"floor":27,"key":"Ancient Potion"}],"is_trial":false,"path_per_floor":["M","?","M","?","$","R","?","M","T","E","R","M","M","M","R","B",null,"M","?","M","$","M","R","M","R","T","M","?"],"character_chosen":"THE_SILENT","items_purchased":["PreservedInsect","Omamori","Anchor"],"campfire_rested":4,"item_purchase_floors":[5,21,21],"current_hp_per_floor":[55,44,44,30,30,51,51,51,51,35,54,54,54,51,51,29,56,37,37,27,27,6,25,6,25,25,16,0,0],"gold":102,"neow_bonus":"THREE_CARDS","is_daily":false,"chose_seed":false,"campfire_upgraded":1,"win_rate":0.0,"timestamp":1610757325,"path_taken":["M","?","M","?","$","R","?","M","T","E","R","M","M","M","R","BOSS","M","?","M","$","M","R","?","R","T","M","?"],"items_purchased_type":["Relic","Relic","Relic"],"build_version":"2020-12-22","purchased_purges":0,"victory":false,"max_hp_per_floor":[70,70,70,70,70,70,65,65,65,65,65,65,65,65,65,65,65,65,65,65,65,65,65,65,65,65,65,65,65],"relic_stats":{"counters":[14,62],"Golden Idol":76,"HoveringKite":[12],"StoneCalendar":[52],"Tiny Chest":0,"PreservedInsect":23,"obtain_stats":[{"Anchor":21,"Golden Idol":7,"HoveringKite":17,"StoneCalendar":9,"Tiny Chest":26,"PreservedInsect":5,"Bag of Marbles":10,"Omamori":21,"Ring of the Snake":0},{"Anchor":10,"Golden Idol":2,"HoveringKite":8,"StoneCalendar":3,"Tiny Chest":12,"PreservedInsect":2,"Bag of Marbles":4,"Omamori":10,"Ring of the Snake":0},{"Anchor":42,"Golden Idol":6,"HoveringKite":32,"StoneCalendar":9,"Tiny Chest":53,"PreservedInsect":6,"Bag of Marbles":13,"Omamori":42,"Ring of the Snake":0}],"Ring of the Snake":[28]},"card_choices":[{"not_picked":["Escape Plan","Tactician"],"picked":"Slice","floor":0},{"not_picked":["Catalyst","Underhanded Strike"],"picked":"Dagger Throw","floor":1},{"not_picked":["Bane","All Out Attack"],"picked":"Cloak And Dagger","floor":3},{"not_picked":["Skewer","Distraction"],"picked":"Footwork","floor":8},{"not_picked":["Accuracy","Bane"],"picked":"Sucker Punch","floor":10},{"not_picked":["Venomology","Outmaneuver"],"picked":"Blade Dance","floor":12},{"not_picked":["Masterful Stab","Flying Knee"],"picked":"Noxious Fumes","floor":13},{"not_picked":["Flying Knee","PiercingWail"],"picked":"Footwork","floor":14},{"not_picked":["Malaise","Wraith Form v2"],"picked":"Storm of Steel","floor":16},{"not_picked":["Well Laid Plans+1","Footwork"],"picked":"Noxious Fumes+1","floor":18},{"not_picked":["Sucker Punch","Flechettes+1"],"picked":"Underhanded Strike","floor":20},{"not_picked":["Distraction","Deadly Poison"],"picked":"Bane","floor":22},{"not_picked":["Quick Slash","Concentrate"],"picked":"Accuracy","floor":24},{"not_picked":["Concentrate","Dagger Spray"],"picked":"Burst","floor":27}],"player_experience":487015,"relics_obtained":[{"floor":9,"key":"StoneCalendar"},{"floor":10,"key":"Bag of Marbles"},{"floor":26,"key":"Tiny Chest"}],"event_choices":[{"damage_healed":0,"gold_gain":75,"player_choice":"Gather Gold","damage_taken":11,"max_hp_gain":0,"max_hp_loss":0,"event_name":"World of Goop","floor":2,"gold_loss":0},{"damage_healed":0,"gold_gain":0,"player_choice":"Entered Light","damage_taken":14,"max_hp_gain":0,"max_hp_loss":0,"event_name":"Shining Light","floor":4,"gold_loss":0,"cards_upgraded":["Slice","Strike_G"]},{"damage_healed":0,"gold_gain":0,"player_choice":"Lose Max HP","damage_taken":0,"relics_obtained":["Golden Idol"],"max_hp_gain":0,"max_hp_loss":5,"event_name":"Golden Idol","floor":7,"gold_loss":0},{"damage_healed":0,"gold_gain":0,"player_choice":"0 cards matched","damage_taken":0,"max_hp_gain":0,"max_hp_loss":0,"event_name":"Match and Keep!","floor":19,"gold_loss":0,"cards_obtained":[]},{"damage_healed":0,"gold_gain":0,"player_choice":"Fought Bandits","damage_taken":0,"max_hp_gain":0,"max_hp_loss":0,"event_name":"Masked Bandits","floor":28,"gold_loss":0}],"is_beta":false,"boss_relics":[{"not_picked":["Calling Bell","Busted Crown"],"picked":"HoveringKite"}],"items_purged_floors":[],"is_endless":false,"potions_floor_spawned":[1,8,14,16,20,24,27],"killed_by":"Masked Bandits","ascension_level":10}}