{"host":"bplbr8uekuotory4","time":1610800745,"event":{"mods":["Act Like it!","BaseMod","Custom Start","Gensokyo","GungeonMod","Hermit","KinomotoSakuraMod(ƒæ÷Æ±æ”£)","Koishi","Marisa£®ÏF”Í°°ƒß¿Ì…≥£©","Minty Spire (QoL Compilation)","Prisma Mod","Quick Restart","Reimu£®≤©¿ˆ¡È√Œ£©","SOS£®Àπ∞Õ¥Ô÷Æ◊”£©","Spicy Shops","StSLib","TestMod","The Alterego","The Blackbeard","The Cursed","The Marked","The Mystic","The Runesmith","The Saiyan","The Servant 0.9.4","Yuri Mod","[IsaacMod]“‘»ˆº‚À˛","vexMod"],"gold_per_floor":[118,3,15,15,15,47,47,77,77,90,100,110,110,110,110],"floor_reached":13,"language":"ZHS","playtime":235,"items_purged":[],"score":144,"play_id":"5ad38a9f-8fbb-4c9d-99fa-0e7d41fb5eb6","local_time":"20210116203905","is_ascension_mode":true,"campfire_choices":[{"data":"blackbeard:Rum","floor":7,"key":"SMITH"}],"circlet_count":0,"master_deck":["blackbeard:BlackbeardStrike","blackbeard:BlackbeardStrike","blackbeard:BlackbeardStrike","blackbeard:BlackbeardStrike","blackbeard:IntimidatingStrike","blackbeard:BlackbeardDefend","blackbeard:BlackbeardDefend","blackbeard:BlackbeardDefend","blackbeard:BlackbeardDefend","blackbeard:Cutlass","blackbeard:InfiniteBarrage","blackbeard:TacticalRetreat","blackbeard:Rum+1","blackbeard:PirateEarring","blackbeard:CannonballSupply"],"relics":["blackbeard:LoadTheCannons","testmod-TestBox","HushsDoor","SteamSale","testmod-ArcanaOfDestiny","NeowsBlessing","DemoMod:WhiteGuonStone","vexMod:Cooldron","testmod-Antiphasic","Runesmith:Nanobots"],"acts_visited":["Exordium"],"potions_floor_usage":[8,11,13],"damage_taken":[{"damage":0,"enemies":"2 Louse","floor":1,"turns":1},{"damage":0,"enemies":"Small Slimes","floor":3,"turns":1},{"damage":0,"enemies":"Lagavulin","floor":6,"turns":1},{"damage":7,"enemies":"Gremlin Nob","floor":8,"turns":3},{"damage":0,"enemies":"Cultist","floor":10,"turns":2},{"damage":0,"enemies":"Gremlin Gang","floor":11,"turns":4},{"damage":5,"enemies":"Looter","floor":12,"turns":2},{"damage":0,"enemies":"3 Sentries","floor":13,"turns":3}],"seed_played":"-7952571033383255483","potions_obtained":[{"floor":1,"key":"DistilledChaos"},{"floor":10,"key":"EntropicBrew"},{"floor":11,"key":"EntropicBrew"}],"is_trial":false,"path_per_floor":["M","$","M","?","?","E","R","E","T","M","M","M","E"],"character_chosen":"BLACKBEARD_CLASS","items_purchased":["DemoMod:WhiteGuonStone","vexMod:Cooldron"],"campfire_rested":0,"item_purchase_floors":[2,2],"current_hp_per_floor":[75,75,75,75,75,75,75,68,68,68,68,63,63,63,63],"gold":110,"neow_bonus":"THREE_ENEMY_KILL","is_daily":false,"chose_seed":false,"campfire_upgraded":1,"win_rate":0.0,"timestamp":1610800745,"path_taken":["M","$","M","?","?","E","R","E","T","M","M","M","E"],"items_purchased_type":["Relic","Relic"],"build_version":"2020-12-22","purchased_purges":0,"victory":false,"max_hp_per_floor":[75,75,75,75,75,75,75,75,75,75,75,75,75,75,75],"card_choices":[{"not_picked":["blackbeard:Fencing","blackbeard:DeadlyArsenal"],"picked":"blackbeard:InfiniteBarrage","floor":1},{"not_picked":["blackbeard:DeadlyArsenal","blackbeard:AgileStrike"],"picked":"blackbeard:TacticalRetreat","floor":3},{"not_picked":["blackbeard:PowerHungry","blackbeard:CaptainsCabin"],"picked":"blackbeard:Rum","floor":6},{"not_picked":["blackbeard:ChaoticDefense","blackbeard:Scrap"],"picked":"blackbeard:PirateEarring","floor":8},{"not_picked":["blackbeard:TerrorOfTheSeas","blackbeard:WiseDefense","blackbeard:Sharpening"],"picked":"SKIP","floor":10},{"not_picked":["blackbeard:TerrorOfTheSeas","blackbeard:SwordDance"],"picked":"blackbeard:CannonballSupply","floor":11},{"not_picked":["blackbeard:GoldenStrike","blackbeard:Sword","blackbeard:Spear"],"picked":"SKIP","floor":12}],"player_experience":1209733,"relics_obtained":[{"floor":6,"key":"testmod-Antiphasic"},{"floor":8,"key":"Runesmith:Nanobots"}],"event_choices":[{"damage_healed":0,"gold_gain":0,"player_choice":"Ignored","damage_taken":0,"max_hp_gain":0,"max_hp_loss":0,"event_name":"blackbeard:GoldsmithEvent","floor":4,"gold_loss":0},{"damage_healed":0,"gold_gain":0,"player_choice":"Full Heal","damage_taken":0,"max_hp_gain":0,"max_hp_loss":0,"event_name":"Wheel of Change","floor":5,"gold_loss":0}],"is_beta":false,"boss_relics":[],"items_purged_floors":[],"is_endless":false,"potions_floor_spawned":[1,10,11],"killed_by":"3 Sentries","ascension_level":4}}