{"host":"2brg86hfzr3u5cix","time":1610782648,"event":{"mods":["AchievementEnabler","Ascension Unlocker","BaseMod","CapriCore","DeckTracker","Highlight Path","Keyboard Shortcuts","Minty Spire (QoL Compilation)","Permanent Neow","Relic Stats","StSLib","Twitch Utils","Uncapped","UnlockEverythingMod"],"gold_per_floor":[112,125,138,63,63,63,63],"floor_reached":6,"language":"KOR","playtime":237,"items_purged":["Defend_P"],"score":72,"play_id":"40d148e2-f1ce-4b6f-b693-cc0ab51da33a","local_time":"20210116163728","is_ascension_mode":true,"campfire_choices":[],"circlet_count":0,"master_deck":["AscendersBane","Strike_P","Strike_P","Strike_P","Strike_P","Defend_P","Defend_P","Defend_P","Eruption","Vigilance","Good Instincts","Consecrate","Vengeance"],"relics":["PureWater","Golden Idol"],"acts_visited":["Exordium"],"potions_floor_usage":[6],"damage_taken":[{"damage":0,"enemies":"Cultist","floor":1,"turns":3},{"damage":13,"enemies":"Small Slimes","floor":2,"turns":3},{"damage":7,"enemies":"Jaw Worm","floor":3,"turns":3},{"damage":49,"enemies":"Lagavulin","floor":6,"turns":3}],"seed_played":"72001486505695687","potions_obtained":[{"floor":3,"key":"AttackPotion"}],"is_trial":false,"path_per_floor":["M","M","M","$","?","E"],"character_chosen":"WATCHER","items_purchased":[],"campfire_rested":0,"item_purchase_floors":[],"current_hp_per_floor":[61,48,41,41,41,0,0],"gold":63,"neow_bonus":"RANDOM_COLORLESS","is_daily":false,"chose_seed":false,"campfire_upgraded":0,"win_rate":0.0,"timestamp":1610782648,"path_taken":["M","?","M","$","?","E"],"items_purchased_type":[],"build_version":"2020-12-22","purchased_purges":1,"victory":false,"max_hp_per_floor":[68,68,68,68,62,62,62],"relic_stats":{"counters":[4,12],"Golden Idol":0,"obtain_stats":[{"Golden Idol":5,"PureWater":0},{"Golden Idol":3,"PureWater":0},{"Golden Idol":9,"PureWater":0}]},"card_choices":[{"not_picked":["Trip","Forethought"],"picked":"Good Instincts","floor":0},{"not_picked":["FlurryOfBlows","FollowUp","ClearTheMind"],"picked":"SKIP","floor":1},{"not_picked":["ReachHeaven","Crescendo"],"picked":"Consecrate","floor":2},{"not_picked":["ThirdEye","BowlingBash"],"picked":"Vengeance","floor":3}],"player_experience":319720,"relics_obtained":[],"event_choices":[{"damage_healed":0,"gold_gain":0,"player_choice":"Lose Max HP","damage_taken":0,"relics_obtained":["Golden Idol"],"max_hp_gain":0,"max_hp_loss":6,"event_name":"Golden Idol","floor":5,"gold_loss":0}],"is_beta":false,"boss_relics":[],"items_purged_floors":[4],"is_endless":false,"potions_floor_spawned":[3],"killed_by":"Lagavulin","ascension_level":20}}