{"host":"ockkdcgl3b18tfz9","time":1610774537,"event":{"mods":["2.2 Compatiblity","BaseMod","Better Skull","Better Third Choice","BetterRewards","Hermit","Minty Spire (QoL Compilation)","Quick Restart","Replay The Spire","Spicy Shops","StSLib","SuperFastMode","The Jungle"],"gold_per_floor":[114,51,51,16,16,16,16,16,93,93,118,136,152,169,169,169,264,264,274,294,393,147,159,188,188,214,18,18,66,76,76,86,41,69,69,167,167,186,216,196,26,76,76,96,96,148,148,148,173,187,203,203,203,203,203,203,7,32,32],"floor_reached":60,"language":"ENG","playtime":1465,"items_purged":["Burn","Delirium"],"score":2588,"play_id":"395a439e-81ab-4351-9f69-df0964c96173","local_time":"20210116122217","is_ascension_mode":true,"campfire_choices":[{"data":"Blade Dance","floor":6.0,"key":"SMITH"},{"floor":8.0,"key":"RECALL"},{"data":"ReplayTheSpireMod:Scrap Shanks","floor":10.0,"key":"SMITH"},{"floor":15.0,"key":"REST"},{"data":"Catalyst","floor":16.0,"key":"SMITH"},{"floor":25.0,"key":"REST"},{"data":"Finisher","floor":31.0,"key":"SMITH"},{"data":"After Image","floor":35.0,"key":"SMITH"},{"data":"Wraith Form v2","floor":43.0,"key":"SMITH"},{"data":"Catalyst","floor":45.0,"key":"SMITH"},{"data":"Terror","floor":48.0,"key":"SMITH"},{"floor":52.0,"key":"REST"},{"data":"Leg Sweep","floor":53,"key":"SMITH"},{"floor":56,"key":"REST"}],"circlet_count":0,"master_deck":["Strike_G","Defend_G","Defend_G","Defend_G","Defend_G","Defend_G","Survivor","Neutralize","Dagger Spray+1","ReplayTheSpireMod:Scrap Shanks+1","Cloak And Dagger","PiercingWail","Blade Dance+1","Pot Of Greed","Pot Of Greed","Catalyst+1","Blade Dance","Deflect","Finisher+1","After Image+1","Backstab","Footwork+1","Pot Of Greed","Escape Plan","Infinite Blades","Backflip+1","Dagger Throw","Footwork+1","Terror+1","Leg Sweep+1","Catalyst+1","Concentrate+1","Well Laid Plans+1","Distraction+1","Cloak And Dagger","Pot Of Greed","Wraith Form v2+1","Leg Sweep+1","ReplayTheSpireMod:Shiv Toss+1","Blur+1","Backflip+1"],"relics":["Ring of the Snake","Basket Of Snakes","Membership Card","Regal Pillow","Onion Ring","Grinning Jar","ChewingGum","Ginger","Akabeko","Orichalcum","Pantograph","Boot","Replay:Towering Pillar of Hats","Potion Belt","Astrolabe","ReplayTheSpireMod:CursedCoin","Lee\u0027s Waffle","ReplayTheSpireMod:Lightbulb","Pen Nib","Replay:Baseball","Bronze Scales","Lizard Tail","ClockworkSouvenir","Anchor"],"acts_visited":["Exordium","TheCity","TheBeyond","TheEnding"],"potions_floor_usage":[59,59,59,59],"damage_taken":[{"damage":0.0,"enemies":"Cultist","floor":1.0,"turns":3.0},{"damage":30.0,"enemies":"Gremlin Nob","floor":11.0,"turns":4.0},{"damage":0.0,"enemies":"2 Louse","floor":12.0,"turns":2.0},{"damage":0.0,"enemies":"Small Slimes","floor":13.0,"turns":2.0},{"damage":1.0,"enemies":"Blue Slaver","floor":14.0,"turns":2.0},{"damage":8.0,"enemies":"Fading Forest","floor":17.0,"turns":11.0},{"damage":0.0,"enemies":"Spheric Guardian","floor":19.0,"turns":3.0},{"damage":16.0,"enemies":"Shell Parasite","floor":20.0,"turns":3.0},{"damage":0.0,"enemies":"Sentry and Sphere","floor":23.0,"turns":2.0},{"damage":3.0,"enemies":"Book of Stabbing","floor":24.0,"turns":2.0},{"damage":6.0,"enemies":"Slavers","floor":26.0,"turns":3.0},{"damage":6.0,"enemies":"Chosen and Byrds","floor":30.0,"turns":2.0},{"damage":0.0,"enemies":"Snake Plant","floor":32.0,"turns":1.0},{"damage":4.0,"enemies":"Book of Stabbing","floor":34.0,"turns":3.0},{"damage":14.0,"enemies":"Pondfish","floor":36.0,"turns":9.0},{"damage":4.0,"enemies":"Orb Walker","floor":38.0,"turns":2.0},{"damage":1.0,"enemies":"3 Shapes","floor":44.0,"turns":5.0},{"damage":0.0,"enemies":"Nemesis","floor":49.0,"turns":5.0},{"damage":10.0,"enemies":"3 Darklings","floor":50.0,"turns":4.0},{"damage":18.0,"enemies":"Writhing Mass","floor":51.0,"turns":5.0},{"damage":48,"enemies":"Time Eater","floor":54,"turns":13},{"damage":0,"enemies":"Shield and Spear","floor":58,"turns":6},{"damage":23,"enemies":"The Heart","floor":59,"turns":7}],"seed_played":"-9127696753565717444","potions_obtained":[{"floor":13.0,"key":"SpeedPotion"},{"floor":14.0,"key":"Toxic Potion"},{"floor":17.0,"key":"SpeedPotion"},{"floor":26.0,"key":"BlessingOfTheForge"},{"floor":30.0,"key":"EssenceOfSteel"},{"floor":34.0,"key":"Poison Potion"},{"floor":40.0,"key":"Fruit Juice"},{"floor":44.0,"key":"SkillPotion"},{"floor":50.0,"key":"Poison Potion"},{"floor":58,"key":"Swift Potion"}],"is_trial":false,"path_per_floor":["M","$","?","?","?","R","?","R","T","R","E","M","M","M","R","R","B",null,"M","M","?","$","M","E","R","E","$","T","T","M","R","M","$","E","R","B",null,"M","$","?","$","T","R","M","R","T","?","R","E","M","M","R","R","B",null,"R","$","E","B",null],"character_chosen":"THE_SILENT","items_purchased":["Membership Card","Dagger Spray+1","Regal Pillow","ReplayTheSpireMod:Scrap Shanks","PiercingWail","Blade Dance","Ginger","Escape Plan","Footwork+1","Pantograph","Terror","Replay:Towering Pillar of Hats","Leg Sweep","ReplayTheSpireMod:CursedCoin","Wraith Form v2","Lee\u0027s Waffle","ReplayTheSpireMod:Lightbulb","Lizard Tail","ClockworkSouvenir"],"campfire_rested":4,"item_purchase_floors":[0,0,0,0,2,2,22,22,27,27,27,33,33,39,39,41,41,57,57],"current_hp_per_floor":[40,40,40,57,70,70,63,63,63,63,33,33,33,32,68,68,60,68,68,52,52,52,52,49,70,64,64,64,64,58,58,58,58,54,54,56,67,63,63,68,82,82,82,81,81,81,81,81,81,71,53,82,82,34,70,82,82,82,59],"gold":32,"neow_bonus":"","is_daily":false,"chose_seed":false,"campfire_upgraded":9,"win_rate":0.0,"timestamp":1610774537,"path_taken":["M","$","?","?","?","R","?","R","T","R","E","M","M","?","R","R","BOSS","M","M","?","$","M","E","R","E","$","T","T","M","R","M","$","E","R","BOSS","M","$","?","$","?","R","M","R","T","?","R","E","M","M","R","R","BOSS","R","$","E","BOSS"],"items_purchased_type":["Relic","Card","Relic","Card","Card","Card","Relic","Card","Card","Relic","Card","Relic","Card","Relic","Card","Relic","Relic","Relic","Relic"],"build_version":"2020-12-22","purchased_purges":2,"victory":true,"max_hp_per_floor":[70,70,70,70,70,70,70,70,70,70,70,70,70,70,70,70,70,70,70,70,70,70,70,70,70,70,70,70,70,70,70,70,70,70,70,70,70,70,70,75,82,82,82,82,82,82,82,82,82,82,82,82,82,82,82,82,82,82,82],"card_choices":[{"not_picked":["Prepared","Bane"],"picked":"Cloak And Dagger","floor":1.0},{"not_picked":["Sneak Up","Slice"],"picked":"Catalyst","floor":11.0},{"not_picked":["PiercingWail","Flechettes"],"picked":"Blade Dance","floor":12.0},{"not_picked":["Dagger Spray","Reflex"],"picked":"Deflect","floor":13.0},{"not_picked":["Deflect","Outmaneuver"],"picked":"Finisher","floor":14.0},{"not_picked":["Envenom","ReplayTheSpireMod:From All Sides"],"picked":"After Image","floor":17.0},{"not_picked":["Footwork","Dagger Spray"],"picked":"Backstab","floor":19.0},{"not_picked":["Slice","Acrobatics+1"],"picked":"Footwork+1","floor":20.0},{"not_picked":["Endless Agony","Deflect+1"],"picked":"Infinite Blades","floor":23.0},{"not_picked":["Venomology","Draining Mist"],"picked":"Backflip+1","floor":24.0},{"not_picked":["Finisher","Underhanded Strike"],"picked":"Dagger Throw","floor":26.0},{"not_picked":["Dagger Spray+1","Concentrate","Quick Slash+1"],"picked":"SKIP","floor":30.0},{"not_picked":["Reflex","Deadly Poison","Toxin Wave+1"],"picked":"SKIP","floor":32.0},{"not_picked":["Sucker Punch","Poison Darts"],"picked":"Catalyst","floor":34.0},{"not_picked":["Deadly Poison","Setup+1"],"picked":"Cloak And Dagger","floor":38.0},{"not_picked":["Slice+1","Flying Knee"],"picked":"Leg Sweep+1","floor":44.0},{"not_picked":["Setup+1","Prepared","Grand Finale"],"picked":"SKIP","floor":49.0},{"not_picked":["Quick Slash","PiercingWail+1"],"picked":"ReplayTheSpireMod:Shiv Toss+1","floor":50.0},{"not_picked":["ReplayTheSpireMod:Exploit Weakness+1","Backflip"],"picked":"Blur+1","floor":51.0},{"not_picked":["Skewer+1","Deadly Poison"],"picked":"Backflip+1","floor":58}],"player_experience":278658,"relics_obtained":[{"floor":9.0,"key":"Onion Ring"},{"floor":11.0,"key":"Grinning Jar"},{"floor":24.0,"key":"Akabeko"},{"floor":26.0,"key":"Orichalcum"},{"floor":29.0,"key":"Boot"},{"floor":34.0,"key":"Potion Belt"},{"floor":42.0,"key":"Pen Nib"},{"floor":46.0,"key":"Replay:Baseball"},{"floor":49.0,"key":"Bronze Scales"},{"floor":58,"key":"Anchor"}],"event_choices":[{"damage_healed":40.0,"max_hp_gain":0.0,"max_hp_loss":70.0,"gold_gain":0.0,"event_name":"betterThird:BetterShining","player_choice":"Embrace Burn","floor":3.0,"gold_loss":0.0,"damage_taken":0.0},{"damage_healed":17.0,"max_hp_gain":0.0,"max_hp_loss":0.0,"gold_gain":0.0,"event_name":"The Cleric","player_choice":"Healed","floor":4.0,"gold_loss":35.0,"damage_taken":0.0},{"damage_healed":23.0,"max_hp_gain":0.0,"max_hp_loss":0.0,"gold_gain":0.0,"event_name":"Big Fish","player_choice":"Banana","floor":5.0,"gold_loss":0.0,"damage_taken":0.0},{"cards_removed":["Strike_G"],"damage_healed":0.0,"max_hp_gain":0.0,"max_hp_loss":0.0,"gold_gain":0.0,"event_name":"Golden Wing","player_choice":"Card Removal","floor":7.0,"gold_loss":0.0,"damage_taken":7.0},{"damage_healed":0.0,"max_hp_gain":0.0,"max_hp_loss":0.0,"gold_gain":99.0,"event_name":"betterThird:BetterNest","player_choice":"Steal","floor":21.0,"gold_loss":0.0,"damage_taken":0.0},{"damage_healed":0.0,"max_hp_gain":0.0,"max_hp_loss":0.0,"gold_gain":0.0,"event_name":"The Woman in Blue","player_choice":"Bought 1 Potion","floor":40.0,"gold_loss":0.0,"damage_taken":0.0},{"damage_healed":0.0,"max_hp_gain":0.0,"max_hp_loss":0.0,"gold_gain":0.0,"event_name":"SensoryStone","player_choice":"Memory 1","floor":47.0,"gold_loss":0.0,"damage_taken":0.0}],"is_beta":false,"boss_relics":[{"not_picked":["Kintsugi","Replay:Bronze Core"],"picked":"ChewingGum"},{"not_picked":["Ring of Chaos","Replay:Fungal Core"],"picked":"Astrolabe"}],"items_purged_floors":[22,39],"is_endless":false,"potions_floor_spawned":[13,14,17,26,30,32,34,44,50,58],"ascension_level":9}}