{"host":"f5h077e5av00giy4","time":1610772031,"event":{"mods":["100% Spire Juice","Act Like it!","Aspiration","BaseMod","Colored Powertips","Conspire","Decade(王小明)","Hermit","Hunter 猎人","KinomotoSakuraMod(木之本樱)","Koishi","KomeijiMod","Marisa（F雨　魔理沙）","Marked Mod","Minty Spire (QoL Compilation)","MostiFishMod","Pale of the Ancients","Quick Restart","Reimu（博丽灵梦）","Relic Stats","Remilia（蕾米莉亚）","Replay The Spire","RumiaBox-露米娅的神秘盒子","SOS（斯巴达之子）","Shop Mod","Spicy Shops","StSLib","TestMod","The Blackbeard","The Gatherer","The Mystic","The Poker Player","The Runesmith","The Servant 0.9.4","Yakumo Yukari mod","Youmu（魂魄妖梦）","Yuri Mod","Yuyuko","noobMod","vexMod","【功能Mod】聪明的最终Boss","【遗物卡牌】REMEMod","篝火指南"],"gold_per_floor":[411,411,411,192,269,188,217,250,298,330,350,381,402,431,95,171,171,218,218,218,236,310,343,369,644,644,681,717,746,399,460,469,556,556,579,625,654,654,696,737,509,509,509,183,226,276,318,152,222,338,468,468,496,323,332,58,88,132,173,217,217,265,265,308,333,323,141,227,227,252,252,276,321,248,296,296,446,494,39,78,120,162,185,126,213,222,254,302,346,425,235,235,98,122,181,219,305,252,360,406,351,1179,1443,1443,1443],"floor_reached":104,"language":"ZHS","playtime":5622,"items_purged":["Poor:ReiMu","Regret"],"score":7794,"play_id":"45b163b7-a1aa-4dd3-8753-8c3178bc35b2","local_time":"20210116124031","daily_mods":["Heirloom","Flight","DeadlyEvents","Elite Swarm"],"is_ascension_mode":true,"campfire_choices":[{"data":"MostiFishMod:FlyOverUtopia","floor":32.0,"key":"SMITH"},{"data":"REME_Flogging+1","floor":76.0,"key":"SMITH"}],"circlet_count":0,"master_deck":["AscendersBane","Strike_R","Strike_R","Strike_R+1","Strike_R","Strike_R","Defend_R","Defend_R+1","Defend_R","Defend_R","Bash","MostiFishMod:Disappear","MostiFishMod:RacingGame","MostiFishMod:DarkDeal","Demon Form+1","REME_TheLastStrike","Reaper","REME_Fury+1","Hemogenesis","MostiFishMod:PerfectStrikeMKII","Barricade","MostiFishMod:FireWorks+1","MostiFishMod:CullingBlade","MostiFishMod:FlyOverUtopia+1","Thunderclap","Rupture","Replay:Many Hands","MostiFishMod:WingOfPhoenix","ReplayTheSpireMod:Strike From Hell+1","MostiFishMod:KnuckleDown","MostiFishMod:HellRitual","REME_FearOfPain","MostiFishMod:PerfectForm","REME_ACTH","MostiFishMod:404NotFound","MostiFishMod:Chiaki+1","Demonic Infusion+1","MostiFishMod:UltimateDefense+1","MostiFishMod:FireWorks+1","Replay:Undeath\u0027s Touch","MostiFishMod:ChineseTea+1","MostiFishMod:RainCloud+1","MostiFishMod:OrdinaryWorld+1","conspire:Purge+1","Brutality+1","REME_Flogging+2","MostiFishMod:Mania+1","Fire Breathing","Infernal Blade","Double Tap+1","Limit Break+1","Feed+1","Corruption+1","Juggernaut+1","Pummel","Berserk+1","CurseOfTheBell","Rage+1","MostiFishMod:Chiaki+1","Offering+1","MostiFishMod:RacingGame+1","REME_Scribble","Limit Break+1","Exhume+1","Feel No Pain","Hemogenesis+1","Impervious+1","Feed+1","MostiFishMod:404NotFound+1","Perfected Strike+1","conspire:HitWhereItHurts+1","Juggernaut+1"],"relics":["Black Blood","ice","DaveBox","testmod-TestBox","REME_ComplimentaryCards","testmod-EqualTreatment","JellyFishMachine","SynthV:TestCard","YidongShenshe:ReiMu","MerchantsRug","Runesmith:AutoHammer","testmod-Acrobat","Tiny Chest","Quantum Egg","aspiration:FetidBarrel","Lantern","MostiFishMod:AdaptiveDefenses","conspire:TreasureMap","Replay:Drink Me","aspiration:RitualStick","aspiration:FrozenJewel","KyoryuNoHagoromo","Paper Frog","OriginationStaff","testmod-Brilliant","testmod-ObsoleteBoomerang","Bag of Preparation","CeramicFish","Mastiff:ReiMu","ReplayTheSpireMod:Lightbulb","conspire:InfiniteJournal","Turnip","aspiration:Lifesprig","Ornamental Fan","Golden Egg","Civilization","GuanYuAspect","ice","GodSword4","Ccalipers","Guide Book","Runic Cube","aspiration:ChemicalBlood","ReplayTheSpireMod:CursedCoin","The Courier","BionicSphere","testmod-Antiphasic","Calling Bell","testmod-AssaultLearning","vexMod:HeadHunter","REME_PuzzleBoxRelic","Bronze Scales","conspire:TopHat","Replay:Wax Seal","Replay:Bandana","Membership Card","RhineFirstAidKit","ice"],"acts_visited":["Exordium","TheCity","TheBeyond","Exordium","TheCity","TheBeyond","Exordium"],"potions_floor_usage":[],"damage_taken":[{"damage":8.0,"enemies":"2 Louse","floor":1.0,"turns":2.0},{"damage":26.0,"enemies":"Lagavulin","floor":7.0,"turns":7.0},{"damage":5.0,"enemies":"3 Sentries","floor":8.0,"turns":5.0},{"damage":0.0,"enemies":"Gremlin Nob","floor":10.0,"turns":2.0},{"damage":0.0,"enemies":"Jaw Worm","floor":11.0,"turns":2.0},{"damage":5.0,"enemies":"3 Sentries","floor":12.0,"turns":4.0},{"damage":0.0,"enemies":"Small Slimes","floor":13.0,"turns":2.0},{"damage":20.0,"enemies":"Lagavulin","floor":14.0,"turns":5.0},{"damage":5.0,"enemies":"Slime Boss","floor":16.0,"turns":6.0},{"damage":5.0,"enemies":"Shell Parasite","floor":18.0,"turns":3.0},{"damage":11.0,"enemies":"3 Byrds","floor":21.0,"turns":2.0},{"damage":33.0,"enemies":"Gremlin Leader","floor":23.0,"turns":6.0},{"damage":0.0,"enemies":"Slavers","floor":24.0,"turns":2.0},{"damage":16.0,"enemies":"Gremlin Leader","floor":27.0,"turns":7.0},{"damage":16.0,"enemies":"Book of Stabbing","floor":28.0,"turns":3.0},{"damage":0.0,"enemies":"conspire:Head Lice","floor":29.0,"turns":1.0},{"damage":13.0,"enemies":"Automaton","floor":33.0,"turns":3.0},{"damage":9.0,"enemies":"3 Darklings","floor":35.0,"turns":1.0},{"damage":5.0,"enemies":"Orb Walker","floor":37.0,"turns":3.0},{"damage":8.0,"enemies":"Nemesis","floor":39.0,"turns":3.0},{"damage":6.0,"enemies":"Reptomancer","floor":40.0,"turns":1.0},{"damage":8.0,"enemies":"R_Hoarder","floor":45.0,"turns":3.0},{"damage":8.0,"enemies":"Nemesis","floor":46.0,"turns":1.0},{"damage":8.0,"enemies":"R_Hoarder","floor":47.0,"turns":2.0},{"damage":24.0,"enemies":"Time Eater","floor":50.0,"turns":10.0},{"damage":42.0,"enemies":"Awakened One","floor":51.0,"turns":8.0},{"damage":0.0,"enemies":"Small Slimes","floor":53.0,"turns":1.0},{"damage":4.0,"enemies":"2 Louse","floor":57.0,"turns":1.0},{"damage":4.0,"enemies":"Lagavulin","floor":58.0,"turns":2.0},{"damage":8.0,"enemies":"Gremlin Nob","floor":59.0,"turns":1.0},{"damage":4.0,"enemies":"3 Sentries","floor":60.0,"turns":1.0},{"damage":8.0,"enemies":"Lagavulin","floor":62.0,"turns":1.0},{"damage":9.0,"enemies":"3 Sentries","floor":64.0,"turns":1.0},{"damage":4.0,"enemies":"Slime Boss","floor":68.0,"turns":1.0},{"damage":4.0,"enemies":"Chosen","floor":70.0,"turns":1.0},{"damage":0.0,"enemies":"Spheric Guardian","floor":72.0,"turns":1.0},{"damage":9.0,"enemies":"Book of Stabbing","floor":73.0,"turns":1.0},{"damage":9.0,"enemies":"Gremlin Leader","floor":75.0,"turns":1.0},{"damage":17.0,"enemies":"Book of Stabbing","floor":78.0,"turns":1.0},{"damage":4.0,"enemies":"Slavers","floor":80.0,"turns":1.0},{"damage":4.0,"enemies":"Book of Stabbing","floor":81.0,"turns":1.0},{"damage":4.0,"enemies":"Slavers","floor":82.0,"turns":1.0},{"damage":5.0,"enemies":"Snake Plant","floor":83.0,"turns":2.0},{"damage":8.0,"enemies":"conspire:MysteriousRune","floor":85.0,"turns":1.0},{"damage":4.0,"enemies":"Orb Walker","floor":87.0,"turns":1.0},{"damage":4.0,"enemies":"R_Hoarder","floor":88.0,"turns":1.0},{"damage":4.0,"enemies":"Reptomancer","floor":89.0,"turns":1.0},{"damage":4.0,"enemies":"3 Darklings","floor":94.0,"turns":1.0},{"damage":9.0,"enemies":"R_Hoarder","floor":95.0,"turns":3.0},{"damage":9.0,"enemies":"Transient","floor":96.0,"turns":2.0},{"damage":10.0,"enemies":"Reptomancer","floor":97.0,"turns":1.0},{"damage":10,"enemies":"Nemesis","floor":99,"turns":1},{"damage":9,"enemies":"Maw","floor":100,"turns":1},{"damage":11,"enemies":"Donu and Deca","floor":102,"turns":5},{"damage":38,"enemies":"Replay:Hell Engine","floor":103,"turns":2}],"seed_played":"3290279864803458212","potions_obtained":[{"floor":1.0,"key":"DistilledChaos"},{"floor":10.0,"key":"Elixir"},{"floor":14.0,"key":"Fire Potion"},{"floor":16.0,"key":"REME_GoldPotion"},{"floor":21.0,"key":"Explosive Potion"},{"floor":29.0,"key":"REME_GoldPotion"},{"floor":31.0,"key":"Explosive Potion"},{"floor":35.0,"key":"testmod-TimePotion"},{"floor":47.0,"key":"ColorlessPotion"},{"floor":57.0,"key":"RedTea"},{"floor":58.0,"key":"Explosive Potion"},{"floor":59.0,"key":"Strength Potion"},{"floor":71.0,"key":"EntropicBrew"},{"floor":78.0,"key":"AttackPotion"},{"floor":81.0,"key":"UndeadPotion"},{"floor":82.0,"key":"Strength Potion"},{"floor":83.0,"key":"ElixirPotion"},{"floor":89.0,"key":"Dexterity Potion"},{"floor":94.0,"key":"REME_GoldPotion"},{"floor":95.0,"key":"Regen Potion"},{"floor":96.0,"key":"LifebloodPotion"},{"floor":100,"key":"BloodPotion"},{"floor":103,"key":"LifebloodPotion"}],"is_trial":true,"path_per_floor":["M","?","?","$","?","R","E","E","T","E","M","E","M","E","R","B",null,"M","$","?","M","T","E","E","?","T","E","E","E","$","?","R","B",null,"M","T","M","?","E","E","R","T","T","$","E","E","E","$","R","B","B",null,"M","$","?","$","M","E","E","E","T","E","?","E","T","$","R","B",null,"M","?","M","E","$","E","R","$","E","R","E","E","E","M","R","B",null,"M","E","E","$","$","R","$","M","E","M","E","$","E","M","R","B","B",null],"character_chosen":"IRONCLAD","items_purchased":["MerchantsRug","Runesmith:AutoHammer","MostiFishMod:AdaptiveDefenses","conspire:TreasureMap","Bag of Preparation","CeramicFish","Potion Belt","conspire:InfiniteJournal","REME_FearOfPain","HornCleat","MostiFishMod:PerfectForm","Civilization","vexMod:Spyglass","GodSword4","Guide Book","REME_Flogging","aspiration:ChemicalBlood","ReplayTheSpireMod:CursedCoin","The Courier","BionicSphere","testmod-Antiphasic","REME_PuzzleBoxRelic","Bronze Scales","conspire:TopHat","Replay:Wax Seal","Replay:Bandana","Membership Card"],"campfire_rested":0,"item_purchase_floors":[4,6,15,15,30,30,41,41,41,44,44,48,54,56,66,67,74,77,79,79,84,91,91,93,93,98,101],"current_hp_per_floor":[66,43,43,43,43,43,23,24,24,30,36,37,43,29,29,75,57,57,57,43,38,38,34,40,40,40,41,57,57,57,39,39,32,51,54,54,57,57,57,57,57,57,57,57,57,57,57,57,57,54,59,30,33,33,33,33,38,43,48,53,53,58,58,63,63,63,63,68,69,73,73,78,83,83,88,88,88,93,93,98,103,108,113,113,118,119,123,128,133,133,133,133,133,138,143,148,155,155,160,165,165,174,179,180,180],"gold":1443,"neow_bonus":"","is_daily":false,"chose_seed":false,"campfire_upgraded":2,"win_rate":0.0,"timestamp":1610772031,"path_taken":["M","?","?","$","?","R","E","E","T","E","M","E","?","E","R","BOSS","M","$","?","?","?","E","E","?","T","E","?","E","$","?","R","BOSS","M","?","?","?","?","E","R","?","T","?","E","E","E","$","R","BOSS","BOSS","M","$","?","?","?","E","E","E","T","E","?","E","?","$","R","BOSS","M","?","?","?","$","E","R","$","E","R","E","?","E","?","R","BOSS","M","?","?","$","$","R","?","?","E","M","E","$","E","M","R","BOSS","BOSS"],"items_purchased_type":["Relic","Relic","Relic","Relic","Relic","Relic","Relic","Relic","Card","Relic","Card","Relic","Relic","Relic","Relic","Card","Relic","Relic","Relic","Relic","Relic","Relic","Relic","Relic","Relic","Relic","Relic"],"build_version":"2020-12-22","purchased_purges":2,"victory":false,"max_hp_per_floor":[75,75,75,75,75,75,75,75,75,75,75,75,75,75,75,75,57,57,57,57,57,57,57,57,57,57,57,57,57,57,57,57,57,57,57,57,57,57,57,57,57,57,57,57,57,57,57,57,57,54,59,30,35,35,35,35,40,45,50,55,55,60,60,65,65,65,65,70,70,75,75,80,85,85,90,90,90,95,95,100,105,110,115,115,120,120,125,130,135,135,135,135,135,140,145,150,157,157,162,167,167,176,181,181,181],"relic_stats":{"counters":[55,133],"Ornamental Fan":[252],"CeramicFish":468,"Bronze Scales":[19],"Black Blood":159,"Tiny Chest":5,"Turnip":[6],"Bag of Preparation":[78],"obtain_stats":[{"Golden Egg":47,"CeramicFish":30,"MostiFishMod:AdaptiveDefenses":15,"ice":0,"aspiration:RitualStick":20,"Old Coin":0,"HornCleat":44,"RhineFirstAidKit":104,"GuanYuAspect":52,"Mastiff:ReiMu":31,"Ccalipers":61,"Replay:Wax Seal":93,"Runic Cube":69,"MerchantsRug":4,"conspire:TreasureMap":15,"testmod-TestBox":0,"ReplayTheSpireMod:CursedCoin":77,"aspiration:FrozenJewel":22,"testmod-Acrobat":7,"BionicSphere":79,"Bronze Scales":91,"OriginationStaff":27,"GodSword4":56,"conspire:Flyswatter":40,"Lantern":14,"aspiration:Lifesprig":43,"Replay:PocketPolymizer":24,"DaveBox":0,"testmod-EqualTreatment":0,"Black Blood":34,"Blue Doll":65,"Bag of Preparation":30,"vexMod:Spyglass":54,"Burning Blood":0,"conspire:TopHat":93,"conspire:InfiniteJournal":41,"testmod-Brilliant":28,"Civilization":48,"Replay:Bandana":98,"Tiny Chest":9,"testmod-ObsoleteBoomerang":29,"Replay:Drink Me":17,"Paper Frog":26,"aspiration:ChemicalBlood":74,"Potion Belt":41,"JellyFishMachine":0,"aspiration:FetidBarrel":12,"Quantum Egg":10,"Guide Book":66,"The Courier":79,"Omamori":36,"KyoryuNoHagoromo":23,"Calling Bell":86,"testmod-Antiphasic":84,"SynthV:TestCard":1,"Ornamental Fan":45,"testmod-AssaultLearning":86,"vexMod:HeadHunter":86,"Turnip":42,"YidongShenshe:ReiMu":3,"Runesmith:AutoHammer":6,"Membership Card":101,"REME_PuzzleBoxRelic":91,"ReplayTheSpireMod:Lightbulb":39,"REME_ComplimentaryCards":0},{"Golden Egg":24,"CeramicFish":16,"MostiFishMod:AdaptiveDefenses":8,"ice":0,"aspiration:RitualStick":10,"Old Coin":0,"HornCleat":21,"RhineFirstAidKit":55,"GuanYuAspect":26,"Mastiff:ReiMu":16,"Ccalipers":31,"Replay:Wax Seal":47,"Runic Cube":34,"MerchantsRug":1,"conspire:TreasureMap":8,"testmod-TestBox":0,"ReplayTheSpireMod:CursedCoin":38,"aspiration:FrozenJewel":11,"testmod-Acrobat":2,"BionicSphere":39,"Bronze Scales":47,"OriginationStaff":14,"GodSword4":27,"conspire:Flyswatter":21,"Lantern":8,"aspiration:Lifesprig":21,"Replay:PocketPolymizer":13,"DaveBox":0,"testmod-EqualTreatment":0,"Black Blood":17,"Blue Doll":33,"Bag of Preparation":16,"vexMod:Spyglass":27,"Burning Blood":0,"conspire:TopHat":47,"conspire:InfiniteJournal":21,"testmod-Brilliant":15,"Civilization":24,"Replay:Bandana":51,"Tiny Chest":3,"testmod-ObsoleteBoomerang":16,"Replay:Drink Me":9,"Paper Frog":13,"aspiration:ChemicalBlood":37,"Potion Belt":21,"JellyFishMachine":0,"aspiration:FetidBarrel":6,"Quantum Egg":4,"Guide Book":33,"The Courier":39,"Omamori":18,"KyoryuNoHagoromo":12,"Calling Bell":44,"testmod-Antiphasic":43,"SynthV:TestCard":1,"Ornamental Fan":22,"testmod-AssaultLearning":44,"vexMod:HeadHunter":44,"Turnip":21,"YidongShenshe:ReiMu":1,"Runesmith:AutoHammer":1,"Membership Card":53,"REME_PuzzleBoxRelic":47,"ReplayTheSpireMod:Lightbulb":20,"REME_ComplimentaryCards":0},{"Golden Egg":76,"CeramicFish":59,"MostiFishMod:AdaptiveDefenses":29,"ice":0,"aspiration:RitualStick":38,"Old Coin":0,"HornCleat":70,"RhineFirstAidKit":133,"GuanYuAspect":94,"Mastiff:ReiMu":59,"Ccalipers":100,"Replay:Wax Seal":117,"Runic Cube":103,"MerchantsRug":2,"conspire:TreasureMap":29,"testmod-TestBox":0,"ReplayTheSpireMod:CursedCoin":107,"aspiration:FrozenJewel":40,"testmod-Acrobat":9,"BionicSphere":108,"Bronze Scales":117,"OriginationStaff":55,"GodSword4":95,"conspire:Flyswatter":70,"Lantern":29,"aspiration:Lifesprig":70,"Replay:PocketPolymizer":48,"DaveBox":0,"testmod-EqualTreatment":0,"Black Blood":62,"Blue Doll":102,"Bag of Preparation":59,"vexMod:Spyglass":95,"Burning Blood":0,"conspire:TopHat":117,"conspire:InfiniteJournal":70,"testmod-Brilliant":58,"Civilization":76,"Replay:Bandana":124,"Tiny Chest":14,"testmod-ObsoleteBoomerang":59,"Replay:Drink Me":35,"Paper Frog":48,"aspiration:ChemicalBlood":106,"Potion Belt":70,"JellyFishMachine":0,"aspiration:FetidBarrel":22,"Quantum Egg":16,"Guide Book":102,"The Courier":108,"Omamori":63,"KyoryuNoHagoromo":46,"Calling Bell":114,"testmod-Antiphasic":113,"SynthV:TestCard":2,"Ornamental Fan":73,"testmod-AssaultLearning":114,"vexMod:HeadHunter":114,"Turnip":70,"YidongShenshe:ReiMu":2,"Runesmith:AutoHammer":2,"Membership Card":126,"REME_PuzzleBoxRelic":117,"ReplayTheSpireMod:Lightbulb":69,"REME_ComplimentaryCards":0}],"aspiration:RitualStick":[4],"Runic Cube":[46]},"card_choices":[{"not_picked":["Clash","Heavy Blade"],"picked":"Warcry","floor":1.0},{"not_picked":["Hemogenesis","REME_TheLastStrike","MostiFishMod:WingOfPhoenix","conspire:HitWhereItHurts"],"picked":"MostiFishMod:RacingGame","floor":7.0},{"not_picked":["Offering","MostiFishMod:NewArrival","Juggernaut","Limit Break"],"picked":"MostiFishMod:DarkDeal","floor":8.0},{"not_picked":["Corruption","Barricade","REME_Fury","Impervious"],"picked":"Demon Form","floor":10.0},{"not_picked":["ReplayReversal","Armaments","ReplayTheSpireMod:Strike From Hell","Clash"],"picked":"Iron Wave","floor":11.0},{"not_picked":["MostiFishMod:RacingGame","Demonic Infusion","Fiend Fire","Bludgeon"],"picked":"REME_TheLastStrike","floor":12.0},{"not_picked":["Seeing Red","Rampage","Burning Pact","Warcry"],"picked":"Replay:Undeath\u0027s Touch","floor":13.0},{"not_picked":["MostiFishMod:NewArrival","REME_TheLastStrike","MostiFishMod:DarkDeal","Berserk"],"picked":"Reaper","floor":14.0},{"not_picked":["Immolate","MostiFishMod:RainCloud","Bludgeon","MostiFishMod:NewArrival"],"picked":"REME_Fury","floor":16.0},{"not_picked":["Havoc","Clash","Disarm+1","Armaments"],"picked":"Hemogenesis","floor":18.0},{"not_picked":["Anger","Warcry","Armaments","Wild Strike"],"picked":"Body Slam","floor":21.0},{"not_picked":["Corruption","Bludgeon","Replay:Many Hands","conspire:Purge"],"picked":"MostiFishMod:PerfectStrikeMKII","floor":23.0},{"not_picked":["Bludgeon","REME_Fury","Offering","MostiFishMod:UltimateDefense"],"picked":"Barricade","floor":24.0},{"not_picked":["Bludgeon","MostiFishMod:OrdinaryWorld","MostiFishMod:NewArrival","MostiFishMod:PerfectStrikeMKII"],"picked":"MostiFishMod:FireWorks","floor":27.0},{"not_picked":["MostiFishMod:RainCloud","Demon Form","conspire:HitWhereItHurts","MostiFishMod:PerfectStrikeMKII"],"picked":"MostiFishMod:CullingBlade","floor":28.0},{"not_picked":["MostiFishMod:UltimateDefense","Demonic Infusion","MostiFishMod:NewArrival","Berserk"],"picked":"MostiFishMod:FlyOverUtopia","floor":29.0},{"not_picked":["Clothesline","Heavy Blade","Body Slam","REME_Cut"],"picked":"Thunderclap","floor":31.0},{"not_picked":["Armaments","Twin Strike","Pommel Strike+1","Havoc"],"picked":"Rupture","floor":31.0},{"not_picked":["REME_TheLastStrike","Corruption","Replay:Many Hands","MostiFishMod:PerfectStrikeMKII"],"picked":"MostiFishMod:WingOfPhoenix","floor":33.0},{"not_picked":["Blood for Blood","Flex","Armaments","Body Slam"],"picked":"ReplayTheSpireMod:Strike From Hell+1","floor":35.0},{"not_picked":["Replay:Undeath\u0027s Touch","Abandon","ReplayTheSpireMod:Limb From Limb+1","Clash"],"picked":"Sword Boomerang","floor":37.0},{"not_picked":["Corruption","Impervious","Limit Break","MostiFishMod:FlyOverUtopia"],"picked":"MostiFishMod:KnuckleDown","floor":39.0},{"not_picked":["Hemogenesis","Exhume","MostiFishMod:FireWorks","MostiFishMod:404NotFound"],"picked":"MostiFishMod:HellRitual","floor":40.0},{"not_picked":["MostiFishMod:Chiaki","REME_Fury","REME_TheLastStrike","Juggernaut"],"picked":"REME_ACTH","floor":45.0},{"not_picked":["Offering","MostiFishMod:TemporaryOutbreak","REME_Fury","MostiFishMod:ChineseTea"],"picked":"MostiFishMod:404NotFound","floor":46.0},{"not_picked":["Offering","MostiFishMod:FlyOverUtopia","MostiFishMod:KnuckleDown","MostiFishMod:RacingGame"],"picked":"MostiFishMod:Chiaki","floor":47.0},{"not_picked":["Offering","Barricade","MostiFishMod:CullingBlade","Juggernaut"],"picked":"Demonic Infusion","floor":50.0},{"not_picked":["REME_ACTH","conspire:HitWhereItHurts","MostiFishMod:NewArrival","MostiFishMod:DarkDeal"],"picked":"MostiFishMod:UltimateDefense","floor":51.0},{"not_picked":["Shrug It Off","Twin Strike","Thunderclap","True Grit"],"picked":"Shockwave","floor":53.0},{"not_picked":["Armaments","Thunderclap","Bloodletting","Iron Wave"],"picked":"Replay:Undeath\u0027s Touch","floor":57.0},{"not_picked":["MostiFishMod:WingOfPhoenix","Replay:Many Hands","Bludgeon","MostiFishMod:KnuckleDown"],"picked":"MostiFishMod:ChineseTea","floor":58.0},{"not_picked":["Reaper","MostiFishMod:PerfectStrikeMKII","REME_Fury","MostiFishMod:ChineseTea"],"picked":"MostiFishMod:RainCloud","floor":59.0},{"not_picked":["Eclipse","Corruption","conspire:Purge","conspire:HitWhereItHurts"],"picked":"MostiFishMod:OrdinaryWorld","floor":60.0},{"not_picked":["MostiFishMod:WingOfPhoenix","MostiFishMod:KnuckleDown","MostiFishMod:PerfectStrikeMKII","Demon Form"],"picked":"conspire:Purge","floor":62.0},{"not_picked":["MostiFishMod:FireWorks","Barricade","conspire:Purge","Replay:Many Hands"],"picked":"Brutality","floor":64.0},{"not_picked":["Demonic Infusion","MostiFishMod:NewArrival","MostiFishMod:UltimateDefense","Offering"],"picked":"MostiFishMod:Mania","floor":68.0},{"not_picked":["Wild Strike","Perfected Strike","Sentinel","Headbutt+1"],"picked":"Fire Breathing","floor":70.0},{"not_picked":["Thunderclap","Pommel Strike","Metallicize","ReplayTheSpireMod:Strike From Hell"],"picked":"Infernal Blade","floor":72.0},{"not_picked":["MostiFishMod:FireWorks","conspire:Purge","MostiFishMod:RacingGame","MostiFishMod:KnuckleDown"],"picked":"Double Tap","floor":73.0},{"not_picked":["Offering","Immolate","MostiFishMod:Mania","MostiFishMod:HellRitual"],"picked":"Limit Break","floor":75.0},{"not_picked":["MostiFishMod:404NotFound","MostiFishMod:FireWorks","MostiFishMod:ChineseTea","Reaper"],"picked":"Feed","floor":78.0},{"not_picked":["Fiend Fire","Barricade","MostiFishMod:Mania","Double Tap"],"picked":"Corruption","floor":80.0},{"not_picked":["MostiFishMod:WingOfPhoenix","MostiFishMod:RainCloud","Corruption","Reaper"],"picked":"Juggernaut","floor":81.0},{"not_picked":["Reaper","MostiFishMod:PerfectStrikeMKII","MostiFishMod:NewArrival","conspire:HitWhereItHurts"],"picked":"Immolate","floor":82.0},{"not_picked":["MostiFishMod:#F4004+1","Heavy Blade","Pommel Strike","Headbutt"],"picked":"Pummel","floor":83.0},{"not_picked":["Eclipse","MostiFishMod:Mania","MostiFishMod:WingOfPhoenix","Barricade"],"picked":"Berserk","floor":85.0},{"not_picked":["Power Through","Shrug It Off","Headbutt","Havoc"],"picked":"Rage+1","floor":87.0},{"not_picked":["MostiFishMod:PerfectStrikeMKII","MostiFishMod:WingOfPhoenix"],"picked":"MostiFishMod:Chiaki","floor":88.0},{"not_picked":["conspire:Purge","MostiFishMod:DarkDeal","Double Tap","Barricade"],"picked":"Offering","floor":88.0},{"not_picked":["Corruption","Bludgeon"],"picked":"MostiFishMod:NewArrival","floor":89.0},{"not_picked":["MostiFishMod:FireWorks","Hemogenesis","Demonic Infusion","Eclipse"],"picked":"MostiFishMod:RacingGame","floor":89.0},{"not_picked":["ReplayTheSpireMod:Strike From Hell","Shrug It Off","Twin Strike","Flex"],"picked":"REME_Scribble","floor":94.0},{"not_picked":["MostiFishMod:404NotFound","Reaper"],"picked":"Limit Break","floor":95.0},{"not_picked":["MostiFishMod:WingOfPhoenix","MostiFishMod:Chiaki","Reaper","MostiFishMod:Mania"],"picked":"Exhume","floor":95.0},{"not_picked":["ReplayReversal","Intimidate","ReplayTheSpireMod:Strike From Hell","Perfected Strike"],"picked":"Feel No Pain","floor":96.0},{"not_picked":["MostiFishMod:Chiaki","Offering"],"picked":"Hemogenesis","floor":97.0},{"not_picked":["MostiFishMod:RacingGame","MostiFishMod:OrdinaryWorld","Eclipse","REME_ACTH"],"picked":"Impervious","floor":97.0},{"not_picked":["MostiFishMod:FlyOverUtopia","Barricade"],"picked":"Feed","floor":99},{"not_picked":["REME_ACTH","Corruption","MostiFishMod:Mania","MostiFishMod:NewArrival"],"picked":"MostiFishMod:404NotFound","floor":99},{"not_picked":["Rupture","Replay:Undeath\u0027s Touch+1","conspire:Charge","Ghostly Armor"],"picked":"Perfected Strike+1","floor":100},{"not_picked":["MostiFishMod:DarkDeal","REME_ACTH","MostiFishMod:TemporaryOutbreak","Limit Break"],"picked":"conspire:HitWhereItHurts","floor":102},{"not_picked":["Demonic Infusion","Immolate","Corruption","MostiFishMod:TemporaryOutbreak"],"picked":"Juggernaut","floor":103}],"player_experience":289842,"relics_obtained":[{"floor":1.0,"key":"SynthV:TestCard"},{"floor":7.0,"key":"testmod-Acrobat"},{"floor":9.0,"key":"Tiny Chest"},{"floor":10.0,"key":"Quantum Egg"},{"floor":12.0,"key":"aspiration:FetidBarrel"},{"floor":14.0,"key":"Lantern"},{"floor":22.0,"key":"aspiration:FrozenJewel"},{"floor":23.0,"key":"KyoryuNoHagoromo"},{"floor":24.0,"key":"Replay:PocketPolymizer"},{"floor":26.0,"key":"Paper Frog"},{"floor":27.0,"key":"OriginationStaff"},{"floor":28.0,"key":"testmod-Brilliant"},{"floor":29.0,"key":"testmod-ObsoleteBoomerang"},{"floor":31.0,"key":"Mastiff:ReiMu"},{"floor":36.0,"key":"Omamori"},{"floor":39.0,"key":"ReplayTheSpireMod:Lightbulb"},{"floor":40.0,"key":"conspire:Flyswatter"},{"floor":42.0,"key":"Turnip"},{"floor":43.0,"key":"aspiration:Lifesprig"},{"floor":45.0,"key":"Ornamental Fan"},{"floor":47.0,"key":"Golden Egg"},{"floor":61.0,"key":"Ccalipers"},{"floor":65.0,"key":"Blue Doll"},{"floor":86.0,"key":"testmod-AssaultLearning"},{"floor":86.0,"key":"HornCleat"},{"floor":86.0,"key":"vexMod:HeadHunter"}],"event_choices":[{"damage_healed":0.0,"max_hp_gain":0.0,"max_hp_loss":0.0,"gold_gain":0.0,"event_name":"Shining Light","player_choice":"Entered Light","floor":2.0,"gold_loss":0.0,"damage_taken":23.0,"cards_upgraded":["Defend_R","Strike_R"]},{"damage_healed":0.0,"max_hp_gain":0.0,"max_hp_loss":0.0,"gold_gain":0.0,"event_name":"yidonshenshe","player_choice":"带走神社","floor":3.0,"gold_loss":0.0,"damage_taken":0.0,"relics_obtained":["YidongShenshe:ReiMu"],"cards_obtained":["Poor:ReiMu"]},{"damage_healed":0.0,"max_hp_gain":0.0,"max_hp_loss":0.0,"gold_gain":77.0,"event_name":"Golden Wing","player_choice":"Gained Gold","floor":5.0,"gold_loss":0.0,"damage_taken":0.0},{"damage_healed":0.0,"max_hp_gain":0.0,"max_hp_loss":0.0,"gold_gain":275.0,"event_name":"Golden Shrine","player_choice":"Desecrate","floor":25.0,"gold_loss":0.0,"damage_taken":0.0,"cards_obtained":["Regret"]},{"cards_removed":["Sword Boomerang"],"damage_healed":0.0,"max_hp_gain":0.0,"max_hp_loss":0.0,"gold_gain":0.0,"event_name":"Purifier","player_choice":"Purged","floor":38.0,"gold_loss":0.0,"damage_taken":0.0},{"damage_healed":0.0,"max_hp_gain":0.0,"max_hp_loss":0.0,"gold_gain":0.0,"cards_transformed":["Shockwave"],"event_name":"Living Wall","player_choice":"Change","floor":55.0,"gold_loss":0.0,"damage_taken":0.0,"cards_obtained":["MostiFishMod:FireWorks"]}],"is_beta":false,"boss_relics":[{"not_picked":["testmod-BloodSacrificeSpiritualization","vexMod:ImprovementManual"],"picked":"Replay:Drink Me"},{"not_picked":["Runic Pyramid","Calling Bell"],"picked":"Black Blood"},{"not_picked":["aspiration:FutureDiary","FrostBlade"],"picked":"GuanYuAspect"},{"not_picked":["testmod-BloodSacrificeSpiritualization","conspire:RunicOctahedron"],"picked":"Runic Cube"},{"not_picked":["aspiration:SilentSkillbook","Black Star"],"picked":"Calling Bell"},{"not_picked":["Philosopher\u0027s Stone","Snecko Heart"],"picked":"RhineFirstAidKit"}],"items_purged_floors":[4,30],"is_endless":true,"potions_floor_spawned":[1,10,14,16,21,29,35,40,47,57,58,59,78,81,82,83,89,94,95,96,100,103],"ascension_level":20}}