{"host":"m5bsg12zcyqnofur","time":1610771135,"event":{"mods":["AchievementEnabler","BaseMod","BetterRewards","Colored Powertips","Hermit","Highlight Path","Minty Spire (QoL Compilation)","Quick Restart","Replay The Spire","Shop Mod","StSLib","The Bug Knight"],"gold_per_floor":[112,128,48,67,82,82,110,110,184,209,231,265,278,305,305,305,305],"floor_reached":16,"language":"ENG","playtime":1233,"items_purged":[],"score":156,"play_id":"0cb7f25b-bccc-479d-bcec-cfb9e9043a5f","local_time":"20210115222535","daily_mods":["SealedDeck","DeadlyEvents","Elite Swarm"],"is_ascension_mode":true,"campfire_choices":[{"data":"HollowMod:ShadowDash","floor":6.0,"key":"SMITH"},{"data":"HollowMod:SiblingsSouls","floor":8.0,"key":"SMITH"},{"data":"HollowMod:ShapeofUnn","floor":15.0,"key":"SMITH"}],"circlet_count":0,"master_deck":["HollowMod:SharpenedNail","HollowMod:LifebloodCocoon","HollowMod:LifebloodCocoon","HollowMod:LifebloodCocoon","HollowMod:DungDefenderAura","HollowMod:VengefulVoid","HollowMod:CloakDash","HollowMod:ShadowDash+1","HollowMod:DescendingDark","HollowMod:VengefulVoid","HollowMod:WraithStrike","HollowMod:SharpenedShadows","HollowMod:PerfectDash","HollowMod:SiblingsSouls+1","HollowMod:VoidDash","HollowMod:ShapeofUnn+1","HollowMod:SoulMaster","HollowMod:DashSlash"],"relics":["Unceasing Top","Torii","Replay:WaspNest","HollowMod:PaleOreRelic","Odd Mushroom","Strawberry","StoneCalendar"],"acts_visited":["Exordium"],"potions_floor_usage":[16],"damage_taken":[{"damage":3.0,"enemies":"Cultist","floor":1.0,"turns":5.0},{"damage":0.0,"enemies":"Small Slimes","floor":2.0,"turns":1.0},{"damage":1.0,"enemies":"2 Louse","floor":4.0,"turns":2.0},{"damage":24.0,"enemies":"Exordium Wildlife","floor":5.0,"turns":5.0},{"damage":2.0,"enemies":"Lagavulin","floor":7.0,"turns":7.0},{"damage":2.0,"enemies":"Gremlin Nob","floor":10.0,"turns":4.0},{"damage":1.0,"enemies":"The Mushroom Lair","floor":11.0,"turns":3.0},{"damage":15.0,"enemies":"3 Sentries","floor":12.0,"turns":4.0},{"damage":0.0,"enemies":"2 Fungi Beasts","floor":13.0,"turns":2.0},{"damage":2.0,"enemies":"HollowMod:MossKnight","floor":14.0,"turns":6.0},{"damage":32,"enemies":"Slime Boss","floor":16,"turns":4}],"seed_played":"-2559961795087875840","potions_obtained":[{"floor":1.0,"key":"Ancient Potion"},{"floor":4.0,"key":"Flashbang"},{"floor":7.0,"key":"Adrenaline Potion"},{"floor":12.0,"key":"BlessingOfTheForge"}],"is_trial":true,"path_per_floor":["M","M","$","M","M","R","E","R","T","E","?","E","M","E","R","B"],"character_chosen":"THE_BUGKNIGHT","items_purchased":["HollowMod:PerfectDash"],"campfire_rested":0,"item_purchase_floors":[3],"current_hp_per_floor":[72,72,72,71,47,47,45,45,45,43,42,34,34,32,32,0,0],"gold":305,"neow_bonus":"","is_daily":false,"chose_seed":false,"campfire_upgraded":3,"win_rate":0.0,"timestamp":1610771135,"path_taken":["M","M","$","M","?","R","E","R","T","E","?","E","M","E","R","BOSS"],"items_purchased_type":["Card"],"build_version":"2020-12-22","purchased_purges":0,"victory":false,"max_hp_per_floor":[75,75,75,75,75,75,75,75,75,75,75,82,82,82,82,82,82],"card_choices":[{"not_picked":["HollowMod:DashSlash","HollowMod:SoulStrike"],"picked":"HollowMod:WraithStrike","floor":1.0},{"not_picked":["HollowMod:MothsMistake","HollowMod:NewGlowingWomb"],"picked":"HollowMod:SharpenedShadows","floor":2.0},{"not_picked":["HollowMod:CycloneSlash","HollowMod:GoodIntentions","HollowMod:InfectedCysts"],"picked":"SKIP","floor":4.0},{"not_picked":["HollowMod:DescendingDark","HollowMod:SoulStrike"],"picked":"HollowMod:SiblingsSouls","floor":5.0},{"not_picked":["HollowMod:theNailsmith","HollowMod:LifebloodCore"],"picked":"HollowMod:VoidDash","floor":7.0},{"not_picked":["HollowMod:theNailsmith","HollowMod:PaleKingsBlessing","HollowMod:MidwifesHunger"],"picked":"SKIP","floor":10.0},{"not_picked":["HollowMod:DoubleDash","HollowMod:NewJinnsSoul"],"picked":"HollowMod:ShapeofUnn","floor":11.0},{"not_picked":["HollowMod:LifebloodCore","HollowMod:Weaversong"],"picked":"HollowMod:SoulMaster","floor":12.0},{"not_picked":["HollowMod:DreamGate","HollowMod:SoulVessel"],"picked":"HollowMod:DashSlash","floor":13.0},{"not_picked":["HollowMod:ZotesMagnificence","HollowMod:AwokenDreamNail","HollowMod:NewInfectedGuardian"],"picked":"SKIP","floor":14.0}],"player_experience":239738,"relics_obtained":[{"floor":7.0,"key":"Torii"},{"floor":9.0,"key":"Replay:WaspNest"},{"floor":10.0,"key":"HollowMod:PaleOreRelic"},{"floor":11.0,"key":"Odd Mushroom"},{"floor":12.0,"key":"Strawberry"},{"floor":14.0,"key":"StoneCalendar"}],"event_choices":[{"damage_healed":0.0,"max_hp_gain":0.0,"max_hp_loss":0.0,"gold_gain":0.0,"event_name":"Mushrooms","player_choice":"Fought Mushrooms","floor":11.0,"gold_loss":0.0,"damage_taken":0.0}],"is_beta":false,"boss_relics":[],"items_purged_floors":[],"is_endless":true,"potions_floor_spawned":[1,4,7,12],"killed_by":"Slime Boss","ascension_level":4}}