{"host":"c3lc60y5x60jlt1y","time":1610822431,"event":{"mods":["AchievementEnabler","BaseMod","Bestiary","Colored Map","Minty Spire (QoL Compilation)","Quick Restart","StSLib","ojb\u0027s Info Mod"],"gold_per_floor":[115,190,190,206,206,237,254,289,316,316,335,335,335],"floor_reached":12,"language":"ENG","playtime":405,"items_purged":[],"score":158,"play_id":"2762d397-88d0-41b2-a700-239653b2af06","local_time":"20210116204031","is_ascension_mode":true,"campfire_choices":[],"circlet_count":0,"master_deck":["Strike_B","Strike_B","Strike_B","Strike_B","Defend_B+1","Defend_B","Defend_B","Defend_B","Zap","Dualcast","BootSequence+1","Skim","Barrage","Defragment","Fission","Leap"],"relics":["Cracked Core","NeowsBlessing","Torii","Boot","War Paint","Smiling Mask","Bag of Preparation","Strawberry"],"acts_visited":["Exordium"],"potions_floor_usage":[8],"damage_taken":[{"damage":0,"enemies":"Jaw Worm","floor":1,"turns":1},{"damage":0,"enemies":"Small Slimes","floor":4,"turns":1},{"damage":0,"enemies":"Gremlin Nob","floor":6,"turns":1},{"damage":0,"enemies":"2 Louse","floor":7,"turns":3},{"damage":11,"enemies":"3 Sentries","floor":8,"turns":6},{"damage":17,"enemies":"Red Slaver","floor":11,"turns":6},{"damage":21,"enemies":"Gremlin Nob","floor":12,"turns":4}],"seed_played":"985513993325576665","potions_obtained":[{"floor":1,"key":"Explosive Potion"},{"floor":6,"key":"Fire Potion"},{"floor":11,"key":"Swift Potion"}],"is_trial":false,"path_per_floor":["M","?","?","M","T","E","M","E","T","?","M","E"],"character_chosen":"DEFECT","items_purchased":[],"campfire_rested":0,"item_purchase_floors":[],"current_hp_per_floor":[68,57,45,45,45,45,45,34,34,41,24,3,3],"gold":335,"neow_bonus":"THREE_ENEMY_KILL","is_daily":false,"chose_seed":false,"campfire_upgraded":0,"win_rate":0.0,"timestamp":1610822431,"path_taken":["M","?","?","M","?","E","M","E","T","?","?","E"],"items_purchased_type":[],"build_version":"2020-12-22","purchased_purges":0,"victory":false,"max_hp_per_floor":[75,75,75,75,75,75,75,75,75,82,82,82,82],"card_choices":[{"not_picked":["Recycle","Chaos"],"picked":"BootSequence","floor":1},{"not_picked":["Turbo","Beam Cell"],"picked":"Skim","floor":4},{"not_picked":["Gash","Rebound"],"picked":"Barrage","floor":6},{"not_picked":["Compile Driver","Gash"],"picked":"Defragment","floor":7},{"not_picked":["Rip and Tear","Force Field"],"picked":"Fission","floor":8},{"not_picked":["Gash","Stack"],"picked":"Leap","floor":11}],"player_experience":8118236,"relics_obtained":[{"floor":5,"key":"Boot"},{"floor":6,"key":"War Paint"},{"floor":8,"key":"Smiling Mask"},{"floor":9,"key":"Bag of Preparation"}],"event_choices":[{"damage_healed":0,"gold_gain":75,"player_choice":"Gather Gold","damage_taken":11,"max_hp_gain":0,"max_hp_loss":0,"event_name":"World of Goop","floor":2,"gold_loss":0},{"damage_healed":0,"gold_gain":0,"player_choice":"Success","damage_taken":12,"relics_obtained":["Torii"],"max_hp_gain":0,"max_hp_loss":0,"event_name":"Scrap Ooze","floor":3,"gold_loss":0},{"damage_healed":0,"gold_gain":0,"player_choice":"Gave Potion","damage_taken":0,"relics_obtained":["Strawberry"],"max_hp_gain":0,"max_hp_loss":0,"event_name":"WeMeetAgain","floor":10,"gold_loss":0}],"is_beta":false,"boss_relics":[],"items_purged_floors":[],"is_endless":false,"potions_floor_spawned":[1,6,11],"killed_by":"Gremlin Nob","ascension_level":8}}