{"host":"dm4yvegl9um2tlqd","time":1610841117,"event":{"mods":["2.2 Compatiblity","AchievementEnabler","BaseMod","Colored Map","DeckTracker","Highlight Path","KOR Keyword Fix","Keyboard Shortcuts","Minty Spire (QoL Compilation)","Permanent Neow","Quick Restart","Random Character Button","StSLib","SuperFastMode","everything is the same but u backflip on backflip"],"gold_per_floor":[114,39,54,129,144,144,174,174,199,199,199,199,214,244,244,344,344,359,374,374,374,374],"floor_reached":21,"language":"KOR","playtime":878,"items_purged":["Strike_G"],"score":212,"play_id":"21cabb69-9160-4ddd-a207-7b89931ee577","local_time":"20210117085157","daily_mods":["Allstar","Flight","Night Terrors"],"is_ascension_mode":false,"campfire_choices":[{"data":"Mayhem","floor":6,"key":"SMITH"},{"data":"Blade Dance","floor":8,"key":"SMITH"},{"data":"Poisoned Stab","floor":10,"key":"SMITH"},{"data":"Neutralize","floor":12,"key":"SMITH"},{"data":"Crippling Poison","floor":15,"key":"SMITH"}],"circlet_count":0,"master_deck":["Strike_G","Strike_G","Strike_G","Strike_G","Defend_G","Defend_G","Defend_G","Defend_G","Defend_G","Survivor","Neutralize+1","Impatience","Dark Shackles","Panacea","Mayhem+1","PanicButton","Blade Dance+1","Acrobatics","Poisoned Stab+1","Reflex","Leg Sweep","Crippling Poison+1","After Image"],"relics":["Ring of the Snake","PreservedInsect","Orichalcum","HornCleat","Philosopher\u0027s Stone","Nilry\u0027s Codex"],"acts_visited":["Exordium","TheCity"],"potions_floor_usage":[],"damage_taken":[{"damage":1,"enemies":"2 Louse","floor":1,"turns":4},{"damage":0,"enemies":"Small Slimes","floor":3,"turns":3},{"damage":0,"enemies":"Jaw Worm","floor":5,"turns":4},{"damage":26,"enemies":"Gremlin Nob","floor":7,"turns":5},{"damage":1,"enemies":"Large Slime","floor":13,"turns":5},{"damage":0,"enemies":"Lagavulin","floor":14,"turns":6},{"damage":16,"enemies":"Slime Boss","floor":16,"turns":10},{"damage":11,"enemies":"2 Thieves","floor":18,"turns":4},{"damage":9,"enemies":"Spheric Guardian","floor":19,"turns":6}],"seed_played":"2700428786693623746","potions_obtained":[{"floor":3,"key":"Strength Potion"},{"floor":13,"key":"DistilledChaos"},{"floor":16,"key":"DistilledChaos"}],"is_trial":false,"path_per_floor":["M","$","M","?","M","R","E","R","T","R","?","R","M","E","R","B",null,"M","M","?","$"],"character_chosen":"THE_SILENT","items_purchased":[],"campfire_rested":0,"item_purchase_floors":[],"current_hp_per_floor":[69,69,69,58,58,58,32,32,32,32,55,55,54,54,54,38,70,59,50,34,34,34],"gold":374,"neow_bonus":"","is_daily":true,"chose_seed":false,"campfire_upgraded":5,"win_rate":0.0,"timestamp":1610841117,"path_taken":["M","$","M","?","M","R","E","R","T","R","?","R","M","E","R","BOSS","M","M","?","$"],"items_purchased_type":[],"build_version":"2020-12-22","purchased_purges":1,"victory":false,"max_hp_per_floor":[70,70,70,70,70,70,70,70,70,70,70,70,70,70,70,70,70,70,70,70,70,70],"card_choices":[{"not_picked":["Deadly Poison","Noxious Fumes"],"picked":"Blade Dance","floor":1},{"not_picked":["Deflect","Catalyst"],"picked":"Acrobatics","floor":3},{"not_picked":["Dodge and Roll","Outmaneuver"],"picked":"Poisoned Stab","floor":5},{"not_picked":["Dodge and Roll","Wraith Form v2"],"picked":"Reflex","floor":7},{"not_picked":["Sucker Punch","Prepared"],"picked":"Leg Sweep","floor":13},{"not_picked":["Deadly Poison","Leg Sweep"],"picked":"Crippling Poison","floor":14},{"not_picked":["Adrenaline","Corpse Explosion"],"picked":"After Image","floor":16},{"not_picked":["Dagger Spray","Slice+1","Riddle With Holes"],"picked":"SKIP","floor":18},{"not_picked":["Flying Knee","Dagger Throw","Infinite Blades"],"picked":"SKIP","floor":19}],"player_experience":58837,"relics_obtained":[{"floor":7,"key":"PreservedInsect"},{"floor":9,"key":"Orichalcum"},{"floor":14,"key":"HornCleat"},{"floor":20,"key":"Nilry\u0027s Codex"}],"event_choices":[{"damage_healed":0,"gold_gain":75,"player_choice":"Gather Gold","damage_taken":11,"max_hp_gain":0,"max_hp_loss":0,"event_name":"World of Goop","floor":4,"gold_loss":0},{"damage_healed":23,"gold_gain":0,"player_choice":"Banana","damage_taken":0,"max_hp_gain":0,"max_hp_loss":0,"event_name":"Big Fish","floor":11,"gold_loss":0},{"damage_healed":0,"gold_gain":0,"player_choice":"Obtained Book","damage_taken":16,"max_hp_gain":0,"max_hp_loss":0,"event_name":"Cursed Tome","floor":20,"gold_loss":0}],"is_beta":false,"boss_relics":[{"not_picked":["Runic Dome","Fusion Hammer"],"picked":"Philosopher\u0027s Stone"}],"items_purged_floors":[2],"is_endless":false,"potions_floor_spawned":[3,13,16,19],"ascension_level":0}}