{"host":"mmxi1hjn5usmb1ga","time":1610817901,"event":{"mods":["BaseMod","BetterRewards","Downfall","Minty Spire (QoL Compilation)","Quick Restart","READ ME - Guardian Mod","READ ME - Snecko Mod","RumiaBox-露米娅的神秘盒子","Shop Mod","StSLib","Td1madao Mod","The Bug Knight","Yuri Mod","[IsaacMod]以撒尖塔"],"gold_per_floor":[290,310,324,349,349,649,674,774,802,812,812,825,835,835,847,847,847,847],"floor_reached":16,"language":"ZHS","playtime":816,"items_purged":[],"score":102,"play_id":"35312643-256d-4076-b642-f2d98998a5af","local_time":"20210117012501","is_ascension_mode":false,"campfire_choices":[{"data":"hexamod:Float","floor":1,"key":"SMITH"},{"data":"hexamod:ForkedFlame","floor":11,"key":"SMITH"}],"circlet_count":0,"master_deck":["hexamod:Strike","hexamod:Strike","hexamod:Strike","hexamod:Strike","hexamod:Defend","hexamod:Defend","hexamod:Defend","hexamod:Sear","hexamod:Float+1","DoctorFetus","hexamod:SoulSteal","hexamod:PhantomFireball","downfall:Icky","downfall:Icky","hexamod:ForkedFlame+1","hexamod:FirstSeal","hexamod:NightmareStrike","hexamod:HauntingEcho","hexamod:BurningTouch"],"relics":["hexamod:SpiritBrand","HushsDoor","BloodDonationMachine","HollowMod:PaleOreRelic","Lantern","Frozen Egg 2","BookOfRevelations"],"acts_visited":["Exordium"],"potions_floor_usage":[16],"damage_taken":[{"damage":1,"enemies":"Cultist","floor":2,"turns":4},{"damage":3,"enemies":"2 Louse","floor":3,"turns":3},{"damage":13,"enemies":"Lagavulin","floor":9,"turns":5},{"damage":0,"enemies":"Small Slimes","floor":10,"turns":2},{"damage":0,"enemies":"3 Louse","floor":12,"turns":2},{"damage":9,"enemies":"Blue Slaver","floor":13,"turns":3},{"damage":0,"enemies":"Large Slime","floor":15,"turns":4},{"damage":24,"enemies":"DF_ARCHETYPE_STREAMLINE","floor":16,"turns":6}],"seed_played":"-8436007696952555307","potions_obtained":[{"floor":2,"key":"champ:CounterPotion"},{"floor":3,"key":"ColorlessPotion"},{"floor":13,"key":"hexamod:EctoCoolerPotion"}],"is_trial":false,"path_per_floor":["R","M","M","T","?","?","T","?","E","M","R","M","M","?","M","B"],"character_chosen":"THE_SPIRIT","items_purchased":[],"campfire_rested":0,"item_purchase_floors":[],"current_hp_per_floor":[50,49,46,46,46,46,46,46,33,33,33,33,24,6,6,0,0,0],"gold":847,"neow_bonus":"TEN_PERCENT_HP_BONUS","is_daily":false,"chose_seed":false,"campfire_upgraded":2,"win_rate":0.0,"timestamp":1610817901,"path_taken":["R","M","M","?","?","?","T","?","E","M","R","M","?","?","M","BOSS"],"items_purchased_type":[],"build_version":"2020-12-22","purchased_purges":0,"victory":false,"max_hp_per_floor":[77,77,77,77,77,77,77,77,77,77,77,77,77,77,77,77,77,77],"card_choices":[{"not_picked":[],"picked":"DoctorFetus","floor":0},{"not_picked":["hexamod:NightmareStrike","hexamod:Firestarter"],"picked":"hexamod:SoulSteal","floor":2},{"not_picked":["hexamod:ShieldOfDarkness","hexamod:NightmareGuise"],"picked":"hexamod:PhantomFireball","floor":3},{"not_picked":["hexamod:HeatShield","hexamod:RainOfEmbers"],"picked":"hexamod:ForkedFlame","floor":9},{"not_picked":["hexamod:HauntingEcho","hexamod:AdvancingGuard"],"picked":"hexamod:FirstSeal","floor":10},{"not_picked":["hexamod:BurningTouch","Bomb"],"picked":"hexamod:NightmareStrike","floor":12},{"not_picked":["Bomb","hexamod:HeatMetal"],"picked":"hexamod:HauntingEcho","floor":13},{"not_picked":["hexamod:HeatShield","hexamod:BacktrackSmack"],"picked":"hexamod:BurningTouch","floor":15}],"player_experience":676236,"relics_obtained":[{"floor":4,"key":"HollowMod:PaleOreRelic"},{"floor":7,"key":"Lantern"},{"floor":9,"key":"Frozen Egg 2"}],"event_choices":[{"damage_healed":0,"gold_gain":0,"player_choice":"Success","damage_taken":18,"relics_obtained":["BookOfRevelations"],"max_hp_gain":0,"max_hp_loss":0,"event_name":"Scrap Ooze","floor":14,"gold_loss":0}],"is_beta":false,"boss_relics":[],"items_purged_floors":[],"is_endless":false,"potions_floor_spawned":[2,3,13,15],"killed_by":"DF_ARCHETYPE_STREAMLINE","ascension_level":0}}