{"host":"d61fcf2p3sjwe6yo","time":1610822881,"event":{"mods":["AchievementEnabler","BaseMod","Colored Map","Downfall","Minty Spire (QoL Compilation)","StSLib","SuperFastMode"],"gold_per_floor":[0,10,23,37,37,37,62,62,72,57,82,92,123,123,138,236,236,136,156,156,256,269,330,354,368,402,452,502,532,432,582,598,699,699,699,712,726,711,761,823,823,922,959,834,855,572,472,581,592,592,592,617,9,9,9,9,9],"floor_reached":56,"language":"ENG","playtime":3730,"items_purged":[],"score":1115,"play_id":"49d0b2a9-8b38-497f-8495-4ff68d6cb791","local_time":"20210116214801","is_ascension_mode":true,"campfire_choices":[{"data":"bronze:Replicate","floor":1,"key":"SMITH"},{"data":"bronze:WhirlingStrike","floor":6,"key":"SMITH"},{"data":"bronze:Goto","floor":8,"key":"SMITH"},{"data":"bronze:Format","floor":18,"key":"SMITH"},{"floor":30,"key":"REST"},{"floor":35,"key":"RECALL"},{"data":"bronze:SpaghettiCode","floor":47,"key":"SMITH"},{"data":"expansioncontent:StudyTheSpire","floor":54,"key":"SMITH"}],"circlet_count":0,"master_deck":["bronze:Strike+1","bronze:Strike","bronze:Strike+1","bronze:Strike","bronze:Defend","bronze:Defend","bronze:Defend","bronze:Defend","bronze:Replicate+1","bronze:Goto+1","bronze:WhirlingStrike+1","bronze:Terminator","bronze:Shell","bronze:Boost","bronze:Format+1","bronze:FineTuning","bronze:Branch","bronze:Fortify+1","bronze:Frontload","bronze:Assembly","bronze:SpaghettiCode+1","bronze:Frontload","bronze:Branch+1","expansioncontent:StudyTheSpire+1","bronze:SpaghettiCode"],"relics":["bronze:BronzeCore","Bird Faced Urn","downfall:ShatteredFragment","MealTicket","Regal Pillow","Kunai","Sozu","downfall:HeartBlessingBlue","downfall:CloakOfManyFaces","CultistMask","FaceOfCleric","NlothsMask","GremlinMask","SsserpentHead","Bronze Scales","MutagenicStrength","bronze:BottledCode","Shovel","downfall:HeartBlessingGreen","sneckomod:SneckoTalon","Gremlin Horn","Calipers","CeramicFish","Vajra","Bag of Preparation","Toolbox","downfall:HeartBlessingRed","Du-Vu Doll","Toy Ornithopter","Bag of Marbles","hexamod:BolsterEngine"],"acts_visited":["Exordium","TheCity","TheBeyond","TheEnding"],"potions_floor_usage":[13,13,16,16],"damage_taken":[{"damage":1,"enemies":"Cultist","floor":2,"turns":4},{"damage":12,"enemies":"Jaw Worm","floor":3,"turns":2},{"damage":3,"enemies":"2 Louse","floor":4,"turns":2},{"damage":0,"enemies":"Exordium Wildlife","floor":9,"turns":3},{"damage":5,"enemies":"downfall:FleeingMerchant","floor":10,"turns":4},{"damage":4,"enemies":"3 Sentries","floor":11,"turns":3},{"damage":7,"enemies":"Exordium Thugs","floor":12,"turns":3},{"damage":0,"enemies":"Gremlin Nob","floor":13,"turns":3},{"damage":3,"enemies":"Large Slime","floor":15,"turns":5},{"damage":12,"enemies":"IC_STATUS_ARCHETYPE","floor":16,"turns":8},{"damage":2,"enemies":"Shell Parasite","floor":19,"turns":4},{"damage":0,"enemies":"downfall:FaceTrader","floor":21,"turns":8},{"damage":0,"enemies":"3 Byrds","floor":22,"turns":3},{"damage":0,"enemies":"3 Cultists","floor":23,"turns":5},{"damage":0,"enemies":"Snecko","floor":25,"turns":4},{"damage":51,"enemies":"Slavers","floor":26,"turns":6},{"damage":17,"enemies":"Gremlin Leader","floor":29,"turns":6},{"damage":1,"enemies":"Snake Plant","floor":32,"turns":3},{"damage":0,"enemies":"WA_ARCHETYPE_CALM","floor":33,"turns":9},{"damage":0,"enemies":"Orb Walker","floor":36,"turns":3},{"damage":0,"enemies":"3 Shapes","floor":37,"turns":4},{"damage":0,"enemies":"downfall:FleeingMerchant","floor":38,"turns":4},{"damage":2,"enemies":"Transient","floor":40,"turns":5},{"damage":22,"enemies":"2 Orb Walkers","floor":42,"turns":4},{"damage":0,"enemies":"Giant Head","floor":43,"turns":8},{"damage":0,"enemies":"downfall:FleeingMerchant","floor":44,"turns":4},{"damage":0,"enemies":"Spire Growth","floor":45,"turns":4},{"damage":0,"enemies":"Spire Growth","floor":48,"turns":4},{"damage":5,"enemies":"Jaw Worm Horde","floor":49,"turns":3},{"damage":4,"enemies":"SI_POISON_ARCHETYPE","floor":50,"turns":12},{"damage":0,"enemies":"downfall:CharBossMerchant","floor":52,"turns":10},{"damage":0,"enemies":"downfall:NeowBoss","floor":55,"turns":19},{"damage":138,"enemies":"downfall:NeowBossFinal","floor":56,"turns":8}],"seed_played":"7509229177124071231","potions_obtained":[{"floor":2,"key":"Fire Potion"},{"floor":3,"key":"Block Potion"},{"floor":9,"key":"SpeedPotion"},{"floor":15,"key":"DistilledChaos"},{"floor":16,"key":"bronze:CleanCodePotion"}],"is_trial":false,"path_per_floor":["R","M","M","M","?","R","T","R","M","$","E","M","E","T","M","B",null,"R","M","?","?","M","M","T","M","E","?","?","E","R","?","M","B",null,"R","M","M","$","?","M","T","?","E","$","M","?","R","?","M","B",null,"E","$","R","B","B"],"character_chosen":"THE_AUTOMATON","items_purchased":["Vajra","Bag of Preparation","Toolbox","Bag of Marbles","hexamod:BolsterEngine","expansioncontent:StudyTheSpire","bronze:SpaghettiCode"],"campfire_rested":1,"item_purchase_floors":[44,44,44,53,53,53,53],"current_hp_per_floor":[70,69,57,54,33,33,33,33,33,28,24,17,17,17,14,2,70,80,78,78,78,79,80,80,81,31,31,31,15,52,52,52,53,77,77,78,79,80,80,79,79,58,59,75,76,96,96,97,93,90,99,100,100,100,101,0,0],"gold":9,"neow_bonus":"ONE_RARE_RELIC","is_daily":false,"chose_seed":false,"campfire_upgraded":6,"win_rate":0.0,"timestamp":1610822881,"path_taken":["R","M","?","?","?","R","T","R","M","?","E","M","E","?","M","BOSS","R","M","?","?","M","?","T","M","E","?","?","E","R","?","M","BOSS","R","M","M","$","?","?","T","?","E","$","M","?","R","?","M","BOSS","E","$","R","BOSS","BOSS"],"items_purchased_type":["Relic","Relic","Relic","Relic","Relic","Card","Card"],"build_version":"2020-12-22","purchased_purges":0,"victory":false,"max_hp_per_floor":[70,70,70,70,70,70,70,70,70,70,70,70,70,70,70,70,70,80,80,80,80,81,82,82,83,84,84,74,75,75,75,76,77,77,77,78,79,80,80,81,81,82,83,84,85,96,96,97,98,99,99,100,100,100,101,101,101],"card_choices":[{"not_picked":["bronze:BuggyMess","bronze:Safeguard"],"picked":"bronze:WhirlingStrike","floor":2},{"not_picked":["bronze:ClassDefault","bronze:BugBarrage","bronze:Deprecate"],"picked":"SKIP","floor":3},{"not_picked":["bronze:Backtrace","bronze:OilSpill"],"picked":"bronze:Terminator","floor":4},{"not_picked":["bronze:Philosophize","bronze:Backtrace","bronze:Turbo"],"picked":"SKIP","floor":9},{"not_picked":["bronze:OilSpill","bronze:WildBeam","bronze:ForceShield"],"picked":"SKIP","floor":10},{"not_picked":["bronze:ForLoop","bronze:CutThrough"],"picked":"bronze:Shell","floor":11},{"not_picked":["bronze:OilSpill","bronze:Repulsor"],"picked":"bronze:Boost","floor":12},{"not_picked":["bronze:Invalidate","bronze:NullPointer","bronze:Overload"],"picked":"SKIP","floor":13},{"not_picked":["bronze:WildBeam","bronze:WhirlingStrike","bronze:Deprecate"],"picked":"SKIP","floor":15},{"not_picked":["bronze:RecursiveStrike","bronze:TinkerersToolbox"],"picked":"bronze:Format","floor":16},{"not_picked":["bronze:Flail","bronze:Safeguard"],"picked":"bronze:FineTuning","floor":19},{"not_picked":["bronze:Safeguard+1","bronze:Refactor"],"picked":"bronze:Branch","floor":21},{"not_picked":["bronze:Turbo+1","bronze:WildBeam","bronze:Overload"],"picked":"SKIP","floor":22},{"not_picked":["bronze:Constructor","bronze:Backtrace","bronze:DigitalCarnage"],"picked":"SKIP","floor":23},{"not_picked":["bronze:Library","bronze:OilSpill","bronze:Allocate"],"picked":"SKIP","floor":25},{"not_picked":["bronze:Shield","bronze:FineTuning","bronze:Overheat"],"picked":"SKIP","floor":26},{"not_picked":["bronze:OilSpill","bronze:Optimize"],"picked":"bronze:Fortify","floor":29},{"not_picked":["bronze:WildBeam+1","bronze:Safeguard"],"picked":"bronze:Frontload","floor":32},{"not_picked":["bronze:AlphaBuild","bronze:Library"],"picked":"bronze:Assembly","floor":33},{"not_picked":["bronze:ForLoop","bronze:Refactor","bronze:GetLatest"],"picked":"SKIP","floor":36},{"not_picked":["bronze:NullPointer","bronze:BugBarrage+1","bronze:Invalidate+1"],"picked":"SKIP","floor":37},{"not_picked":["bronze:Deprecate+1","bronze:BuggyMess+1","bronze:Constructor"],"picked":"SKIP","floor":38},{"not_picked":["bronze:CloningBeam","bronze:CutThrough+1","bronze:FineTuning"],"picked":"SKIP","floor":40},{"not_picked":["bronze:Refactor+1","bronze:DelayedGuard+1"],"picked":"bronze:SpaghettiCode","floor":43},{"not_picked":["bronze:Invalidate+1","bronze:DelayedGuard+1","bronze:Philosophize+1"],"picked":"SKIP","floor":44},{"not_picked":["bronze:ItsAFeature+1","bronze:BuggyMess+1"],"picked":"bronze:Frontload","floor":45},{"not_picked":["bronze:BronzeOrb","bronze:WhirlingStrike+1"],"picked":"bronze:Branch+1","floor":48},{"not_picked":["bronze:Invalidate","bronze:FineTuning","bronze:Branch"],"picked":"SKIP","floor":49},{"not_picked":["bronze:DelayedGuard+1","bronze:Iterate+1","bronze:WhirlingStrike"],"picked":"SKIP","floor":52}],"player_experience":566606,"relics_obtained":[{"floor":11,"key":"MealTicket"},{"floor":13,"key":"Regal Pillow"},{"floor":14,"key":"Kunai"},{"floor":21,"key":"downfall:CloakOfManyFaces"},{"floor":26,"key":"Bronze Scales"},{"floor":29,"key":"Shovel"},{"floor":41,"key":"Gremlin Horn"},{"floor":42,"key":"Calipers"},{"floor":43,"key":"CeramicFish"},{"floor":48,"key":"Du-Vu Doll"},{"floor":52,"key":"Toy Ornithopter"}],"event_choices":[{"damage_healed":0,"gold_gain":0,"player_choice":"Inject Mutagens","damage_taken":0,"relics_obtained":["MutagenicStrength"],"max_hp_gain":0,"max_hp_loss":0,"event_name":"Drug Dealer","floor":27,"gold_loss":0},{"damage_healed":0,"gold_gain":0,"player_choice":"Fight","damage_taken":0,"max_hp_gain":0,"max_hp_loss":0,"event_name":"Mysterious Sphere","floor":42,"gold_loss":0}],"is_beta":false,"boss_relics":[{"not_picked":["expansioncontent:StudyCardRelic","Cursed Key"],"picked":"Sozu"},{"not_picked":["Pandora\u0027s Box","bronze:PlatinumCore"],"picked":"sneckomod:SneckoTalon"}],"items_purged_floors":[],"is_endless":false,"potions_floor_spawned":[2,3,9,15,16,21,23,26,29,37,40,43,45,49,52],"killed_by":"downfall:NeowBossFinal","ascension_level":2}}