{"host":"363c1o4m0ew2jbar","time":1610784658,"event":{"mods":["AchievementEnabler","BaseMod","Better Note","Downfall","Hubris","Minty Spire (QoL Compilation)","StSLib"],"gold_per_floor":[99,114,114,134,145,175,175,175,203,223,57,57,57,72,87,191,191,91,91,91,91,25,56,56,56,56,56,56,56],"floor_reached":27,"language":"ENG","playtime":1639,"items_purged":["Slimebound:Defend_Slimebound","Slimebound:Defend_Slimebound"],"score":284,"play_id":"b7221b22-cd24-42d6-b83a-de4005ad1fbe","local_time":"20210115221058","is_ascension_mode":true,"campfire_choices":[{"floor":1,"key":"RECALL"},{"data":"Slimebound:SlimeBrawl","floor":12,"key":"SMITH"},{"data":"Slimebound:MassFeed","floor":18,"key":"SMITH"},{"floor":25,"key":"REST"}],"circlet_count":0,"master_deck":["Slimebound:Strike_Slimebound","Slimebound:Strike_Slimebound","Slimebound:Strike_Slimebound","Slimebound:Defend_Slimebound","Slimebound:Defend_Slimebound","Slimebound:Split","Slimebound:HauntingLick","Slimebound:SplitLeeching","Slimebound:Gluttony","Slimebound:TongueLash","Slimebound:Schlurp","Slimebound:SlimeBrawl+1","Slimebound:OozeBath","Slimebound:SplitSpecialist","Slimebound:LeadByExample","Slimebound:MassFeed+1","J.A.X.","RitualDagger","Slimebound:SpikyOuterGoop+1","Slimebound:SlimeSpikes"],"relics":["Slimebound:AbsorbEndCombatUpgraded","Slimebound:SlimedSkullRelic","Gremlin Horn","hubris:BottledRain","hexamod:CandleOfCauterizing","hubris:Icosahedron","downfall:HeartBlessingRed","Gambling Chip","Sundial","Kunai"],"acts_visited":["Exordium","TheCity"],"potions_floor_usage":[6,10,16,16,22],"damage_taken":[{"damage":1,"enemies":"2 Louse","floor":2,"turns":2},{"damage":0,"enemies":"Cultist","floor":4,"turns":4},{"damage":1,"enemies":"Jaw Worm","floor":5,"turns":4},{"damage":7,"enemies":"Lagavulin","floor":6,"turns":5},{"damage":12,"enemies":"3 Sentries","floor":9,"turns":6},{"damage":5,"enemies":"Lots of Slimes","floor":10,"turns":4},{"damage":5,"enemies":"downfall:FleeingMerchant","floor":11,"turns":4},{"damage":29,"enemies":"Exordium Thugs","floor":14,"turns":4},{"damage":0,"enemies":"Large Slime","floor":15,"turns":4},{"damage":24,"enemies":"IC_STATUS_ARCHETYPE","floor":16,"turns":6},{"damage":13,"enemies":"downfall:FleeingMerchant","floor":22,"turns":4},{"damage":43,"enemies":"Book of Stabbing","floor":23,"turns":5},{"damage":24,"enemies":"3 Byrds","floor":27,"turns":3}],"seed_played":"3256078510006520495","potions_obtained":[{"floor":2,"key":"SkillPotion"},{"floor":4,"key":"SteroidPotion"},{"floor":6,"key":"EssenceOfSteel"},{"floor":14,"key":"sneckomod:MuddlingPotion"},{"floor":15,"key":"AttackPotion"}],"is_trial":false,"path_per_floor":["R","M","?","M","M","E","T","?","E","M","$","R","?","M","M","B",null,"R","?","?","?","$","E","T","R","$","M"],"character_chosen":"SLIMEBOUND","items_purchased":["Slimebound:SplitSpecialist","Slimebound:SlimeSpikes","Kunai"],"campfire_rested":1,"item_purchase_floors":[11,22,26],"current_hp_per_floor":[65,65,65,65,65,60,60,57,50,50,49,49,49,23,26,7,65,65,65,65,59,50,15,15,34,18,0,0,0],"gold":56,"neow_bonus":"TRANSFORM_CARD","is_daily":false,"chose_seed":false,"campfire_upgraded":2,"win_rate":0.0,"timestamp":1610784658,"path_taken":["R","M","?","?","M","E","T","?","E","M","$","R","?","M","M","BOSS","R","?","?","?","$","E","T","R","?","?"],"items_purchased_type":["Card","Card","Relic"],"build_version":"2020-12-22","purchased_purges":2,"victory":false,"max_hp_per_floor":[65,65,65,65,65,65,65,65,65,65,65,65,65,65,65,65,65,65,65,65,65,65,65,65,65,65,65,65,65],"card_choices":[{"not_picked":["Slimebound:Grow","Slimebound:HungryTackle"],"picked":"Slimebound:SplitLeeching","floor":2},{"not_picked":["Slimebound:ProtectTheBoss","Slimebound:PressTheAttack"],"picked":"Slimebound:Gluttony","floor":4},{"not_picked":["Slimebound:SlimeSpikes","Slimebound:SplitLeeching"],"picked":"Slimebound:TongueLash","floor":5},{"not_picked":["Slimebound:LivingWall","Slimebound:Prepare"],"picked":"Slimebound:Schlurp","floor":6},{"not_picked":["Slimebound:ItLooksTasty","Slimebound:SamplingLick"],"picked":"Slimebound:SlimeBrawl","floor":9},{"not_picked":["Slimebound:LivingWall","Slimebound:GoopTackle","Slimebound:SplitAcid"],"picked":"SKIP","floor":10},{"not_picked":["Slimebound:Repurpose","Slimebound:LeechEnergy"],"picked":"Slimebound:OozeBath","floor":11},{"not_picked":["Slimebound:RollThrough","Slimebound:DisruptingSlam"],"picked":"Slimebound:LeadByExample","floor":14},{"not_picked":["Slimebound:FinishingTackle","Slimebound:Schlurp","Slimebound:GoopTackle"],"picked":"SKIP","floor":15},{"not_picked":["Slimebound:RallyTheTroops","Slimebound:CheckThePlaybook"],"picked":"Slimebound:MassFeed","floor":16},{"not_picked":["Slimebound:RollThrough","Slimebound:GrowthPunch+1"],"picked":"Slimebound:SpikyOuterGoop+1","floor":22},{"not_picked":["Slimebound:GoopSpray","Slimebound:SamplingLick","Slimebound:SplitBruiser"],"picked":"SKIP","floor":23}],"player_experience":1197366,"relics_obtained":[{"floor":6,"key":"Slimebound:SlimedSkullRelic"},{"floor":7,"key":"Gremlin Horn"},{"floor":9,"key":"hexamod:CandleOfCauterizing"},{"floor":23,"key":"Gambling Chip"},{"floor":24,"key":"Sundial"}],"event_choices":[{"cards_removed":["Slimebound:Tackle"],"damage_healed":0,"gold_gain":0,"player_choice":"Offered Basic","damage_taken":0,"max_hp_gain":0,"max_hp_loss":0,"event_name":"Bonfire Elementals","floor":3,"gold_loss":0},{"damage_healed":0,"gold_gain":0,"player_choice":"Success","damage_taken":3,"relics_obtained":["hubris:BottledRain"],"max_hp_gain":0,"max_hp_loss":0,"event_name":"Scrap Ooze","floor":8,"gold_loss":0},{"damage_healed":0,"gold_gain":0,"player_choice":"Ignored","damage_taken":0,"max_hp_gain":0,"max_hp_loss":0,"event_name":"Ghosts","floor":19,"gold_loss":0},{"damage_healed":0,"gold_gain":0,"player_choice":"Obtain J.A.X.","damage_taken":0,"max_hp_gain":0,"max_hp_loss":0,"event_name":"Drug Dealer","floor":20,"gold_loss":0,"cards_obtained":["J.A.X."]}],"is_beta":false,"boss_relics":[{"not_picked":["hubris:ScarierMask","Runic Pyramid"],"picked":"Slimebound:AbsorbEndCombatUpgraded"}],"items_purged_floors":[11,22],"is_endless":false,"potions_floor_spawned":[2,4,6,14,15],"killed_by":"3 Byrds","ascension_level":4}}