{"host":"y8cpnk8u7pqs5ve6","time":1610804414,"event":{"mods":["Act Like it!","BaseMod","Gold Saver","Hallownest","Hermit","Minty Spire (QoL Compilation)","Quick Restart","StSLib","The Cursed","The Servant 0.9.4","WarShipGirlsR/’ΩΩ¢…Ÿ≈ÆR mod","Yakumo Yukari mod"],"gold_per_floor":[212,192,204,80,93,137,146,156,156,156,177,177,198,218,218,323,323,342,368,230,255,92,92,92],"floor_reached":23,"language":"ZHS","playtime":1394,"items_purged":["Defend_G","Strike_G"],"score":263,"play_id":"84ab4854-2dbe-401a-827c-c742f58fd92e","local_time":"20210116214014","is_ascension_mode":true,"campfire_choices":[{"data":"Glass Knife","floor":10.0,"key":"SMITH"},{"data":"Cloak And Dagger","floor":15.0,"key":"SMITH"}],"circlet_count":0,"master_deck":["Strike_G","Strike_G","Strike_G","Strike_G","Defend_G","Defend_G","Defend_G","Defend_G","Survivor","Neutralize","Blur","PiercingWail","Noxious Fumes","Backflip","Outmaneuver","Glass Knife","Glass Knife+1","Cloak And Dagger+1","Escape Plan","Dagger Spray","Storm of Steel","Blade Dance","Crippling Poison+1","Accuracy","Cloak And Dagger+1","Infinite Blades"],"relics":["Ring of the Snake","CeramicFish","Strawberry","Sozu"],"acts_visited":["Exordium","TheCity"],"potions_floor_usage":[23],"damage_taken":[{"damage":1.0,"enemies":"Jaw Worm","floor":1.0,"turns":4.0},{"damage":1.0,"enemies":"Cultist","floor":3.0,"turns":4.0},{"damage":4.0,"enemies":"2 Louse","floor":5.0,"turns":3.0},{"damage":17.0,"enemies":"3 Sentries","floor":6.0,"turns":8.0},{"damage":4.0,"enemies":"Looter","floor":8.0,"turns":3.0},{"damage":13.0,"enemies":"Exordium Wildlife","floor":11.0,"turns":6.0},{"damage":0.0,"enemies":"2 Fungi Beasts","floor":13.0,"turns":3.0},{"damage":3.0,"enemies":"Blue Slaver","floor":14.0,"turns":2.0},{"damage":21.0,"enemies":"Hexaghost","floor":16.0,"turns":9.0},{"damage":13.0,"enemies":"Chosen","floor":18.0,"turns":6.0},{"damage":22.0,"enemies":"Spheric Guardian","floor":19.0,"turns":5.0},{"damage":22.0,"enemies":"Shelled Parasite and Fungi","floor":21.0,"turns":6.0},{"damage":22,"enemies":"Slavers","floor":23,"turns":3}],"seed_played":"-6947938510442161856","potions_obtained":[{"floor":2.0,"key":"GhostInAJar"},{"floor":3.0,"key":"FearPotion"},{"floor":6.0,"key":"DistilledChaos"},{"floor":11.0,"key":"SkillPotion"}],"is_trial":false,"path_per_floor":["M","?","M","$","M","E","?","M","T","R","M","?","M","M","R","B",null,"M","M","$","M","$","E"],"character_chosen":"THE_SILENT","items_purchased":["Noxious Fumes","Backflip","Accuracy","Infinite Blades"],"campfire_rested":0,"item_purchase_floors":[4,4,20,22],"current_hp_per_floor":[62,62,61,61,57,40,40,36,43,43,30,55,55,52,52,31,66,53,31,31,9,9,0,0],"gold":92,"neow_bonus":"HUNDRED_GOLD","is_daily":false,"chose_seed":false,"campfire_upgraded":2,"win_rate":0.0,"timestamp":1610804414,"path_taken":["M","?","M","$","?","E","?","M","T","R","M","?","M","M","R","BOSS","M","M","$","M","$","E"],"items_purchased_type":["Card","Card","Card","Card"],"build_version":"2020-12-22","purchased_purges":2,"victory":false,"max_hp_per_floor":[70,70,70,70,70,70,70,70,77,77,77,77,77,77,77,77,77,77,77,77,77,77,77,77],"card_choices":[{"not_picked":["Prepared","Acrobatics"],"picked":"Blur","floor":1.0},{"not_picked":["Slice","Dodge and Roll"],"picked":"PiercingWail","floor":3.0},{"not_picked":["Sucker Punch","Underhanded Strike"],"picked":"Outmaneuver","floor":5.0},{"not_picked":["Prepared","Riddle With Holes"],"picked":"Glass Knife","floor":6.0},{"not_picked":[],"picked":"Glass Knife","floor":7.0},{"not_picked":["Outmaneuver","PiercingWail","Caltrops"],"picked":"SKIP","floor":8.0},{"not_picked":["Underhanded Strike","Dagger Throw"],"picked":"Cloak And Dagger","floor":11.0},{"not_picked":["Deadly Poison","Skewer"],"picked":"Escape Plan","floor":13.0},{"not_picked":["Deflect","Dagger Throw"],"picked":"Dagger Spray","floor":14.0},{"not_picked":["Phantasmal Killer","Grand Finale"],"picked":"Storm of Steel","floor":16.0},{"not_picked":["Underhanded Strike","PiercingWail"],"picked":"Blade Dance","floor":18.0},{"not_picked":["Deadly Poison","Predator"],"picked":"Crippling Poison+1","floor":19.0},{"not_picked":["Underhanded Strike","Sucker Punch"],"picked":"Cloak And Dagger+1","floor":21.0}],"player_experience":223082,"relics_obtained":[{"floor":6.0,"key":"CeramicFish"},{"floor":9.0,"key":"Strawberry"}],"event_choices":[{"damage_healed":0.0,"max_hp_gain":0.0,"max_hp_loss":0.0,"gold_gain":0.0,"event_name":"The Woman in Blue","player_choice":"Bought 1 Potion","floor":2.0,"gold_loss":0.0,"damage_taken":0.0},{"damage_healed":25.0,"max_hp_gain":0.0,"max_hp_loss":0.0,"gold_gain":0.0,"event_name":"Big Fish","player_choice":"Banana","floor":12.0,"gold_loss":0.0,"damage_taken":0.0}],"is_beta":false,"boss_relics":[{"not_picked":["Runic Dome","Empty Cage"],"picked":"Sozu"}],"items_purged_floors":[20,22],"is_endless":false,"potions_floor_spawned":[3,6,11],"killed_by":"Slavers","ascension_level":7}}