{"host":"irc1izoeqqttpzsx","time":1610771735,"event":{"mods":["2.2 Compatiblity","Aspiration","BaseMod","Better Note","BetterRewards","Colored Map","Colored Powertips","Conspire","DeckTracker","GifTheSpireLib","Highlight Path","Hubris","Mad Scientist","Mimic Mod","Minty Spire (QoL Compilation)","Rare Cards Sparkle","Relic Sorter","Replay The Spire","Shop Mod","Spikes Relics","StSLib","SuperFastMode","The Servant 0.9.4","Trackpad","Uncapped"],"gold_per_floor":[114,330,346,346,346,374,374,386,462,490,508,508,508],"floor_reached":12,"language":"ENG","playtime":452,"items_purged":["Strike_P"],"score":144,"play_id":"c231f29f-1025-4852-9ee9-b039f80ea788","local_time":"20210115233535","is_ascension_mode":true,"campfire_choices":[{"data":"Replay:Hum","floor":7,"key":"SMITH"}],"circlet_count":0,"master_deck":["Strike_P","Strike_P","Strike_P","Defend_P","Defend_P","Defend_P","Defend_P","Eruption+1","Vigilance","Halt","Evaluate","Replay:Hum+1","FlurryOfBlows","EmptyBody","Replay:LoomingThreat","Meditate"],"relics":["PureWater","hubris:Icosahedron","NeowsBlessing","Orichalcum","trackpad:BiPhaseBiplane","Regal Pillow","MerchantsRug","Lantern","Pantograph","Replay:Mystery Machine"],"acts_visited":["Exordium"],"potions_floor_usage":[],"damage_taken":[{"damage":0,"enemies":"Cultist","floor":1,"turns":1},{"damage":0,"enemies":"Small Slimes","floor":3,"turns":2},{"damage":0,"enemies":"Lagavulin","floor":6,"turns":1},{"damage":0,"enemies":"2 Louse","floor":8,"turns":3},{"damage":16,"enemies":"3 Sentries","floor":10,"turns":12},{"damage":9,"enemies":"Large Slime","floor":11,"turns":8},{"damage":74,"enemies":"Gremlin Nob","floor":12,"turns":6}],"seed_played":"-3601461216732956935","potions_obtained":[{"floor":1,"key":"Ambrosia"},{"floor":11,"key":"DuplicationPotion"}],"is_trial":false,"path_per_floor":["M","$","M","?","?","E","R","M","T","E","M","E"],"character_chosen":"WATCHER","items_purchased":["Evaluate","Orichalcum","trackpad:BiPhaseBiplane","Regal Pillow","Energy Potion","Block Potion","MerchantsRug"],"campfire_rested":0,"item_purchase_floors":[2,2,2,2,2,2,2],"current_hp_per_floor":[72,72,72,72,72,72,72,72,72,56,47,0,0],"gold":508,"neow_bonus":"THREE_ENEMY_KILL","is_daily":false,"chose_seed":false,"campfire_upgraded":1,"win_rate":0.0,"timestamp":1610771735,"path_taken":["M","$","M","?","?","E","R","M","T","E","M","E"],"items_purchased_type":["Card","Relic","Relic","Relic","Potion","Potion","Relic"],"build_version":"2020-12-22","purchased_purges":1,"victory":false,"max_hp_per_floor":[72,72,72,72,72,72,72,72,72,72,72,72,72],"card_choices":[{"not_picked":["ForeignInfluence","Halt","Replay:BluntJabs"],"picked":"SKIP","floor":1},{"not_picked":["ForeignInfluence","Replay:BluntJabs"],"picked":"Halt","floor":1},{"not_picked":["WheelKick","CarveReality"],"picked":"Replay:Hum","floor":3},{"not_picked":["Replay:Battleflow","FlyingSleeves"],"picked":"FlurryOfBlows","floor":6},{"not_picked":["EmptyBody","MentalFortress","Study"],"picked":"SKIP","floor":8},{"not_picked":["MentalFortress","Study"],"picked":"EmptyBody","floor":8},{"not_picked":["FollowUp","CutThroughFate"],"picked":"Replay:LoomingThreat","floor":10},{"not_picked":["Pray","FollowUp"],"picked":"Meditate","floor":11}],"player_experience":506538,"relics_obtained":[{"floor":6,"key":"Lantern"},{"floor":9,"key":"Pantograph"},{"floor":10,"key":"Replay:Mystery Machine"}],"event_choices":[],"is_beta":false,"boss_relics":[],"items_purged_floors":[2],"is_endless":false,"potions_floor_spawned":[1,8,11],"killed_by":"Gremlin Nob","ascension_level":1}}