{"host":"gopu3kmfaoww0llm","time":1610801031,"event":{"mods":["BaseMod","DeckTracker","Minty Spire (QoL Compilation)","Quick Restart","StSLib","SuperFastMode"],"gold_per_floor":[119,119,139,155,80,80,106,122,122,122,141,155,155,184,184,263,263,283,299,299,199,199,199,74,74,74,90,90,109,109,119,119,195,195,237,87,87,122,159,194,194,245,245,245,70,70,109,168,168,198,228,228,228,28,58,58],"floor_reached":57,"language":"KOR","playtime":1974,"items_purged":["Strike_P","Alpha","Conclude","SignatureMove","CrushJoints","Protect"],"score":3044,"play_id":"fa19ad30-7276-4ec6-a37c-ab12e191f3c4","local_time":"20210116214351","is_ascension_mode":true,"campfire_choices":[{"data":"Eruption","floor":6.0,"key":"SMITH"},{"floor":10.0,"key":"REST"},{"data":"Pray","floor":15.0,"key":"SMITH"},{"data":"Scrawl","floor":23.0,"key":"SMITH"},{"data":"Adaptation","floor":25.0,"key":"SMITH"},{"data":"Scrawl","floor":28.0,"key":"SMITH"},{"data":"Adaptation","floor":30.0,"key":"SMITH"},{"data":"Halt","floor":32.0,"key":"SMITH"},{"data":"TalkToTheHand","floor":41,"key":"SMITH"},{"floor":44,"key":"RECALL"},{"data":"Omniscience","floor":46,"key":"SMITH"},{"data":"Wish","floor":49,"key":"SMITH"},{"data":"PathToVictory","floor":53,"key":"SMITH"}],"circlet_count":0,"master_deck":["AscendersBane","Eruption+1","Vigilance","FearNoEvil","FlurryOfBlows","Pray+1","Scrawl+1","Omniscience+1","PathToVictory+1","Adaptation+1","Scrawl+1","Halt+1","Adaptation+1","Wish+1","TalkToTheHand+1","Devotion"],"relics":["VioletLotus","Vajra","Prayer Wheel","HornCleat","Pandora\u0027s Box","Bird Faced Urn","Runic Pyramid","Singing Bowl","Bottled Lightning","Yang","CloakClasp","Boot"],"acts_visited":["Exordium","TheCity","TheBeyond","TheEnding"],"potions_floor_usage":[39,56],"damage_taken":[{"damage":0.0,"enemies":"Cultist","floor":1.0,"turns":3.0},{"damage":12.0,"enemies":"Small Slimes","floor":3.0,"turns":3.0},{"damage":2.0,"enemies":"2 Louse","floor":4.0,"turns":3.0},{"damage":32.0,"enemies":"3 Sentries","floor":7.0,"turns":8.0},{"damage":4.0,"enemies":"2 Fungi Beasts","floor":8.0,"turns":2.0},{"damage":0.0,"enemies":"Exordium Wildlife","floor":11.0,"turns":3.0},{"damage":2.0,"enemies":"Lots of Slimes","floor":12.0,"turns":3.0},{"damage":56.0,"enemies":"Gremlin Nob","floor":14.0,"turns":4.0},{"damage":0.0,"enemies":"Slime Boss","floor":16.0,"turns":4.0},{"damage":0.0,"enemies":"Spheric Guardian","floor":18.0,"turns":3.0},{"damage":16.0,"enemies":"3 Byrds","floor":19.0,"turns":4.0},{"damage":3.0,"enemies":"Centurion and Healer","floor":27.0,"turns":3.0},{"damage":8.0,"enemies":"Snake Plant","floor":29.0,"turns":3.0},{"damage":0.0,"enemies":"3 Cultists","floor":31.0,"turns":2.0},{"damage":6,"enemies":"Automaton","floor":33,"turns":6},{"damage":19,"enemies":"3 Darklings","floor":35,"turns":2},{"damage":0,"enemies":"Orb Walker","floor":38,"turns":3},{"damage":7,"enemies":"Transient","floor":39,"turns":5},{"damage":0,"enemies":"Sphere and 2 Shapes","floor":40,"turns":3},{"damage":0,"enemies":"Giant Head","floor":42,"turns":3},{"damage":6,"enemies":"Jaw Worm Horde","floor":47,"turns":2},{"damage":0,"enemies":"Nemesis","floor":48,"turns":1},{"damage":0,"enemies":"Donu and Deca","floor":50,"turns":3},{"damage":7,"enemies":"Time Eater","floor":51,"turns":8},{"damage":0,"enemies":"Shield and Spear","floor":55,"turns":3},{"damage":51,"enemies":"The Heart","floor":56,"turns":6}],"seed_played":"-4071799604983659806","potions_obtained":[{"floor":3.0,"key":"EssenceOfSteel"},{"floor":12.0,"key":"FairyPotion"},{"floor":14.0,"key":"SteroidPotion"},{"floor":16.0,"key":"Swift Potion"},{"floor":38,"key":"DuplicationPotion"},{"floor":39,"key":"SpeedPotion"}],"is_trial":false,"path_per_floor":["M","T","M","M","$","R","E","M","T","R","M","M","?","E","R","B",null,"M","M","?","$","?","R","$","R","T","M","R","M","R","M","R","B",null,"M","$","T","M","M","M","R","E","T","R","$","R","M","E","R","B","B",null,"R","$","E","B",null],"character_chosen":"WATCHER","items_purchased":[],"campfire_rested":1,"item_purchase_floors":[],"current_hp_per_floor":[61,61,49,47,47,47,15,11,11,31,31,29,29,20,20,20,56,56,40,40,40,40,40,40,40,40,39,39,33,33,37,37,35,60,45,45,45,53,54,60,60,66,66,66,66,66,68,72,72,78,77,82,82,82,86,41],"gold":58,"neow_bonus":"BOSS_RELIC","is_daily":false,"chose_seed":false,"campfire_upgraded":11,"win_rate":0.0,"timestamp":1610801031,"path_taken":["M","?","M","?","$","R","E","M","T","R","M","M","?","E","R","BOSS","M","M","?","$","?","R","?","R","T","M","R","?","R","M","R","BOSS","M","$","?","M","M","M","R","E","T","R","$","R","M","E","R","BOSS","BOSS","R","$","E","BOSS"],"items_purchased_type":[],"build_version":"2020-12-22","purchased_purges":6,"victory":true,"max_hp_per_floor":[68,68,68,68,68,68,68,68,68,68,68,68,68,68,68,68,68,68,68,68,68,68,68,68,68,68,68,68,68,68,68,68,68,68,68,68,68,72,76,78,78,80,80,80,80,80,84,84,84,84,84,84,84,84,86,86],"card_choices":[{"not_picked":["CutThroughFate","FollowUp"],"picked":"CrushJoints","floor":1.0},{"not_picked":["ClearTheMind","CutThroughFate"],"picked":"SignatureMove","floor":3.0},{"not_picked":["Crescendo","EmptyFist","JustLucky"],"picked":"SKIP","floor":4.0},{"not_picked":["SandsOfTime","InnerPeace"],"picked":"FearNoEvil","floor":7.0},{"not_picked":["Prostrate","SignatureMove","EmptyFist"],"picked":"SKIP","floor":8.0},{"not_picked":["JustLucky","LikeWater"],"picked":"FlurryOfBlows","floor":11.0},{"not_picked":["DeceiveReality","PathToVictory","FlyingSleeves"],"picked":"SKIP","floor":11.0},{"not_picked":["Weave","Pray","Protect"],"picked":"SKIP","floor":12.0},{"not_picked":["CrushJoints","ClearTheMind","Crescendo"],"picked":"SKIP","floor":12.0},{"not_picked":["WaveOfTheHand","Fasting2"],"picked":"Pray","floor":14.0},{"not_picked":["DeusExMachina","SpiritShield"],"picked":"Scrawl","floor":16.0},{"not_picked":["TalkToTheHand","FlurryOfBlows+1"],"picked":"Halt","floor":18.0},{"not_picked":["CutThroughFate","Protect","CarveReality"],"picked":"SKIP","floor":18.0},{"not_picked":["Prostrate","BowlingBash","CutThroughFate+1"],"picked":"SKIP","floor":19.0},{"not_picked":["Evaluate","Swivel","PathToVictory"],"picked":"SKIP","floor":19.0},{"not_picked":["Tantrum","Crescendo","FollowUp"],"picked":"SKIP","floor":27.0},{"not_picked":["Swivel","Establishment","Worship"],"picked":"SKIP","floor":27.0},{"not_picked":["Protect","BowlingBash"],"picked":"Adaptation","floor":29.0},{"not_picked":["Evaluate","Nirvana","ReachHeaven"],"picked":"SKIP","floor":29.0},{"not_picked":["FlurryOfBlows","Swivel","Consecrate"],"picked":"SKIP","floor":31.0},{"not_picked":["Wireheading","SashWhip","Crescendo"],"picked":"SKIP","floor":31.0},{"not_picked":["MasterReality","SpiritShield"],"picked":"Wish","floor":33},{"not_picked":["PathToVictory","InnerPeace","SignatureMove"],"picked":"SKIP","floor":35},{"not_picked":["Study","ClearTheMind","Consecrate"],"picked":"SKIP","floor":35},{"not_picked":["Halt","Prostrate","WheelKick"],"picked":"Singing Bowl","floor":38},{"not_picked":["Worship","SandsOfTime+1","EmptyBody"],"picked":"Singing Bowl","floor":38},{"not_picked":["SignatureMove","Ragnarok","Halt+1"],"picked":"Singing Bowl","floor":39},{"not_picked":["BattleHymn","ClearTheMind","Evaluate"],"picked":"Singing Bowl","floor":39},{"not_picked":["ThirdEye","EmptyBody","BowlingBash"],"picked":"Singing Bowl","floor":40},{"not_picked":["Swivel","BowlingBash"],"picked":"TalkToTheHand","floor":40},{"not_picked":["ThirdEye+1","Weave+1","JustLucky"],"picked":"Singing Bowl","floor":42},{"not_picked":["Perseverance+1","Indignation","BowlingBash"],"picked":"Singing Bowl","floor":47},{"not_picked":["SandsOfTime","Tantrum+1","ClearTheMind"],"picked":"Singing Bowl","floor":47},{"not_picked":["Conclude","Consecrate"],"picked":"Devotion","floor":48},{"not_picked":["Halt","Prostrate+1","Crescendo"],"picked":"Singing Bowl","floor":55}],"player_experience":2902386,"relics_obtained":[{"floor":7.0,"key":"Vajra"},{"floor":9.0,"key":"Prayer Wheel"},{"floor":14.0,"key":"HornCleat"},{"floor":26.0,"key":"Bird Faced Urn"},{"floor":37,"key":"Singing Bowl"},{"floor":42,"key":"Bottled Lightning"},{"floor":43,"key":"Yang"},{"floor":48,"key":"CloakClasp"},{"floor":55,"key":"Boot"}],"event_choices":[{"damage_healed":0.0,"max_hp_gain":0.0,"max_hp_loss":0.0,"gold_gain":0.0,"event_name":"Liars Game","player_choice":"Ignored","floor":13.0,"gold_loss":0.0,"damage_taken":0.0},{"damage_healed":0.0,"max_hp_gain":0.0,"max_hp_loss":0.0,"gold_gain":0.0,"event_name":"Vampires","player_choice":"Ignored","floor":20.0,"gold_loss":0.0,"damage_taken":0.0},{"damage_healed":0.0,"max_hp_gain":0.0,"max_hp_loss":0.0,"gold_gain":0.0,"event_name":"Ghosts","player_choice":"Ignored","floor":22.0,"gold_loss":0.0,"damage_taken":0.0}],"is_beta":false,"boss_relics":[{"not_picked":["Coffee Dripper","Philosopher\u0027s Stone"],"picked":"Pandora\u0027s Box"},{"not_picked":["Cursed Key","Astrolabe"],"picked":"Runic Pyramid"}],"items_purged_floors":[5,21,24,36,45,54],"is_endless":false,"potions_floor_spawned":[3,12,14,16,18,19,31,38,39,48,55],"ascension_level":20}}