{"host":"9jj9tzo2iym4bpat","time":1610809377,"event":{"mods":["Act Like it!","BaseMod","CapriCore","Colored Map","Dark Map","Luminous","Marisa????????","Minty Spire (QoL Compilation)","Permanent Neow","StSLib","Td1madao Mod","The Animator","The Immortal","The Marked","The Servant 0.9.4","Yakumo Yukari mod"],"gold_per_floor":[119,119,49,62,337,371,384,415,469,469,480,480,492,511,511,511,511],"floor_reached":16,"language":"ENG","playtime":619,"items_purged":[],"score":164,"play_id":"9118898f-225f-4502-8ebe-490ee77c6c30","local_time":"20210116090257","is_ascension_mode":true,"campfire_choices":[{"floor":10,"key":"REST"},{"floor":12,"key":"REST"},{"floor":15,"key":"REST"}],"circlet_count":0,"master_deck":["Strike_R","Strike_R","Strike_R","Strike_R","Strike_R","Defend_R","Defend_R","Defend_R","Defend_R","Bash+1","Flex","Heavy Blade","Armaments","Seeing Red","Regret","Pommel Strike","Body Slam","Barricade","Rage","Pommel Strike","Cleave"],"relics":["Burning Blood","NeowsBlessing","Question Card","Pen Nib","Blood Vial"],"acts_visited":["Exordium"],"potions_floor_usage":[16,16,16],"damage_taken":[{"damage":0,"enemies":"Jaw Worm","floor":1,"turns":1},{"damage":0,"enemies":"Cultist","floor":4,"turns":1},{"damage":0,"enemies":"Lagavulin","floor":6,"turns":1},{"damage":6,"enemies":"2 Louse","floor":7,"turns":2},{"damage":45,"enemies":"3 Sentries","floor":8,"turns":10},{"damage":43,"enemies":"Lots of Slimes","floor":11,"turns":6},{"damage":22,"enemies":"2 Fungi Beasts","floor":13,"turns":6},{"damage":7,"enemies":"Large Slime","floor":14,"turns":9},{"damage":87,"enemies":"Slime Boss","floor":16,"turns":16}],"seed_played":"-6248258276599454693","potions_obtained":[{"floor":6,"key":"ElixirPotion"},{"floor":7,"key":"BloodPotion"},{"floor":8,"key":"Dexterity Potion"}],"is_trial":false,"path_per_floor":["M","?","$","M","?","E","M","E","T","R","M","R","M","M","R","B"],"character_chosen":"IRONCLAD","items_purchased":["Heavy Blade","Armaments"],"campfire_rested":3,"item_purchase_floors":[3,3],"current_hp_per_floor":[80,80,80,80,80,80,80,41,41,65,30,54,40,41,65,0,0],"gold":511,"neow_bonus":"THREE_ENEMY_KILL","is_daily":false,"chose_seed":false,"campfire_upgraded":0,"win_rate":0.0,"timestamp":1610809377,"path_taken":["M","?","$","M","?","E","?","E","T","R","M","R","?","M","R","BOSS"],"items_purchased_type":["Card","Card"],"build_version":"2020-12-22","purchased_purges":0,"victory":false,"max_hp_per_floor":[80,80,80,80,80,80,80,80,80,80,80,80,80,80,80,80,80],"card_choices":[{"not_picked":["Havoc","Iron Wave"],"picked":"Flex","floor":1},{"not_picked":["Anger","Body Slam"],"picked":"Seeing Red","floor":4},{"not_picked":["Uppercut","Burning Pact"],"picked":"Pommel Strike","floor":6},{"not_picked":["Iron Wave","Rampage","Infernal Blade"],"picked":"Body Slam","floor":7},{"not_picked":["True Grit","Impervious","Warcry"],"picked":"Barricade","floor":8},{"not_picked":["Reckless Charge","True Grit","Carnage"],"picked":"Rage","floor":11},{"not_picked":["Feel No Pain","Anger","Thunderclap"],"picked":"Pommel Strike","floor":13},{"not_picked":["Headbutt","Sever Soul","Clash"],"picked":"Cleave","floor":14}],"player_experience":261401,"relics_obtained":[{"floor":6,"key":"Question Card"},{"floor":8,"key":"Pen Nib"},{"floor":9,"key":"Blood Vial"}],"event_choices":[{"damage_healed":0,"gold_gain":0,"player_choice":"Grow","damage_taken":0,"max_hp_gain":0,"max_hp_loss":0,"event_name":"Living Wall","floor":2,"gold_loss":0,"cards_upgraded":["Bash"]},{"damage_healed":0,"gold_gain":275,"player_choice":"Desecrate","damage_taken":0,"max_hp_gain":0,"max_hp_loss":0,"event_name":"Golden Shrine","floor":5,"gold_loss":0,"cards_obtained":["Regret"]}],"is_beta":false,"boss_relics":[],"items_purged_floors":[],"is_endless":false,"potions_floor_spawned":[6,7,8],"killed_by":"Slime Boss","ascension_level":4}}