{"host":"sav7uxregyirlf69","time":1610814848,"event":{"mods":["AchievementEnabler","BaseMod","Colored Map","DeckTracker","Keyboard Shortcuts","Minty Spire (QoL Compilation)","READ ME - Guardian Mod","StSLib","SuperFastMode"],"gold_per_floor":[118,137,154,229,229,256,271,271,271,271,305,305,305,324,324,395,395,407,407,421,421,0,0,25,25,25],"floor_reached":25,"language":"KOR","playtime":582,"items_purged":["Strike_P"],"score":401,"play_id":"ed9a157d-1f93-4020-a3b1-2bc2d3d35ed3","local_time":"20210117013408","is_ascension_mode":true,"campfire_choices":[{"data":"SignatureMove","floor":8.0,"key":"SMITH"},{"data":"Pray","floor":10.0,"key":"SMITH"},{"data":"Prostrate","floor":12.0,"key":"SMITH"},{"floor":15.0,"key":"REST"},{"data":"MentalFortress","floor":23.0,"key":"SMITH"}],"circlet_count":0,"master_deck":["AscendersBane","Strike_P","Strike_P","Defend_P","Defend_P","Defend_P+1","Defend_P","Eruption+1","Vigilance","Pray+1","SignatureMove+1","EmptyBody","Prostrate+1","LessonLearned+1","Evaluate+1","Ragnarok","ClearTheMind+1","MentalFortress+1","Brilliance+1","Sanctity+1"],"relics":["PureWater","Shuriken","Toxic Egg 2","Question Card","Black Star","Membership Card","Ginger","Shovel","Dream Catcher"],"acts_visited":["Exordium","TheCity"],"potions_floor_usage":[24],"damage_taken":[{"damage":0.0,"enemies":"2 Louse","floor":1.0,"turns":3.0},{"damage":4.0,"enemies":"Cultist","floor":2.0,"turns":4.0},{"damage":0.0,"enemies":"Small Slimes","floor":3.0,"turns":5.0},{"damage":15.0,"enemies":"3 Sentries","floor":6.0,"turns":10.0},{"damage":0.0,"enemies":"Looter","floor":7.0,"turns":1.0},{"damage":9.0,"enemies":"Lagavulin","floor":11.0,"turns":8.0},{"damage":10.0,"enemies":"Large Slime","floor":14.0,"turns":4.0},{"damage":13.0,"enemies":"The Guardian","floor":16.0,"turns":11.0},{"damage":6.0,"enemies":"Shell Parasite","floor":18.0,"turns":5.0},{"damage":22.0,"enemies":"2 Thieves","floor":20.0,"turns":3.0},{"damage":7,"enemies":"Book of Stabbing","floor":24,"turns":4},{"damage":32,"enemies":"3 Cultists","floor":25,"turns":5}],"seed_played":"8431274735184694201","potions_obtained":[{"floor":1.0,"key":"SmokeBomb"},{"floor":2.0,"key":"Dexterity Potion"},{"floor":3.0,"key":"EntropicBrew"}],"is_trial":false,"path_per_floor":["M","M","M","?","?","E","M","R","T","R","E","R","?","M","R","B",null,"M","?","M","?","$","R","E","M"],"character_chosen":"WATCHER","items_purchased":["Membership Card","Brilliance","Ginger"],"campfire_rested":1,"item_purchase_floors":[22,22,22],"current_hp_per_floor":[61,57,57,46,46,31,31,31,31,31,22,22,27,17,38,25,61,55,55,33,33,33,33,26,0,0],"gold":25,"neow_bonus":"REMOVE_CARD","is_daily":false,"chose_seed":false,"campfire_upgraded":4,"win_rate":0.0,"timestamp":1610814848,"path_taken":["M","M","M","?","?","E","?","R","T","R","E","R","?","M","R","BOSS","M","?","M","?","$","R","E","M"],"items_purchased_type":["Relic","Card","Relic"],"build_version":"2020-12-22","purchased_purges":1,"victory":false,"max_hp_per_floor":[68,68,68,68,68,68,68,68,68,68,68,68,73,73,73,73,73,73,73,73,73,73,73,73,73,73],"card_choices":[{"not_picked":["JustLucky","Protect"],"picked":"Pray","floor":1.0},{"not_picked":["DeceiveReality","CarveReality"],"picked":"SignatureMove","floor":2.0},{"not_picked":["Protect","FlyingSleeves"],"picked":"EmptyBody","floor":3.0},{"not_picked":["SignatureMove","JustLucky"],"picked":"Prostrate","floor":6.0},{"not_picked":["WreathOfFlame","Pray","CrushJoints"],"picked":"SKIP","floor":7.0},{"not_picked":["BowlingBash","Sanctity+1"],"picked":"LessonLearned","floor":11.0},{"not_picked":["Crescendo+1","Consecrate","PathToVictory+1"],"picked":"Evaluate+1","floor":14.0},{"not_picked":["LessonLearned","Judgement+1","Blasphemy+1"],"picked":"Ragnarok","floor":16.0},{"not_picked":["Crescendo+1","Study","SashWhip","BowlingBash"],"picked":"SKIP","floor":18.0},{"not_picked":["PathToVictory+1","Evaluate+1","CutThroughFate"],"picked":"ClearTheMind+1","floor":20.0},{"not_picked":["Evaluate+1","Establishment","WheelKick"],"picked":"Sanctity+1","floor":24}],"player_experience":1297483,"relics_obtained":[{"floor":6.0,"key":"Shuriken"},{"floor":9.0,"key":"Toxic Egg 2"},{"floor":11.0,"key":"Question Card"},{"floor":24,"key":"Shovel"},{"floor":24,"key":"Dream Catcher"}],"event_choices":[{"damage_healed":0.0,"max_hp_gain":0.0,"max_hp_loss":0.0,"gold_gain":75.0,"event_name":"World of Goop","player_choice":"Gather Gold","floor":4.0,"gold_loss":0.0,"damage_taken":11.0},{"damage_healed":0.0,"max_hp_gain":0.0,"max_hp_loss":0.0,"gold_gain":0.0,"event_name":"Upgrade Shrine","player_choice":"Upgraded","floor":5.0,"gold_loss":0.0,"damage_taken":0.0,"cards_upgraded":["Eruption"]},{"damage_healed":0.0,"max_hp_gain":5.0,"max_hp_loss":0.0,"gold_gain":0.0,"event_name":"Big Fish","player_choice":"Donut","floor":13.0,"gold_loss":0.0,"damage_taken":0.0},{"damage_healed":0.0,"max_hp_gain":0.0,"max_hp_loss":0.0,"gold_gain":0.0,"event_name":"Vampires","player_choice":"Ignored","floor":19.0,"gold_loss":0.0,"damage_taken":0.0},{"damage_healed":0.0,"max_hp_gain":0.0,"max_hp_loss":0.0,"gold_gain":0.0,"event_name":"The Library","player_choice":"Read","floor":21.0,"gold_loss":0.0,"damage_taken":0.0,"cards_obtained":["MentalFortress"]}],"is_beta":false,"boss_relics":[{"not_picked":["VioletLotus","SacredBark"],"picked":"Black Star"}],"items_purged_floors":[22],"is_endless":false,"potions_floor_spawned":[1,2,3,18],"killed_by":"3 Cultists","ascension_level":15}}