{"host":"iymac52lby91rdnn","time":1610776585,"event":{"mods":["AchievementEnabler","Act Like it!","BaseMod","Colored Powertips","GifTheSpireLib","Minty Spire (QoL Compilation)","Permanent Neow","Quick Restart","Rare Cards Sparkle","Relic Filter","Relic Stats","StSLib","The IronCluck","slay the spire mod where everything is the same but ironclad has a cowboy hat"],"gold_per_floor":[112,132,151,2,19,19,48,48,48,80,80,93,128,140,140,238,238,256,256,266,266,266,266],"floor_reached":22,"language":"DEU","playtime":1013,"items_purged":[],"score":358,"play_id":"b7e08e41-693a-445c-8ef0-0bcfb8b9f3df","local_time":"20210115235625","is_ascension_mode":true,"campfire_choices":[{"floor":6,"key":"RECALL"},{"floor":8,"key":"REST"},{"floor":11,"key":"REST"},{"floor":15,"key":"REST"}],"circlet_count":0,"master_deck":["Strike_B","Strike_B","Strike_B","Strike_B","Defend_B","Defend_B","Defend_B","Zap","Dualcast","Sweeping Beam","Rebound","Rebound","Streamline","Steam","Hologram","Sunder","Streamline","Streamline+1"],"relics":["FrozenCore","Orichalcum","Oddly Smooth Stone","Happy Flower","Cables"],"acts_visited":["Exordium","TheCity"],"potions_floor_usage":[12,20],"damage_taken":[{"damage":1,"enemies":"Cultist","floor":1,"turns":3},{"damage":0,"enemies":"2 Louse","floor":2,"turns":2},{"damage":7,"enemies":"Jaw Worm","floor":3,"turns":3},{"damage":5,"enemies":"Looter","floor":5,"turns":2},{"damage":28,"enemies":"Lagavulin","floor":7,"turns":5},{"damage":21,"enemies":"Gremlin Nob","floor":10,"turns":4},{"damage":2,"enemies":"Gremlin Gang","floor":12,"turns":3},{"damage":23,"enemies":"3 Sentries","floor":13,"turns":7},{"damage":10,"enemies":"Lots of Slimes","floor":14,"turns":3},{"damage":0,"enemies":"Slime Boss","floor":16,"turns":7},{"damage":0,"enemies":"Spheric Guardian","floor":18,"turns":3},{"damage":4,"enemies":"3 Byrds","floor":20,"turns":3},{"damage":0,"enemies":"Cultist and Chosen","floor":22,"turns":1}],"seed_played":"-3010714585011431885","potions_obtained":[{"floor":1,"key":"Dexterity Potion"},{"floor":10,"key":"ColorlessPotion"},{"floor":16,"key":"Swift Potion"},{"floor":18,"key":"DistilledChaos"},{"floor":19,"key":"SteroidPotion"},{"floor":19,"key":"EssenceOfDarkness"}],"is_trial":false,"path_per_floor":["M","M","M","$","M","R","E","R","T","E","R","M","E","M","R","B",null,"M","?","M","?","M"],"character_chosen":"DEFECT","items_purchased":["Orichalcum"],"campfire_rested":3,"item_purchase_floors":[4],"current_hp_per_floor":[67,67,60,60,55,55,27,49,49,28,50,48,25,15,37,37,66,66,66,62,48,48,48],"gold":266,"neow_bonus":"REMOVE_CARD","is_daily":false,"chose_seed":false,"campfire_upgraded":0,"win_rate":0.0,"timestamp":1610776585,"path_taken":["M","?","M","$","M","R","E","R","T","E","R","M","E","M","R","BOSS","M","?","?","?","M"],"items_purchased_type":["Relic"],"build_version":"2020-12-22","purchased_purges":0,"victory":false,"max_hp_per_floor":[75,75,75,75,75,75,75,75,75,75,75,75,75,75,75,75,75,75,75,75,80,80,80],"relic_stats":{"Happy Flower":[9],"counters":[13,46],"Orichalcum":[132],"obtain_stats":[{"Happy Flower":10,"Oddly Smooth Stone":7,"Orichalcum":4,"Cracked Core":0,"Cables":13,"FrozenCore":17},{"Happy Flower":6,"Oddly Smooth Stone":5,"Orichalcum":3,"Cracked Core":0,"Cables":8,"FrozenCore":10},{"Happy Flower":19,"Oddly Smooth Stone":15,"Orichalcum":8,"Cracked Core":0,"Cables":29,"FrozenCore":39}],"FrozenCore":[2],"Cables":[15,10,3,2,0]},"card_choices":[{"not_picked":["Undo","Steam Power"],"picked":"Sweeping Beam","floor":1},{"not_picked":["Blizzard","Turbo"],"picked":"Rebound","floor":2},{"not_picked":["Sweeping Beam","Thunder Strike"],"picked":"Rebound","floor":3},{"not_picked":["Rebound","Cold Snap"],"picked":"Streamline","floor":5},{"not_picked":["Beam Cell","Reprogram"],"picked":"Steam","floor":7},{"not_picked":["Rainbow","Leap"],"picked":"Hologram","floor":10},{"not_picked":["Storm","Ball Lightning","Leap"],"picked":"SKIP","floor":12},{"not_picked":["Conserve Battery","Go for the Eyes"],"picked":"Sunder","floor":13},{"not_picked":["Ball Lightning","Cold Snap"],"picked":"Streamline","floor":14},{"not_picked":["Turbo","Steam"],"picked":"Streamline+1","floor":18},{"not_picked":["Leap+1","Sweeping Beam","Creative AI"],"picked":"SKIP","floor":20}],"player_experience":851920,"relics_obtained":[{"floor":7,"key":"Oddly Smooth Stone"},{"floor":10,"key":"Happy Flower"},{"floor":13,"key":"Cables"}],"event_choices":[{"damage_healed":0,"gold_gain":0,"player_choice":"Got Potions","damage_taken":0,"max_hp_gain":0,"max_hp_loss":0,"event_name":"Lab","floor":19,"gold_loss":0},{"damage_healed":0,"gold_gain":0,"player_choice":"Shed Blood","damage_taken":19,"max_hp_gain":5,"max_hp_loss":0,"event_name":"Forgotten Altar","floor":21,"gold_loss":0}],"is_beta":false,"boss_relics":[{"not_picked":["Tiny House","SlaversCollar"],"picked":"FrozenCore"}],"items_purged_floors":[],"is_endless":false,"potions_floor_spawned":[1,10,16,18],"killed_by":"Cultist and Chosen","ascension_level":8}}