{"host":"640uue19m79c7wbt","time":1610816428,"event":{"mods":["BaseMod","Colored Map","Googly Eyes","Highlight Path","Minty Spire (QoL Compilation)","Quick Restart","StSLib"],"gold_per_floor":[116,41,216,226,226,226,252,252,252,269,287,287,314,314,314,415,415,430,174,190,190,190,190,225,235,287,48,79,98,98,115,115,115,115],"floor_reached":33,"language":"ENG","playtime":1213,"items_purged":["Strike_G","Burst"],"score":570,"play_id":"4487489e-e2ef-4f83-a410-d8e5f7cc7a0f","local_time":"20210116120028","is_ascension_mode":true,"campfire_choices":[{"data":"Eviscerate","floor":6.0,"key":"SMITH"},{"data":"Venomology","floor":12.0,"key":"SMITH"},{"floor":15.0,"key":"REST"},{"data":"Tools of the Trade","floor":23,"key":"SMITH"},{"floor":30,"key":"REST"},{"data":"Accuracy","floor":32,"key":"SMITH"}],"circlet_count":0,"master_deck":["Survivor","Neutralize","Eviscerate+1","Backstab","Dagger Throw","Blade Dance","Venomology+1","Crippling Poison","Burst","Tools of the Trade+1","Terror","Infinite Blades","Escape Plan","Accuracy+1","Deflect","Footwork","Endless Agony","Slice","Underhanded Strike","Choke","Distraction","Bandage Up","Dagger Spray","Acrobatics","Slice+1"],"relics":["Ring of the Snake","NeowsBlessing","Regal Pillow","Ninja Scroll","PreservedInsect","CultistMask","Pandora\u0027s Box","Lantern","InkBottle","Tiny Chest","MealTicket","Pen Nib"],"acts_visited":["Exordium","TheCity"],"potions_floor_usage":[20,20,24,25,28,28,29,31,33,33],"damage_taken":[{"damage":0.0,"enemies":"Jaw Worm","floor":1.0,"turns":1.0},{"damage":0.0,"enemies":"Small Slimes","floor":4.0,"turns":1.0},{"damage":0.0,"enemies":"Gremlin Nob","floor":7.0,"turns":1.0},{"damage":0.0,"enemies":"Cultist","floor":10.0,"turns":2.0},{"damage":0.0,"enemies":"2 Fungi Beasts","floor":11.0,"turns":2.0},{"damage":15.0,"enemies":"Lagavulin","floor":13.0,"turns":3.0},{"damage":0.0,"enemies":"Slime Boss","floor":16.0,"turns":9.0},{"damage":18.0,"enemies":"Shell Parasite","floor":18.0,"turns":3.0},{"damage":0,"enemies":"Spheric Guardian","floor":20,"turns":2},{"damage":29,"enemies":"Slavers","floor":24,"turns":3},{"damage":0,"enemies":"Snake Plant","floor":25,"turns":2},{"damage":0,"enemies":"Gremlin Leader","floor":28,"turns":2},{"damage":0,"enemies":"Cultist and Chosen","floor":29,"turns":2},{"damage":9,"enemies":"Centurion and Healer","floor":31,"turns":3},{"damage":103,"enemies":"Champ","floor":33,"turns":6}],"seed_played":"-6937059976036768635","potions_obtained":[{"floor":1.0,"key":"EssenceOfSteel"},{"floor":8.0,"key":"GamblersBrew"},{"floor":8.0,"key":"LiquidMemories"},{"floor":18.0,"key":"Energy Potion"},{"floor":28,"key":"FearPotion"}],"is_trial":false,"path_per_floor":["M","$","?","M","?","R","E","?","T","M","M","R","E","?","R","B",null,"M","$","M","?","?","R","E","M","T","$","E","M","R","M","R","B"],"character_chosen":"THE_SILENT","items_purchased":["Lantern","MealTicket","Bandage Up"],"campfire_rested":2,"item_purchase_floors":[19,27,27],"current_hp_per_floor":[63,63,63,63,56,56,56,56,56,56,56,56,41,41,70,70,70,52,52,57,57,44,44,15,15,15,15,19,19,56,51,51,0,0],"gold":115,"neow_bonus":"THREE_ENEMY_KILL","is_daily":false,"chose_seed":false,"campfire_upgraded":4,"win_rate":0.0,"timestamp":1610816428,"path_taken":["M","$","?","M","?","R","E","?","T","M","?","R","E","?","R","BOSS","M","$","M","?","?","R","E","M","T","$","E","M","R","M","R","BOSS"],"items_purchased_type":["Relic","Relic","Card"],"build_version":"2020-12-22","purchased_purges":2,"victory":false,"max_hp_per_floor":[70,70,70,70,70,70,70,70,70,70,70,70,70,70,70,70,70,70,70,70,70,75,75,75,75,75,75,75,75,75,75,75,75,75],"card_choices":[{"not_picked":["Skewer","Underhanded Strike"],"picked":"Eviscerate","floor":1.0},{"not_picked":["Quick Slash","Blade Dance"],"picked":"Backstab","floor":4.0},{"not_picked":["Deadly Poison","Quick Slash"],"picked":"Dagger Throw","floor":7.0},{"not_picked":["Distraction","Flying Knee"],"picked":"Blade Dance","floor":10.0},{"not_picked":["Underhanded Strike","Calculated Gamble"],"picked":"Venomology","floor":11.0},{"not_picked":["Escape Plan","Blade Dance"],"picked":"Crippling Poison","floor":13.0},{"not_picked":["Doppelganger","Malaise"],"picked":"Burst","floor":16.0},{"not_picked":["Outmaneuver+1","Poisoned Stab"],"picked":"Slice","floor":18.0},{"not_picked":["Concentrate","Caltrops"],"picked":"Underhanded Strike","floor":20},{"not_picked":["Slice","Footwork"],"picked":"Choke","floor":24},{"not_picked":["Deflect","Terror"],"picked":"Distraction","floor":25},{"not_picked":["Deflect","Outmaneuver+1"],"picked":"Dagger Spray","floor":28},{"not_picked":["Choke","Infinite Blades"],"picked":"Acrobatics","floor":29},{"not_picked":["Dagger Spray","Sucker Punch"],"picked":"Slice+1","floor":31}],"player_experience":583646,"relics_obtained":[{"floor":7.0,"key":"Regal Pillow"},{"floor":9.0,"key":"Ninja Scroll"},{"floor":13.0,"key":"PreservedInsect"},{"floor":24,"key":"InkBottle"},{"floor":26,"key":"Tiny Chest"},{"floor":28,"key":"Pen Nib"}],"event_choices":[{"damage_healed":0.0,"max_hp_gain":0.0,"max_hp_loss":0.0,"gold_gain":175.0,"event_name":"Liars Game","player_choice":"AGREE","floor":3.0,"gold_loss":0.0,"damage_taken":0.0,"cards_obtained":["Doubt"]},{"cards_removed":["Doubt"],"damage_healed":0.0,"max_hp_gain":0.0,"max_hp_loss":0.0,"gold_gain":0.0,"event_name":"Golden Wing","player_choice":"Card Removal","floor":5.0,"gold_loss":0.0,"damage_taken":7.0},{"damage_healed":0.0,"max_hp_gain":0.0,"max_hp_loss":0.0,"gold_gain":0.0,"event_name":"Lab","player_choice":"Got Potions","floor":8.0,"gold_loss":0.0,"damage_taken":0.0},{"damage_healed":0.0,"max_hp_gain":0.0,"max_hp_loss":0.0,"gold_gain":0.0,"event_name":"FaceTrader","player_choice":"Trade","floor":14.0,"gold_loss":0.0,"damage_taken":0.0,"relics_obtained":["CultistMask"]},{"damage_healed":0,"gold_gain":0,"player_choice":"Ignored","damage_taken":0,"max_hp_gain":0,"max_hp_loss":0,"event_name":"Vampires","floor":21,"gold_loss":0},{"damage_healed":0,"gold_gain":0,"player_choice":"Shed Blood","damage_taken":18,"max_hp_gain":5,"max_hp_loss":0,"event_name":"Forgotten Altar","floor":22,"gold_loss":0}],"is_beta":false,"boss_relics":[{"not_picked":["Runic Dome","Fusion Hammer"],"picked":"Pandora\u0027s Box"}],"items_purged_floors":[2,19],"is_endless":false,"potions_floor_spawned":[1,11,18,28],"killed_by":"Champ","ascension_level":9}}