{"host":"lnt5dzsuhru0aonl","time":1610815280,"event":{"mods":["2.2 Compatiblity","BaseMod","Colored Map","DeckTracker","Keyboard Shortcuts","Minty Spire (QoL Compilation)","Permanent Neow","StSLib","SuperFastMode","everything is the same but u backflip on backflip"],"gold_per_floor":[114,114,129,129,29,29,61,61,361,373,387,387,387,415,415,488,488,501,521,554,572,16,16,16,41,41,76,76,94,94,104,104,104,104],"floor_reached":33,"language":"KOR","playtime":1259,"items_purged":["Defend_P","Strike_P"],"score":557,"play_id":"92008642-62e6-47bf-bbc7-662c17d7965b","local_time":"20210117014120","is_ascension_mode":true,"campfire_choices":[{"floor":6.0,"key":"REST"},{"floor":8.0,"key":"REST"},{"floor":13.0,"key":"REST"},{"floor":15.0,"key":"REST"},{"floor":23.0,"key":"REST"},{"floor":28.0,"key":"REST"},{"floor":32.0,"key":"REST"}],"circlet_count":0,"master_deck":["AscendersBane","Strike_P","Strike_P","Strike_P","Defend_P+1","Defend_P","Defend_P","Eruption","Vigilance+1","FlurryOfBlows","FollowUp","TalkToTheHand","ForeignInfluence","MentalFortress","FearNoEvil","Adaptation","Tantrum","InnerPeace"],"relics":["Fusion Hammer","Centennial Puzzle","Pen Nib","Old Coin","Lizard Tail","VioletLotus","Red Mask","Strawberry","Oddly Smooth Stone","Anchor","White Beast Statue","Bird Faced Urn"],"acts_visited":["Exordium","TheCity"],"potions_floor_usage":[33],"damage_taken":[{"damage":0.0,"enemies":"2 Louse","floor":1.0,"turns":2.0},{"damage":0.0,"enemies":"Jaw Worm","floor":3.0,"turns":2.0},{"damage":12.0,"enemies":"3 Sentries","floor":7.0,"turns":6.0},{"damage":0.0,"enemies":"Small Slimes","floor":10.0,"turns":2.0},{"damage":15.0,"enemies":"Exordium Wildlife","floor":11.0,"turns":3.0},{"damage":9.0,"enemies":"Lagavulin","floor":14.0,"turns":7.0},{"damage":45.0,"enemies":"The Guardian","floor":16.0,"turns":9.0},{"damage":0.0,"enemies":"Chosen","floor":18.0,"turns":3.0},{"damage":14.0,"enemies":"Spheric Guardian","floor":19.0,"turns":5.0},{"damage":31.0,"enemies":"Masked Bandits","floor":20.0,"turns":5.0},{"damage":7.0,"enemies":"Centurion and Healer","floor":21.0,"turns":6.0},{"damage":11.0,"enemies":"Gremlin Leader","floor":25.0,"turns":7.0},{"damage":0.0,"enemies":"Book of Stabbing","floor":27.0,"turns":3.0},{"damage":0.0,"enemies":"Cultist and Chosen","floor":29.0,"turns":4.0},{"damage":18.0,"enemies":"Snake Plant","floor":31.0,"turns":3.0},{"damage":117,"enemies":"Champ","floor":33,"turns":7}],"seed_played":"5661844441693240424","potions_obtained":[{"floor":7.0,"key":"Weak Potion"},{"floor":10.0,"key":"ColorlessPotion"},{"floor":19.0,"key":"PowerPotion"},{"floor":21.0,"key":"StancePotion"},{"floor":27.0,"key":"SteroidPotion"},{"floor":29.0,"key":"Ancient Potion"},{"floor":31.0,"key":"GamblersBrew"}],"is_trial":false,"path_per_floor":["M","?","M","?","$","R","E","R","T","M","M","?","R","E","R","B",null,"M","M","?","M","$","R","?","E","T","E","R","M","$","M","R","B"],"character_chosen":"WATCHER","items_purchased":["FollowUp","Adaptation","Tantrum","Strawberry","Oddly Smooth Stone"],"campfire_rested":7,"item_purchase_floors":[5,22,22,22,22],"current_hp_per_floor":[61,35,35,35,35,55,43,63,63,63,48,28,48,39,59,14,55,55,41,10,3,10,32,32,21,21,21,43,47,47,33,55,0,0],"gold":104,"neow_bonus":"BOSS_RELIC","is_daily":false,"chose_seed":false,"campfire_upgraded":0,"win_rate":0.0,"timestamp":1610815280,"path_taken":["M","?","M","?","?","R","E","R","T","M","M","?","R","E","R","BOSS","M","M","?","M","$","R","?","E","T","E","R","M","$","M","R","BOSS"],"items_purchased_type":["Card","Card","Card","Relic","Relic"],"build_version":"2020-12-22","purchased_purges":2,"victory":false,"max_hp_per_floor":[68,68,68,68,68,68,68,68,68,68,68,68,68,68,68,68,68,68,68,68,68,75,75,75,75,75,75,75,75,75,75,75,75,75],"card_choices":[{"not_picked":["FlyingSleeves","Collect","CutThroughFate"],"picked":"SKIP","floor":1.0},{"not_picked":["PathToVictory","Evaluate"],"picked":"FlurryOfBlows","floor":3.0},{"not_picked":["Vengeance","Wish"],"picked":"TalkToTheHand","floor":7.0},{"not_picked":["Crescendo","Fasting2"],"picked":"ForeignInfluence","floor":10.0},{"not_picked":["Evaluate","ReachHeaven","ForeignInfluence"],"picked":"SKIP","floor":11.0},{"not_picked":["DeusExMachina","BowlingBash","ClearTheMind"],"picked":"SKIP","floor":14.0},{"not_picked":["FlurryOfBlows","ForeignInfluence+1"],"picked":"MentalFortress","floor":18.0},{"not_picked":["PathToVictory","Consecrate","Collect"],"picked":"SKIP","floor":19.0},{"not_picked":["SashWhip","JustLucky"],"picked":"FearNoEvil","floor":21.0},{"not_picked":["Brilliance","Consecrate+1","Protect"],"picked":"SKIP","floor":25.0},{"not_picked":["BowlingBash","WheelKick","EmptyFist"],"picked":"SKIP","floor":27.0},{"not_picked":["Consecrate","Evaluate","ThirdEye"],"picked":"SKIP","floor":29.0},{"not_picked":["Devotion","DeceiveReality","FearNoEvil"],"picked":"SKIP","floor":31.0}],"player_experience":673721,"relics_obtained":[{"floor":7.0,"key":"Pen Nib"},{"floor":9.0,"key":"Old Coin"},{"floor":14.0,"key":"Lizard Tail"},{"floor":20.0,"key":"Red Mask"},{"floor":25.0,"key":"Anchor"},{"floor":26.0,"key":"White Beast Statue"},{"floor":27.0,"key":"Bird Faced Urn"}],"event_choices":[{"damage_healed":0.0,"max_hp_gain":0.0,"max_hp_loss":0.0,"gold_gain":0.0,"event_name":"Scrap Ooze","player_choice":"Success","floor":2.0,"gold_loss":0.0,"damage_taken":26.0,"relics_obtained":["Centennial Puzzle"]},{"damage_healed":0.0,"max_hp_gain":0.0,"max_hp_loss":0.0,"gold_gain":0.0,"event_name":"Liars Game","player_choice":"Ignored","floor":4.0,"gold_loss":0.0,"damage_taken":0.0},{"damage_healed":0.0,"max_hp_gain":0.0,"max_hp_loss":0.0,"gold_gain":0.0,"event_name":"Shining Light","player_choice":"Entered Light","floor":12.0,"gold_loss":0.0,"damage_taken":20.0,"cards_upgraded":["Vigilance","Defend_P"]},{"damage_healed":0.0,"max_hp_gain":0.0,"max_hp_loss":0.0,"gold_gain":0.0,"event_name":"Masked Bandits","player_choice":"Fought Bandits","floor":20.0,"gold_loss":0.0,"damage_taken":0.0},{"damage_healed":0.0,"max_hp_gain":0.0,"max_hp_loss":0.0,"gold_gain":0.0,"event_name":"Match and Keep!","player_choice":"1 cards matched","floor":24.0,"gold_loss":0.0,"damage_taken":0.0,"cards_obtained":["InnerPeace"]}],"is_beta":false,"boss_relics":[{"not_picked":["Cursed Key","Velvet Choker"],"picked":"VioletLotus"}],"items_purged_floors":[5,22],"is_endless":false,"potions_floor_spawned":[7,10,19,21,27,29,31],"killed_by":"Champ","ascension_level":15}}