{"host":"yttw759xqm3gosmj","time":1610766516,"event":{"mods":["AchievementEnabler","Bartender","BaseMod","Better Note","Better Third Choice","BetterRewards","Clockwork Mod","Colored Map","Colorless Booster Pack","Conspire","Custom Start","Dio Mod","Energized Spire","GifTheSpireLib","Glutton Mod","Googly Eyes","Hermit","Hubris","Infinite Spire","Mimic Mod","Minty Spire (QoL Compilation)","Rare Cards Sparkle","Replay The Spire","Shade Mod","Shop Mod","Spicy Shops","Spikes Relics","Spire Birthday Party","StSLib","Stuff the Spire","The Alterego","The Animator","The Bladedancer","The Cursed","The Edgeheg","The Forsaken","The Hierophant","The Judge","The Jungle","The Kombatant","The Marked","The Necromancer","The Poker Player","The Servant 0.9.4","The Trickster","TheSwordswoman","TheVacant","Trackpad","Unceasing Turn Reminder","Useless Jewels Mod","Waifu the Spire","WarShipGirlsR/????R mod","egg","slay the spire mod where everything is the same but ironclad has a cowboy hat","thorton","??????REMEMod"],"gold_per_floor":[88,88,88,16,16,41,41,53,93,21,21,21],"floor_reached":11,"language":"ENG","playtime":446,"items_purged":[],"score":94,"play_id":"4ec7bf3e-ca65-429d-a73c-898f3ff81ca8","local_time":"20210115220836","is_ascension_mode":false,"campfire_choices":[{"floor":7,"key":"RECALL"}],"circlet_count":0,"master_deck":["theEdgeheg:StarterShootAttack","theEdgeheg:StarterShootAttack","theEdgeheg:StarterShootAttack","theEdgeheg:StarterShootAttack","theEdgeheg:StarterDodgeSkill","theEdgeheg:StarterDodgeSkill","theEdgeheg:StarterDodgeSkill","theEdgeheg:BloodyKatana+1","theEdgeheg:ChaosControlSkill","theEdgeheg:GatherChaos","theEdgeheg:PlayRandomCard","theEdgeheg:MachineGun","theEdgeheg:Reload","theEdgeheg:KatanaGF","theEdgeheg:StarterShootAttack","theEdgeheg:GunFu","theEdgeheg:QuickDraw","theEdgeheg:SelfHarmIsNotCool","theEdgeheg:Shotgun","theEdgeheg:Disrobe","theEdgeheg:BlackKatana"],"relics":["theEdgeheg:UltimateLifeformRelic","theEdgeheg:GreenEmeraldRelic","REME_ComplimentaryCards","NeowsBlessing","ReplayTheSpireMod:Lightbulb"],"acts_visited":["Exordium"],"potions_floor_usage":[],"damage_taken":[{"damage":0,"enemies":"Small Slimes","floor":1,"turns":1},{"damage":0,"enemies":"Gremlin Nob","floor":6,"turns":1},{"damage":0,"enemies":"Cultist","floor":8,"turns":1},{"damage":4,"enemies":"2 Louse","floor":9,"turns":8},{"damage":1,"enemies":"Lagavulin","floor":11,"turns":3}],"seed_played":"3050216010437159169","potions_obtained":[],"is_trial":false,"path_per_floor":["M","?","?","$","?","E","R","M","MIM","$","E"],"character_chosen":"THE_DEFAULT","items_purchased":["theEdgeheg:MachineGun","theEdgeheg:Reload","theEdgeheg:Disrobe","theEdgeheg:BlackKatana"],"campfire_rested":0,"item_purchase_floors":[4,4,10,10],"current_hp_per_floor":[4,4,4,4,4,4,4,5,1,1,0,0],"gold":21,"neow_bonus":"THREE_ENEMY_KILL","is_daily":false,"chose_seed":false,"campfire_upgraded":0,"win_rate":0.0,"timestamp":1610766516,"path_taken":["M","?","?","$","?","E","R","?","MIM","$","E"],"items_purchased_type":["Card","Card","Card","Card"],"build_version":"2020-12-22","purchased_purges":0,"victory":false,"max_hp_per_floor":[5,5,5,5,5,5,5,5,5,5,5,5],"card_choices":[{"not_picked":["theEdgeheg:GirlWithGun","theEdgeheg:Reload"],"picked":"theEdgeheg:PlayRandomCard","floor":1},{"not_picked":["theEdgeheg:BloodyKatana","theEdgeheg:Girlfriend"],"picked":"theEdgeheg:QuickDraw","floor":6},{"not_picked":["theEdgeheg:DrawGun","theEdgeheg:PlayRandomCard"],"picked":"theEdgeheg:SelfHarmIsNotCool","floor":8},{"not_picked":["theEdgeheg:ChaosCards","theEdgeheg:BetterDodge"],"picked":"theEdgeheg:Shotgun","floor":9}],"player_experience":103074,"relics_obtained":[{"floor":6,"key":"ReplayTheSpireMod:Lightbulb"}],"event_choices":[{"damage_healed":0,"gold_gain":0,"player_choice":"Grow","damage_taken":0,"max_hp_gain":0,"max_hp_loss":0,"event_name":"Living Wall","floor":2,"gold_loss":0,"cards_upgraded":["theEdgeheg:BloodyKatana"]},{"damage_healed":0,"gold_gain":0,"player_choice":"Leave","damage_taken":0,"max_hp_gain":0,"max_hp_loss":0,"event_name":"conspire:Investor","floor":3,"gold_loss":0},{"damage_healed":0,"gold_gain":0,"player_choice":"3 cards matched","damage_taken":0,"max_hp_gain":0,"max_hp_loss":0,"event_name":"Match and Keep!","floor":5,"gold_loss":0,"cards_obtained":["theEdgeheg:KatanaGF","theEdgeheg:StarterShootAttack","theEdgeheg:GunFu"]}],"is_beta":false,"boss_relics":[],"items_purged_floors":[],"is_endless":false,"potions_floor_spawned":[],"killed_by":"Lagavulin","ascension_level":0}}