{"host":"3eao3znc71vovznr","time":1610806678,"event":{"mods":["BaseMod","Minty Spire (QoL Compilation)","StSLib","The Marked"],"gold_per_floor":[112,124,136,136,153,186,196,196,196,196,216,245,245,258,258,362,362,377,377,390,405,38,38,38],"floor_reached":23,"language":"ENG","playtime":1167,"items_purged":["theMarked:Strike"],"score":205,"play_id":"438a0bbf-22fd-410e-9b79-e9ae1466c875","local_time":"20210116151758","is_ascension_mode":false,"campfire_choices":[{"floor":8.0,"key":"REST"},{"data":"theMarked:RogueSparks","floor":10.0,"key":"SMITH"},{"floor":13.0,"key":"REST"},{"floor":15.0,"key":"REST"}],"circlet_count":0,"master_deck":["theMarked:Strike","theMarked:Strike","theMarked:Strike","theMarked:Strike","theMarked:Defend","theMarked:Defend","theMarked:Defend","theMarked:Defend","theMarked:SoldierOfQuellstein","Madness","theMarked:Panic","theMarked:ElectricStrings","theMarked:GodGivenPower+1","theMarked:RogueSparks+1","theMarked:AttractMetal","theMarked:Aftermath","theMarked:Electrify","theMarked:Panic","theMarked:MuscleMemory","theMarked:RogueSparks+1","theMarked:GodGivenPower+1","theMarked:ComboAttacks+1"],"relics":["theMarked:ArtifactOfAir","Frozen Egg 2","White Beast Statue","StrikeDummy","SacredBark","Pantograph"],"acts_visited":["Exordium","TheCity"],"potions_floor_usage":[19,21,21,23],"damage_taken":[{"damage":4.0,"enemies":"Cultist","floor":1.0,"turns":4.0},{"damage":2.0,"enemies":"2 Louse","floor":2.0,"turns":3.0},{"damage":0.0,"enemies":"Small Slimes","floor":3.0,"turns":3.0},{"damage":21.0,"enemies":"Exordium Thugs","floor":5.0,"turns":4.0},{"damage":12.0,"enemies":"Lagavulin","floor":6.0,"turns":7.0},{"damage":9.0,"enemies":"Blue Slaver","floor":7.0,"turns":4.0},{"damage":10.0,"enemies":"Red Slaver","floor":11.0,"turns":4.0},{"damage":17.0,"enemies":"3 Sentries","floor":12.0,"turns":4.0},{"damage":11.0,"enemies":"Gremlin Gang","floor":14.0,"turns":4.0},{"damage":21.0,"enemies":"The Guardian","floor":16.0,"turns":10.0},{"damage":20,"enemies":"Spheric Guardian","floor":18,"turns":4},{"damage":52,"enemies":"3 Byrds","floor":20,"turns":6},{"damage":2,"enemies":"Snake Plant","floor":21,"turns":4},{"damage":23,"enemies":"Book of Stabbing","floor":23,"turns":2}],"seed_played":"2555837474451873870","potions_obtained":[{"floor":1.0,"key":"Dexterity Potion"},{"floor":6.0,"key":"BlessingOfTheForge"},{"floor":11.0,"key":"Explosive Potion"},{"floor":12.0,"key":"FearPotion"},{"floor":14.0,"key":"Block Potion"},{"floor":16.0,"key":"Dexterity Potion"},{"floor":18,"key":"Fruit Juice"},{"floor":20,"key":"DistilledChaos"},{"floor":21,"key":"PowerPotion"}],"is_trial":false,"path_per_floor":["M","M","M","?","M","E","M","R","T","R","M","E","R","M","R","B",null,"M","?","M","M","$","E"],"character_chosen":"THE_DEFAULT","items_purchased":["Pantograph","Explosive Potion"],"campfire_rested":3,"item_purchase_floors":[22,22],"current_hp_per_floor":[66,64,64,64,43,31,22,43,43,43,33,16,37,26,47,26,70,50,60,8,6,6,0,0],"gold":38,"neow_bonus":"RANDOM_COLORLESS","is_daily":false,"chose_seed":false,"campfire_upgraded":1,"win_rate":0.0,"timestamp":1610806678,"path_taken":["M","?","M","?","M","E","M","R","T","R","M","E","R","M","R","BOSS","M","?","M","M","$","E"],"items_purchased_type":["Relic","Potion"],"build_version":"2020-12-22","purchased_purges":1,"victory":false,"max_hp_per_floor":[70,70,70,70,70,70,70,70,70,70,70,70,70,70,70,70,70,70,80,80,80,80,80,80],"card_choices":[{"not_picked":["Finesse","Dark Shackles"],"picked":"Madness","floor":0.0},{"not_picked":["theMarked:Improvise","theMarked:WastefulDefense"],"picked":"theMarked:Panic","floor":1.0},{"not_picked":["theMarked:ResourceFulStrike","theMarked:WastefulAttack"],"picked":"theMarked:ElectricStrings","floor":2.0},{"not_picked":["theMarked:HeightenedSenses","theMarked:WastefulAttack"],"picked":"theMarked:GodGivenPower","floor":3.0},{"not_picked":["theMarked:HeightenedSenses","theMarked:BanishingStrike"],"picked":"theMarked:RogueSparks","floor":5.0},{"not_picked":["theMarked:WardOff","theMarked:ElectricStrings"],"picked":"theMarked:AttractMetal","floor":6.0},{"not_picked":["theMarked:Parkour","theMarked:EmpowerWeapon"],"picked":"theMarked:Aftermath","floor":7.0},{"not_picked":["theMarked:Parkour","theMarked:SwordAndMagic"],"picked":"theMarked:Electrify","floor":11.0},{"not_picked":["theMarked:Defy","theMarked:HeightenedSenses"],"picked":"theMarked:Panic","floor":12.0},{"not_picked":["theMarked:Improvise","theMarked:TunnelVision","theMarked:SwordAndMagic"],"picked":"SKIP","floor":14.0},{"not_picked":["theMarked:Vacuum","theMarked:BindingBlade"],"picked":"theMarked:MuscleMemory","floor":16.0},{"not_picked":["theMarked:TakeCover","theMarked:EmpowerWeapon"],"picked":"theMarked:RogueSparks+1","floor":18},{"not_picked":["theMarked:Frustration","theMarked:EnhanceMovement"],"picked":"theMarked:ComboAttacks+1","floor":20},{"not_picked":["theMarked:RepellingDischarge","theMarked:Parkour+1","theMarked:WastefulAttack+1"],"picked":"SKIP","floor":21}],"player_experience":397865,"relics_obtained":[{"floor":6.0,"key":"Frozen Egg 2"},{"floor":9.0,"key":"White Beast Statue"},{"floor":12.0,"key":"StrikeDummy"}],"event_choices":[{"damage_healed":0.0,"max_hp_gain":0.0,"max_hp_loss":0.0,"gold_gain":0.0,"event_name":"Accursed Blacksmith","player_choice":"Forge","floor":4.0,"gold_loss":0.0,"damage_taken":0.0,"cards_upgraded":["theMarked:GodGivenPower"]},{"damage_healed":0,"gold_gain":0,"player_choice":"Copied","damage_taken":0,"max_hp_gain":0,"max_hp_loss":0,"event_name":"Duplicator","floor":19,"gold_loss":0,"cards_obtained":["theMarked:GodGivenPower"]}],"is_beta":false,"boss_relics":[{"not_picked":["Empty Cage","Tiny House"],"picked":"SacredBark"}],"items_purged_floors":[22],"is_endless":false,"potions_floor_spawned":[1,6,11,12,14,16,18,20,21],"killed_by":"Book of Stabbing","ascension_level":0}}