{"host":"dhlnk6yox2l1s6up","time":1610811213,"event":{"mods":["BaseMod","Colored Map","Highlight Path","Minty Spire (QoL Compilation)","Relic Stats","StSLib"],"gold_per_floor":[13,13,13,88,108,108,151,172,195,239,239,12,32,68,68,191,191,205,228,10,29,29,29,62,72,124,157,177,177,177,212,212,316,316,334,23,35,35,73,73,73,83,83,83,111,111,111,138,138,138,138,138,0,26,26,26],"floor_reached":55,"language":"ENG","playtime":7773,"items_purged":["Strike_B","Defend_B","Defend_B"],"score":1206,"play_id":"6080cb1f-9b9f-4d56-92b5-d39b55c19fc8","local_time":"20210116093333","is_ascension_mode":true,"campfire_choices":[{"data":"Ball Lightning","floor":6.0,"key":"SMITH"},{"data":"Electrodynamics","floor":15.0,"key":"SMITH"},{"data":"Conserve Battery","floor":23.0,"key":"SMITH"},{"data":"Conserve Battery","floor":29.0,"key":"SMITH"},{"floor":32.0,"key":"REST"},{"floor":41.0,"key":"RECALL"},{"data":"Buffer","floor":46.0,"key":"SMITH"},{"data":"Seek","floor":49,"key":"SMITH"},{"data":"Defragment","floor":52,"key":"SMITH"}],"circlet_count":0,"master_deck":["Defend_B","Defend_B","Zap+1","Dualcast+1","Electrodynamics+1","Ball Lightning+1","Hologram","Go for the Eyes","Leap","Conserve Battery+1","Darkness","Seek+1","Fusion+1","Buffer+1","Heatsinks+1","Darkness+1","Conserve Battery+1","Defragment+1","Core Surge","Leap","Storm","Seek","Chill+1","Recycle+1","Skim","Turbo+1","Force Field+1","HandOfGreed","Panacea","Steam","Beam Cell+1","Coolheaded","Buffer+1","Skim","Static Discharge","Rainbow"],"relics":["Cracked Core","Bloody Idol","Omamori","Boot","Turnip","DataDisk","Bottled Tornado","Astrolabe","Runic Capacitor","Bronze Scales","Nunchaku","Gremlin Horn","Pen Nib","Calling Bell","Smiling Mask","Pear","Prayer Wheel","Membership Card","Toy Ornithopter","TungstenRod","Happy Flower"],"acts_visited":["Exordium","TheCity","TheBeyond","TheEnding"],"potions_floor_usage":[50,54,54,54,55],"damage_taken":[{"damage":0.0,"enemies":"2 Louse","floor":1.0,"turns":2.0},{"damage":12.0,"enemies":"Jaw Worm","floor":5.0,"turns":2.0},{"damage":2.0,"enemies":"3 Sentries","floor":7.0,"turns":3.0},{"damage":0.0,"enemies":"Cultist","floor":8.0,"turns":2.0},{"damage":8.0,"enemies":"Gremlin Nob","floor":10.0,"turns":3.0},{"damage":0.0,"enemies":"Gremlin Gang","floor":13.0,"turns":1.0},{"damage":2.0,"enemies":"3 Sentries","floor":14.0,"turns":4.0},{"damage":0.0,"enemies":"Slime Boss","floor":16.0,"turns":4.0},{"damage":7.0,"enemies":"Shell Parasite","floor":18.0,"turns":7.0},{"damage":0.0,"enemies":"Chosen","floor":19.0,"turns":5.0},{"damage":10.0,"enemies":"Centurion and Healer","floor":21.0,"turns":3.0},{"damage":9.0,"enemies":"Gremlin Leader","floor":24.0,"turns":5.0},{"damage":3.0,"enemies":"Cultist and Chosen","floor":25.0,"turns":4.0},{"damage":13.0,"enemies":"Book of Stabbing","floor":27.0,"turns":4.0},{"damage":0.0,"enemies":"3 Cultists","floor":28.0,"turns":3.0},{"damage":8.0,"enemies":"Gremlin Leader","floor":31.0,"turns":5.0},{"damage":2.0,"enemies":"Automaton","floor":33.0,"turns":8.0},{"damage":4.0,"enemies":"3 Darklings","floor":35.0,"turns":3.0},{"damage":5.0,"enemies":"Orb Walker","floor":37.0,"turns":3.0},{"damage":0.0,"enemies":"Maw","floor":39.0,"turns":8.0},{"damage":0.0,"enemies":"Transient","floor":42.0,"turns":5.0},{"damage":26.0,"enemies":"Reptomancer","floor":45.0,"turns":7.0},{"damage":0.0,"enemies":"Nemesis","floor":48.0,"turns":9.0},{"damage":46,"enemies":"Time Eater","floor":50,"turns":11},{"damage":65,"enemies":"Shield and Spear","floor":54,"turns":8},{"damage":63,"enemies":"The Heart","floor":55,"turns":3}],"seed_played":"2615199191684826368","potions_obtained":[{"floor":7.0,"key":"SteroidPotion"},{"floor":11.0,"key":"ColorlessPotion"},{"floor":11.0,"key":"AttackPotion"},{"floor":13.0,"key":"FocusPotion"},{"floor":19.0,"key":"Weak Potion"},{"floor":21.0,"key":"EntropicBrew"},{"floor":24.0,"key":"BlessingOfTheForge"},{"floor":33.0,"key":"DistilledChaos"},{"floor":35.0,"key":"DuplicationPotion"},{"floor":39.0,"key":"FocusPotion"},{"floor":45.0,"key":"SteroidPotion"},{"floor":54,"key":"Block Potion"}],"is_trial":false,"path_per_floor":["M","?","?","?","M","R","E","M","T","E","?","$","M","E","R","B",null,"M","M","$","M","?","R","E","M","T","E","M","R","?","E","R","B",null,"M","$","M","?","M","?","R","M","T","?","E","R","?","E","R","B",null,"R","$","E","B"],"character_chosen":"DEFECT","items_purchased":["DataDisk","Runic Capacitor","Defragment","Membership Card","Skim","Toy Ornithopter","Block Potion","Static Discharge","Fire Potion"],"campfire_rested":1,"item_purchase_floors":[12,20,20,36,36,36,53,53,53],"current_hp_per_floor":[68,68,54,43,31,31,29,29,29,21,21,21,21,19,19,19,57,50,50,50,40,40,40,36,38,43,35,40,40,34,31,51,54,75,76,76,76,66,76,76,76,79,79,79,58,58,58,63,63,22,65,65,65,20,0,0],"gold":26,"neow_bonus":"THREE_RARE_CARDS","is_daily":false,"chose_seed":false,"campfire_upgraded":7,"win_rate":0.0,"timestamp":1610811213,"path_taken":["M","?","?","?","M","R","E","?","T","E","?","$","M","E","R","BOSS","M","M","?","?","?","R","E","M","T","E","M","R","?","E","R","BOSS","M","?","M","?","M","?","R","?","T","?","E","R","?","E","R","BOSS","R","$","E","BOSS"],"items_purchased_type":["Relic","Relic","Card","Relic","Card","Relic","Potion","Card","Potion"],"build_version":"2020-12-22","purchased_purges":3,"victory":false,"max_hp_per_floor":[75,69,69,69,69,69,69,69,69,69,69,69,69,69,69,69,69,69,69,69,69,69,69,69,69,69,69,69,69,69,69,69,69,79,79,79,79,79,79,79,79,79,79,79,79,79,79,79,79,79,79,79,79,79,79,79],"relic_stats":{"Gremlin Horn":[14,14],"Happy Flower":[1],"counters":[26,122],"Astrolabe":["Fusion","Buffer","Heatsinks"],"Pen Nib":[4],"Boot":[72],"Smiling Mask":13,"Nunchaku":[5],"Bloody Idol":70,"Bronze Scales":[261],"Prayer Wheel":4,"Turnip":[5],"obtain_stats":[{"Pear":34,"Gremlin Horn":27,"Happy Flower":54,"Golden Idol":2,"Astrolabe":17,"Pen Nib":31,"Omamori":7,"Runic Capacitor":20,"Bottled Tornado":14,"Boot":9,"Smiling Mask":34,"Calling Bell":34,"DataDisk":12,"Nunchaku":26,"Bloody Idol":22,"Bronze Scales":24,"Prayer Wheel":34,"Turnip":10,"Membership Card":36,"Cracked Core":0,"Toy Ornithopter":36,"TungstenRod":45},{"Pear":17,"Gremlin Horn":14,"Happy Flower":25,"Golden Idol":1,"Astrolabe":8,"Pen Nib":16,"Omamori":3,"Runic Capacitor":10,"Bottled Tornado":7,"Boot":4,"Smiling Mask":17,"Calling Bell":17,"DataDisk":5,"Nunchaku":13,"Bloody Idol":11,"Bronze Scales":12,"Prayer Wheel":17,"Turnip":5,"Membership Card":18,"Cracked Core":0,"Toy Ornithopter":18,"TungstenRod":22},{"Pear":65,"Gremlin Horn":49,"Happy Flower":119,"Golden Idol":2,"Astrolabe":21,"Pen Nib":57,"Omamori":7,"Runic Capacitor":33,"Bottled Tornado":17,"Boot":9,"Smiling Mask":65,"Calling Bell":65,"DataDisk":12,"Nunchaku":45,"Bloody Idol":36,"Bronze Scales":41,"Prayer Wheel":65,"Turnip":12,"Membership Card":68,"Cracked Core":0,"Toy Ornithopter":68,"TungstenRod":91}],"Toy Ornithopter":28,"TungstenRod":20},"card_choices":[{"not_picked":["Thunder Strike","Creative AI"],"picked":"Electrodynamics","floor":0.0},{"not_picked":["Blizzard","Redo"],"picked":"Ball Lightning","floor":1.0},{"not_picked":["Loop","Turbo"],"picked":"Hologram","floor":5.0},{"not_picked":["Turbo","Cold Snap","Tempest"],"picked":"SKIP","floor":7.0},{"not_picked":["Tempest","Redo"],"picked":"Go for the Eyes","floor":8.0},{"not_picked":["Compile Driver","Auto Shields"],"picked":"Leap","floor":10.0},{"not_picked":["Rebound","Ball Lightning"],"picked":"Conserve Battery","floor":13.0},{"not_picked":["Steam Power","Beam Cell"],"picked":"Darkness","floor":14.0},{"not_picked":["Meteor Strike","Machine Learning"],"picked":"Seek","floor":16.0},{"not_picked":["Sweeping Beam","Gash"],"picked":"Darkness+1","floor":18.0},{"not_picked":["Tempest","Go for the Eyes+1"],"picked":"Conserve Battery","floor":19.0},{"not_picked":["Reprogram","Streamline","Rebound"],"picked":"SKIP","floor":21.0},{"not_picked":["Barrage","Self Repair+1"],"picked":"Core Surge","floor":24.0},{"not_picked":["Turbo","Static Discharge","Scrape+1"],"picked":"SKIP","floor":25.0},{"not_picked":["Storm","Consume+1"],"picked":"Leap","floor":27.0},{"not_picked":["Sweeping Beam","Tempest","Reprogram+1"],"picked":"SKIP","floor":28.0},{"not_picked":["Stack+1","Sweeping Beam"],"picked":"Storm","floor":31.0},{"not_picked":["Buffer","Multi-Cast"],"picked":"Seek","floor":33.0},{"not_picked":["Rip and Tear+1","Hello World"],"picked":"Chill+1","floor":35.0},{"not_picked":["Steam","Scrape"],"picked":"Recycle+1","floor":35.0},{"not_picked":["Rebound+1","Barrage+1"],"picked":"Turbo+1","floor":37.0},{"not_picked":["Turbo+1","Heatsinks"],"picked":"Force Field+1","floor":37.0},{"not_picked":["Mayhem","Violence"],"picked":"HandOfGreed","floor":38.0},{"not_picked":["Flash of Steel","The Bomb"],"picked":"Panacea","floor":38.0},{"not_picked":["Reinforced Body","Stack"],"picked":"Sweeping Beam+1","floor":39.0},{"not_picked":["Gash+1","Reinforced Body"],"picked":"Steam","floor":39.0},{"not_picked":["Sweeping Beam+1","Rebound"],"picked":"Beam Cell+1","floor":42.0},{"not_picked":["Redo+1","Gash"],"picked":"Coolheaded","floor":42.0},{"not_picked":["Cold Snap","Recycle"],"picked":"Buffer","floor":45.0},{"not_picked":["Turbo","Undo+1"],"picked":"Skim","floor":48.0},{"not_picked":["Beam Cell","Consume"],"picked":"Rainbow","floor":54}],"player_experience":5815774,"relics_obtained":[{"floor":7.0,"key":"Omamori"},{"floor":9.0,"key":"Boot"},{"floor":10.0,"key":"Turnip"},{"floor":14.0,"key":"Bottled Tornado"},{"floor":24.0,"key":"Bronze Scales"},{"floor":26.0,"key":"Nunchaku"},{"floor":27.0,"key":"Gremlin Horn"},{"floor":31.0,"key":"Pen Nib"},{"floor":34.0,"key":"Smiling Mask"},{"floor":34.0,"key":"Pear"},{"floor":34.0,"key":"Prayer Wheel"},{"floor":45.0,"key":"TungstenRod"},{"floor":54,"key":"Happy Flower"}],"event_choices":[{"damage_healed":0.0,"max_hp_gain":0.0,"max_hp_loss":6.0,"gold_gain":0.0,"event_name":"Golden Idol","player_choice":"Lose Max HP","floor":2.0,"gold_loss":0.0,"damage_taken":0.0,"relics_obtained":["Golden Idol"]},{"damage_healed":0.0,"max_hp_gain":0.0,"max_hp_loss":0.0,"gold_gain":0.0,"event_name":"Shining Light","player_choice":"Entered Light","floor":3.0,"gold_loss":0.0,"damage_taken":14.0,"cards_upgraded":["Zap","Dualcast"]},{"damage_healed":0.0,"max_hp_gain":0.0,"max_hp_loss":0.0,"gold_gain":75.0,"event_name":"World of Goop","player_choice":"Gather Gold","floor":4.0,"gold_loss":0.0,"damage_taken":11.0},{"damage_healed":0.0,"max_hp_gain":0.0,"max_hp_loss":0.0,"gold_gain":0.0,"event_name":"Lab","player_choice":"Got Potions","floor":11.0,"gold_loss":0.0,"damage_taken":0.0},{"damage_healed":0.0,"max_hp_gain":0.0,"max_hp_loss":0.0,"gold_gain":0.0,"event_name":"Forgotten Altar","player_choice":"Gave Idol","floor":22.0,"relics_lost":["Golden Idol"],"gold_loss":0.0,"damage_taken":0.0,"relics_obtained":["Bloody Idol"]},{"damage_healed":0.0,"max_hp_gain":0.0,"max_hp_loss":0.0,"gold_gain":0.0,"event_name":"Knowing Skull","player_choice":"","floor":30.0,"potions_obtained":[],"gold_loss":0.0,"damage_taken":6.0,"cards_obtained":[]},{"damage_healed":0.0,"max_hp_gain":0.0,"max_hp_loss":0.0,"gold_gain":0.0,"event_name":"SensoryStone","player_choice":"Memory 3","floor":38.0,"gold_loss":0.0,"damage_taken":10.0},{"damage_healed":0.0,"max_hp_gain":0.0,"max_hp_loss":0.0,"gold_gain":0.0,"event_name":"NoteForYourself","player_choice":"Ignored","floor":40.0,"gold_loss":0.0,"damage_taken":0.0},{"damage_healed":0.0,"max_hp_gain":0.0,"max_hp_loss":0.0,"gold_gain":0.0,"event_name":"Mysterious Sphere","player_choice":"Ignored","floor":44.0,"gold_loss":0.0,"damage_taken":0.0},{"cards_removed":["Sweeping Beam"],"damage_healed":0.0,"max_hp_gain":0.0,"max_hp_loss":0.0,"gold_gain":0.0,"event_name":"Falling","player_choice":"Removed Attack","floor":47.0,"gold_loss":0.0,"damage_taken":0.0}],"is_beta":false,"boss_relics":[{"not_picked":["Tiny House","Pandora\u0027s Box"],"picked":"Astrolabe"},{"not_picked":["Empty Cage","Runic Pyramid"],"picked":"Calling Bell"}],"items_purged_floors":[12,36,53],"is_endless":false,"potions_floor_spawned":[7,13,14,19,21,24,27,33,35,39,45,54],"killed_by":"The Heart","ascension_level":8}}