{"host":"37dk0reb6x0du8wx","time":1610771231,"event":{"mods":["BaseMod","Colored Map","DeckTracker","Minty Spire (QoL Compilation)","Quick Restart","StSLib"],"gold_per_floor":[113,113,38,113,126,151,151,151,222,222,234,234,253,268,268,368,418,433,102,202,51,62,62,73,73,73,88,100,100,131,6,6,6,6],"floor_reached":33,"language":"KOR","playtime":1151,"items_purged":["Strike_B","Strike_B","Defend_B"],"score":348,"play_id":"5a03f6b0-eeac-4ed4-8d42-13bda3313b1a","local_time":"20210116132711","is_ascension_mode":true,"campfire_choices":[{"data":"Zap","floor":8,"key":"SMITH"},{"floor":15,"key":"REST"},{"data":"Conserve Battery","floor":23,"key":"SMITH"},{"data":"Genetic Algorithm","floor":25,"key":"SMITH"},{"data":"Leap","floor":32,"key":"SMITH"}],"circlet_count":0,"master_deck":["Defend_B","Defend_B+1","Defend_B+1","Zap+1","Dualcast+1","Darkness","Self Repair","Genetic Algorithm+1","Lockon+1","Conserve Battery+1","Leap+1"],"relics":["Cracked Core","NeowsBlessing","Pen Nib","Oddly Smooth Stone","Tiny House","MealTicket","TheAbacus","Incense Burner","Nloth\u0027s Gift","Bag of Preparation"],"acts_visited":["Exordium","TheCity"],"potions_floor_usage":[16,16,18,18,30],"damage_taken":[{"damage":0,"enemies":"Jaw Worm","floor":1,"turns":1},{"damage":0,"enemies":"2 Louse","floor":5,"turns":1},{"damage":0,"enemies":"Gremlin Nob","floor":6,"turns":1},{"damage":0,"enemies":"Cultist","floor":11,"turns":2},{"damage":1,"enemies":"Large Slime","floor":13,"turns":6},{"damage":0,"enemies":"Exordium Thugs","floor":14,"turns":4},{"damage":62,"enemies":"Slime Boss","floor":16,"turns":13},{"damage":14,"enemies":"2 Thieves","floor":18,"turns":4},{"damage":3,"enemies":"Chosen","floor":22,"turns":6},{"damage":3,"enemies":"Snecko","floor":24,"turns":5},{"damage":8,"enemies":"Centurion and Healer","floor":27,"turns":9},{"damage":3,"enemies":"Shelled Parasite and Fungi","floor":28,"turns":8},{"damage":35,"enemies":"Slavers","floor":30,"turns":7},{"damage":77,"enemies":"Automaton","floor":33,"turns":16}],"seed_played":"8184313220811789005","potions_obtained":[{"floor":1,"key":"FearPotion"},{"floor":5,"key":"Explosive Potion"},{"floor":13,"key":"Weak Potion"},{"floor":14,"key":"LiquidMemories"},{"floor":17,"key":"EssenceOfDarkness"},{"floor":18,"key":"Energy Potion"},{"floor":22,"key":"FearPotion"},{"floor":30,"key":"Ancient Potion"}],"is_trial":false,"path_per_floor":["M","?","$","?","M","E","?","R","T","T","M","?","M","M","R","B",null,"M","$","?","$","M","R","M","R","T","M","M","?","E","$","R","B"],"character_chosen":"DEFECT","items_purchased":["MealTicket","Lockon+1","TheAbacus"],"campfire_rested":1,"item_purchase_floors":[19,19,21],"current_hp_per_floor":[75,60,60,49,49,49,42,42,42,42,42,42,41,41,63,1,80,73,73,73,80,80,80,80,80,80,79,80,80,52,67,67,0,0],"gold":6,"neow_bonus":"THREE_ENEMY_KILL","is_daily":false,"chose_seed":false,"campfire_upgraded":4,"win_rate":0.0,"timestamp":1610771231,"path_taken":["M","?","$","?","M","E","?","R","T","?","M","?","?","M","R","BOSS","M","$","?","$","M","R","M","R","T","?","M","?","E","?","R","BOSS"],"items_purchased_type":["Relic","Card","Relic"],"build_version":"2020-12-22","purchased_purges":3,"victory":false,"max_hp_per_floor":[75,75,75,75,75,75,75,75,75,75,75,75,75,75,75,75,80,80,80,80,80,80,80,80,80,80,80,80,80,80,80,80,80,80],"card_choices":[{"not_picked":["Reprogram","Force Field","Storm"],"picked":"SKIP","floor":1},{"not_picked":["Redo","Hologram","Coolheaded"],"picked":"SKIP","floor":5},{"not_picked":["Chaos","Go for the Eyes","Turbo"],"picked":"SKIP","floor":6},{"not_picked":["Hologram","Gash+1"],"picked":"Darkness","floor":11},{"not_picked":["Hologram","Darkness","Chaos"],"picked":"SKIP","floor":13},{"not_picked":["Tempest","Cold Snap+1"],"picked":"Self Repair","floor":14},{"not_picked":["Blizzard+1","Steam+1"],"picked":"Genetic Algorithm","floor":18},{"not_picked":["Barrage+1","Stack"],"picked":"Conserve Battery","floor":22},{"not_picked":["Compile Driver+1","Hello World+1","Gash+1"],"picked":"SKIP","floor":24},{"not_picked":["Turbo","Rebound+1"],"picked":"Leap","floor":27},{"not_picked":["Rebound+1","Rainbow","Static Discharge"],"picked":"SKIP","floor":28},{"not_picked":["Thunder Strike","Stack","Barrage"],"picked":"SKIP","floor":30}],"player_experience":194500,"relics_obtained":[{"floor":6,"key":"Pen Nib"},{"floor":9,"key":"Molten Egg 2"},{"floor":10,"key":"Oddly Smooth Stone"},{"floor":26,"key":"Incense Burner"},{"floor":30,"key":"Bag of Preparation"}],"event_choices":[{"damage_healed":0,"gold_gain":0,"player_choice":"Entered Light","damage_taken":15,"max_hp_gain":0,"max_hp_loss":0,"event_name":"Shining Light","floor":2,"gold_loss":0,"cards_upgraded":["Dualcast","Defend_B"]},{"damage_healed":0,"gold_gain":75,"player_choice":"Gather Gold","damage_taken":11,"max_hp_gain":0,"max_hp_loss":0,"event_name":"World of Goop","floor":4,"gold_loss":0},{"cards_removed":["Strike_B"],"damage_healed":0,"gold_gain":0,"player_choice":"Card Removal","damage_taken":7,"max_hp_gain":0,"max_hp_loss":0,"event_name":"Golden Wing","floor":7,"gold_loss":0},{"cards_removed":["Strike_B"],"damage_healed":0,"gold_gain":0,"player_choice":"Forget","damage_taken":0,"max_hp_gain":0,"max_hp_loss":0,"event_name":"Living Wall","floor":12,"gold_loss":0},{"damage_healed":0,"gold_gain":100,"player_choice":"Pray","damage_taken":0,"max_hp_gain":0,"max_hp_loss":0,"event_name":"Golden Shrine","floor":20,"gold_loss":0},{"damage_healed":0,"gold_gain":0,"player_choice":"Traded Relic","damage_taken":0,"relics_obtained":["Nloth\u0027s Gift"],"max_hp_gain":0,"max_hp_loss":0,"event_name":"N\u0027loth","floor":29,"relics_lost":["Molten Egg 2"],"gold_loss":0}],"is_beta":false,"boss_relics":[{"not_picked":["Coffee Dripper","Cursed Key"],"picked":"Tiny House"}],"items_purged_floors":[3,19,31],"is_endless":false,"potions_floor_spawned":[1,5,13,14,18,22,30],"killed_by":"Automaton","ascension_level":4}}