{"host":"sipkxcu2mdc95qyw","time":1610760919,"event":{"mods":["Aspiration","BaseMod","BetterRewards","Conspire","Duelist Mod","Hermit","Infinite Spire","Jorbs\u0027s Wanderer Trilogy","Koishi","Marisa（霧雨　魔理沙）","Minty Spire (QoL Compilation)","Rare Cards Sparkle","Remilia（蕾米莉?）","StSLib","The Animator","The Cursed","The Disciple","The Hierophant","The Jungle","The Runesmith","The Servant 0.9.4"],"gold_per_floor":[114,134,309,109,124,124,163,198,221,272,272,302,324,361,361,526,526,577,577,595,595,595,595,626,626,652,652,652],"floor_reached":27,"language":"ENG","playtime":2555,"items_purged":[],"score":232,"play_id":"6cc86671-ba61-413c-bdfb-49efb656b304","local_time":"20210115193519","is_ascension_mode":true,"campfire_choices":[{"floor":6.0,"key":"REST"},{"floor":11.0,"key":"REST"},{"floor":15.0,"key":"REST"},{"floor":23.0,"key":"REST"},{"floor":25.0,"key":"REST"}],"circlet_count":1,"master_deck":["Strike_MRS","Strike_MRS","Strike_MRS","Strike_MRS","Defend_MRS","Defend_MRS","Defend_MRS","Defend_MRS","MasterSpark","UpSweep","LuminesStrike","Singularity","conspire:SpireCoStock","conspire:SpireCoStock","conspire:SpireCoStock","conspire:SpireCoStock","WitchLeyline","SuperPerseids","NonDirectionalLaser","Parasite","Parasite","PropBag","PropBag","LuminesStrike","MaximisePower","CasketOfStar","SprinkleStarSeal","ShootingEcho","MasterSpark","Madness","WitchLeyline"],"relics":["MiniHakkero","Circlet","ShroomBag","aspiration:MobileForge","Frozen Eye","Dream Catcher"],"acts_visited":["Exordium","Exordium"],"potions_floor_usage":[],"damage_taken":[{"damage":1.0,"enemies":"Cultist","floor":1.0,"turns":3.0},{"damage":0.0,"enemies":"2 Louse","floor":2.0,"turns":1.0},{"damage":17.0,"enemies":"Jaw Worm","floor":5.0,"turns":6.0},{"damage":17.0,"enemies":"Gremlin Gang","floor":7.0,"turns":5.0},{"damage":23.0,"enemies":"Blue Slaver","floor":8.0,"turns":4.0},{"damage":9.0,"enemies":"The Mushroom Lair","floor":10.0,"turns":3.0},{"damage":10.0,"enemies":"Exordium Thugs","floor":12.0,"turns":4.0},{"damage":6.0,"enemies":"Large Slime","floor":13.0,"turns":6.0},{"damage":2.0,"enemies":"Blue Slaver","floor":14.0,"turns":3.0},{"damage":47.0,"enemies":"The Guardian","floor":16.0,"turns":11.0},{"damage":47.0,"enemies":"theJungle:Flameango_and_Byrd","floor":18.0,"turns":6.0},{"damage":30.0,"enemies":"Shell Parasite","floor":20.0,"turns":6.0},{"damage":29.0,"enemies":"theJungle:2_Flameangoes","floor":24.0,"turns":6.0},{"damage":36,"enemies":"theJungle:2_Snecko_Cultists","floor":27,"turns":3}],"seed_played":"-9021568602591596856","potions_obtained":[{"floor":7.0,"key":"champ:CounterPotion"},{"floor":8.0,"key":"Block Potion"},{"floor":12.0,"key":"SteroidPotion"},{"floor":13.0,"key":"SkillPotion"},{"floor":14.0,"key":"Reflective Coating"}],"is_trial":false,"path_per_floor":["M","M","?","?","M","R","M","M","T","?","R","M","M","M","R","B",null,"M","?","M","?","AVR","R","M","R","T","M"],"character_chosen":"MARISA","items_purchased":[],"campfire_rested":5,"item_purchase_floors":[],"current_hp_per_floor":[81,81,81,81,64,82,65,42,42,33,57,47,45,47,71,28,82,39,29,3,3,3,27,10,34,34,0,0],"gold":652,"neow_bonus":"TEN_PERCENT_HP_BONUS","is_daily":false,"chose_seed":false,"campfire_upgraded":0,"win_rate":0.0,"timestamp":1610760919,"path_taken":["M","M","?","?","M","R","M","M","T","?","R","?","M","?","R","BOSS","M","?","M","?","AVR","R","?","R","T","M"],"items_purchased_type":[],"build_version":"2020-12-22","purchased_purges":0,"victory":false,"max_hp_per_floor":[82,82,82,82,82,82,82,82,82,82,82,82,82,82,82,82,82,82,82,82,82,82,82,82,82,82,82,82],"card_choices":[{"not_picked":["ShootTheMoon","RefractionSpark"],"picked":"LuminesStrike","floor":1.0},{"not_picked":["MachineGunSpark","Acceleration"],"picked":"Singularity","floor":2.0},{"not_picked":["GasGiant","OneTimeOff"],"picked":"WitchLeyline","floor":5.0},{"not_picked":["GalacticHalo","DarkMatter"],"picked":"SuperPerseids","floor":7.0},{"not_picked":["6A","StarBarrage"],"picked":"NonDirectionalLaser","floor":8.0},{"not_picked":["ChargingUp","6A"],"picked":"PropBag","floor":10.0},{"not_picked":["BlazingStar","NonDirectionalLaser"],"picked":"PropBag","floor":12.0},{"not_picked":["DC","AsteroidBelt"],"picked":"LuminesStrike","floor":13.0},{"not_picked":["ChargingUp","DoubleSpark"],"picked":"MaximisePower","floor":14.0},{"not_picked":["CollectingQuirk","FinalSpark"],"picked":"CasketOfStar","floor":16.0},{"not_picked":["IllusionStar+1","MagicChant"],"picked":"SprinkleStarSeal","floor":18.0},{"not_picked":["GalacticHalo","EventHorizon"],"picked":"ShootingEcho","floor":20.0},{"not_picked":["WitchOfGreed+1","Acceleration"],"picked":"WitchLeyline","floor":24.0}],"player_experience":69511,"relics_obtained":[{"floor":9.0,"key":"Pet Ghost"},{"floor":10.0,"key":"ShroomBag"},{"floor":26,"key":"Dream Catcher"}],"event_choices":[{"damage_healed":0.0,"max_hp_gain":0.0,"max_hp_loss":0.0,"gold_gain":175.0,"event_name":"Liars Game","player_choice":"AGREE","floor":3.0,"gold_loss":0.0,"damage_taken":0.0,"cards_obtained":["Doubt"]},{"damage_healed":0.0,"max_hp_gain":0.0,"max_hp_loss":0.0,"gold_gain":0.0,"event_name":"conspire:Investor","player_choice":"Invest 4","floor":4.0,"gold_loss":0.0,"damage_taken":0.0},{"damage_healed":0.0,"max_hp_gain":0.0,"max_hp_loss":0.0,"gold_gain":0.0,"event_name":"Mushrooms_MRS","player_choice":"Fought Mushrooms","floor":10.0,"gold_loss":0.0,"damage_taken":0.0},{"damage_healed":0.0,"max_hp_gain":0.0,"max_hp_loss":0.0,"gold_gain":0.0,"event_name":"Match and Keep!","player_choice":"2 cards matched","floor":21.0,"gold_loss":0.0,"damage_taken":0.0,"cards_obtained":["MasterSpark","Replay:SS_fish_2"]}],"is_beta":false,"boss_relics":[{"not_picked":["conspire:SeveredTorchhead","aspiration:RunicSpoon"],"picked":"aspiration:MobileForge"}],"items_purged_floors":[],"is_endless":false,"potions_floor_spawned":[7,8,12,13,14],"killed_by":"theJungle:2_Snecko_Cultists","ascension_level":0}}