{"host":"SpaceMun","time":1610807365,"event":{"mods":["Act Like it!","Astrologer","Bard","BaseMod","Better Third Choice","Gremlin Mod","Hallownest","Hermit","Jorbs\u0027s Wanderer Trilogy","Minty Spire (QoL Compilation)","Relic Stats","Robot Space Explorer","Shop Mod","StSLib","The Animator","The Bug Knight","The Construct","The Forsaken","The Hierophant","The Runesmith","TheBandit","[IsaacMod]????","everything is the same but u backflip on backflip","slay the spire mod where everything is the same but ironclad has a cowboy hat"],"gold_per_floor":[122,148,148,217,217,217,246,273,325,350,396,21,40,70,70,247,247,315,315],"floor_reached":18,"language":"ENG","playtime":1139,"items_purged":["HollowMod:QuickDashStart"],"score":199,"play_id":"fd8e8fda-3ef1-4c24-81b0-ae073334f96a","local_time":"20210116142925","is_ascension_mode":false,"campfire_choices":[{"data":"HollowMod:RecoilStrike","floor":15,"key":"SMITH"}],"circlet_count":0,"master_deck":["HollowMod:NailStrikeStart","HollowMod:NailStrikeStart","HollowMod:NailStrikeStart","HollowMod:QuickDashStart","HollowMod:QuickDashStart","HollowMod:QuickDashStart+1","HollowMod:FocusHealStart","HollowMod:PogoStrike","HollowMod:NewGlowingWomb","HollowMod:LifebloodCore+1","BettingIsNotGood","HollowMod:RecoilStrike+1","HollowMod:MantisMark","HollowMod:BaldurShell","HollowMod:Grubsong","HollowMod:InfectedAttack","HollowMod:BaldurShell","HollowMod:ElderbugsWisdom"],"relics":["HollowMod:VesselMask","HushsDoor","SalivaCoin","Nunchaku","Vajra","Anchor","War Paint","D6","construct:WeddingRing"],"acts_visited":["Hallownest:Greenpath","Hallownest:CityofTears"],"potions_floor_usage":[11,11,14,16],"damage_taken":[{"damage":1,"enemies":"Hallownest:monsterHuskWarrior","floor":1,"turns":3},{"damage":10,"enemies":"Hallownest:monsterHuskGuard","floor":2,"turns":5},{"damage":6,"enemies":"Hallownest:2_Tiktiks_and_1_Crawlid","floor":7,"turns":2},{"damage":3,"enemies":"Hallownest:monsterFoolEater","floor":8,"turns":4},{"damage":1,"enemies":"Hallownest:2_Tiktiks_1_Baldur_1_Crawlid","floor":10,"turns":2},{"damage":18,"enemies":"Hallownest:eliteCrystalGuardian","floor":11,"turns":8},{"damage":0,"enemies":"Hallownest:Wandering_and_Horned","floor":13,"turns":2},{"damage":0,"enemies":"Hallownest:eliteVengeflyKing","floor":14,"turns":10},{"damage":43,"enemies":"Hallownest:BossHornet","floor":16,"turns":11},{"damage":25,"enemies":"Hallownest:Guard_and_Sentry","floor":18,"turns":7}],"seed_played":"738794177865175520","potions_obtained":[{"floor":7,"key":"SkillPotion"},{"floor":8,"key":"Block Potion"},{"floor":13,"key":"LiquidBronze"},{"floor":16,"key":"EssenceOfSteel"},{"floor":18,"key":"LiquidMemories"}],"is_trial":false,"path_per_floor":["M","M","?","?","?","?","M","M","T","M","E","$","M","E","R","B",null,"M"],"character_chosen":"THE_BUGKNIGHT","items_purchased":["Anchor","War Paint"],"campfire_rested":0,"item_purchase_floors":[12,12],"current_hp_per_floor":[82,78,78,63,63,63,57,65,65,64,73,73,73,78,78,47,82,67,67],"gold":315,"neow_bonus":"TEN_PERCENT_HP_BONUS","is_daily":false,"chose_seed":false,"campfire_upgraded":1,"win_rate":0.0,"timestamp":1610807365,"path_taken":["M","M","?","?","?","?","M","M","T","?","E","$","M","E","R","BOSS","M"],"items_purchased_type":["Relic","Relic"],"build_version":"2020-12-18","purchased_purges":1,"victory":false,"max_hp_per_floor":[82,82,82,82,82,82,82,82,82,82,82,82,82,82,82,82,82,82,82],"relic_stats":{"Nunchaku":[7],"counters":[10,54],"War Paint":["HollowMod:LifebloodCore","HollowMod:QuickDashStart"],"obtain_stats":[{"KeepersGift":0,"Nunchaku":9,"Anchor":12,"D6":14,"construct:WeddingRing":17,"Vajra":11,"HollowMod:VesselMask":0,"SalivaCoin":0,"War Paint":12,"HushsDoor":0},{"KeepersGift":0,"Nunchaku":4,"Anchor":6,"D6":8,"construct:WeddingRing":9,"Vajra":6,"HollowMod:VesselMask":0,"SalivaCoin":0,"War Paint":6,"HushsDoor":0},{"KeepersGift":0,"Nunchaku":14,"Anchor":24,"D6":36,"construct:WeddingRing":47,"Vajra":24,"HollowMod:VesselMask":0,"SalivaCoin":0,"War Paint":24,"HushsDoor":0}]},"card_choices":[{"not_picked":["HollowMod:InfectionAssault","HollowMod:DescendingDark"],"picked":"HollowMod:NewGlowingWomb","floor":1},{"not_picked":["HollowMod:TaintedHusks","HollowMod:NewLittleFool"],"picked":"HollowMod:LifebloodCore","floor":2},{"not_picked":["Dramatic Entrance","Dark Shackles"],"picked":"BettingIsNotGood","floor":6},{"not_picked":["HollowMod:CrystalDash","HollowMod:VengefulVoid"],"picked":"HollowMod:RecoilStrike","floor":6},{"not_picked":["HollowMod:NewGlowingWomb","HollowMod:DoubleDash"],"picked":"HollowMod:MantisMark","floor":7},{"not_picked":["HollowMod:PureNailStrike","HollowMod:DescendingDark"],"picked":"HollowMod:BaldurShell","floor":8},{"not_picked":["HollowMod:WraithStrike","HollowMod:RecoilStrike"],"picked":"HollowMod:Grubsong","floor":10},{"not_picked":["HollowMod:VengefulVoid","HollowMod:TaintedHusks"],"picked":"HollowMod:InfectedAttack","floor":11},{"not_picked":["HollowMod:QuirrelsAssistance","HollowMod:DreamGate"],"picked":"HollowMod:BaldurShell","floor":13},{"not_picked":["HollowMod:LifebloodCocoon","HollowMod:NewLittleFool","HollowMod:FallenFury"],"picked":"SKIP","floor":14},{"not_picked":["HollowMod:SlysStrikes","HollowMod:LifebloodCore"],"picked":"HollowMod:ElderbugsWisdom","floor":16},{"not_picked":["HollowMod:FallenFury","HollowMod:TaintedHusks","HollowMod:NewLittleFool"],"picked":"SKIP","floor":18}],"player_experience":193290,"relics_obtained":[{"floor":9,"key":"Nunchaku"},{"floor":11,"key":"Vajra"},{"floor":14,"key":"D6"}],"event_choices":[],"is_beta":true,"boss_relics":[{"not_picked":["Ectoplasm","Astrolabe"],"picked":"construct:WeddingRing"},{"not_picked":[]}],"items_purged_floors":[12],"is_endless":false,"potions_floor_spawned":[7,8,10,13,16,18],"killed_by":"Hallownest:Guard_and_Sentry","ascension_level":0}}