{"host":"pnw33a014vs8wril","time":1610801258,"event":{"mods":["BaseMod","Downfall","Highlight Path","Minty Spire (QoL Compilation)","StSLib"],"gold_per_floor":[99,114,114,24,40,69,69,94,30,30,30,40,40,73,83,182,182,82,93,78,178,197,226,226,226,253,270,286,286,286,286,286],"floor_reached":30,"language":"ENG","playtime":2663,"items_purged":["champ:Defend"],"score":404,"play_id":"b3f2cbb9-23c3-429b-81dd-fa8b641efc1a","local_time":"20210116134738","is_ascension_mode":true,"campfire_choices":[{"data":"champ:Taunt","floor":1,"key":"SMITH"},{"data":"champ:Backstep","floor":13,"key":"SMITH"},{"data":"champ:Improvising","floor":18,"key":"SMITH"},{"data":"champ:Improvising","floor":29,"key":"SMITH"}],"circlet_count":0,"master_deck":["champ:Strike","champ:Strike","champ:Strike","champ:Defend","champ:Defend","champ:Execute","champ:Taunt+1","champ:Backstep+1","champ:Circumvent","champ:IronFortress","champ:Lariat","champ:FanOfKnives","champ:Backstep","champ:SkillfulDodge","champ:GutPunch","champ:Improvising+1","champ:FlashCut","champ:GutPunch","downfall:Haunted","Parasite","champ:Improvising+1","champ:FancyFootwork","champ:SkillfulDodge","champ:FancyFootwork"],"relics":["champ:ChampionCrown","downfall:ShatteredFragment","Juzu Bracelet","Bottled Tornado","MealTicket","Pen Nib","Black Star","downfall:HeartBlessingGreen","Blue Candle","Art of War","Toy Ornithopter","Pear","Question Card","Dream Catcher"],"acts_visited":["Exordium","TheCity"],"potions_floor_usage":[14,16,26,30],"damage_taken":[{"damage":10,"enemies":"Jaw Worm","floor":2,"turns":3},{"damage":20,"enemies":"downfall:FleeingMerchant","floor":4,"turns":4},{"damage":10,"enemies":"2 Louse","floor":5,"turns":2},{"damage":33,"enemies":"3 Sentries","floor":6,"turns":9},{"damage":33,"enemies":"Lagavulin","floor":8,"turns":7},{"damage":10,"enemies":"downfall:FleeingMerchant","floor":9,"turns":4},{"damage":10,"enemies":"Cultist","floor":12,"turns":3},{"damage":30,"enemies":"3 Sentries","floor":14,"turns":8},{"damage":8,"enemies":"3 Louse","floor":15,"turns":3},{"damage":52,"enemies":"DF_ARCHETYPE_STREAMLINE","floor":16,"turns":12},{"damage":20,"enemies":"3 Byrds","floor":19,"turns":4},{"damage":11,"enemies":"downfall:FleeingMerchant","floor":20,"turns":4},{"damage":52,"enemies":"Sentry and Sphere","floor":22,"turns":6},{"damage":37,"enemies":"Book of Stabbing","floor":23,"turns":7},{"damage":46,"enemies":"Gremlin Leader","floor":26,"turns":5},{"damage":46,"enemies":"Shelled Parasite and Fungi","floor":27,"turns":5},{"damage":1,"enemies":"Snecko","floor":28,"turns":4},{"damage":53,"enemies":"Slavers","floor":30,"turns":3}],"seed_played":"36263716878313135","potions_obtained":[{"floor":6,"key":"champ:CounterPotion"},{"floor":8,"key":"CultistPotion"},{"floor":12,"key":"DistilledChaos"},{"floor":16,"key":"champ:UltimateStancePotion"},{"floor":19,"key":"BlessingOfTheForge"},{"floor":26,"key":"Explosive Potion"},{"floor":27,"key":"Regen Potion"}],"is_trial":false,"path_per_floor":["R","M","?","$","M","E","T","E","$","?","?","M","R","E","M","B",null,"R","M","$","?","M","E","T","?","E","M","M","R","E"],"character_chosen":"THE_CHAMP","items_purchased":["champ:Backstep"],"campfire_rested":0,"item_purchase_floors":[9],"current_hp_per_floor":[99,99,72,72,72,59,59,46,61,61,61,61,61,61,53,53,99,99,99,98,98,66,49,59,59,48,27,26,26,0,0,0],"gold":286,"neow_bonus":"TEN_PERCENT_HP_BONUS","is_daily":false,"chose_seed":false,"campfire_upgraded":4,"win_rate":0.0,"timestamp":1610801258,"path_taken":["R","M","?","$","M","E","T","E","$","?","?","M","R","E","M","BOSS","R","M","$","?","M","E","T","?","E","M","M","R","E"],"items_purchased_type":["Card"],"build_version":"2020-12-22","purchased_purges":1,"victory":false,"max_hp_per_floor":[99,99,99,99,99,99,99,99,99,99,99,99,99,99,99,99,99,99,99,99,99,99,99,109,109,109,109,109,109,109,109,109],"card_choices":[{"not_picked":["champ:Shatter","champ:BringItOn","champ:HeartStrike"],"picked":"SKIP","floor":2},{"not_picked":["champ:ShieldSigil","champ:CrookedStrike"],"picked":"champ:Backstep","floor":4},{"not_picked":["champ:Parry","champ:CrownThrow"],"picked":"champ:Circumvent","floor":5},{"not_picked":["champ:PreciseThrust","champ:CalledShot"],"picked":"champ:IronFortress","floor":6},{"not_picked":["champ:EnGarde","champ:EnchantCrown"],"picked":"champ:Lariat","floor":8},{"not_picked":["champ:CrownThrow","champ:Haymaker"],"picked":"champ:FanOfKnives","floor":9},{"not_picked":["champ:BerserkersShout","champ:PreciseThrust","champ:SetATrap"],"picked":"SKIP","floor":12},{"not_picked":["champ:TripleStrike","champ:IronFortress"],"picked":"champ:GutPunch","floor":14},{"not_picked":["champ:Backstep","champ:GladiatorStyle","champ:DeathBlow"],"picked":"SKIP","floor":15},{"not_picked":["champ:VampiricStrike","champ:DancingMaster"],"picked":"champ:Improvising","floor":16},{"not_picked":["champ:CalledShot","champ:Haymaker"],"picked":"champ:FlashCut","floor":19},{"not_picked":["champ:EnGarde+1","champ:BerserkerStyle"],"picked":"champ:GutPunch","floor":20},{"not_picked":["champ:FanOfKnives+1","champ:Encircle"],"picked":"champ:FancyFootwork","floor":22},{"not_picked":["champ:DefensiveShout+1","champ:CheapShot","champ:SteelEdge"],"picked":"SKIP","floor":23},{"not_picked":["champ:FocusedDefense","champ:PreciseThrust","champ:GladiatorStyle"],"picked":"SKIP","floor":26},{"not_picked":["champ:CrownThrow","champ:FlashCut","champ:PerfectedStrike"],"picked":"champ:SkillfulDodge","floor":27},{"not_picked":["champ:CrownThrow","champ:Shatter","champ:HeavySlash"],"picked":"champ:FancyFootwork","floor":28}],"player_experience":943457,"relics_obtained":[{"floor":6,"key":"Juzu Bracelet"},{"floor":7,"key":"Bottled Tornado"},{"floor":8,"key":"MealTicket"},{"floor":14,"key":"Pen Nib"},{"floor":23,"key":"Art of War"},{"floor":23,"key":"Toy Ornithopter"},{"floor":24,"key":"Pear"},{"floor":26,"key":"Question Card"},{"floor":26,"key":"Dream Catcher"}],"event_choices":[{"damage_healed":0,"gold_gain":0,"cards_transformed":["champ:Strike"],"player_choice":"Change","damage_taken":0,"max_hp_gain":0,"max_hp_loss":0,"event_name":"Living Wall","floor":10,"gold_loss":0,"cards_obtained":["champ:SkillfulDodge"]},{"cards_removed":["champ:Defend"],"damage_healed":0,"gold_gain":0,"player_choice":"Offered Basic","damage_taken":0,"max_hp_gain":0,"max_hp_loss":0,"event_name":"Bonfire Elementals","floor":11,"gold_loss":0}],"is_beta":false,"boss_relics":[{"not_picked":["Fusion Hammer","Runic Pyramid"],"picked":"Black Star"}],"items_purged_floors":[4],"is_endless":false,"potions_floor_spawned":[6,8,12,16,19,26,27,28],"killed_by":"Slavers","ascension_level":1}}