{"host":"l60rmjjsfi0fipmi","time":1610759074,"event":{"mods":["BaseMod","Colored Map","DeckTracker","Highlight Path","Minty Spire (QoL Compilation)","StSLib","The Cursed"],"gold_per_floor":[12,28,38,38,49,49,83,99,126,146,180,180,194,14,14,114,114,130,45,57,57,7,7,42,42,42,72,84,114,76,108,108,108,108],"floor_reached":33,"language":"ENG","playtime":1767,"items_purged":["Strike_R","Strike_R"],"score":374,"play_id":"fc5cb794-7de9-43d0-a6c6-7a96b7e9e5b4","local_time":"20210115200434","is_ascension_mode":true,"campfire_choices":[{"data":"Bludgeon","floor":6,"key":"SMITH"},{"data":"Shrug It Off","floor":12,"key":"SMITH"},{"data":"Infernal Blade","floor":15,"key":"SMITH"},{"data":"True Grit","floor":23,"key":"SMITH"},{"data":"Uppercut","floor":25,"key":"SMITH"},{"floor":28,"key":"REST"},{"floor":32,"key":"REST"}],"circlet_count":0,"master_deck":["Strike_R","Strike_R","Defend_R","Defend_R","Defend_R","Defend_R","Bash","Bludgeon+1","Cleave","Flex","Ghostly Armor","Blood for Blood","Uppercut+1","Feel No Pain","Shrug It Off+1","Rage","Infernal Blade+1","Reaper","True Grit+1","Iron Wave"],"relics":["Burning Blood","Shuriken","Smiling Mask","Lantern","Lee\u0027s Waffle","Black Star","Ancient Tea Set","Enchiridion","Tiny Chest","Prayer Wheel","Blue Candle","MealTicket","MawBank","Bottled Flame","Matryoshka"],"acts_visited":["Exordium","TheCity"],"potions_floor_usage":[24,24,31,33,33,33],"damage_taken":[{"damage":1,"enemies":"Cultist","floor":1,"turns":3},{"damage":0,"enemies":"2 Louse","floor":2,"turns":3},{"damage":11,"enemies":"Jaw Worm","floor":3,"turns":4},{"damage":6,"enemies":"Blue Slaver","floor":5,"turns":4},{"damage":0,"enemies":"Gremlin Nob","floor":7,"turns":2},{"damage":2,"enemies":"Exordium Wildlife","floor":8,"turns":3},{"damage":11,"enemies":"Large Slime","floor":10,"turns":6},{"damage":46,"enemies":"Lagavulin","floor":11,"turns":7},{"damage":6,"enemies":"Lots of Slimes","floor":13,"turns":3},{"damage":41,"enemies":"The Guardian","floor":16,"turns":10},{"damage":25,"enemies":"Spheric Guardian","floor":18,"turns":5},{"damage":10,"enemies":"Chosen","floor":20,"turns":7},{"damage":37,"enemies":"Book of Stabbing","floor":24,"turns":8},{"damage":9,"enemies":"Slavers","floor":27,"turns":4},{"damage":2,"enemies":"3 Cultists","floor":29,"turns":5},{"damage":62,"enemies":"Book of Stabbing","floor":31,"turns":8},{"damage":87,"enemies":"Champ","floor":33,"turns":14}],"seed_played":"45918490152416150","potions_obtained":[{"floor":1,"key":"BloodPotion"},{"floor":7,"key":"SkillPotion"},{"floor":10,"key":"Regen Potion"},{"floor":16,"key":"SteroidPotion"},{"floor":27,"key":"BloodPotion"},{"floor":29,"key":"PowerPotion"},{"floor":31,"key":"SpeedPotion"}],"is_trial":false,"path_per_floor":["M","M","M","?","M","R","E","M","T","M","E","R","M","$","R","B",null,"M","?","M","?","$","R","E","R","T","E","R","M","$","E","R","B"],"character_chosen":"IRONCLAD","items_purchased":["Lee\u0027s Waffle","Infernal Blade"],"campfire_rested":2,"item_purchase_floors":[14,14],"current_hp_per_floor":[80,80,75,75,75,75,80,80,80,75,35,35,35,87,87,52,87,68,68,70,54,54,54,40,40,40,37,63,79,87,31,57,0,0],"gold":108,"neow_bonus":"THREE_RARE_CARDS","is_daily":false,"chose_seed":false,"campfire_upgraded":5,"win_rate":0.0,"timestamp":1610759074,"path_taken":["M","?","M","?","M","R","E","?","T","M","E","R","M","$","R","BOSS","M","?","M","?","?","R","E","R","T","E","R","M","$","E","R","BOSS"],"items_purchased_type":["Relic","Card"],"build_version":"2020-12-22","purchased_purges":2,"victory":false,"max_hp_per_floor":[80,80,80,80,80,80,80,80,80,80,80,80,80,87,87,87,87,87,87,87,87,87,87,87,87,87,87,87,87,87,87,87,87,87],"card_choices":[{"not_picked":["Feed","Demon Form"],"picked":"Bludgeon","floor":0},{"not_picked":["Intimidate","Blood for Blood"],"picked":"Cleave","floor":1},{"not_picked":["Cleave","Clash"],"picked":"Flex","floor":2},{"not_picked":["Anger","Thunderclap"],"picked":"Ghostly Armor","floor":3},{"not_picked":["Anger","Rupture"],"picked":"Blood for Blood","floor":5},{"not_picked":["Headbutt","Limit Break"],"picked":"Uppercut","floor":7},{"not_picked":["Reckless Charge","Body Slam"],"picked":"Feel No Pain","floor":8},{"not_picked":["Pommel Strike","Dual Wield"],"picked":"Shrug It Off","floor":10},{"not_picked":["Metallicize","Havoc"],"picked":"Rage","floor":11},{"not_picked":["Combust","Anger","Rage"],"picked":"SKIP","floor":13},{"not_picked":["Brutality","Corruption"],"picked":"Reaper","floor":16},{"not_picked":["Rampage","Sword Boomerang","Feel No Pain"],"picked":"SKIP","floor":18},{"not_picked":["Sword Boomerang","Flex"],"picked":"True Grit","floor":20},{"not_picked":["Ghostly Armor","Power Through","Fire Breathing"],"picked":"SKIP","floor":24},{"not_picked":["Sentinel+1","Uppercut"],"picked":"Iron Wave","floor":27},{"not_picked":["Perfected Strike","Reckless Charge","Searing Blow+1"],"picked":"SKIP","floor":29},{"not_picked":["Searing Blow","Body Slam","Shrug It Off"],"picked":"SKIP","floor":29},{"not_picked":["Barricade","Flex","Reckless Charge"],"picked":"SKIP","floor":31}],"player_experience":415128,"relics_obtained":[{"floor":7,"key":"Shuriken"},{"floor":9,"key":"Smiling Mask"},{"floor":11,"key":"Lantern"},{"floor":21,"key":"Enchiridion"},{"floor":24,"key":"Tiny Chest"},{"floor":24,"key":"Prayer Wheel"},{"floor":26,"key":"Blue Candle"},{"floor":27,"key":"MealTicket"},{"floor":27,"key":"MawBank"},{"floor":31,"key":"Bottled Flame"},{"floor":31,"key":"Matryoshka"}],"event_choices":[{"cards_removed":["Strike_R"],"damage_healed":0,"gold_gain":0,"player_choice":"Purged","damage_taken":0,"max_hp_gain":0,"max_hp_loss":0,"event_name":"Purifier","floor":4,"gold_loss":0},{"damage_healed":0,"gold_gain":0,"player_choice":"Obtained Relic","damage_taken":0,"relics_obtained":["Ancient Tea Set"],"max_hp_gain":0,"max_hp_loss":0,"event_name":"Addict","floor":19,"gold_loss":85},{"damage_healed":0,"gold_gain":0,"player_choice":"Obtained Book","damage_taken":16,"max_hp_gain":0,"max_hp_loss":0,"event_name":"Cursed Tome","floor":21,"gold_loss":0}],"is_beta":false,"boss_relics":[{"not_picked":["Sozu","Pandora\u0027s Box"],"picked":"Black Star"}],"items_purged_floors":[22,30],"is_endless":false,"potions_floor_spawned":[1,7,10,11,13,16,27,29,31],"killed_by":"Champ","ascension_level":2}}