{"host":"ied4ms9juizrl48v","time":1610833315,"event":{"mods":["BaseMod","Block Reminder","Colored Map","Colored Powertips","DeckTracker","Highlight Path","Minty Spire (QoL Compilation)","Quick Restart","Random Character Button","StSLib","SuperFastMode"],"gold_per_floor":[214,214,229,244,169,169,197,197,197,197,231,255,273,273,273],"floor_reached":14,"language":"JPN","playtime":414,"items_purged":[],"score":196,"play_id":"29982701-7316-457e-a578-f39696a728e4","local_time":"20210117064155","is_ascension_mode":true,"campfire_choices":[{"data":"Eviscerate","floor":6,"key":"SMITH"},{"data":"Neutralize","floor":8,"key":"SMITH"},{"data":"Dagger Throw","floor":10,"key":"SMITH"}],"circlet_count":0,"master_deck":["AscendersBane","Strike_G","Strike_G","Strike_G","Strike_G","Defend_G","Defend_G","Defend_G","Defend_G","Defend_G","Survivor","Neutralize+1","Dagger Throw+1","Poisoned Stab","Eviscerate+1","Dagger Throw","Dagger Spray","Well Laid Plans","Die Die Die"],"relics":["Ring of the Snake","Bird Faced Urn","TungstenRod","Bronze Scales","Odd Mushroom"],"acts_visited":["Exordium"],"potions_floor_usage":[7,12],"damage_taken":[{"damage":0,"enemies":"2 Louse","floor":1,"turns":4},{"damage":1,"enemies":"Jaw Worm","floor":3,"turns":3},{"damage":5,"enemies":"Small Slimes","floor":4,"turns":3},{"damage":17,"enemies":"Lagavulin","floor":7,"turns":6},{"damage":25,"enemies":"3 Sentries","floor":11,"turns":10},{"damage":0,"enemies":"The Mushroom Lair","floor":12,"turns":3},{"damage":0,"enemies":"2 Fungi Beasts","floor":13,"turns":2},{"damage":24,"enemies":"Gremlin Nob","floor":14,"turns":3}],"seed_played":"8447244305186237328","potions_obtained":[{"floor":3,"key":"PowerPotion"},{"floor":11,"key":"DistilledChaos"}],"is_trial":false,"path_per_floor":["M","?","M","M","?","R","E","R","T","R","E","?","M","E"],"character_chosen":"THE_SILENT","items_purchased":[],"campfire_rested":0,"item_purchase_floors":[],"current_hp_per_floor":[59,64,63,58,58,58,41,41,41,41,16,16,16,0,0],"gold":273,"neow_bonus":"HUNDRED_GOLD","is_daily":false,"chose_seed":false,"campfire_upgraded":3,"win_rate":0.0,"timestamp":1610833315,"path_taken":["M","?","M","M","?","R","E","R","T","R","E","?","M","E"],"items_purchased_type":[],"build_version":"2020-12-22","purchased_purges":0,"victory":false,"max_hp_per_floor":[66,71,71,71,71,71,71,71,71,71,71,71,71,71,71],"card_choices":[{"not_picked":["Quick Slash","Finisher"],"picked":"Dagger Throw","floor":1},{"not_picked":["Outmaneuver","Flechettes"],"picked":"Poisoned Stab","floor":3},{"not_picked":["Prepared","Dagger Throw"],"picked":"Eviscerate","floor":4},{"not_picked":["Prepared","Choke"],"picked":"Dagger Throw","floor":7},{"not_picked":["Deflect","Sucker Punch"],"picked":"Dagger Spray","floor":11},{"not_picked":["Prepared","Quick Slash"],"picked":"Well Laid Plans","floor":12},{"not_picked":["Tactician","Dodge and Roll"],"picked":"Die Die Die","floor":13}],"player_experience":9199,"relics_obtained":[{"floor":7,"key":"Bird Faced Urn"},{"floor":9,"key":"TungstenRod"},{"floor":11,"key":"Bronze Scales"},{"floor":12,"key":"Odd Mushroom"}],"event_choices":[{"damage_healed":0,"gold_gain":0,"player_choice":"Donut","damage_taken":0,"max_hp_gain":5,"max_hp_loss":0,"event_name":"Big Fish","floor":2,"gold_loss":0},{"cards_removed":["Strike_G"],"damage_healed":0,"gold_gain":0,"player_choice":"Card Removal","damage_taken":0,"max_hp_gain":0,"max_hp_loss":0,"event_name":"The Cleric","floor":5,"gold_loss":75},{"damage_healed":0,"gold_gain":0,"player_choice":"Fought Mushrooms","damage_taken":0,"max_hp_gain":0,"max_hp_loss":0,"event_name":"Mushrooms","floor":12,"gold_loss":0}],"is_beta":false,"boss_relics":[],"items_purged_floors":[],"is_endless":false,"potions_floor_spawned":[3,11],"killed_by":"Gremlin Nob","ascension_level":20}}