{"host":"cdcsem0stf6rethc","time":1610796561,"event":{"mods":["AchievementEnabler","Act Like it!","BaseMod","Colored Map","Gensokyo","GifTheSpireLib","Highlight Path","Minty Spire (QoL Compilation)","MostiFishMod","StSLib"],"gold_per_floor":[109,128,128,140,151,151,151,166,166,166,186,186,199,44,44,139,139,156,81,99,111,125,157,177,202,202,202,220,220,234,87,87,186,186,204,204,224,275,275,275,325,325,376,388,288,288,300,96,96,96],"floor_reached":51,"language":"ZHS","playtime":2794,"items_purged":["Strike_B","Strike_B","Defend_B"],"score":731,"play_id":"7b12d68d-351a-4103-bbd4-44deadc8bcac","local_time":"20210116192921","is_ascension_mode":false,"campfire_choices":[{"data":"MostiFishMod:GatherIntelligence","floor":6,"key":"SMITH"},{"data":"MostiFishMod:Impulse","floor":12,"key":"SMITH"},{"data":"Redo","floor":15,"key":"SMITH"},{"data":"Ball Lightning","floor":27,"key":"SMITH"},{"data":"MostiFishMod:DawningShadow","floor":29,"key":"SMITH"},{"data":"Beam Cell","floor":32,"key":"SMITH"},{"data":"Capacitor","floor":40,"key":"SMITH"},{"data":"MostiFishMod:ReadyAimFire","floor":46,"key":"SMITH"},{"data":"MostiFishMod:StrandedSiren","floor":49,"key":"SMITH"}],"circlet_count":0,"master_deck":["Defend_B","Defend_B","Defend_B","Zap+1","Dualcast","Reinforced Body","MostiFishMod:PushDownKick","Stack+1","Redo+1","MostiFishMod:GatherIntelligence+1","MostiFishMod:Impulse+1","Coolheaded+1","Defragment+1","MostiFishMod:DawningShadow+1","Barrage","Ball Lightning+1","Redo+1","Cold Snap+1","Go for the Eyes+1","Chill+1","Coolheaded+1","Beam Cell+1","MostiFishMod:ReadyAimFire+1","Doom and Gloom+1","MostiFishMod:GatherIntelligence+1","Capacitor+1","MostiFishMod:StrandedSiren+1","Madness","Madness","Double Energy+1","Storm"],"relics":["Cracked Core","DaveBox","GuanYuAspect","SynthV:TestCard","Omamori","Technique","Nuclear Battery","Boot","White Beast Statue","Bottled Flame","Vajra","Inserter","Pocketwatch","Calipers"],"acts_visited":["Exordium","TheCity","TheBeyond"],"potions_floor_usage":[33],"damage_taken":[{"damage":4,"enemies":"Jaw Worm","floor":1,"turns":4},{"damage":0,"enemies":"2 Louse","floor":2,"turns":2},{"damage":0,"enemies":"Cultist","floor":4,"turns":2},{"damage":8,"enemies":"Gremlin Gang","floor":5,"turns":6},{"damage":2,"enemies":"Exordium Wildlife","floor":8,"turns":4},{"damage":0,"enemies":"Looter","floor":11,"turns":3},{"damage":3,"enemies":"3 Louse","floor":13,"turns":4},{"damage":2,"enemies":"Slime Boss","floor":16,"turns":14},{"damage":14,"enemies":"Spheric Guardian","floor":18,"turns":4},{"damage":0,"enemies":"Chosen","floor":20,"turns":4},{"damage":0,"enemies":"Snecko","floor":21,"turns":5},{"damage":13,"enemies":"Snake Plant","floor":22,"turns":4},{"damage":34,"enemies":"Gremlin Leader","floor":23,"turns":9},{"damage":9,"enemies":"Chosen and Byrds","floor":24,"turns":5},{"damage":7,"enemies":"Book of Stabbing","floor":25,"turns":5},{"damage":11,"enemies":"Centurion and Healer","floor":28,"turns":7},{"damage":0,"enemies":"Cultist and Chosen","floor":30,"turns":6},{"damage":62,"enemies":"Collector","floor":33,"turns":9},{"damage":11,"enemies":"3 Darklings","floor":35,"turns":6},{"damage":4,"enemies":"3 Shapes","floor":37,"turns":3},{"damage":31,"enemies":"2 Orb Walkers","floor":38,"turns":4},{"damage":0,"enemies":"Mind Bloom Boss Battle","floor":41,"turns":4},{"damage":0,"enemies":"Maw","floor":44,"turns":6},{"damage":0,"enemies":"Jaw Worm Horde","floor":47,"turns":4},{"damage":0,"enemies":"Time Eater","floor":50,"turns":4}],"seed_played":"8118125553964912836","potions_obtained":[{"floor":2,"key":"AttackPotion"},{"floor":5,"key":"Weak Potion"},{"floor":10,"key":"FairyPotion"},{"floor":10,"key":"DuplicationPotion"},{"floor":33,"key":"FocusPotion"},{"floor":35,"key":"Energy Potion"}],"is_trial":false,"path_per_floor":["M","M","?","M","M","R","?","M","T","?","M","R","M","$","R","B",null,"M","$","M","M","M","E","M","E","T","R","M","R","M","$","R","B",null,"M","?","M","?","?","R","?","?","T","M","$","R","M","$","R","B",null],"character_chosen":"DEFECT","items_purchased":["Technique","Vajra","Storm"],"campfire_rested":0,"item_purchase_floors":[14,31,48],"current_hp_per_floor":[38,38,30,38,37,37,37,38,38,38,38,38,38,38,38,38,38,27,27,38,38,33,38,31,38,38,38,38,38,38,38,38,11,30,38,38,38,14,14,14,38,33,33,38,38,38,38,38,38,38],"gold":96,"neow_bonus":"TRANSFORM_CARD","is_daily":false,"chose_seed":false,"campfire_upgraded":9,"win_rate":0.0,"timestamp":1610796561,"path_taken":["M","M","?","M","M","R","?","M","T","?","M","R","M","$","R","BOSS","M","?","M","?","M","E","M","E","T","R","M","R","M","$","R","BOSS","M","?","M","?","?","R","?","?","T","M","$","R","M","$","R","BOSS"],"items_purchased_type":["Relic","Relic","Card"],"build_version":"2020-12-22","purchased_purges":3,"victory":true,"max_hp_per_floor":[38,38,38,38,38,38,38,38,38,38,38,38,38,38,38,38,38,38,38,38,38,38,38,38,38,38,38,38,38,38,38,38,38,38,38,38,38,38,38,38,38,38,38,38,38,38,38,38,38,38],"card_choices":[{"not_picked":["Steam","Streamline"],"picked":"MostiFishMod:PushDownKick","floor":1},{"not_picked":["Coolheaded","Heatsinks","Blizzard","Leap"],"picked":"Stack","floor":2},{"not_picked":["Ball Lightning","Streamline","Blizzard","MostiFishMod:DeathFromBelow"],"picked":"Redo","floor":4},{"not_picked":["MostiFishMod:FluxCapactior","MostiFishMod:LinkProtocol","Conserve Battery","Sweeping Beam"],"picked":"MostiFishMod:GatherIntelligence","floor":5},{"not_picked":["Hologram","Redo","MostiFishMod:PushDownKick","Gash"],"picked":"MostiFishMod:Impulse","floor":8},{"not_picked":["Redo","Steam Power","Streamline","Go for the Eyes"],"picked":"Coolheaded","floor":11},{"not_picked":["MostiFishMod:StarOceanB","MostiFishMod:GatherIntelligence","Storm","Consume"],"picked":"Defragment","floor":13},{"not_picked":["MostiFishMod:StarOceanB","MostiFishMod:Hijack","MostiFishMod:IceShield","All For One"],"picked":"MostiFishMod:DawningShadow","floor":16},{"not_picked":["Blizzard","MostiFishMod:PushDownKick","Consume","Compile Driver"],"picked":"Barrage","floor":18},{"not_picked":["Cold Snap","Leap+1","Hologram","Redo","MostiFishMod:PushDownKick+1"],"picked":"SKIP","floor":20},{"not_picked":["Sweeping Beam+1","Go for the Eyes","MostiFishMod:PushDownKick+1","Fission"],"picked":"Ball Lightning","floor":21},{"not_picked":["Steam Power","Cold Snap","MostiFishMod:ReprogramOld","Coolheaded+1"],"picked":"Redo+1","floor":22},{"not_picked":["Sweeping Beam","Leap","MostiFishMod:LinkProtocol","Coolheaded"],"picked":"Cold Snap+1","floor":23},{"not_picked":["Storm","Hologram+1","Leap+1","Conserve Battery"],"picked":"Go for the Eyes+1","floor":24},{"not_picked":["Skim","Compile Driver","Go for the Eyes","Conserve Battery"],"picked":"Chill+1","floor":25},{"not_picked":["Go for the Eyes","Leap","MostiFishMod:Overload","Stack"],"picked":"Coolheaded+1","floor":28},{"not_picked":["Hologram","Scrape","Leap","Gash+1"],"picked":"Beam Cell","floor":30},{"not_picked":["MostiFishMod:IceShield","MostiFishMod:DawningShadow","MostiFishMod:TalkingToTheRain","Multi-Cast"],"picked":"MostiFishMod:ReadyAimFire","floor":33},{"not_picked":["Force Field","Leap","Static Discharge+1","Gash+1"],"picked":"Doom and Gloom+1","floor":35},{"not_picked":["FTL+1","Stack","Conserve Battery","Compile Driver+1"],"picked":"MostiFishMod:GatherIntelligence+1","floor":37},{"not_picked":["Go for the Eyes","Barrage","Steam Power+1","MostiFishMod:LinkProtocol"],"picked":"Capacitor","floor":38},{"not_picked":["Streamline+1","Cold Snap+1","Leap+1","Barrage"],"picked":"MostiFishMod:StrandedSiren","floor":41},{"not_picked":["Static Discharge","Conserve Battery+1","Hologram","Go for the Eyes","Beam Cell+1"],"picked":"SKIP","floor":44},{"not_picked":["Compile Driver+1","Steam+1","Leap","Reprogram"],"picked":"Double Energy+1","floor":47}],"player_experience":85637,"relics_obtained":[{"floor":1,"key":"SynthV:TestCard"},{"floor":9,"key":"Omamori"},{"floor":23,"key":"Boot"},{"floor":25,"key":"White Beast Statue"},{"floor":26,"key":"Bottled Flame"},{"floor":38,"key":"Pocketwatch"},{"floor":41,"key":"Calipers"}],"event_choices":[{"damage_healed":0,"gold_gain":0,"player_choice":"Entered Light","damage_taken":8,"max_hp_gain":0,"max_hp_loss":0,"event_name":"Shining Light","floor":3,"gold_loss":0,"cards_upgraded":["Zap","Stack"]},{"damage_healed":0,"gold_gain":0,"player_choice":"Ignored","damage_taken":0,"max_hp_gain":0,"max_hp_loss":0,"event_name":"Liars Game","floor":7,"gold_loss":0},{"damage_healed":0,"gold_gain":0,"player_choice":"Got Potions","damage_taken":0,"max_hp_gain":0,"max_hp_loss":0,"event_name":"Lab","floor":10,"gold_loss":0},{"damage_healed":0,"gold_gain":0,"player_choice":"Ignored","damage_taken":0,"max_hp_gain":0,"max_hp_loss":0,"event_name":"Tomb of Lord Red Mask","floor":36,"gold_loss":0},{"damage_healed":0,"gold_gain":0,"player_choice":"Fight","damage_taken":0,"max_hp_gain":0,"max_hp_loss":0,"event_name":"Mysterious Sphere","floor":38,"gold_loss":0},{"cards_removed":["Strike_B"],"damage_healed":0,"gold_gain":0,"player_choice":"Removed Attack","damage_taken":0,"max_hp_gain":0,"max_hp_loss":0,"event_name":"Falling","floor":39,"gold_loss":0},{"damage_healed":0,"gold_gain":0,"player_choice":"Fight","damage_taken":0,"max_hp_gain":0,"max_hp_loss":0,"event_name":"MindBloom","floor":41,"gold_loss":0},{"damage_healed":0,"gold_gain":0,"player_choice":"Embrace Madness","damage_taken":5,"max_hp_gain":0,"max_hp_loss":0,"event_name":"Winding Halls","floor":42,"gold_loss":0,"cards_obtained":["Madness","Madness"]}],"is_beta":false,"boss_relics":[{"not_picked":["FeatherPendant","Tiny House"],"picked":"Nuclear Battery"},{"not_picked":["Busted Crown","FrostBlade"],"picked":"Inserter"}],"items_purged_floors":[19,45,48],"is_endless":false,"potions_floor_spawned":[2,5,13,16,21,23,24,28,30,33,35,37,38,41,44,47],"ascension_level":0}}