{"host":"kgfs5ebhusfk1t4t","time":1610811282,"event":{"mods":["BaseMod","Colored Map","DeckTracker","Highlight Path","KOR Keyword Fix","Keyboard Shortcuts","Minty Spire (QoL Compilation)","Permanent Neow","Quick Restart","StSLib","SuperFastMode","everything is the same but u backflip on backflip"],"gold_per_floor":[367,18,48,78,114,114,128,128,128,128,142,196,196,262,262,339,339,373,99,131,131,144,144,186,227,286,315,371,435,29,38,38,38,38],"floor_reached":33,"language":"KOR","playtime":1441,"items_purged":["Injury","Strike_R","Pain"],"score":505,"play_id":"4ff24c3a-93aa-4b8d-a195-2c3a912b11f0","local_time":"20210117003442","is_ascension_mode":true,"campfire_choices":[{"floor":6.0,"key":"REST"},{"data":"Battle Trance","floor":8.0,"key":"SMITH"},{"data":"Burning Pact","floor":10.0,"key":"SMITH"},{"floor":15.0,"key":"REST"},{"floor":23.0,"key":"REST"},{"floor":32,"key":"REST"}],"circlet_count":0,"master_deck":["AscendersBane","Strike_R+1","Strike_R+1","Defend_R","Defend_R","Defend_R","Defend_R","Bash","Wild Strike","HandOfGreed","Infernal Blade","Dropkick","Cleave","Burning Pact+1","Perfected Strike","Battle Trance+1","Demon Form","Feed+1","Pommel Strike+1","Berserk","Iron Wave+1","Shrug It Off","Second Wind","Exhume","Shrug It Off","Twin Strike+1","Sentinel+1","Pommel Strike+1","Feel No Pain","Sentinel","Corruption","Doubt"],"relics":["Burning Blood","Molten Egg 2","Bottled Flame","Eternal Feather","Ornamental Fan","Cursed Key","Regal Pillow","CeramicFish","Whetstone","Unceasing Top","Red Mask","ClockworkSouvenir","CaptainsWheel"],"acts_visited":["Exordium","TheCity"],"potions_floor_usage":[29],"damage_taken":[{"damage":6.0,"enemies":"Cultist","floor":1.0,"turns":4.0},{"damage":15.0,"enemies":"Small Slimes","floor":3.0,"turns":3.0},{"damage":4.0,"enemies":"Jaw Worm","floor":4.0,"turns":3.0},{"damage":18.0,"enemies":"Large Slime","floor":5.0,"turns":3.0},{"damage":23.0,"enemies":"Lots of Slimes","floor":7.0,"turns":4.0},{"damage":0.0,"enemies":"3 Louse","floor":11.0,"turns":3.0},{"damage":18.0,"enemies":"Lagavulin","floor":12.0,"turns":5.0},{"damage":30.0,"enemies":"3 Sentries","floor":14.0,"turns":6.0},{"damage":52.0,"enemies":"Hexaghost","floor":16.0,"turns":7.0},{"damage":31.0,"enemies":"Shell Parasite","floor":18.0,"turns":4.0},{"damage":1.0,"enemies":"Chosen","floor":20.0,"turns":4.0},{"damage":27.0,"enemies":"Snecko","floor":22.0,"turns":5.0},{"damage":21.0,"enemies":"Gremlin Leader","floor":24.0,"turns":7.0},{"damage":8.0,"enemies":"3 Cultists","floor":25.0,"turns":5.0},{"damage":16.0,"enemies":"Cultist and Chosen","floor":27.0,"turns":6.0},{"damage":26.0,"enemies":"Slavers","floor":28.0,"turns":4.0},{"damage":23,"enemies":"Masked Bandits","floor":29,"turns":4},{"damage":32,"enemies":"Champ","floor":33,"turns":9}],"seed_played":"-3899346932518796275","potions_obtained":[{"floor":7.0,"key":"Block Potion"},{"floor":11.0,"key":"SteroidPotion"},{"floor":12.0,"key":"FearPotion"},{"floor":16.0,"key":"Ancient Potion"},{"floor":18.0,"key":"Strength Potion"},{"floor":25.0,"key":"Fire Potion"},{"floor":27.0,"key":"SteroidPotion"},{"floor":28.0,"key":"Fire Potion"},{"floor":29,"key":"SpeedPotion"}],"is_trial":false,"path_per_floor":["M","$","M","M","M","R","M","R","T","R","M","E","T","E","R","B",null,"M","$","M","?","M","R","E","M","T","M","E","?","$","T","R","B"],"character_chosen":"IRONCLAD","items_purchased":["HandOfGreed","Infernal Blade","Dropkick","Shrug It Off","Regal Pillow","Corruption","ClockworkSouvenir"],"campfire_rested":4,"item_purchase_floors":[2,2,2,19,19,30,30],"current_hp_per_floor":[68,68,59,61,49,71,54,54,54,54,60,48,48,28,63,17,64,39,39,44,44,23,76,61,63,63,53,37,20,20,20,79,47,47],"gold":38,"neow_bonus":"TWO_FIFTY_GOLD","is_daily":false,"chose_seed":false,"campfire_upgraded":2,"win_rate":0.0,"timestamp":1610811282,"path_taken":["M","$","M","?","M","R","M","R","T","R","M","E","?","E","R","BOSS","M","$","M","?","M","R","E","M","T","M","E","?","$","?","R","BOSS"],"items_purchased_type":["Card","Card","Card","Card","Relic","Card","Relic"],"build_version":"2020-12-22","purchased_purges":3,"victory":false,"max_hp_per_floor":[75,75,75,75,75,75,75,75,75,75,75,75,75,79,79,79,79,79,79,79,79,79,79,79,83,83,83,87,87,87,87,87,87,87],"card_choices":[{"not_picked":["Pummel","Iron Wave"],"picked":"Wild Strike","floor":1.0},{"not_picked":["Armaments","Searing Blow"],"picked":"Cleave","floor":3.0},{"not_picked":["Flex","Wild Strike"],"picked":"Burning Pact","floor":4.0},{"not_picked":["Cleave","Havoc"],"picked":"Perfected Strike","floor":5.0},{"not_picked":["Inflame","Ghostly Armor"],"picked":"Battle Trance","floor":7.0},{"not_picked":["Searing Blow+1","Perfected Strike+1"],"picked":"Demon Form","floor":11.0},{"not_picked":["Flex","Rage"],"picked":"Feed+1","floor":12.0},{"not_picked":["Reckless Charge+1","Blood for Blood+1"],"picked":"Pommel Strike+1","floor":14.0},{"not_picked":["Fiend Fire+1","Double Tap"],"picked":"Berserk","floor":16.0},{"not_picked":["True Grit","Havoc"],"picked":"Iron Wave+1","floor":18.0},{"not_picked":["Warcry","Combust"],"picked":"Second Wind","floor":20.0},{"not_picked":["Wild Strike+1","Warcry","Shrug It Off"],"picked":"SKIP","floor":22.0},{"not_picked":["Clash+1","Flex"],"picked":"Twin Strike+1","floor":24.0},{"not_picked":["Dark Embrace","Havoc"],"picked":"Sentinel+1","floor":25.0},{"not_picked":["Sever Soul+1","Burning Pact"],"picked":"Pommel Strike+1","floor":27.0},{"not_picked":["Perfected Strike+1","Blood for Blood+1"],"picked":"Feel No Pain","floor":28.0},{"not_picked":["True Grit","Fiend Fire+1"],"picked":"Sentinel","floor":29}],"player_experience":519925,"relics_obtained":[{"floor":9.0,"key":"Molten Egg 2"},{"floor":12.0,"key":"Bottled Flame"},{"floor":13.0,"key":"Eternal Feather"},{"floor":14.0,"key":"Ornamental Fan"},{"floor":24.0,"key":"CeramicFish"},{"floor":26.0,"key":"Whetstone"},{"floor":28.0,"key":"Unceasing Top"},{"floor":29,"key":"Red Mask"},{"floor":31,"key":"CaptainsWheel"}],"event_choices":[{"damage_healed":0.0,"max_hp_gain":0.0,"max_hp_loss":0.0,"gold_gain":0.0,"cards_transformed":["Strike_R","Strike_R"],"event_name":"Drug Dealer","player_choice":"Became Test Subject","floor":21.0,"gold_loss":0.0,"damage_taken":0.0,"cards_obtained":["Exhume","Shrug It Off"]},{"damage_healed":0,"gold_gain":0,"player_choice":"Fought Bandits","damage_taken":0,"max_hp_gain":0,"max_hp_loss":0,"event_name":"Masked Bandits","floor":29,"gold_loss":0}],"is_beta":false,"boss_relics":[{"not_picked":["Empty Cage","Coffee Dripper"],"picked":"Cursed Key"}],"items_purged_floors":[2,19,30],"is_endless":false,"potions_floor_spawned":[7,11,12,16,18,25,27,28,29],"killed_by":"Champ","ascension_level":14}}