{"host":"fr3ip57hl52y255p","time":1610812402,"event":{"mods":["Act Like it!","BaseMod","Challenge The Spire","Colored Powertips","Downfall","Luminous","Mari Mod (Legacy)","Mari\u0027s V1 Patch","Minty Spire (QoL Compilation)","READ ME - Guardian Mod","Relic Stats","StSLib","The Hierophant","[GremlinLeader]The Maniac"],"gold_per_floor":[99,99,99,99,99,131,131,146,179,179,179,12,12,32,43,146,146,146,146,56,76,76,76,76,107,107,107,118,153,153,167,182,286,286,286,300,312,328,133,133,186,186,240,240,251,265,265,317,336,336],"floor_reached":51,"language":"ZHS","playtime":4773,"items_purged":["hexamod:Strike","hexamod:Defend"],"score":791,"play_id":"4ff6f7b8-ed64-4995-87ec-0a10458bf9fe","local_time":"20210116235322","is_ascension_mode":false,"campfire_choices":[{"data":"hexamod:Float","floor":1.0,"key":"SMITH"},{"floor":10.0,"key":"REST"},{"data":"hexamod:RainOfEmbers","floor":13.0,"key":"SMITH"},{"data":"hexamod:InspiringFlames","floor":18,"key":"SMITH"},{"data":"hexamod:Haunt","floor":26,"key":"SMITH"},{"floor":30,"key":"REST"},{"data":"hexamod:SearingWound","floor":35,"key":"SMITH"},{"floor":44,"key":"REST"},{"data":"hexamod:RecurringNightmare","floor":47,"key":"SMITH"}],"circlet_count":0,"master_deck":["hexamod:Strike+1","hexamod:Strike+1","hexamod:Defend+1","hexamod:Defend+1","hexamod:Defend+1","hexamod:Sear","hexamod:Float+1","hexamod:Hexaguard+1","hexamod:InspiringFlames+1","hexamod:RainOfEmbers+1","hexamod:SoulSteal+1","hexamod:BurningTouch","hexamod:FlamesFromBeyond","hexamod:SoulSteal","hexamod:FifthSeal","hexamod:SixthSeal","hexamod:Haunt+1","hexamod:NightmareGuise+1","Pain","hexamod:ThirdSeal","hexamod:ExtraCrispy","hexamod:RecurringNightmare+1","hexamod:SearingWound+1","hexamod:PowerFromBeyond+1","hexamod:TimeOfNeed","hexamod:PhantomFireball+1","hexamod:RecurringNightmare+1","hexamod:Hexaguard+1","hexamod:FirstSeal","expansioncontent:AwakenDeath","maniac:Guilty","hexamod:RetreatToShadows+1","hexamod:PowerFromBeyond","hexamod:PowerFromBeyond+1","Pain","hexamod:RecurringNightmare+1"],"relics":["hexamod:SpiritBrand","downfall:HeartsMalice","Dream Catcher","Darkstone Periapt","Bag of Preparation","hexamod:IceCube","Pen Nib","Ice Cream","Question Card","WarpedTongs","Whetstone","Cursed Key","Lee\u0027s Waffle","Regal Pillow","Smiling Mask","hexamod:SoulConsumer","Strawberry"],"acts_visited":["Exordium","TheCity","TheBeyond"],"potions_floor_usage":[16,16,25,33,38,39,43],"damage_taken":[{"damage":0.0,"enemies":"Cultist","floor":2.0,"turns":1.0},{"damage":0.0,"enemies":"Small Slimes","floor":3.0,"turns":1.0},{"damage":0.0,"enemies":"Jaw Worm","floor":5.0,"turns":1.0},{"damage":28.0,"enemies":"3 Sentries","floor":6.0,"turns":9.0},{"damage":3.0,"enemies":"Lots of Slimes","floor":8.0,"turns":3.0},{"damage":11.0,"enemies":"Gremlin Nob","floor":9.0,"turns":3.0},{"damage":0.0,"enemies":"downfall:FleeingMerchant","floor":12.0,"turns":4.0},{"damage":0,"enemies":"2 Fungi Beasts","floor":14,"turns":4},{"damage":10,"enemies":"Exordium Thugs","floor":15,"turns":3},{"damage":10,"enemies":"WA_ARCHETYPE_RETAIN","floor":16,"turns":6},{"damage":3,"enemies":"downfall:FleeingMerchant","floor":20,"turns":4},{"damage":5,"enemies":"Chosen","floor":21,"turns":4},{"damage":28,"enemies":"Gremlin Leader","floor":25,"turns":4},{"damage":3,"enemies":"3 Byrds","floor":28,"turns":4},{"damage":25,"enemies":"Slavers","floor":29,"turns":4},{"damage":6,"enemies":"Snecko","floor":31,"turns":4},{"damage":2,"enemies":"Snake Plant","floor":32,"turns":4},{"damage":20,"enemies":"SI_MIRROR_ARCHETYPE","floor":33,"turns":8},{"damage":21,"enemies":"3 Shapes","floor":36,"turns":5},{"damage":6,"enemies":"3 Darklings","floor":37,"turns":3},{"damage":27,"enemies":"Jaw Worm Horde","floor":38,"turns":4},{"damage":5,"enemies":"downfall:FleeingMerchant","floor":39,"turns":4},{"damage":47,"enemies":"2 Orb Walkers","floor":43,"turns":4},{"damage":6,"enemies":"Maw","floor":45,"turns":5},{"damage":18,"enemies":"4 Shapes","floor":46,"turns":4},{"damage":25,"enemies":"Writhing Mass","floor":49,"turns":4},{"damage":208,"enemies":"IC_BLOCK_ARCHETYPE","floor":50,"turns":7}],"seed_played":"8444924610149651925","potions_obtained":[{"floor":6.0,"key":"hexamod:EctoCoolerPotion"},{"floor":9.0,"key":"SpeedPotion"},{"floor":14,"key":"hexamod:EctoCoolerPotion"},{"floor":19,"key":"Fire Potion"},{"floor":19,"key":"AttackPotion"},{"floor":25,"key":"FairyPotion"},{"floor":28,"key":"GamblersBrew"},{"floor":31,"key":"Fire Potion"},{"floor":32,"key":"SkillPotion"},{"floor":37,"key":"Weak Potion"},{"floor":45,"key":"EssenceOfSteel"},{"floor":49,"key":"Energy Potion"}],"is_trial":false,"path_per_floor":["R","M","M","?","M","E","T","M","E","R","?","$","R","M","M","B",null,"R","?","$","M","T","?","T","E","R","?","M","E","R","M","M","B",null,"R","M","M","M","$","?","T","?","?","R","M","M","R","T","M","B",null],"character_chosen":"THE_SPIRIT","items_purchased":["Bag of Preparation","Lee\u0027s Waffle","expansioncontent:AwakenDeath","Swift Potion","Regal Pillow"],"campfire_rested":3,"item_purchase_floors":[12,39,39,39,39],"current_hp_per_floor":[70,70,70,70,70,42,42,39,28,49,49,49,49,49,39,29,70,70,70,67,62,62,62,62,34,34,40,37,12,34,28,26,6,76,76,55,49,22,83,83,89,89,42,83,88,74,74,87,73,33],"gold":336,"neow_bonus":"THREE_ENEMY_KILL","is_daily":false,"chose_seed":false,"campfire_upgraded":6,"win_rate":0.0,"timestamp":1610812402,"path_taken":["R","M","?","?","?","E","T","M","E","R","?","$","R","?","M","BOSS","R","?","?","?","?","?","T","E","R","?","?","E","R","M","M","BOSS","R","M","M","M","$","?","T","?","?","R","?","M","R","?","M","BOSS"],"items_purchased_type":["Relic","Relic","Card","Potion","Relic"],"build_version":"2020-12-22","purchased_purges":2,"victory":true,"max_hp_per_floor":[70,70,70,70,70,70,70,70,70,70,70,70,70,70,70,70,70,70,70,70,70,70,70,70,70,70,76,76,76,76,76,76,76,76,76,76,76,76,83,83,89,89,89,89,89,89,89,102,102,102],"relic_stats":{"Darkstone Periapt":18,"Lee\u0027s Waffle":66,"Regal Pillow":15,"counters":[27,108],"Pen Nib":[2],"Bag of Preparation":[40],"Whetstone":["hexamod:Strike"],"Question Card":29,"Cursed Key":2,"Smiling Mask":0,"WarpedTongs":[56],"Dream Catcher":3,"obtain_stats":[{"Darkstone Periapt":9,"Ice Cream":24,"Lee\u0027s Waffle":39,"Regal Pillow":39,"downfall:HeartsMalice":0,"Pen Nib":22,"Bag of Preparation":12,"Whetstone":29,"Question Card":25,"Cursed Key":34,"Smiling Mask":41,"WarpedTongs":27,"Dream Catcher":6,"Strawberry":48,"hexamod:SoulConsumer":43,"hexamod:SpiritBrand":0,"hexamod:IceCube":17},{"Darkstone Periapt":6,"Ice Cream":12,"Lee\u0027s Waffle":22,"Regal Pillow":22,"downfall:HeartsMalice":0,"Pen Nib":12,"Bag of Preparation":7,"Whetstone":15,"Question Card":13,"Cursed Key":18,"Smiling Mask":22,"WarpedTongs":13,"Dream Catcher":4,"Strawberry":25,"hexamod:SoulConsumer":23,"hexamod:SpiritBrand":0,"hexamod:IceCube":10},{"Darkstone Periapt":15,"Ice Cream":40,"Lee\u0027s Waffle":84,"Regal Pillow":84,"downfall:HeartsMalice":0,"Pen Nib":40,"Bag of Preparation":19,"Whetstone":52,"Question Card":44,"Cursed Key":68,"Smiling Mask":84,"WarpedTongs":44,"Dream Catcher":9,"Strawberry":97,"hexamod:SoulConsumer":88,"hexamod:SpiritBrand":0,"hexamod:IceCube":32}]},"card_choices":[{"not_picked":["hexamod:Firestarter","hexamod:StepThrough"],"picked":"hexamod:Hexaguard","floor":2.0},{"not_picked":["hexamod:GhostLash","hexamod:Hexaguard"],"picked":"hexamod:InspiringFlames","floor":3.0},{"not_picked":["hexamod:SpectersWail","hexamod:PhantomCloak"],"picked":"hexamod:RainOfEmbers","floor":5.0},{"not_picked":["hexamod:HeatShield","hexamod:GhostOfSpirePast"],"picked":"hexamod:SoulSteal","floor":6.0},{"not_picked":["hexamod:GhostOfSpireFuture","hexamod:UnleashSpirits","hexamod:ThermalTransfer"],"picked":"SKIP","floor":8.0},{"not_picked":["hexamod:GhostShield","hexamod:ThermalTransfer"],"picked":"hexamod:BurningTouch","floor":9.0},{"not_picked":["hexamod:SoulSteal","hexamod:GhostLash","hexamod:FourthSeal"],"picked":"SKIP","floor":12.0},{"not_picked":["hexamod:BacktrackSmack","hexamod:SuperheatedStrike"],"picked":"hexamod:FlamesFromBeyond","floor":14},{"not_picked":["hexamod:NightmareStrike","hexamod:FourthSeal"],"picked":"hexamod:SoulSteal","floor":15},{"not_picked":["hexamod:Toasty","hexamod:SixthSeal"],"picked":"hexamod:FifthSeal","floor":16},{"not_picked":["hexamod:FirstSeal","hexamod:SecondSeal"],"picked":"hexamod:SixthSeal","floor":20},{"not_picked":["hexamod:AdvancingGuard","hexamod:Again","hexamod:FlamesFromBeyond"],"picked":"SKIP","floor":20},{"not_picked":["hexamod:InspiringFlames+1","hexamod:NightmareStrike"],"picked":"hexamod:Haunt","floor":21},{"not_picked":["hexamod:ChargedBarrage","hexamod:DynamicBlow+1"],"picked":"hexamod:NightmareGuise+1","floor":25},{"not_picked":["hexamod:SixthSeal","hexamod:FourthSeal","hexamod:SecondSeal"],"picked":"hexamod:ThirdSeal","floor":28},{"not_picked":["hexamod:GhostflameInferno","hexamod:FlamesFromBeyond","hexamod:FirstSeal"],"picked":"hexamod:ExtraCrispy","floor":28},{"not_picked":["hexamod:FirstSeal","hexamod:ThermalTransfer","hexamod:SuperheatedStrike+1"],"picked":"hexamod:RecurringNightmare","floor":29},{"not_picked":["hexamod:GhostOfSpireFuture","hexamod:Incineration+1","hexamod:CatchUp+1"],"picked":"hexamod:SearingWound","floor":29},{"not_picked":["hexamod:NightmareGuise","hexamod:Firestarter","hexamod:EtherealExpedition"],"picked":"hexamod:PowerFromBeyond+1","floor":31},{"not_picked":["hexamod:HexaLevel","hexamod:FourthSeal","hexamod:Firestarter","hexamod:ThermalTransfer"],"picked":"SKIP","floor":31},{"not_picked":["hexamod:SixthSeal","hexamod:ThirdSeal","hexamod:SecondSeal","hexamod:FourthSeal"],"picked":"SKIP","floor":31},{"not_picked":["hexamod:SoulSteal","hexamod:SwordOfDarkness","hexamod:BacktrackSmack","hexamod:HeatMetal"],"picked":"SKIP","floor":32},{"not_picked":["hexamod:GhostOfSpirePresent","hexamod:VolcanoVisage","hexamod:SearingWound"],"picked":"hexamod:TimeOfNeed","floor":33},{"not_picked":["hexamod:GhostShield","hexamod:SwordOfDarkness+1","hexamod:BurningTouch"],"picked":"hexamod:PhantomFireball","floor":36},{"not_picked":["hexamod:Firestarter+1","hexamod:GhostShield+1","hexamod:Incineration+1"],"picked":"hexamod:RecurringNightmare","floor":36},{"not_picked":["hexamod:HauntingEcho+1","hexamod:SuperheatedStrike+1","hexamod:SpectersWail+1"],"picked":"hexamod:Hexaguard+1","floor":37},{"not_picked":["hexamod:GhostShield+1","hexamod:BacktrackSmack+1","hexamod:Toasty","hexamod:GhostLash"],"picked":"SKIP","floor":38},{"not_picked":["hexamod:ThirdSeal","hexamod:FourthSeal","hexamod:SecondSeal"],"picked":"hexamod:FirstSeal","floor":39},{"not_picked":["hexamod:GhostShield","hexamod:StepThrough+1","hexamod:SpectersWail","hexamod:ShieldOfDarkness"],"picked":"SKIP","floor":39},{"not_picked":["hexamod:TimeWarp","hexamod:Hexaguard","hexamod:SpectersWail","hexamod:GhostOfSpirePast"],"picked":"SKIP","floor":39},{"not_picked":["hexamod:InspiringFlames+1","hexamod:FourthSeal","hexamod:Incineration"],"picked":"hexamod:RetreatToShadows+1","floor":43},{"not_picked":["hexamod:SpectralAdrenaline+1","hexamod:DynamicBlow","hexamod:CatchUp"],"picked":"hexamod:PowerFromBeyond","floor":43},{"not_picked":["hexamod:BacktrackSmack","hexamod:SkipABeat","hexamod:CatchUp"],"picked":"hexamod:PowerFromBeyond","floor":44},{"not_picked":["hexamod:CatchUp","hexamod:ShieldOfDarkness+1","hexamod:AdvancingGuard","hexamod:FirstSeal"],"picked":"SKIP","floor":45},{"not_picked":["hexamod:NecessarySacrifice+1","hexamod:EmpoweredFlame","hexamod:NightmareStrike+1","hexamod:UnleashSpirits"],"picked":"SKIP","floor":45},{"not_picked":["hexamod:HauntingEcho+1","hexamod:GhostLash+1","hexamod:AdvancingGuard","hexamod:NightmareGuise+1"],"picked":"SKIP","floor":46},{"not_picked":["hexamod:GhostShield+1","hexamod:Hexaguard","hexamod:ShieldOfDarkness+1"],"picked":"hexamod:RecurringNightmare+1","floor":49}],"player_experience":111479,"relics_obtained":[{"floor":6.0,"key":"Dream Catcher"},{"floor":9.0,"key":"Darkstone Periapt"},{"floor":22,"key":"Pen Nib"},{"floor":24,"key":"Ice Cream"},{"floor":25,"key":"Question Card"},{"floor":29,"key":"Whetstone"},{"floor":41,"key":"Smiling Mask"},{"floor":43,"key":"hexamod:SoulConsumer"},{"floor":48,"key":"Strawberry"}],"event_choices":[{"cards_removed":["hexamod:Strike"],"damage_healed":0.0,"max_hp_gain":0.0,"max_hp_loss":0.0,"gold_gain":0.0,"event_name":"Bonfire Elementals","player_choice":"Offered Basic","floor":4.0,"gold_loss":0.0,"damage_taken":0.0},{"damage_healed":0.0,"max_hp_gain":0.0,"max_hp_loss":0.0,"gold_gain":0.0,"event_name":"NoteForYourself","player_choice":"Ignored","floor":11.0,"gold_loss":0.0,"damage_taken":0.0},{"damage_healed":0,"gold_gain":0,"player_choice":"Got Potions","damage_taken":0,"max_hp_gain":0,"max_hp_loss":0,"event_name":"Lab","floor":19,"gold_loss":0},{"damage_healed":0,"gold_gain":0,"player_choice":"Rummage","damage_taken":0,"relics_obtained":["WarpedTongs"],"max_hp_gain":0,"max_hp_loss":0,"event_name":"Accursed Blacksmith","floor":27,"gold_loss":0,"cards_obtained":["Pain"]},{"damage_healed":0,"gold_gain":0,"player_choice":"Fight","damage_taken":0,"max_hp_gain":0,"max_hp_loss":0,"event_name":"Mysterious Sphere","floor":43,"gold_loss":0}],"is_beta":false,"boss_relics":[{"not_picked":["Snecko Eye","Tiny House"],"picked":"hexamod:IceCube"},{"not_picked":["bronze:MakeshiftBattery","Sozu"],"picked":"Cursed Key"}],"items_purged_floors":[20,39],"is_endless":false,"potions_floor_spawned":[6,9,14,15,25,28,31,32,37,45,49],"ascension_level":0}}