{"host":"56d873i5r3uhle0q","time":1610780979,"event":{"mods":["100% Spire Juice","Act Like it!","Aspiration","BaseMod","Block Reminder","Conspire","Gensokyo","Hermit","Jedi Mod","Marisa????????","Marked Mod","Minty Spire (QoL Compilation)","Replay The Spire","StSLib","The Animator","The Bug Knight","The Cursed","The Jungle","The Marked","The Servant 0.9.4","everything is the same but u backflip on backflip","vexMod","??????REMEMod"],"gold_per_floor":[109,34,34,51,61,61,87,100,100,120,120,133,146,160,160,160,160],"floor_reached":16,"language":"ENG","playtime":668,"items_purged":[],"score":96,"play_id":"dd443d3d-c051-4e61-aa4f-8cef79bef147","local_time":"20210116000939","is_ascension_mode":false,"campfire_choices":[{"data":"Rampage","floor":6,"key":"SMITH"},{"floor":15,"key":"REST"}],"circlet_count":0,"master_deck":["Strike_R","Strike_R","Strike_R","Strike_R","Strike_R","Defend_R","Defend_R","Defend_R","Defend_R","Bash","Demonic Infusion","Pain","Rampage+1","Fire Breathing"],"relics":["Burning Blood","REME_ComplimentaryCards","Gensokyo:LunaticRedEyes","Vajra","vexMod:BerryBomb","jedi:purplefairy"],"acts_visited":["Gensokyo:Gensokyo"],"potions_floor_usage":[],"damage_taken":[{"damage":4,"enemies":"Gensokyo:2_Kodama","floor":1,"turns":7},{"damage":3,"enemies":"Gensokyo:Gryphon","floor":4,"turns":5},{"damage":14,"enemies":"Gensokyo:3_Fairies","floor":5,"turns":7},{"damage":21,"enemies":"Gensokyo:Python_and_Kodama","floor":8,"turns":5},{"damage":14,"enemies":"Gensokyo:Gryphon_and_Rabbit","floor":10,"turns":4},{"damage":34,"enemies":"Gensokyo:5_Fairies","floor":12,"turns":8},{"damage":17,"enemies":"Gensokyo:Python_and_Kodama","floor":13,"turns":5},{"damage":1,"enemies":"Gensokyo:LivingMonolith","floor":14,"turns":3},{"damage":54,"enemies":"Gensokyo:Yukari","floor":16,"turns":8}],"seed_played":"-8185799523347467884","potions_obtained":[{"floor":1,"key":"Venom Potion"},{"floor":4,"key":"EntropicBrew"},{"floor":12,"key":"Milkshake"}],"is_trial":false,"path_per_floor":["M","COS","?","M","M","R","T","M","T","M","$","M","M","M","R","B"],"character_chosen":"IRONCLAD","items_purchased":[],"campfire_rested":1,"item_purchase_floors":[],"current_hp_per_floor":[80,80,80,80,72,72,72,57,63,55,55,27,16,21,46,0,0],"gold":160,"neow_bonus":"ONE_RANDOM_RARE_CARD","is_daily":false,"chose_seed":false,"campfire_upgraded":1,"win_rate":0.0,"timestamp":1610780979,"path_taken":["M","COS","?","M","?","R","?","M","T","M","?","M","M","M","R","BOSS"],"items_purchased_type":[],"build_version":"2020-12-22","purchased_purges":0,"victory":false,"max_hp_per_floor":[80,80,80,80,80,80,80,80,86,86,86,86,86,86,86,86,86],"card_choices":[{"not_picked":["Dark Embrace","Run Through","REME_Scribble"],"picked":"SKIP","floor":1},{"not_picked":["True Grit","Run Through","Armaments"],"picked":"SKIP","floor":4},{"not_picked":["Clash","Power Through"],"picked":"Rampage","floor":5},{"not_picked":["Headbutt","Hemokinesis","jedi:fear"],"picked":"SKIP","floor":8},{"not_picked":["ReplayTheSpireMod:Limb From Limb","Iron Wave","REME_FearOfPain"],"picked":"SKIP","floor":10},{"not_picked":["Sword Boomerang","Iron Wave"],"picked":"Fire Breathing","floor":12},{"not_picked":["Body Slam","Cleave","Headbutt"],"picked":"SKIP","floor":13},{"not_picked":["Anger","ReplayTheSpireMod:Corrosion Curse","ReplayTheSpireMod:Stacked"],"picked":"SKIP","floor":14}],"player_experience":535112,"relics_obtained":[{"floor":7,"key":"Vajra"},{"floor":9,"key":"vexMod:BerryBomb"}],"event_choices":[],"is_beta":false,"boss_relics":[],"items_purged_floors":[],"is_endless":false,"potions_floor_spawned":[1,4,12,14],"killed_by":"Gensokyo:Yukari","ascension_level":0}}