{"host":"9gwavclf33b2mpxe","time":1610775102,"event":{"mods":["BaseMod","Bestiary","Block Reminder","Colored Map","Colored Powertips","Downfall","Highlight Path","Minty Spire (QoL Compilation)","Permanent Neow","Quick Restart","Relic Stats","StSLib","SuperFastMode"],"gold_per_floor":[99,99,99,109,109,123,123,140,160,160,170,189,189,203,215,317,317,317,336,336,336,336,336,336,352,680,480,480,480,480],"floor_reached":28,"language":"ENG","playtime":1828,"items_purged":[],"score":230,"play_id":"558b609c-ea47-4157-8d2c-3f1513820038","local_time":"20210116133142","is_ascension_mode":false,"campfire_choices":[{"data":"champ:DancingMaster","floor":1,"key":"SMITH"},{"data":"champ:StanceDance","floor":10,"key":"SMITH"},{"data":"champ:Taunt","floor":13,"key":"SMITH"},{"data":"champ:HoldFirm","floor":18,"key":"SMITH"},{"floor":23,"key":"RECALL"},{"data":"champ:ShieldWall","floor":27,"key":"SMITH"}],"circlet_count":0,"master_deck":["champ:Strike","champ:Strike","champ:Strike","champ:Strike","champ:Defend","champ:Defend","champ:Defend","champ:Defend","champ:Execute","champ:Taunt+1","champ:DancingMaster+1","champ:RecklessLeap","champ:ShieldWall+1","champ:StanceDance+1","champ:Haymaker","champ:BerserkersShout","champ:TornadoPunch","champ:DefensiveShout","champ:HoldFirm+1","champ:AdrenalArmor","champ:CalledShot+1"],"relics":["champ:ChampionCrown","Blood Vial","Toy Ornithopter","Coffee Dripper","Enchiridion","Old Coin","downfall:HeartBlessingRed","downfall:HeartBlessingBlue"],"acts_visited":["Exordium","TheCity"],"potions_floor_usage":[16,16,16],"damage_taken":[{"damage":15,"enemies":"Small Slimes","floor":4,"turns":4},{"damage":18,"enemies":"Jaw Worm","floor":6,"turns":5},{"damage":0,"enemies":"Cultist","floor":8,"turns":4},{"damage":18,"enemies":"2 Fungi Beasts","floor":9,"turns":5},{"damage":64,"enemies":"Exordium Thugs","floor":11,"turns":5},{"damage":30,"enemies":"3 Louse","floor":12,"turns":4},{"damage":23,"enemies":"2 Fungi Beasts","floor":14,"turns":5},{"damage":14,"enemies":"Exordium Wildlife","floor":15,"turns":3},{"damage":39,"enemies":"WA_ARCHETYPE_RETAIN","floor":16,"turns":6},{"damage":20,"enemies":"Chosen","floor":19,"turns":4},{"damage":12,"enemies":"Spheric Guardian","floor":25,"turns":4},{"damage":49,"enemies":"Slavers","floor":26,"turns":6},{"damage":60,"enemies":"Gremlin Leader","floor":28,"turns":7}],"seed_played":"7444388224373562149","potions_obtained":[{"floor":8,"key":"PowerPotion"},{"floor":11,"key":"BlessingOfTheForge"},{"floor":12,"key":"PowerPotion"},{"floor":25,"key":"Ancient Potion"}],"is_trial":false,"path_per_floor":["R","?","?","M","?","M","T","M","M","R","M","M","R","M","M","B",null,"R","M","?","?","?","R","T","M","E","R","E"],"character_chosen":"THE_CHAMP","items_purchased":[],"campfire_rested":0,"item_purchase_floors":[],"current_hp_per_floor":[90,72,72,69,69,63,63,65,59,59,32,34,34,28,26,34,90,90,80,64,64,64,64,64,64,37,47,0,0,0],"gold":480,"neow_bonus":"ONE_RANDOM_RARE_CARD","is_daily":false,"chose_seed":false,"campfire_upgraded":5,"win_rate":0.0,"timestamp":1610775102,"path_taken":["R","?","?","?","?","M","T","M","M","R","M","M","R","M","M","BOSS","R","M","?","?","?","R","T","?","E","R","E"],"items_purchased_type":[],"build_version":"2020-12-22","purchased_purges":0,"victory":false,"max_hp_per_floor":[90,90,90,90,90,90,90,90,90,90,90,90,90,90,90,90,90,90,90,90,90,90,90,90,90,90,100,100,100,100],"relic_stats":{"Blood Vial":24,"counters":[13,62],"obtain_stats":[{"Blood Vial":2,"downfall:HeartBlessingRed":27,"downfall:HeartBlessingBlue":27,"Enchiridion":20,"champ:ChampionCrown":0,"Coffee Dripper":17,"Toy Ornithopter":7,"Old Coin":26},{"Blood Vial":0,"downfall:HeartBlessingRed":12,"downfall:HeartBlessingBlue":12,"Enchiridion":10,"champ:ChampionCrown":0,"Coffee Dripper":9,"Toy Ornithopter":2,"Old Coin":12},{"Blood Vial":0,"downfall:HeartBlessingRed":55,"downfall:HeartBlessingBlue":55,"Enchiridion":45,"champ:ChampionCrown":0,"Coffee Dripper":41,"Toy Ornithopter":9,"Old Coin":55}],"Toy Ornithopter":15},"card_choices":[{"not_picked":["champ:SetATrap","champ:FlashCut"],"picked":"champ:RecklessLeap","floor":4},{"not_picked":["champ:PreciseThrust","champ:BerserkersShout"],"picked":"champ:ShieldWall","floor":6},{"not_picked":["champ:CrownThrow","champ:PerfectedStrike"],"picked":"champ:StanceDance","floor":8},{"not_picked":["champ:MurderStrike","champ:CrownThrow"],"picked":"champ:Haymaker","floor":9},{"not_picked":["champ:FanOfKnives","champ:FaceSlap"],"picked":"champ:BerserkersShout","floor":11},{"not_picked":["champ:BerserkersShout","champ:CrownThrow"],"picked":"champ:TornadoPunch","floor":12},{"not_picked":["champ:AdrenalArmor","champ:CrookedStrike"],"picked":"champ:DefensiveShout","floor":14},{"not_picked":["champ:CrownThrow","champ:DefensiveShout","champ:BerserkersShout"],"picked":"SKIP","floor":15},{"not_picked":["champ:GladiatorForm","champ:MurderStrike"],"picked":"champ:HoldFirm","floor":16},{"not_picked":["champ:EndlessRage","champ:RapidStrikes","champ:GladiatorStyle+1"],"picked":"SKIP","floor":19},{"not_picked":["champ:CrookedStrike","champ:PreemptiveStrike"],"picked":"champ:AdrenalArmor","floor":25},{"not_picked":["champ:ShieldWall+1","champ:Backstep"],"picked":"champ:CalledShot+1","floor":26}],"player_experience":85106,"relics_obtained":[{"floor":7,"key":"Toy Ornithopter"},{"floor":20,"key":"Enchiridion"},{"floor":26,"key":"Old Coin"}],"event_choices":[{"damage_healed":0,"gold_gain":0,"player_choice":"Success","damage_taken":18,"relics_obtained":["Blood Vial"],"max_hp_gain":0,"max_hp_loss":0,"event_name":"Scrap Ooze","floor":2,"gold_loss":0},{"damage_healed":0,"gold_gain":0,"player_choice":"Ignored","damage_taken":0,"max_hp_gain":0,"max_hp_loss":0,"event_name":"NoteForYourself","floor":3,"gold_loss":0},{"damage_healed":0,"gold_gain":0,"player_choice":"Ignored","damage_taken":0,"max_hp_gain":0,"max_hp_loss":0,"event_name":"Ghosts","floor":22,"gold_loss":0}],"is_beta":false,"boss_relics":[{"not_picked":["Cursed Key","Sozu"],"picked":"Coffee Dripper"}],"items_purged_floors":[],"is_endless":false,"potions_floor_spawned":[8,11,12,15,25],"killed_by":"Gremlin Leader","ascension_level":0}}