{"host":"51fyd6gkml7xavq8","time":1610779210,"event":{"mods":["BaseMod","BetterRewards","Colored Map","Energized Spire","Infinite Spire","Minty Spire (QoL Compilation)","Replay The Spire","Shop Mod","Spicy Shops","StSLib","The Blue Laboratory","[IsaacMod]????"],"gold_per_floor":[110,127,142,167,167,167,193,208,208,234,133,133,150,161,161,258,258,300,318,44,54,54,54,74,74,74,3,3,17,17,47,47,144,144,160,21,21,41,53,53,83,83,109,109,135,135,169,181,181,181],"floor_reached":51,"language":"ENG","playtime":2944,"items_purged":["Dualcast","Defend_B","Defend_B","Strike_B+1"],"score":1510,"play_id":"dc5ebaa6-26f5-4324-85e6-c60fbe7e35c9","local_time":"20210116034010","is_ascension_mode":true,"campfire_choices":[{"data":"Zap","floor":6,"key":"SMITH"},{"floor":15,"key":"REST"},{"data":"Defragment","floor":23,"key":"SMITH"},{"data":"Defragment","floor":30,"key":"SMITH"},{"data":"Loop","floor":32,"key":"SMITH"},{"data":"Capacitor","floor":40,"key":"SMITH"},{"data":"Electrodynamics","floor":42,"key":"SMITH"},{"data":"Gash","floor":46,"key":"SMITH"},{"data":"Core Surge","floor":49,"key":"SMITH"}],"circlet_count":0,"master_deck":["Strike_B+1","Defend_B","Defend_B","Zap+1","Loop+1","Zap+1","Loop+1","Electrodynamics+1","Defragment+1","Capacitor+1","Defragment+1","Mayhem","Gash+1","Core Surge+1"],"relics":["Cracked Core","HushsDoor","DeadEye","MerchantsRug","Oddly Smooth Stone","Toy Ornithopter","Blue Doll","infinitespire:BottledMercury","Nunchaku","PokeGo","infinitespire:Eraser","Busted Crown","Membership Card","Vajra","PunchingBag","infinitespire:Satchel","Lizard Tail","MoneyPower","infinitespire:Cupcake","DataDisk","TheBean","ReplayFunnel","Art of War","Replay:Mystery Machine","Prayer Wheel","Bronze Scales"],"acts_visited":["Exordium","TheCity","TheBeyond"],"potions_floor_usage":[7,47,47,50],"damage_taken":[{"damage":0,"enemies":"Cultist","floor":1,"turns":4},{"damage":0,"enemies":"Small Slimes","floor":3,"turns":3},{"damage":1,"enemies":"Replay:BlueRogue","floor":7,"turns":5},{"damage":0,"enemies":"Jaw Worm","floor":8,"turns":3},{"damage":2,"enemies":"Lagavulin","floor":10,"turns":7},{"damage":0,"enemies":"Exordium Thugs","floor":13,"turns":1},{"damage":0,"enemies":"Red Slaver","floor":14,"turns":2},{"damage":0,"enemies":"The Guardian","floor":16,"turns":8},{"damage":0,"enemies":"Shell Parasite","floor":18,"turns":4},{"damage":0,"enemies":"3 Byrds","floor":19,"turns":3},{"damage":0,"enemies":"3 Cultists","floor":21,"turns":3},{"damage":0,"enemies":"Snecko","floor":24,"turns":3},{"damage":0,"enemies":"Centurion and Healer","floor":29,"turns":3},{"damage":1,"enemies":"Slavers","floor":31,"turns":4},{"damage":0,"enemies":"Automaton","floor":33,"turns":6},{"damage":0,"enemies":"Orb Walker","floor":35,"turns":3},{"damage":12,"enemies":"3 Shapes","floor":38,"turns":3},{"damage":0,"enemies":"Jaw Worm Horde","floor":39,"turns":2},{"damage":0,"enemies":"R_Hoarder","floor":41,"turns":7},{"damage":8,"enemies":"Giant Head","floor":45,"turns":6},{"damage":2,"enemies":"R_Hoarder","floor":47,"turns":6},{"damage":1,"enemies":"Transient","floor":48,"turns":5},{"damage":23,"enemies":"infinitespire:MassOfShapes","floor":50,"turns":7}],"seed_played":"-7541655580680016295","potions_obtained":[{"floor":1,"key":"Dexterity Potion"},{"floor":3,"key":"AttackPotion"},{"floor":7,"key":"blueLaboratory:TeslaPotion"},{"floor":8,"key":"blueLaboratory:BottleOfRum"},{"floor":16,"key":"FearPotion"},{"floor":19,"key":"EssenceOfSteel"},{"floor":21,"key":"SteroidPotion"},{"floor":31,"key":"Elixir"},{"floor":41,"key":"Explosive Potion"},{"floor":47,"key":"blueLaboratory:SavagePotion"}],"is_trial":false,"path_per_floor":["M","$","M","T","?","R","E","M","T","E","$","?","M","M","R","B",null,"M","M","$","M","?","R","M","?","T","$","?","M","R","E","R","B",null,"M","$","$","M","M","R","E","R","T","?","E","R","E","M","R","B",null],"character_chosen":"DEFECT","items_purchased":["MerchantsRug","Oddly Smooth Stone","Toy Ornithopter","Blue Doll","infinitespire:BottledMercury","Loop","DollysMirror","Membership Card","Defragment","infinitespire:Satchel","Lizard Tail","Mayhem","DataDisk","TheBean"],"campfire_rested":1,"item_purchase_floors":[0,0,0,0,0,0,11,20,20,27,27,34,36,36],"current_hp_per_floor":[21,21,21,21,14,14,18,18,18,16,16,1,1,1,23,23,62,62,62,62,62,47,47,47,47,47,47,32,32,32,31,31,31,61,61,61,61,49,49,49,49,49,49,49,41,41,49,48,48,30],"gold":181,"neow_bonus":"","is_daily":false,"chose_seed":false,"campfire_upgraded":8,"win_rate":0.0,"timestamp":1610779210,"path_taken":["M","$","?","?","?","R","E","M","T","E","$","?","M","M","R","BOSS","M","M","$","M","?","R","M","?","T","$","?","M","R","E","R","BOSS","M","?","$","?","M","R","E","R","T","?","E","R","E","M","R","BOSS"],"items_purchased_type":["Relic","Relic","Relic","Relic","Relic","Card","Relic","Relic","Card","Relic","Relic","Card","Relic","Relic"],"build_version":"2020-12-22","purchased_purges":4,"victory":true,"max_hp_per_floor":[75,75,75,75,75,75,75,75,75,75,75,75,75,75,75,75,75,75,75,75,75,75,75,75,75,75,75,75,75,75,75,75,75,71,71,71,71,71,71,71,71,71,71,71,71,71,71,71,71,71],"card_choices":[{"not_picked":["Coolheaded","Turbo","Sweeping Beam"],"picked":"SKIP","floor":1},{"not_picked":["ReplaySolidLightProjector","Streamline","Ball Lightning"],"picked":"SKIP","floor":3},{"not_picked":["BasicCrystalCard","Distribution","Compile Driver"],"picked":"SKIP","floor":7},{"not_picked":["Undo","Time Bomb","Panic Button"],"picked":"SKIP","floor":8},{"not_picked":["Blizzard","Aggregate"],"picked":"Bomb","floor":10},{"not_picked":["Hello World","Barrage","ReplayTheSpireMod:Reroute Power"],"picked":"SKIP","floor":13},{"not_picked":["Undo","Crystallizer"],"picked":"Loop","floor":14},{"not_picked":["Reboot","ElectricPowerLearning"],"picked":"Electrodynamics","floor":16},{"not_picked":["Compile Driver"],"picked":"SKIP","floor":18},{"not_picked":["FTL"],"picked":"SKIP","floor":19},{"not_picked":["Ball Lightning"],"picked":"SKIP","floor":21},{"not_picked":[],"picked":"Capacitor","floor":24},{"not_picked":["BasicCrystalCard"],"picked":"SKIP","floor":29},{"not_picked":["Streamline+1"],"picked":"SKIP","floor":31},{"not_picked":["FTL"],"picked":"SKIP","floor":35},{"not_picked":["Ball Lightning+1"],"picked":"SKIP","floor":38},{"not_picked":["White Noise"],"picked":"SKIP","floor":39},{"not_picked":["Fan+1"],"picked":"SKIP","floor":41},{"not_picked":[],"picked":"Gash","floor":45},{"not_picked":[],"picked":"Core Surge","floor":47},{"not_picked":["Conserve Battery+1"],"picked":"SKIP","floor":48},{"not_picked":["Consume+1"],"picked":"SKIP","floor":48}],"player_experience":553242,"relics_obtained":[{"floor":4,"key":"Nunchaku"},{"floor":7,"key":"PokeGo"},{"floor":9,"key":"infinitespire:Eraser"},{"floor":10,"key":"Whetstone"},{"floor":26,"key":"PunchingBag"},{"floor":31,"key":"MoneyPower"},{"floor":41,"key":"ReplayFunnel"},{"floor":43,"key":"Art of War"},{"floor":45,"key":"Replay:Mystery Machine"},{"floor":47,"key":"Bronze Scales"}],"event_choices":[{"cards_removed":["Strike_B"],"damage_healed":0,"gold_gain":0,"player_choice":"Card Removal","damage_taken":7,"max_hp_gain":0,"max_hp_loss":0,"event_name":"Golden Wing","floor":5,"gold_loss":0},{"damage_healed":0,"gold_gain":0,"player_choice":"Entered Light","damage_taken":15,"max_hp_gain":0,"max_hp_loss":0,"event_name":"Shining Light","floor":12,"gold_loss":0,"cards_upgraded":["Loop","Strike_B"]},{"damage_healed":0,"gold_gain":0,"player_choice":"Read","damage_taken":0,"max_hp_gain":0,"max_hp_loss":0,"event_name":"The Library","floor":25,"gold_loss":0,"cards_obtained":["Defragment"]},{"cards_removed":["Strike_B"],"damage_healed":0,"gold_gain":0,"player_choice":"Offered Basic","damage_taken":0,"max_hp_gain":0,"max_hp_loss":0,"event_name":"Bonfire Elementals","floor":44,"gold_loss":0}],"is_beta":false,"boss_relics":[{"not_picked":["ReplayTheSpireMod:SealedPack","Sozu"],"picked":"Busted Crown"},{"not_picked":[]},{"not_picked":["Painkiller Herb","Philosopher\u0027s Stone"],"picked":"infinitespire:Cupcake"},{"not_picked":[]}],"items_purged_floors":[0,20,20,27],"is_endless":false,"potions_floor_spawned":[1,3,7,8,16,19,21,31,41,47],"ascension_level":7}}