{"host":"lxihx0b6awoz2w1j","time":1610760311,"event":{"mods":["Act Like it!","BaseMod","Better Third Choice","CapriCore","Colored Powertips","Conspire","Fox Events","Gensokyo","Hermit","Hubris","Infinite Spire","JesterMod","Luminous","Marisa????????","Melee Mod","Minty Spire (QoL Compilation)","Prisma Mod","Quick Restart","Relic Stats","Replay The Spire","Shade Mod","Spicy Shops","StSLib","The Alterego","The Blue Laboratory","The Cursed","The Disciple","The Forsaken","The Gatherer","The Immortal","The Jungle","The Marked","The Runesmith","The Senshi","The Servant 0.9.4","The Spell Scribe","Waifu the Spire"],"gold_per_floor":[115,133,145,163,176,176,203,203,227,257,277,277,277,294,310,328,328,429,429,448,448,1,1,1],"floor_reached":23,"language":"ENG","playtime":1251,"items_purged":[],"score":205,"play_id":"52c51dbb-a69a-47a1-998d-a3c02bc03c6f","local_time":"20210116022511","is_ascension_mode":true,"campfire_choices":[{"data":"theSenshi:MoonCrystalPowerMakeUp","floor":6.0,"key":"SMITH"},{"floor":8.0,"key":"REST"}],"circlet_count":0,"master_deck":["theSenshi:SailorKick","theSenshi:SailorKick","theSenshi:SailorKick","theSenshi:SailorKick","theSenshi:SailorBlock","theSenshi:SailorBlock","theSenshi:SailorBlock","theSenshi:SailorBlock","theSenshi:RoseThrow","theSenshi:MoonPrismPowerMakeUp","theSenshi:TuxedoMaskAssists","theSenshi:MoonPrincessHalation","theSenshi:SailorJupiterAssists","theSenshi:SailorStarHealerAssists","theSenshi:MoonCrystalPowerMakeUp+1","theSenshi:JupitersPower","theSenshi:SailorJupiterAssists","theSenshi:SailorJupiterAssists","theSenshi:SailorMarsAssists","theSenshi:SailorChibiMoonAssists","theSenshi:VenusGlamour","theSenshi:ChibiMoonsLove","theSenshi:EncouragingSpeech","theSenshi:MercurysCunning"],"relics":["theSenshi:TransformationBroochRelic","Blue Doll","hubris:TenFootPole","Odd Mushroom","Cursed Key","ReplayTheSpireMod:Shallot","Dead Branch"],"acts_visited":["Exordium","TheCity"],"potions_floor_usage":[],"damage_taken":[{"damage":0.0,"enemies":"Cultist","floor":1.0,"turns":3.0},{"damage":0.0,"enemies":"2 Louse","floor":2.0,"turns":2.0},{"damage":1.0,"enemies":"Small Slimes","floor":3.0,"turns":4.0},{"damage":5.0,"enemies":"Exordium Wildlife","floor":4.0,"turns":5.0},{"damage":20.0,"enemies":"3 Louse","floor":5.0,"turns":5.0},{"damage":13.0,"enemies":"Gremlin Nob","floor":7.0,"turns":4.0},{"damage":11.0,"enemies":"The Mushroom Lair","floor":10.0,"turns":5.0},{"damage":16.0,"enemies":"Gremlin Gang","floor":11.0,"turns":6.0},{"damage":3.0,"enemies":"Looter","floor":14.0,"turns":4.0},{"damage":7.0,"enemies":"Large Slime","floor":15.0,"turns":6.0},{"damage":5.0,"enemies":"Exordium Wildlife","floor":16.0,"turns":2.0},{"damage":21.0,"enemies":"Fading Forest","floor":18.0,"turns":11.0},{"damage":10.0,"enemies":"2 Thieves","floor":20.0,"turns":4.0},{"damage":0,"enemies":"Spheric Guardian","floor":23,"turns":1}],"seed_played":"6251057583824627270","potions_obtained":[{"floor":4.0,"key":"SteroidPotion"},{"floor":5.0,"key":"blueLaboratory:Moonshine"},{"floor":7.0,"key":"ColorlessPotion"},{"floor":10.0,"key":"Elixir"},{"floor":14.0,"key":"Explosive Potion"},{"floor":17.0,"key":"Adrenaline Potion"},{"floor":17.0,"key":"Block Potion"}],"is_trial":false,"path_per_floor":["M","M","M","M","M","R","E","R","T","?","M","PTL","PTL","M","M","M","R","B",null,"M","?","$","M"],"character_chosen":"THE_SENSHI","items_purchased":["ReplayTheSpireMod:Shallot","Dead Branch","theSenshi:MercurysCunning"],"campfire_rested":1,"item_purchase_floors":[22,22,22],"current_hp_per_floor":[82,82,81,76,61,61,53,77,77,71,60,60,60,62,60,60,60,44,82,77,77,77,77,77],"gold":1,"neow_bonus":"TEN_PERCENT_HP_BONUS","is_daily":false,"chose_seed":false,"campfire_upgraded":1,"win_rate":0.0,"timestamp":1610760311,"path_taken":["M","?","M","M","M","R","E","R","T","?","M","PTL","PTL","M","M","M","R","BOSS","M","?","$","M"],"items_purchased_type":["Relic","Relic","Card"],"build_version":"2020-12-22","purchased_purges":0,"victory":false,"max_hp_per_floor":[82,82,82,82,82,82,82,82,82,82,82,82,82,82,82,82,82,82,82,82,82,82,82,82],"relic_stats":{"counters":[14,62],"Dead Branch":[0],"Cursed Key":0,"obtain_stats":[{"theSenshi:TransformationBroochRelic":0,"ReplayTheSpireMod:Shallot":22,"Dead Branch":22,"Blue Doll":7,"hubris:TenFootPole":9,"Odd Mushroom":10,"Cursed Key":19},{"theSenshi:TransformationBroochRelic":0,"ReplayTheSpireMod:Shallot":13,"Dead Branch":13,"Blue Doll":6,"hubris:TenFootPole":6,"Odd Mushroom":7,"Cursed Key":12},{"theSenshi:TransformationBroochRelic":0,"ReplayTheSpireMod:Shallot":61,"Dead Branch":61,"Blue Doll":23,"hubris:TenFootPole":23,"Odd Mushroom":28,"Cursed Key":57}]},"card_choices":[{"not_picked":["theSenshi:LunasBite","theSenshi:TuxedoSmokingBomber"],"picked":"theSenshi:TuxedoMaskAssists","floor":1.0},{"not_picked":["theSenshi:MoonTwilightFlash","theSenshi:MoonTiaraMagic"],"picked":"theSenshi:MoonPrincessHalation","floor":2.0},{"not_picked":["theSenshi:MoonTiaraMagic","theSenshi:EncouragingSpeech"],"picked":"theSenshi:SailorJupiterAssists","floor":3.0},{"not_picked":["theSenshi:SailorChibiMoonAssists","theSenshi:EncouragingSpeech"],"picked":"theSenshi:SailorStarHealerAssists","floor":4.0},{"not_picked":["theSenshi:SailorV","theSenshi:PlutosSolemnity"],"picked":"theSenshi:MoonCrystalPowerMakeUp","floor":5.0},{"not_picked":["theSenshi:TuxedoSmokingBomber","theSenshi:SchoolBag"],"picked":"theSenshi:JupitersPower","floor":7.0},{"not_picked":["theSenshi:PlutosSolemnity","theSenshi:DramaticEntrance"],"picked":"theSenshi:SailorJupiterAssists","floor":10.0},{"not_picked":["theSenshi:MoonCosmicPowerMakeUp","theSenshi:SupersonicWaves"],"picked":"theSenshi:SailorJupiterAssists","floor":11.0},{"not_picked":["theSenshi:Sidestep","theSenshi:IWillPunishYou"],"picked":"theSenshi:SailorMarsAssists","floor":14.0},{"not_picked":["theSenshi:MoonPrincessHalation","theSenshi:LateForSchool"],"picked":"theSenshi:SailorChibiMoonAssists","floor":15.0},{"not_picked":["theSenshi:YouCanTalk","theSenshi:SteeledNerves"],"picked":"theSenshi:VenusGlamour","floor":16.0},{"not_picked":["theSenshi:SailorPlutoAssists","theSenshi:LunaSensingAllies"],"picked":"theSenshi:ChibiMoonsLove","floor":18.0},{"not_picked":["theSenshi:SupersonicWaves+1","theSenshi:SailorStarMakerAssists"],"picked":"theSenshi:EncouragingSpeech","floor":20.0}],"player_experience":620288,"relics_obtained":[{"floor":7.0,"key":"Blue Doll"},{"floor":9.0,"key":"hubris:TenFootPole"},{"floor":10.0,"key":"Odd Mushroom"}],"event_choices":[{"damage_healed":0.0,"max_hp_gain":0.0,"max_hp_loss":0.0,"gold_gain":0.0,"event_name":"Mushrooms","player_choice":"Fought Mushrooms","floor":10.0,"gold_loss":0.0,"damage_taken":0.0}],"is_beta":false,"boss_relics":[{"not_picked":["Calling Bell","hubris:CrackedHourglass"],"picked":"Cursed Key"}],"items_purged_floors":[],"is_endless":false,"potions_floor_spawned":[4,5,7,10,14],"killed_by":"Spheric Guardian","ascension_level":1}}