{"host":"oigynbtg272c19pw","time":1610793374,"event":{"mods":["BaseMod","Colored Map","Minty Spire (QoL Compilation)","Relic Stats","Slay the Relics Exporter","StSLib"],"gold_per_floor":[116,116,41,41,54,79,94,94,147,176,187,187,208,263,263,263,263],"floor_reached":16,"playtime":583,"items_purged":["Strike_R"],"score":270,"play_id":"7e02c23c-0809-418a-9211-49731617880c","local_time":"20210116113614","is_ascension_mode":true,"campfire_choices":[{"data":"Carnage","floor":8.0,"key":"SMITH"},{"data":"Blood for Blood","floor":15,"key":"SMITH"}],"circlet_count":0,"master_deck":["AscendersBane","Strike_R","Strike_R","Strike_R","Strike_R","Defend_R","Defend_R","Defend_R","Defend_R","Bash","Blood for Blood+1","Carnage+1","Flex","Shrug It Off","Shrug It Off","Burning Pact","Rage"],"relics":["Burning Blood","NeowsBlessing","Strawberry","Dream Catcher","Art of War","Peace Pipe","Golden Idol","Oddly Smooth Stone"],"acts_visited":["Exordium"],"potions_floor_usage":[16],"damage_taken":[{"damage":0.0,"enemies":"Small Slimes","floor":1.0,"turns":1.0},{"damage":0.0,"enemies":"2 Louse","floor":5.0,"turns":1.0},{"damage":0.0,"enemies":"Gremlin Nob","floor":6.0,"turns":1.0},{"damage":7.0,"enemies":"Jaw Worm","floor":7.0,"turns":2.0},{"damage":27.0,"enemies":"3 Sentries","floor":10.0,"turns":8.0},{"damage":14.0,"enemies":"Exordium Thugs","floor":11.0,"turns":4.0},{"damage":0,"enemies":"Gremlin Gang","floor":13,"turns":7},{"damage":40,"enemies":"Hexaghost","floor":16,"turns":9}],"seed_played":"-44210631677548245","potions_obtained":[{"floor":1.0,"key":"BloodPotion"},{"floor":11.0,"key":"Swift Potion"}],"is_trial":false,"path_per_floor":["M","?","$","?","M","E","M","R","T","E","M","?","M","T","R","B"],"character_chosen":"IRONCLAD","items_purchased":[],"campfire_rested":0,"item_purchase_floors":[],"current_hp_per_floor":[74,36,36,36,42,48,47,47,47,42,34,34,40,40,40,0,0],"gold":263,"neow_bonus":"THREE_ENEMY_KILL","is_daily":false,"chose_seed":false,"campfire_upgraded":2,"win_rate":0.0,"timestamp":1610793374,"path_taken":["M","?","$","?","M","E","M","R","T","E","M","?","?","?","R","BOSS"],"items_purchased_type":[],"build_version":"2020-12-13","purchased_purges":1,"victory":false,"max_hp_per_floor":[75,82,82,82,82,82,82,82,82,82,82,74,74,74,74,74,74],"relic_stats":{"Peace Pipe":0,"Dream Catcher":0,"counters":[8,33],"Golden Idol":4,"Art of War":[2],"obtain_stats":[{"Peace Pipe":10,"Dream Catcher":6,"NeowsBlessing":0,"Golden Idol":12,"Strawberry":2,"Oddly Smooth Stone":14,"Art of War":9,"Burning Blood":0},{"Peace Pipe":5,"Dream Catcher":3,"NeowsBlessing":0,"Golden Idol":6,"Strawberry":1,"Oddly Smooth Stone":7,"Art of War":4,"Burning Blood":0},{"Peace Pipe":13,"Dream Catcher":3,"NeowsBlessing":0,"Golden Idol":17,"Strawberry":1,"Oddly Smooth Stone":24,"Art of War":5,"Burning Blood":0}],"Burning Blood":42},"card_choices":[{"not_picked":["Flex","Havoc"],"picked":"Blood for Blood","floor":1.0},{"not_picked":["True Grit","Perfected Strike"],"picked":"Carnage","floor":5.0},{"not_picked":["Heavy Blade","Infernal Blade"],"picked":"Flex","floor":6.0},{"not_picked":["Clothesline","Armaments"],"picked":"Shrug It Off","floor":7.0},{"not_picked":["Thunderclap","Clash"],"picked":"Shrug It Off","floor":10.0},{"not_picked":["Perfected Strike","Warcry"],"picked":"Burning Pact","floor":11.0},{"not_picked":["Perfected Strike","Iron Wave"],"picked":"Rage","floor":13}],"player_experience":1407149,"relics_obtained":[{"floor":6.0,"key":"Dream Catcher"},{"floor":9.0,"key":"Art of War"},{"floor":10.0,"key":"Peace Pipe"},{"floor":14,"key":"Oddly Smooth Stone"}],"event_choices":[{"damage_healed":0.0,"max_hp_gain":0.0,"max_hp_loss":0.0,"gold_gain":0.0,"event_name":"Scrap Ooze","player_choice":"Success","floor":2.0,"gold_loss":0.0,"damage_taken":45.0,"relics_obtained":["Strawberry"]},{"damage_healed":0.0,"max_hp_gain":0.0,"max_hp_loss":0.0,"gold_gain":0.0,"event_name":"Shining Light","player_choice":"Ignored","floor":4.0,"gold_loss":0.0,"damage_taken":0.0},{"damage_healed":0.0,"max_hp_gain":0.0,"max_hp_loss":8.0,"gold_gain":0.0,"event_name":"Golden Idol","player_choice":"Lose Max HP","floor":12.0,"gold_loss":0.0,"damage_taken":0.0,"relics_obtained":["Golden Idol"]}],"is_beta":false,"boss_relics":[],"items_purged_floors":[3],"is_endless":false,"potions_floor_spawned":[1,11],"killed_by":"Hexaghost","ascension_level":20}}