{"host":"vcmmzzj6okc5j399","time":1610820021,"event":{"mods":["Arknights The Spire","BaseMod","Minty Spire (QoL Compilation)","StSLib"],"gold_per_floor":[119,138,158,158,158,158,190,42,42,61,72,97,97,117,117,214,214,229,319,329,339,339,339,365,383,435,435,435,435],"floor_reached":28,"language":"ENG","playtime":3180,"items_purged":[],"score":250,"play_id":"4e076eda-a49e-4804-bcd7-00be8b325321","local_time":"20210117030021","is_ascension_mode":false,"campfire_choices":[{"data":"ats:Support Order","floor":15.0,"key":"SMITH"},{"data":"ats:Dogmatic Field","floor":23.0,"key":"SMITH"},{"data":"ats:Rapid Magazine","floor":27.0,"key":"SMITH"}],"circlet_count":0,"master_deck":["ats:Strike C","ats:Strike G","ats:Strike S","ats:Strike V","ats:Armor Crushing Shot+1","ats:Defend","ats:Defend","ats:Defend+1","ats:Defend","ats:Emotion Absorption","ats:Sunburst","ats:Shadow Raid","ats:Hook Shot","ats:Defend Order","ats:Support Order+1","ats:Poison Spread+1","ats:Rat Pack","ats:Magnetic Hammer+1","ats:Dogmatic Field+1","ats:Rapid Magazine+1","ats:Cat Scratch+1","ats:Sword Rain+1","ats:Healing Drone","ats:Fractured Body"],"relics":["ats:Sanity","NeowsBlessing","ats:Originium","Molten Egg 2","Sling","Gremlin Horn","ats:Originium","HornCleat","Strawberry","ats:Tactical Delivery","Unceasing Top","ats:Originium","CaptainsWheel","Bag of Preparation"],"acts_visited":["Exordium","TheCity"],"potions_floor_usage":[],"damage_taken":[{"damage":0.0,"enemies":"Cultist","floor":1.0,"turns":1.0},{"damage":0.0,"enemies":"Jaw Worm","floor":2.0,"turns":1.0},{"damage":0.0,"enemies":"Small Slimes","floor":3.0,"turns":2.0},{"damage":28.0,"enemies":"Lagavulin","floor":7.0,"turns":6.0},{"damage":1.0,"enemies":"2 Fungi Beasts","floor":10.0,"turns":4.0},{"damage":0.0,"enemies":"Lots of Slimes","floor":11.0,"turns":2.0},{"damage":1.0,"enemies":"3 Sentries","floor":12.0,"turns":6.0},{"damage":0.0,"enemies":"3 Louse","floor":14.0,"turns":2.0},{"damage":18.0,"enemies":"The Guardian","floor":16.0,"turns":14.0},{"damage":15.0,"enemies":"3 Byrds","floor":18.0,"turns":5.0},{"damage":44.0,"enemies":"Chosen","floor":20.0,"turns":6.0},{"damage":18.0,"enemies":"Snake Plant","floor":21.0,"turns":7.0},{"damage":52.0,"enemies":"Slavers","floor":24.0,"turns":5.0},{"damage":67.0,"enemies":"Centurion and Healer","floor":25.0,"turns":8.0},{"damage":0,"enemies":"Cultist and Chosen","floor":28,"turns":1}],"seed_played":"-7701174746730577797","potions_obtained":[{"floor":1.0,"key":"LiquidMemories"},{"floor":10.0,"key":"SneckoOil"},{"floor":12.0,"key":"FearPotion"},{"floor":16.0,"key":"SteroidPotion"}],"is_trial":false,"path_per_floor":["M","M","M","?","?","?","E","$","T","M","M","E","?","M","R","B",null,"M","?","M","M","?","R","E","M","T","R","M"],"character_chosen":"DOCTOR_CLASS","items_purchased":["Sling"],"campfire_rested":0,"item_purchase_floors":[8],"current_hp_per_floor":[72,72,72,77,62,62,34,34,34,33,33,32,36,36,36,18,84,69,57,65,84,84,84,46,74,74,74,74,74],"gold":435,"neow_bonus":"THREE_ENEMY_KILL","is_daily":false,"chose_seed":false,"campfire_upgraded":3,"win_rate":0.0,"timestamp":1610820021,"path_taken":["M","M","?","?","?","?","E","$","T","M","?","E","?","M","R","BOSS","M","?","?","?","?","R","E","M","T","R","M"],"items_purchased_type":["Relic"],"build_version":"2020-12-22","purchased_purges":0,"victory":false,"max_hp_per_floor":[72,72,72,77,77,77,77,77,77,77,77,77,84,84,84,84,84,84,84,84,84,84,84,84,84,84,84,84,84],"card_choices":[{"not_picked":["ats:Hammer On","ats:Consecutive Shot Auto"],"picked":"ats:Sunburst","floor":1.0},{"not_picked":["ats:Curse Doll","ats:Explosion Area Strengthen"],"picked":"ats:Shadow Raid","floor":2.0},{"not_picked":["ats:Ignite","ats:Sunburst"],"picked":"ats:Hook Shot","floor":3.0},{"not_picked":["ats:Flexible Camouflage","ats:Childhood Dance"],"picked":"ats:Defend Order","floor":7.0},{"not_picked":["ats:Childhood Dance","ats:Curse Doll"],"picked":"ats:Support Order","floor":10.0},{"not_picked":["ats:Flexible Camouflage","ats:Directed Diagnosis"],"picked":"ats:Poison Spread+1","floor":11.0},{"not_picked":["ats:Curse Doll","ats:Shell Defense"],"picked":"ats:Rat Pack","floor":12.0},{"not_picked":["ats:Poison Spread+1","ats:Hammer On+1"],"picked":"ats:Magnetic Hammer+1","floor":14.0},{"not_picked":["ats:Disruption Kick+1","ats:Rat Pack"],"picked":"ats:Dogmatic Field","floor":16.0},{"not_picked":["ats:Beaten Up","ats:Hook Shot+1"],"picked":"ats:Rapid Magazine","floor":18.0},{"not_picked":["ats:LN2 Cannon+1","ats:Ignite+1"],"picked":"ats:Cat Scratch+1","floor":20.0},{"not_picked":["ats:Closed Bolt Burst Fire+1","ats:Shell Defense"],"picked":"ats:Sword Rain+1","floor":21.0},{"not_picked":["ats:Childhood Dance","ats:Hammer On+1"],"picked":"ats:Healing Drone","floor":24.0},{"not_picked":["ats:Leaping Hammer+1","ats:Encircling Forest"],"picked":"ats:Fractured Body","floor":25.0}],"player_experience":133787,"relics_obtained":[{"floor":7.0,"key":"ats:Originium"},{"floor":7.0,"key":"Molten Egg 2"},{"floor":9.0,"key":"Gremlin Horn"},{"floor":12.0,"key":"ats:Originium"},{"floor":12.0,"key":"HornCleat"},{"floor":24.0,"key":"ats:Originium"},{"floor":24.0,"key":"CaptainsWheel"},{"floor":26.0,"key":"Bag of Preparation"}],"event_choices":[{"damage_healed":0.0,"max_hp_gain":5.0,"max_hp_loss":0.0,"gold_gain":0.0,"event_name":"Big Fish","player_choice":"Donut","floor":4.0,"gold_loss":0.0,"damage_taken":0.0},{"damage_healed":0.0,"max_hp_gain":0.0,"max_hp_loss":0.0,"gold_gain":0.0,"event_name":"Shining Light","player_choice":"Entered Light","floor":5.0,"gold_loss":0.0,"damage_taken":15.0,"cards_upgraded":["ats:Defend","ats:Armor Crushing Shot"]},{"damage_healed":0.0,"max_hp_gain":0.0,"max_hp_loss":0.0,"gold_gain":0.0,"event_name":"NoteForYourself","player_choice":"Ignored","floor":6.0,"gold_loss":0.0,"damage_taken":0.0},{"damage_healed":0.0,"max_hp_gain":0.0,"max_hp_loss":0.0,"gold_gain":0.0,"event_name":"Scrap Ooze","player_choice":"Success","floor":13.0,"gold_loss":0.0,"damage_taken":3.0,"relics_obtained":["Strawberry"]},{"damage_healed":0.0,"max_hp_gain":0.0,"max_hp_loss":0.0,"gold_gain":90.0,"event_name":"Knowing Skull","player_choice":"GOLD ","floor":19.0,"potions_obtained":[],"gold_loss":0.0,"damage_taken":12.0,"cards_obtained":[]},{"damage_healed":0.0,"max_hp_gain":0.0,"max_hp_loss":0.0,"gold_gain":0.0,"event_name":"The Mausoleum","player_choice":"Opened","floor":22.0,"gold_loss":0.0,"damage_taken":0.0,"relics_obtained":["Unceasing Top"]}],"is_beta":false,"boss_relics":[{"not_picked":["ats:Omniscience","Runic Dome"],"picked":"ats:Tactical Delivery"}],"items_purged_floors":[],"is_endless":false,"potions_floor_spawned":[1,10,12,16,18,20,21],"killed_by":"Cultist and Chosen","ascension_level":0}}