{"host":"8u7tvcybuv0u72fd","time":1610780001,"event":{"mods":["BaseMod","BetterRewards","Colored Map","Colored Powertips","Minty Spire (QoL Compilation)","Quick Restart","Shop Mod"],"gold_per_floor":[112,212,224,224,235,235,252,252,278,226,226,226,153,187,187,284,284,303,106,21,21,31,61,61,88,162,162,162,162,178,191,191,289,289,299,299,299,187,204,204,219,219,269,269,287,287,302,302,302,302,302,302,12,44,44],"floor_reached":56,"language":"ENG","playtime":2914,"items_purged":["Strike_R"],"score":1431,"play_id":"015eb114-b230-4005-b8c5-2b9aebb5d877","local_time":"20210116015321","is_ascension_mode":false,"campfire_choices":[{"data":"Body Slam","floor":6.0,"key":"SMITH"},{"data":"Bash","floor":8.0,"key":"SMITH"},{"data":"Shrug It Off","floor":11.0,"key":"SMITH"},{"data":"Infernal Blade","floor":15.0,"key":"SMITH"},{"data":"Apotheosis","floor":24.0,"key":"SMITH"},{"data":"Uppercut","floor":27.0,"key":"SMITH"},{"data":"Seeing Red","floor":29.0,"key":"SMITH"},{"data":"Double Tap","floor":32.0,"key":"SMITH"},{"data":"Barricade","floor":40.0,"key":"SMITH"},{"data":"Battle Trance","floor":42.0,"key":"SMITH"},{"data":"Madness","floor":44.0,"key":"SMITH"},{"data":"Entrench","floor":46.0,"key":"SMITH"},{"floor":49.0,"key":"RECALL"},{"data":"Madness","floor":52.0,"key":"SMITH"}],"circlet_count":0,"master_deck":["Strike_R+1","Strike_R+1","Strike_R","Strike_R","Defend_R","Defend_R","Defend_R","Defend_R","Bash+1","Body Slam+1","Flash of Steel+1","Sword Boomerang","Flex","Battle Trance+1","Headbutt","Shrug It Off+1","Seeing Red+1","Infernal Blade+1","Double Tap+1","CurseOfTheBell","Apotheosis+1","Uppercut+1","Hemokinesis+1","Barricade+1","Madness+1","Madness+1","Entrench+1"],"relics":["Burning Blood","Medical Kit","Lizard Tail","HandDrill","Red Skull","Art of War","Centennial Puzzle","Letter Opener","Ice Cream","Toy Ornithopter","Enchiridion","Lantern","TungstenRod","Gremlin Horn","Blue Candle","Sozu","Gambling Chip","MerchantsRug","Pen Nib","Sling","Orichalcum"],"acts_visited":["Exordium","TheCity","TheBeyond","TheEnding"],"potions_floor_usage":[55,55],"damage_taken":[{"damage":1.0,"enemies":"Jaw Worm","floor":1.0,"turns":5.0},{"damage":1.0,"enemies":"Cultist","floor":3.0,"turns":3.0},{"damage":0.0,"enemies":"Small Slimes","floor":5.0,"turns":2.0},{"damage":2.0,"enemies":"Blue Slaver","floor":7.0,"turns":2.0},{"damage":7.0,"enemies":"Lagavulin","floor":14.0,"turns":5.0},{"damage":56.0,"enemies":"The Guardian","floor":16.0,"turns":9.0},{"damage":7.0,"enemies":"3 Byrds","floor":18.0,"turns":3.0},{"damage":0.0,"enemies":"Shell Parasite","floor":22.0,"turns":2.0},{"damage":23.0,"enemies":"Slavers","floor":23.0,"turns":5.0},{"damage":8.0,"enemies":"Gremlin Leader","floor":25.0,"turns":8.0},{"damage":0.0,"enemies":"3 Cultists","floor":30.0,"turns":3.0},{"damage":0.0,"enemies":"Snecko","floor":31.0,"turns":2.0},{"damage":2.0,"enemies":"Automaton","floor":33.0,"turns":4.0},{"damage":3.0,"enemies":"3 Darklings","floor":35.0,"turns":2.0},{"damage":8.0,"enemies":"Orb Walker","floor":39.0,"turns":2.0},{"damage":5.0,"enemies":"4 Shapes","floor":41.0,"turns":2.0},{"damage":6.0,"enemies":"Maw","floor":45.0,"turns":5.0},{"damage":3.0,"enemies":"Sphere and 2 Shapes","floor":47.0,"turns":4.0},{"damage":21.0,"enemies":"Awakened One","floor":50.0,"turns":8.0},{"damage":35,"enemies":"Shield and Spear","floor":54,"turns":5},{"damage":77,"enemies":"The Heart","floor":55,"turns":8}],"seed_played":"9213877200285285876","potions_obtained":[{"floor":1.0,"key":"SteroidPotion"},{"floor":3.0,"key":"EssenceOfSteel"},{"floor":14.0,"key":"Explosive Potion"},{"floor":18.0,"key":"LiquidBronze"},{"floor":23.0,"key":"SpeedPotion"},{"floor":30.0,"key":"Block Potion"}],"is_trial":false,"path_per_floor":["M","?","M","?","M","R","M","R","T","$","R","?","$","E","R","B",null,"M","$","?","?","M","E","R","E","T","R","?","R","M","M","R","B",null,"M","$","?","?","M","R","M","R","T","R","M","R","M","T","R","B",null,"R","$","E","B",null],"character_chosen":"IRONCLAD","items_purchased":["Medical Kit","Body Slam","Flash of Steel","Eternal Feather","HandDrill","Red Skull","Regen Potion","PowerPotion","BlessingOfTheForge","Shrug It Off","Seeing Red","Apotheosis","MerchantsRug","Pen Nib","Sling"],"campfire_rested":0,"item_purchase_floors":[0,0,0,0,0,0,0,0,0,10,13,19,53,53,53],"current_hp_per_floor":[51,51,56,40,46,52,56,65,65,65,74,74,74,73,80,30,80,79,80,80,64,70,58,70,68,68,80,80,80,80,80,80,80,80,80,80,71,71,69,80,80,80,80,80,80,80,80,80,80,65,80,80,80,51,46],"gold":44,"neow_bonus":"","is_daily":false,"chose_seed":false,"campfire_upgraded":13,"win_rate":0.0,"timestamp":1610780001,"path_taken":["M","?","?","?","M","R","M","R","T","$","R","?","$","E","R","BOSS","M","$","?","?","M","E","R","E","T","R","?","R","M","M","R","BOSS","M","$","?","?","M","R","?","R","T","R","M","R","M","?","R","BOSS","R","$","E","BOSS"],"items_purchased_type":["Relic","Card","Card","Relic","Relic","Relic","Potion","Potion","Potion","Card","Card","Card","Relic","Relic","Relic"],"build_version":"2020-12-22","purchased_purges":1,"victory":true,"max_hp_per_floor":[80,80,80,80,80,80,80,80,80,80,80,80,80,80,80,80,80,80,80,80,80,80,80,80,80,80,80,80,80,80,80,80,80,80,80,80,80,80,80,80,80,80,80,80,80,80,80,80,80,80,80,80,80,80,80],"card_choices":[{"not_picked":["Sentinel","Reckless Charge"],"picked":"Sword Boomerang","floor":1.0},{"not_picked":["Clothesline","Wild Strike"],"picked":"Flex","floor":3.0},{"not_picked":["Clash","Sword Boomerang"],"picked":"Battle Trance","floor":5.0},{"not_picked":["Hemokinesis","Impervious"],"picked":"Headbutt","floor":7.0},{"not_picked":["Corruption","Cleave"],"picked":"Infernal Blade","floor":14.0},{"not_picked":["Offering","Immolate"],"picked":"Double Tap","floor":16.0},{"not_picked":["Anger+1","Wild Strike","True Grit"],"picked":"SKIP","floor":18.0},{"not_picked":["Armaments","Pommel Strike+1","Anger+1"],"picked":"SKIP","floor":22.0},{"not_picked":["Power Through","Reckless Charge","Whirlwind"],"picked":"SKIP","floor":23.0},{"not_picked":["Dual Wield","Dropkick"],"picked":"Uppercut","floor":25.0},{"not_picked":["True Grit","Heavy Blade","Cleave+1"],"picked":"SKIP","floor":30.0},{"not_picked":["Perfected Strike","Evolve"],"picked":"Hemokinesis+1","floor":31.0},{"not_picked":["Feed","Impervious"],"picked":"Barricade","floor":33.0},{"not_picked":["Pommel Strike+1","Dropkick","Rampage"],"picked":"SKIP","floor":35.0},{"not_picked":["Perfected Strike","Armaments+1","Sword Boomerang"],"picked":"SKIP","floor":39.0},{"not_picked":["Warcry","Heavy Blade+1","Cleave"],"picked":"SKIP","floor":41.0},{"not_picked":["Perfected Strike+1","Warcry+1"],"picked":"Entrench","floor":45.0},{"not_picked":["Infernal Blade+1","Cleave+1","Heavy Blade+1"],"picked":"SKIP","floor":47.0},{"not_picked":["Double Tap","Wild Strike","Rampage"],"picked":"SKIP","floor":54}],"player_experience":1335373,"relics_obtained":[{"floor":9.0,"key":"Art of War"},{"floor":14.0,"key":"Centennial Puzzle"},{"floor":17.0,"key":"MealTicket"},{"floor":17.0,"key":"Letter Opener"},{"floor":17.0,"key":"Ice Cream"},{"floor":21.0,"key":"Enchiridion"},{"floor":23.0,"key":"Lantern"},{"floor":25.0,"key":"TungstenRod"},{"floor":26.0,"key":"Gremlin Horn"},{"floor":48.0,"key":"Omamori"},{"floor":54,"key":"Orichalcum"}],"event_choices":[{"damage_healed":0.0,"max_hp_gain":0.0,"max_hp_loss":0.0,"gold_gain":100.0,"event_name":"Golden Shrine","player_choice":"Pray","floor":2.0,"gold_loss":0.0,"damage_taken":0.0},{"damage_healed":0.0,"max_hp_gain":0.0,"max_hp_loss":0.0,"gold_gain":0.0,"event_name":"Shining Light","player_choice":"Entered Light","floor":4.0,"gold_loss":0.0,"damage_taken":16.0,"cards_upgraded":["Strike_R","Strike_R"]},{"damage_healed":0.0,"max_hp_gain":0.0,"max_hp_loss":0.0,"gold_gain":0.0,"event_name":"Living Wall","player_choice":"Grow","floor":12.0,"gold_loss":0.0,"damage_taken":0.0,"cards_upgraded":["Flash of Steel"]},{"damage_healed":0.0,"max_hp_gain":0.0,"max_hp_loss":0.0,"gold_gain":0.0,"event_name":"Addict","player_choice":"Obtained Relic","floor":20.0,"gold_loss":85.0,"damage_taken":0.0,"relics_obtained":["Toy Ornithopter"]},{"damage_healed":0.0,"max_hp_gain":0.0,"max_hp_loss":0.0,"gold_gain":0.0,"event_name":"Cursed Tome","player_choice":"Obtained Book","floor":21.0,"gold_loss":0.0,"damage_taken":16.0},{"damage_healed":0.0,"max_hp_gain":0.0,"max_hp_loss":0.0,"gold_gain":0.0,"event_name":"The Mausoleum","player_choice":"Opened","floor":28.0,"gold_loss":0.0,"damage_taken":0.0,"relics_obtained":["Blue Candle"]},{"damage_healed":0.0,"max_hp_gain":0.0,"max_hp_loss":0.0,"gold_gain":0.0,"event_name":"Winding Halls","player_choice":"Embrace Madness","floor":37.0,"gold_loss":0.0,"damage_taken":10.0,"cards_obtained":["Madness","Madness"]},{"damage_healed":0.0,"max_hp_gain":0.0,"max_hp_loss":0.0,"gold_gain":0.0,"event_name":"WeMeetAgain","player_choice":"Paid Gold","floor":38.0,"gold_loss":112.0,"damage_taken":0.0,"relics_obtained":["Gambling Chip"]}],"is_beta":false,"boss_relics":[{"not_picked":["Tiny House","SlaversCollar"],"picked":"Calling Bell"},{"not_picked":["Velvet Choker","Philosopher\u0027s Stone"],"picked":"Sozu"}],"items_purged_floors":[0],"is_endless":false,"potions_floor_spawned":[1,3,7,14,18,23,30,47],"ascension_level":0}}