{"host":"baymyijz6sxaqj5s","time":1610793251,"event":{"mods":["AchievementEnabler","BaseMod","Colored Map","Colored Powertips","DeckTracker","Highlight Path","KOR Keyword Fix","Keyboard Shortcuts","Minty Spire (QoL Compilation)","StSLib","SuperFastMode"],"gold_per_floor":[112,126,141,141,153,165,189,201,262,294,306,69,88,122,122,122,122],"floor_reached":16,"language":"KOR","playtime":471,"items_purged":[],"score":107,"play_id":"f6b56742-689e-4237-ab81-af4f2418d8e6","local_time":"20210116193411","is_ascension_mode":true,"campfire_choices":[{"data":"Survivor","floor":6,"key":"SMITH"},{"data":"Blur","floor":8,"key":"SMITH"},{"data":"Dodge and Roll","floor":15,"key":"SMITH"}],"circlet_count":0,"master_deck":["Strike_G","Strike_G","Strike_G","Strike_G","Strike_G","Defend_G","Defend_G","Defend_G","Defend_G","Defend_G","Survivor+1","Neutralize","Escape Plan","Blur+1","Deadly Poison","Dodge and Roll+1","Noxious Fumes"],"relics":["Ring of the Snake","MawBank","MealTicket","Gremlin Horn","Matryoshka"],"acts_visited":["Exordium"],"potions_floor_usage":[10,13,13,14,14,14],"damage_taken":[{"damage":0,"enemies":"2 Louse","floor":1,"turns":3},{"damage":0,"enemies":"Small Slimes","floor":2,"turns":4},{"damage":0,"enemies":"Jaw Worm","floor":3,"turns":5},{"damage":5,"enemies":"Large Slime","floor":7,"turns":9},{"damage":7,"enemies":"Exordium Wildlife","floor":10,"turns":6},{"damage":5,"enemies":"3 Louse","floor":13,"turns":5},{"damage":6,"enemies":"Gremlin Nob","floor":14,"turns":4},{"damage":67,"enemies":"Slime Boss","floor":16,"turns":11}],"seed_played":"-1922708669430044295","potions_obtained":[{"floor":1,"key":"DuplicationPotion"},{"floor":2,"key":"Ancient Potion"},{"floor":7,"key":"EntropicBrew"}],"is_trial":false,"path_per_floor":["M","M","M","?","?","R","M","R","T","M","?","$","M","E","R","B"],"character_chosen":"THE_SILENT","items_purchased":["Gremlin Horn"],"campfire_rested":0,"item_purchase_floors":[12],"current_hp_per_floor":[77,77,77,70,75,75,70,70,70,63,63,78,73,67,67,0,0],"gold":122,"neow_bonus":"TEN_PERCENT_HP_BONUS","is_daily":false,"chose_seed":false,"campfire_upgraded":3,"win_rate":0.0,"timestamp":1610793251,"path_taken":["M","M","M","?","?","R","M","R","T","M","?","$","M","E","R","BOSS"],"items_purchased_type":["Relic"],"build_version":"2020-12-22","purchased_purges":0,"victory":false,"max_hp_per_floor":[77,77,77,77,82,82,82,82,82,82,82,82,82,82,82,82,82],"card_choices":[{"not_picked":["Well Laid Plans","Sucker Punch"],"picked":"Escape Plan","floor":1},{"not_picked":["Prepared","Infinite Blades"],"picked":"Blur","floor":2},{"not_picked":["Finisher","Backstab"],"picked":"Deadly Poison","floor":3},{"not_picked":["Riddle With Holes","Bane"],"picked":"Dodge and Roll","floor":7},{"not_picked":["Cloak And Dagger","Acrobatics"],"picked":"Noxious Fumes","floor":10},{"not_picked":["Tools of the Trade","Flying Knee","Quick Slash"],"picked":"SKIP","floor":13},{"not_picked":["Predator","Heel Hook","Endless Agony"],"picked":"SKIP","floor":14}],"player_experience":38104,"relics_obtained":[{"floor":9,"key":"MealTicket"},{"floor":14,"key":"Matryoshka"}],"event_choices":[{"damage_healed":0,"gold_gain":0,"player_choice":"Success","damage_taken":7,"relics_obtained":["MawBank"],"max_hp_gain":0,"max_hp_loss":0,"event_name":"Scrap Ooze","floor":4,"gold_loss":0},{"damage_healed":0,"gold_gain":0,"player_choice":"Donut","damage_taken":0,"max_hp_gain":5,"max_hp_loss":0,"event_name":"Big Fish","floor":5,"gold_loss":0},{"damage_healed":0,"gold_gain":0,"player_choice":"Ignored","damage_taken":0,"max_hp_gain":0,"max_hp_loss":0,"event_name":"Liars Game","floor":11,"gold_loss":0}],"is_beta":false,"boss_relics":[],"items_purged_floors":[],"is_endless":false,"potions_floor_spawned":[1,2,7],"killed_by":"Slime Boss","ascension_level":1}}