{"host":"6jrnojxwearbrjzo","time":1610821825,"event":{"mods":["BaseMod","Conspire","Highlight Path","Marisa（F雨　魔理沙）","Minty Spire (QoL Compilation)","MostiFishMod","Quick Restart","Random Character Button","RumiaBox-露米娅的神秘盒子","Shop Mod","Spicy Shops","StSLib","The Construct","The Servant 0.9.4","Yuyuko","[功能]功能增强和修复MOD","vexMod","篝火指南"],"gold_per_floor":[217,217,3,78,78,78,145,145,145,370,420,455,455,488,488,590,590,604,681,522,583,499,499,390,424,451,481,481,514,564,614,614,713,713,725,775,645,745,535,90,140,245,293,293,46,46,96,31,13,13,13,13,1,36,36],"floor_reached":56,"language":"ZHS","playtime":1394,"items_purged":["Defend_R","Strike_R","Defend_R","Strike_R","Doubt","Defend_R","Strike_R","Strike_R","Bash","Strike_R+1","Defend_R+2","Revamp","Searing Blow+1"],"score":1961,"play_id":"098c2007-ad3b-4692-982e-99aafa265dc5","local_time":"20210117023025","is_ascension_mode":true,"campfire_choices":[{"floor":6,"key":"RECALL"},{"data":"Armaments","floor":8,"key":"SMITH"},{"data":"Body Slam","floor":13,"key":"SMITH"},{"data":"Searing Blow","floor":15,"key":"SMITH"},{"data":"MostiFishMod:CullingBlade","floor":23,"key":"SMITH"},{"data":"MostiFishMod:CullingBlade+1","floor":28,"key":"SMITH"},{"data":"MostiFishMod:CullingBlade+2","floor":32,"key":"SMITH"},{"data":"MostiFishMod:CullingBlade+4","floor":44,"key":"SMITH"},{"data":"MostiFishMod:CullingBlade+6","floor":46,"key":"SMITH"},{"data":"MostiFishMod:CullingBlade+7","floor":52,"key":"SMITH"}],"circlet_count":0,"master_deck":["Body Slam+1","Shrug It Off+1","Armaments+1","MostiFishMod:CullingBlade+8","Dual Wield+1","construct:Isolate","Crescendo+1"],"relics":["Burning Blood","DaveBox","CombinedTypeHook","SynthV:TestCard","Bag of Marbles","Bag of Preparation","GodSword4","vexMod:InvisibilityCloak","Medical Kit","SsserpentHead","Vajra","GodSword5","FeatherPendant","vexMod:BarristanHead","Membership Card","Mummified Hand","Shovel","Ccalipers","Nunchaku","Toolbox","Juzu Bracelet","conspire:InfiniteJournal","Strange Spoon","conspire:TopHat","vexMod:MemoryStick","Sling","PrismaticShard","Potion Belt","OriginationStaff","War Paint","StoneCalendar","Chemical X","Centennial Puzzle","Omamori","Self Forming Clay","Anchor","MutagenicStrength","ShadowXiaoBlade","vexMod:RedPlottingStone","ZombieArmy","MostiFishMod:AdaptiveDefenses","PlanX","MagicDraw3","Lizard Tail","vexMod:PaidLearning","Pen Nib","Magic Flower","BirthdayGift-Tetrahedron","ChaoDraw","MagicDraw4","The Courier","Brimstone","PreservedInsect","MetatronsCube","MagicDraw2","Lantern","Art of War","Toxic Egg 2","GodSword7","CatCart","MealTicket","vexMod:CardConverter","Regal Pillow","Whetstone","Dodecahedron","Blue Candle","Bronze Scales","Toy Ornithopter","ClockworkSouvenir","vexMod:Cooldron","conspire:Boomerang","SynthV","Boot","Happy Flower","vexMod:Spyglass","Akabeko","TheAbacus","Pantograph"],"acts_visited":["Exordium","TheCity","TheBeyond","TheEnding"],"potions_floor_usage":[12,12,14,14,16,16,16,16,16,55,55,55],"damage_taken":[{"damage":0,"enemies":"Cultist","floor":1,"turns":2},{"damage":3,"enemies":"Jaw Worm","floor":7,"turns":2},{"damage":0,"enemies":"Gremlin Nob","floor":12,"turns":2},{"damage":0,"enemies":"Lagavulin","floor":14,"turns":2},{"damage":15,"enemies":"The Guardian","floor":16,"turns":4},{"damage":0,"enemies":"Shell Parasite","floor":18,"turns":1},{"damage":0,"enemies":"2 Thieves","floor":21,"turns":1},{"damage":0,"enemies":"Slavers","floor":25,"turns":1},{"damage":0,"enemies":"Book of Stabbing","floor":27,"turns":1},{"damage":0,"enemies":"Slavers","floor":29,"turns":1},{"damage":0,"enemies":"Champ","floor":33,"turns":1},{"damage":0,"enemies":"3 Shapes","floor":35,"turns":1},{"damage":0,"enemies":"Mind Bloom Boss Battle","floor":38,"turns":1},{"damage":2,"enemies":"Orin","floor":42,"turns":2},{"damage":0,"enemies":"Donu and Deca","floor":50,"turns":1},{"damage":0,"enemies":"Shield and Spear","floor":54,"turns":1},{"damage":0,"enemies":"The Heart","floor":55,"turns":1}],"seed_played":"-244566023370846772","potions_obtained":[{"floor":11,"key":"EntropicBrew"},{"floor":11,"key":"DistilledChaos"},{"floor":11,"key":"LiquidMemories"},{"floor":12,"key":"BlessingOfTheForge"},{"floor":12,"key":"Weak Potion"},{"floor":14,"key":"Regen Potion"},{"floor":16,"key":"DuplicationPotion"},{"floor":18,"key":"Ancient Potion"},{"floor":25,"key":"SteroidPotion"},{"floor":27,"key":"Strength Potion"},{"floor":27,"key":"EntropicBrew"}],"is_trial":false,"path_per_floor":["M","?","$","?","?","R","M","R","T","?","?","E","R","E","R","B",null,"M","T","$","M","$","R","$","E","T","E","R","E","?","?","R","B",null,"M","?","$","?","$","R","?","?","T","R","$","R","?","$","R","B",null,"R","$","E","B",null],"character_chosen":"IRONCLAD","items_purchased":["Bag of Marbles","Bag of Preparation","Shrug It Off","GodSword4","vexMod:InvisibilityCloak","Medical Kit","Membership Card","Mummified Hand","Shovel","Ccalipers","Nunchaku","Toolbox","SteroidPotion","Juzu Bracelet","conspire:InfiniteJournal","Strange Spoon","conspire:TopHat","vexMod:MemoryStick","Sling","Dual Wield","PrismaticShard","Potion Belt","OriginationStaff","War Paint","StoneCalendar","Chemical X","vexMod:RedPlottingStone","ZombieArmy","MostiFishMod:AdaptiveDefenses","PlanX","MagicDraw3","vexMod:PaidLearning","Pen Nib","Magic Flower","BirthdayGift-Tetrahedron","ChaoDraw","MagicDraw4","The Courier","Brimstone","PreservedInsect","MetatronsCube","MagicDraw2","Lantern","Art of War","Toxic Egg 2","GodSword7","vexMod:CardConverter","Regal Pillow","Whetstone","Dodecahedron","Blue Candle","Bronze Scales","Toy Ornithopter","ClockworkSouvenir","vexMod:Cooldron","conspire:Boomerang","SynthV","Boot","Happy Flower","vexMod:Spyglass","Akabeko","TheAbacus"],"campfire_rested":0,"item_purchase_floors":[3,3,3,3,3,3,20,20,20,20,20,20,20,22,22,22,22,22,22,22,24,24,24,24,24,24,37,37,37,37,37,39,39,39,39,39,39,40,40,40,40,40,40,40,40,40,45,45,45,45,45,45,45,45,48,48,48,48,48,49,49,53],"current_hp_per_floor":[80,64,64,53,53,53,56,56,56,56,56,62,62,68,68,73,80,80,80,80,80,80,80,80,80,80,80,80,80,80,80,80,80,80,80,80,80,80,80,80,80,80,80,80,80,80,80,80,80,80,80,80,80,80,80],"gold":36,"neow_bonus":"HUNDRED_GOLD","is_daily":false,"chose_seed":false,"campfire_upgraded":9,"win_rate":0.0,"timestamp":1610821825,"path_taken":["M","?","$","?","?","R","?","R","T","?","?","E","R","E","R","BOSS","M","?","$","?","$","R","$","E","T","E","R","E","?","?","R","BOSS","M","?","$","?","$","R","?","?","T","R","$","R","?","?","R","BOSS","R","$","E","BOSS"],"items_purchased_type":["Relic","Relic","Card","Relic","Relic","Relic","Relic","Relic","Relic","Relic","Relic","Relic","Potion","Relic","Relic","Relic","Relic","Relic","Relic","Card","Relic","Relic","Relic","Relic","Relic","Relic","Relic","Relic","Relic","Relic","Relic","Relic","Relic","Relic","Relic","Relic","Relic","Relic","Relic","Relic","Relic","Relic","Relic","Relic","Relic","Relic","Relic","Relic","Relic","Relic","Relic","Relic","Relic","Relic","Relic","Relic","Relic","Relic","Relic","Relic","Relic","Relic"],"build_version":"2020-12-22","purchased_purges":13,"victory":true,"max_hp_per_floor":[80,80,80,80,80,80,80,80,80,80,80,80,80,80,80,80,80,80,80,80,80,80,80,80,80,80,80,80,80,80,80,80,80,80,80,80,80,80,80,80,80,80,80,80,80,80,80,80,80,80,80,80,80,80,80],"card_choices":[{"not_picked":["Pommel Strike","Shrug It Off"],"picked":"Body Slam","floor":1},{"not_picked":["Anger","Evolve","Rupture","Warcry"],"picked":"Armaments","floor":7},{"not_picked":["Iron Wave","Blood for Blood","Burning Pact","Flex","Bloodletting"],"picked":"SKIP","floor":12},{"not_picked":["Heavy Blade","Disarm","Shockwave","Wild Strike"],"picked":"Searing Blow","floor":14},{"not_picked":["Impervious","MostiFishMod:OrdinaryWorld","Offering","MostiFishMod:UltimateDefense"],"picked":"MostiFishMod:CullingBlade","floor":16},{"not_picked":["Thunderclap+1","Heavy Blade","Twin Strike","Anger","Shrug It Off"],"picked":"SKIP","floor":18},{"not_picked":["Shrug It Off+1","conspire:ExplosiveBarrier+1","Thunderclap","Cleave+1","Wild Strike+1"],"picked":"SKIP","floor":21},{"not_picked":["Dark Embrace","Gather the Spring","construct:Anticipate","Poisoned Stab","Footwork+1"],"picked":"SKIP","floor":25},{"not_picked":["Bane","Go for the Eyes","Flash of Steel","Twin Strike"],"picked":"construct:Isolate","floor":27},{"not_picked":["MillisecondPulsars","True Grit","MostiFishMod:StoryBook","LuminesStrike+1","AsteroidBelt"],"picked":"SKIP","floor":29},{"not_picked":["Unknown Petal+1","MagicChant","Rebound","Rupture+1"],"picked":"Revamp","floor":35},{"not_picked":["BottledTime+1","PiercingWail","Prostrate+1","Gouge+1"],"picked":"Crescendo+1","floor":38},{"not_picked":["Gouge+1","Monster Cherry Tree","Hemokinesis+1","Orbit","DC+1"],"picked":"SKIP","floor":54}],"player_experience":74968,"relics_obtained":[{"floor":1,"key":"SynthV:TestCard"},{"floor":12,"key":"Vajra"},{"floor":14,"key":"GodSword5"},{"floor":19,"key":"vexMod:BarristanHead"},{"floor":25,"key":"Centennial Puzzle"},{"floor":26,"key":"Omamori"},{"floor":27,"key":"Self Forming Clay"},{"floor":29,"key":"Anchor"},{"floor":38,"key":"Lizard Tail"},{"floor":42,"key":"CatCart"},{"floor":43,"key":"MealTicket"},{"floor":54,"key":"Pantograph"}],"event_choices":[{"damage_healed":0,"gold_gain":0,"player_choice":"Entered Light","damage_taken":16,"max_hp_gain":0,"max_hp_loss":0,"event_name":"Shining Light","floor":2,"gold_loss":0,"cards_upgraded":["Strike_R","Defend_R"]},{"damage_healed":0,"gold_gain":75,"player_choice":"Gather Gold","damage_taken":11,"max_hp_gain":0,"max_hp_loss":0,"event_name":"World of Goop","floor":4,"gold_loss":0},{"damage_healed":0,"gold_gain":0,"player_choice":"Trade","damage_taken":0,"relics_obtained":["SsserpentHead"],"max_hp_gain":0,"max_hp_loss":0,"event_name":"FaceTrader","floor":5,"gold_loss":0},{"damage_healed":0,"gold_gain":175,"player_choice":"AGREE","damage_taken":0,"max_hp_gain":0,"max_hp_loss":0,"event_name":"Liars Game","floor":10,"gold_loss":0,"cards_obtained":["Doubt"]},{"damage_healed":0,"gold_gain":0,"player_choice":"Got Potions","damage_taken":0,"max_hp_gain":0,"max_hp_loss":0,"event_name":"Lab","floor":11,"gold_loss":0},{"damage_healed":0,"gold_gain":0,"player_choice":"Leave","damage_taken":0,"max_hp_gain":0,"max_hp_loss":0,"event_name":"conspire:Investor","floor":30,"gold_loss":0},{"damage_healed":0,"gold_gain":0,"player_choice":"Inject Mutagens","damage_taken":0,"relics_obtained":["MutagenicStrength"],"max_hp_gain":0,"max_hp_loss":0,"event_name":"Drug Dealer","floor":31,"gold_loss":0},{"damage_healed":0,"gold_gain":0,"player_choice":"Ignored","damage_taken":0,"max_hp_gain":0,"max_hp_loss":0,"event_name":"Tomb of Lord Red Mask","floor":36,"gold_loss":0},{"damage_healed":0,"gold_gain":0,"player_choice":"Fight","damage_taken":0,"max_hp_gain":0,"max_hp_loss":0,"event_name":"MindBloom","floor":38,"gold_loss":0},{"damage_healed":0,"gold_gain":0,"player_choice":"Forge","damage_taken":0,"max_hp_gain":0,"max_hp_loss":0,"event_name":"Accursed Blacksmith","floor":41,"gold_loss":0,"cards_upgraded":["MostiFishMod:CullingBlade"]},{"damage_healed":0,"gold_gain":0,"player_choice":"Fight","damage_taken":0,"max_hp_gain":0,"max_hp_loss":0,"event_name":"OrinTheCat","floor":42,"gold_loss":0},{"damage_healed":0,"gold_gain":0,"player_choice":"Ignored","damage_taken":0,"max_hp_gain":0,"max_hp_loss":0,"event_name":"SecretPortal","floor":47,"gold_loss":0}],"is_beta":false,"boss_relics":[{"not_picked":["vexMod:TanglingVine","TakeMeEscape"],"picked":"FeatherPendant"},{"not_picked":["AddBug","vexMod:CursedCompass"],"picked":"ShadowXiaoBlade"}],"items_purged_floors":[3,3,20,20,20,20,20,22,37,37,37,39,39],"is_endless":false,"potions_floor_spawned":[7,7,12,12,12,14,16,18,21,25,27,27,27,29,33,35,54,54],"ascension_level":3}}