{"host":"by3dnjj711vo194a","time":1610822311,"event":{"mods":["2.2 Compatiblity","AchievementEnabler","BaseMod","Colored Map","DeckTracker","KOR Keyword Fix","Keyboard Shortcuts","Minty Spire (QoL Compilation)","Permanent Neow","Quick Restart","StSLib","SuperFastMode","everything is the same but u backflip on backflip"],"gold_per_floor":[129,141,168,101,101,101,134,159,239,280,280,303,303,324,324,449,449,467,485,162,175,198,198,222,222,248,248,271,271,323,342,342,465,465,486,486,505,505,292,323,323,354,381,381,414,439,222,245,245,245],"floor_reached":51,"language":"KOR","playtime":925,"items_purged":["Indignation+1","DeceiveReality+1","Wallop+1","Vigilance"],"score":1865,"play_id":"06996fbf-d8ae-4984-985d-8d80c4aa32fe","local_time":"20210117033831","is_ascension_mode":true,"campfire_choices":[{"data":"ForeignInfluence+1","floor":6,"key":"PURGE"},{"data":"ConjureBlade+1","floor":11,"key":"PURGE"},{"data":"Indignation+1","floor":13,"key":"PURGE"},{"data":"ThirdEye","floor":15,"key":"PURGE"},{"data":"Swivel+1","floor":23,"key":"PURGE"},{"data":"EmptyBody","floor":25,"key":"PURGE"},{"data":"FlurryOfBlows+1","floor":29,"key":"PURGE"},{"data":"CutThroughFate","floor":32,"key":"PURGE"},{"data":"Judgement","floor":41,"key":"PURGE"},{"data":"Halt+1","floor":44,"key":"PURGE"},{"data":"Ragnarok","floor":49,"key":"PURGE"}],"circlet_count":0,"master_deck":["Eruption+1","InnerPeace","Adaptation","Tantrum+1","CutThroughFate+1","EmptyMind+1","Necronomicurse","Necronomicurse","FlyingSleeves","Prostrate+1","FearNoEvil","Purity+1","MentalFortress","WheelKick","MentalFortress+1"],"relics":["PureWater","Potion Belt","Melange","Tiny Chest","Art of War","Vajra","Peace Pipe","Membership Card","Juzu Bracelet","Shuriken","Bag of Marbles","Sundial","Lantern","VioletLotus","Mummified Hand","HandDrill","Bottled Lightning","Toxic Egg 2","Meat on the Bone","Orrery","Ancient Tea Set","MealTicket","Necronomicon","SacredBark","TheAbacus","Oddly Smooth Stone","Orichalcum","Whetstone","Mercury Hourglass","PreservedInsect","MawBank","Toy Ornithopter","Omamori","ClockworkSouvenir","Centennial Puzzle","Golden Idol","Boot","Pantograph","Turnip","Runic Pyramid","Calipers","Frozen Egg 2","Potion Belt","Omamori","Busted Crown","OrangePellets","Bag of Preparation","Orichalcum","Kunai","Toy Ornithopter","Toxic Egg 2","Mummified Hand"],"acts_visited":["Exordium","TheCity","TheBeyond"],"potions_floor_usage":[16,16,50,50,50,50],"damage_taken":[{"damage":0,"enemies":"2 Louse","floor":1,"turns":1},{"damage":0,"enemies":"Small Slimes","floor":3,"turns":1},{"damage":0,"enemies":"Gremlin Nob","floor":7,"turns":2},{"damage":0,"enemies":"Jaw Worm","floor":8,"turns":1},{"damage":0,"enemies":"Lagavulin","floor":10,"turns":2},{"damage":0,"enemies":"Gremlin Gang","floor":12,"turns":2},{"damage":0,"enemies":"3 Louse","floor":14,"turns":1},{"damage":3,"enemies":"The Guardian","floor":16,"turns":4},{"damage":0,"enemies":"Spheric Guardian","floor":18,"turns":2},{"damage":0,"enemies":"3 Byrds","floor":19,"turns":2},{"damage":0,"enemies":"Snake Plant","floor":21,"turns":2},{"damage":0,"enemies":"Cultist and Chosen","floor":22,"turns":2},{"damage":0,"enemies":"Centurion and Healer","floor":24,"turns":2},{"damage":0,"enemies":"Snecko","floor":28,"turns":2},{"damage":0,"enemies":"Shelled Parasite and Fungi","floor":31,"turns":2},{"damage":0,"enemies":"Automaton","floor":33,"turns":2},{"damage":64,"enemies":"3 Shapes","floor":35,"turns":3},{"damage":0,"enemies":"Orb Walker","floor":37,"turns":1},{"damage":0,"enemies":"Nemesis","floor":40,"turns":1},{"damage":0,"enemies":"Giant Head","floor":42,"turns":1},{"damage":0,"enemies":"Nemesis","floor":45,"turns":1},{"damage":0,"enemies":"Sphere and 2 Shapes","floor":46,"turns":1},{"damage":0,"enemies":"3 Darklings","floor":48,"turns":1},{"damage":8,"enemies":"Time Eater","floor":50,"turns":2}],"seed_played":"2750161378180994774","potions_obtained":[{"floor":1,"key":"EssenceOfSteel"},{"floor":12,"key":"ColorlessPotion"},{"floor":16,"key":"GamblersBrew"},{"floor":19,"key":"Dexterity Potion"},{"floor":22,"key":"StancePotion"},{"floor":24,"key":"Strength Potion"},{"floor":28,"key":"LiquidMemories"},{"floor":33,"key":"SteroidPotion"},{"floor":37,"key":"FairyPotion"}],"is_trial":false,"path_per_floor":["M","?","M","$","?","R","E","M","T","E","R","M","R","M","R","B",null,"M","M","$","M","M","R","M","R","T","?","M","R","T","M","R","B",null,"M","?","M","?","$","E","R","E","T","R","E","M","$","M","R","B",null],"character_chosen":"WATCHER","items_purchased":["Purity+1","Calipers","Frozen Egg 2","OrangePellets","Bag of Preparation","Mummified Hand","MentalFortress+1"],"campfire_rested":0,"item_purchase_floors":[4,20,20,39,39,47,47],"current_hp_per_floor":[72,54,54,69,74,74,74,74,74,74,74,74,74,74,74,74,76,76,76,77,77,77,77,77,77,77,77,77,77,77,77,77,77,77,25,25,37,56,71,71,71,71,71,71,71,71,77,77,77,69],"gold":245,"neow_bonus":"","is_daily":false,"chose_seed":false,"campfire_upgraded":0,"win_rate":0.0,"timestamp":1610822311,"path_taken":["M","?","M","$","?","R","E","M","T","E","R","M","R","M","R","BOSS","M","M","$","M","M","R","M","R","T","?","M","R","?","M","R","BOSS","M","?","M","?","$","E","R","E","T","R","E","M","$","M","R","BOSS"],"items_purchased_type":["Card","Relic","Relic","Relic","Relic","Relic","Card"],"build_version":"2020-12-22","purchased_purges":4,"victory":true,"max_hp_per_floor":[72,72,72,72,77,77,77,77,77,77,77,77,77,77,77,77,77,77,77,77,77,77,77,77,77,77,77,77,77,77,77,77,77,77,77,77,77,77,77,77,77,77,77,77,77,77,77,77,77,77],"card_choices":[{"not_picked":["EmptyFist","CrushJoints"],"picked":"ForeignInfluence+1","floor":0},{"not_picked":["SashWhip","Weave"],"picked":"CutThroughFate","floor":0},{"not_picked":["MentalFortress","Halt+1"],"picked":"FlyingSleeves","floor":0},{"not_picked":["MasterReality","Worship+1"],"picked":"Indignation+1","floor":0},{"not_picked":["SashWhip","CutThroughFate"],"picked":"Prostrate+1","floor":0},{"not_picked":["SashWhip","Swivel+1","BattleHymn"],"picked":"SKIP","floor":1},{"not_picked":["FollowUp","Conclude"],"picked":"FearNoEvil","floor":3},{"not_picked":["Prostrate+1","ClearTheMind+1"],"picked":"ConjureBlade+1","floor":7},{"not_picked":["Meditate+1","Swivel+1"],"picked":"MentalFortress","floor":8},{"not_picked":["FlyingSleeves","Swivel+1","Prostrate+1"],"picked":"SKIP","floor":10},{"not_picked":["FlyingSleeves","WreathOfFlame+1","Protect+1"],"picked":"SKIP","floor":12},{"not_picked":["CrushJoints","Protect+1"],"picked":"Ragnarok","floor":14},{"not_picked":["SignatureMove","FlurryOfBlows","Halt+1"],"picked":"SKIP","floor":18},{"not_picked":["Tantrum","SandsOfTime","BowlingBash"],"picked":"SKIP","floor":19},{"not_picked":["Evaluate+1","Perseverance+1","CarveReality+1"],"picked":"SKIP","floor":21},{"not_picked":["FlurryOfBlows","FollowUp","EmptyFist"],"picked":"SKIP","floor":22},{"not_picked":["Crescendo+1","ReachHeaven+1"],"picked":"WheelKick","floor":24},{"not_picked":["LikeWater+1","Prostrate+1","Evaluate+1"],"picked":"SKIP","floor":28},{"not_picked":["Judgement+1","Protect+1","ClearTheMind+1"],"picked":"SKIP","floor":31},{"not_picked":["Consecrate+1"],"picked":"SKIP","floor":35},{"not_picked":["Protect+1"],"picked":"SKIP","floor":37},{"not_picked":["Pray+1"],"picked":"SKIP","floor":40},{"not_picked":["FlurryOfBlows"],"picked":"SKIP","floor":42},{"not_picked":["BowlingBash"],"picked":"SKIP","floor":45},{"not_picked":["FollowUp"],"picked":"SKIP","floor":46},{"not_picked":["MentalFortress+1"],"picked":"SKIP","floor":48}],"player_experience":177536,"relics_obtained":[{"floor":7,"key":"Boot"},{"floor":9,"key":"Pantograph"},{"floor":10,"key":"Turnip"},{"floor":26,"key":"Potion Belt"},{"floor":30,"key":"Omamori"},{"floor":40,"key":"Orichalcum"},{"floor":42,"key":"Kunai"},{"floor":43,"key":"Toy Ornithopter"},{"floor":45,"key":"Toxic Egg 2"}],"event_choices":[{"damage_healed":0,"gold_gain":0,"player_choice":"Take Damage","damage_taken":18,"relics_obtained":["Golden Idol"],"max_hp_gain":0,"max_hp_loss":0,"event_name":"Golden Idol","floor":2,"gold_loss":0},{"damage_healed":0,"gold_gain":0,"player_choice":"Donut","damage_taken":0,"max_hp_gain":5,"max_hp_loss":0,"event_name":"Big Fish","floor":5,"gold_loss":0},{"damage_healed":0,"gold_gain":0,"player_choice":"Ignored","damage_taken":0,"max_hp_gain":0,"max_hp_loss":0,"event_name":"Vampires","floor":27,"gold_loss":0},{"cards_removed":["Apotheosis"],"damage_healed":0,"gold_gain":0,"player_choice":"Purged","damage_taken":0,"max_hp_gain":0,"max_hp_loss":0,"event_name":"Purifier","floor":36,"gold_loss":0},{"damage_healed":19,"gold_gain":0,"player_choice":"Writhe","damage_taken":0,"max_hp_gain":0,"max_hp_loss":0,"event_name":"Winding Halls","floor":38,"gold_loss":0,"cards_obtained":["Writhe"]}],"is_beta":false,"boss_relics":[{"not_picked":["Fusion Hammer","Cursed Key"],"picked":"Runic Pyramid"},{"not_picked":["Velvet Choker","SlaversCollar"],"picked":"Busted Crown"}],"items_purged_floors":[4,20,39,47],"is_endless":false,"potions_floor_spawned":[1,12,16,19,22,24,28,33,37,42,46],"ascension_level":12}}