{"host":"t1puqh5lxz8sp6fn","time":1610821907,"event":{"mods":["AchievementEnabler","BaseMod","Colored Powertips","Minty Spire (QoL Compilation)","Rare Cards Sparkle","StSLib"],"gold_per_floor":[118,138,158,177,31,31,60,60,86,11,11,45,56,66,66,170,170,187,59,49,49,68,100,100,100],"floor_reached":24,"playtime":1112,"items_purged":["Regret"],"score":353,"play_id":"22fc2299-7ef2-4786-aa1a-e98ca9bff780","local_time":"20210116153147","is_ascension_mode":true,"campfire_choices":[{"floor":6,"key":"REST"},{"data":"Mayhem","floor":8,"key":"SMITH"},{"floor":15,"key":"REST"}],"circlet_count":0,"master_deck":["AscendersBane","Strike_R","Strike_R","Strike_R","Strike_R","Strike_R","Defend_R","Defend_R","Defend_R","Defend_R","Bash","Mayhem+1","Battle Trance","Thunderclap","Thunderclap","Shockwave","Metallicize+1","Blood for Blood","Body Slam","Iron Wave","Barricade","Uppercut","Spot Weakness","Carnage","Battle Trance"],"relics":["Burning Blood","PreservedInsect","Centennial Puzzle","Strawberry","Boot","Black Star","White Beast Statue","Potion Belt","Dream Catcher"],"acts_visited":["Exordium","TheCity"],"potions_floor_usage":[7,14,16,20,22,23,24],"damage_taken":[{"damage":3,"enemies":"Cultist","floor":1,"turns":4},{"damage":12,"enemies":"2 Louse","floor":2,"turns":3},{"damage":10,"enemies":"Jaw Worm","floor":3,"turns":4},{"damage":23,"enemies":"3 Louse","floor":4,"turns":3},{"damage":35,"enemies":"Gremlin Nob","floor":7,"turns":4},{"damage":29,"enemies":"3 Sentries","floor":12,"turns":7},{"damage":7,"enemies":"Large Slime","floor":13,"turns":4},{"damage":3,"enemies":"Looter","floor":14,"turns":4},{"damage":54,"enemies":"Slime Boss","floor":16,"turns":13},{"damage":20,"enemies":"Spheric Guardian","floor":18,"turns":7},{"damage":32,"enemies":"2 Thieves","floor":20,"turns":5},{"damage":21,"enemies":"Snecko","floor":22,"turns":5},{"damage":46,"enemies":"Book of Stabbing","floor":23,"turns":5},{"damage":15,"enemies":"Shelled Parasite and Fungi","floor":24,"turns":2}],"seed_played":"1429745445595607292","potions_obtained":[{"floor":1,"key":"Swift Potion"},{"floor":3,"key":"BloodPotion"},{"floor":13,"key":"Block Potion"},{"floor":18,"key":"BloodPotion"},{"floor":20,"key":"FearPotion"},{"floor":22,"key":"BloodPotion"},{"floor":23,"key":"SteroidPotion"}],"is_trial":false,"path_per_floor":["M","M","M","M","$","R","E","R","T","$","?","E","M","M","R","B",null,"M","$","M","?","M","E","M"],"character_chosen":"IRONCLAD","items_purchased":["PreservedInsect","Spot Weakness","Strength Potion"],"campfire_rested":2,"item_purchase_floors":[5,19,19],"current_hp_per_floor":[75,69,65,48,48,72,43,43,50,50,50,27,26,29,55,24,71,57,57,48,48,33,10,0,0],"gold":100,"neow_bonus":"RANDOM_COLORLESS_2","is_daily":false,"chose_seed":false,"campfire_upgraded":1,"win_rate":0.0,"timestamp":1610821907,"path_taken":["M","M","M","?","$","R","E","R","T","?","?","E","M","?","R","BOSS","M","$","M","?","M","E","M"],"items_purchased_type":["Relic","Card","Potion"],"build_version":"2020-12-13","purchased_purges":1,"victory":false,"max_hp_per_floor":[80,80,80,80,80,80,80,80,87,87,87,87,87,87,87,87,87,87,87,87,87,87,87,87,87],"card_choices":[{"not_picked":["Thinking Ahead","Magnetism"],"picked":"Mayhem","floor":0},{"not_picked":["Headbutt","Sever Soul"],"picked":"Battle Trance","floor":1},{"not_picked":["Clash","Havoc"],"picked":"Thunderclap","floor":2},{"not_picked":["Intimidate","Burning Pact"],"picked":"Thunderclap","floor":3},{"not_picked":["Disarm","Pommel Strike"],"picked":"Shockwave","floor":4},{"not_picked":["Iron Wave","Flex"],"picked":"Metallicize","floor":7},{"not_picked":["Thunderclap","Pommel Strike"],"picked":"Blood for Blood","floor":12},{"not_picked":["Clothesline","Battle Trance"],"picked":"Body Slam","floor":13},{"not_picked":["Second Wind","Anger"],"picked":"Iron Wave","floor":14},{"not_picked":["Double Tap","Berserk"],"picked":"Barricade","floor":16},{"not_picked":["Pommel Strike","Intimidate"],"picked":"Uppercut","floor":18},{"not_picked":["Warcry","Havoc","Pommel Strike"],"picked":"SKIP","floor":20},{"not_picked":["Havoc","Wild Strike"],"picked":"Carnage","floor":22},{"not_picked":["Seeing Red","Pommel Strike"],"picked":"Battle Trance","floor":23}],"player_experience":432604,"relics_obtained":[{"floor":7,"key":"Centennial Puzzle"},{"floor":9,"key":"Strawberry"},{"floor":12,"key":"Boot"},{"floor":23,"key":"Potion Belt"},{"floor":23,"key":"Dream Catcher"}],"event_choices":[{"damage_healed":0,"gold_gain":0,"player_choice":"Upgraded","damage_taken":0,"max_hp_gain":0,"max_hp_loss":0,"event_name":"Upgrade Shrine","floor":11,"gold_loss":0,"cards_upgraded":["Metallicize"]},{"damage_healed":0,"gold_gain":0,"player_choice":"Opened","damage_taken":0,"relics_obtained":["White Beast Statue"],"max_hp_gain":0,"max_hp_loss":0,"event_name":"The Mausoleum","floor":21,"gold_loss":0}],"is_beta":false,"boss_relics":[{"not_picked":["SlaversCollar","Calling Bell"],"picked":"Black Star"}],"items_purged_floors":[10],"is_endless":false,"potions_floor_spawned":[1,3,4,13,18,20,22,23],"killed_by":"Shelled Parasite and Fungi","ascension_level":11}}