{"host":"t6r1isv2bex5ovch","time":1610765443,"event":{"mods":["AchievementEnabler","Act Like it!","Aspiration","BaseMod","Better Altar","Better Note","Better Sensory Stone","Better Skull","Better Third Choice","Better Vampires","Colored Powertips","Displayed Cursed Tome","Minty Spire (QoL Compilation)","StSLib","The Bug Knight","The Jungle"],"gold_per_floor":[111,128,148,148,166,199,211,236,236,249,249,278,295,321,321,421,421,439,439,439,452,325,360,370,396,396,396,421,450,450,450,450,545,545,559,207,223,273,273,300,99,99,99,99,128,128,128,160,160,160,160,160,17,44,44],"floor_reached":56,"language":"ENG","playtime":4589,"items_purged":["HollowMod:QuickDashStart","HollowMod:QuickDashStart","HollowMod:QuickDashStart"],"score":1527,"play_id":"43c152f8-8d81-4836-9f4c-658b2a2f963f","local_time":"20210116125043","is_ascension_mode":true,"campfire_choices":[{"floor":15,"key":"RECALL"},{"data":"HollowMod:DesolateDive","floor":27,"key":"SMITH"},{"data":"HollowMod:LifebloodCocoon","floor":30,"key":"SMITH"},{"data":"HollowMod:DashSlash","floor":32,"key":"SMITH"},{"data":"HollowMod:SlysStrikes","floor":42,"key":"SMITH"},{"data":"HollowMod:HuntersJournal","floor":44,"key":"SMITH"},{"data":"HollowMod:CloakDash","floor":46,"key":"SMITH"},{"data":"HollowMod:CloakDash","floor":49,"key":"SMITH"},{"data":"HollowMod:CloakDash","floor":52,"key":"SMITH"}],"circlet_count":0,"master_deck":["HollowMod:PogoStrike+1","HollowMod:CloakDash+1","HollowMod:HuntersJournal+1","HollowMod:DashSlash+1","HollowMod:DesolateDive+1","HollowMod:CycloneSlash+1","HollowMod:CloakDash+1","HollowMod:NewLittleFool+1","HollowMod:CycloneSlash+1","Bite+1","Bite+1","Bite+1","HollowMod:LifebloodCocoon+1","HollowMod:DashSlash+1","HollowMod:DashSlash+1","HollowMod:Grubsong+1","HollowMod:CloakDash+1","HollowMod:SlysStrikes+1","Enlightenment+1","HollowMod:ChannelNail+1"],"relics":["HollowMod:VesselMask","aspiration:Nostalgia","Cracked Core","Pen Nib","Tiny Chest","Molten Egg 2","Lantern","HornCleat","Black Star","Centennial Puzzle","Juzu Bracelet","CaptainsWheel","Pantograph","aspiration:ChemicalBlood","Smiling Mask","Sundial","Busted Crown","Happy Flower","Boot","Ginger","HollowMod:MillibellesNoteRelic","Bottled Tornado","PreservedInsect","Meat on the Bone","Whetstone","Nunchaku","aspiration:HiddenCompartment","HollowMod:StagPassRelic","CeramicFish","Orichalcum","Anchor"],"acts_visited":["Exordium","TheCity","TheBeyond","TheEnding"],"potions_floor_usage":[6,10,16,16,16,21,25,33,38,45,45,50,54,55,55,55,55,55,55,55,55,55,55,55,55],"damage_taken":[{"damage":1,"enemies":"2 Louse","floor":1,"turns":2},{"damage":0,"enemies":"Small Slimes","floor":2,"turns":2},{"damage":1,"enemies":"Cultist","floor":3,"turns":3},{"damage":0,"enemies":"Looter","floor":5,"turns":3},{"damage":18,"enemies":"Lagavulin","floor":6,"turns":5},{"damage":0,"enemies":"Lots of Slimes","floor":7,"turns":4},{"damage":9,"enemies":"3 Sentries","floor":8,"turns":5},{"damage":2,"enemies":"Large Slime","floor":10,"turns":3},{"damage":42,"enemies":"Lagavulin","floor":12,"turns":6},{"damage":2,"enemies":"Blue Slaver","floor":13,"turns":3},{"damage":13,"enemies":"3 Sentries","floor":14,"turns":5},{"damage":46,"enemies":"The Guardian","floor":16,"turns":7},{"damage":1,"enemies":"Shell Parasite","floor":18,"turns":4},{"damage":13,"enemies":"Spheric Guardian","floor":21,"turns":4},{"damage":0,"enemies":"Gremlin Leader","floor":23,"turns":4},{"damage":4,"enemies":"Shelled Parasite and Fungi","floor":24,"turns":4},{"damage":17,"enemies":"Slavers","floor":25,"turns":3},{"damage":0,"enemies":"Gremlin Leader","floor":29,"turns":5},{"damage":0,"enemies":"HollowMod:NKGrimm","floor":33,"turns":8},{"damage":0,"enemies":"3 Darklings","floor":35,"turns":4},{"damage":3,"enemies":"3 Shapes","floor":37,"turns":2},{"damage":3,"enemies":"2 Orb Walkers","floor":38,"turns":3},{"damage":22,"enemies":"Nemesis","floor":40,"turns":5},{"damage":0,"enemies":"Reptomancer","floor":45,"turns":3},{"damage":0,"enemies":"Giant Head","floor":48,"turns":5},{"damage":24,"enemies":"Awakened One","floor":50,"turns":9},{"damage":0,"enemies":"Shield and Spear","floor":54,"turns":5},{"damage":90,"enemies":"The Heart","floor":55,"turns":9}],"seed_played":"-3341786913201522067","potions_obtained":[{"floor":5,"key":"FearPotion"},{"floor":8,"key":"Fire Potion"},{"floor":10,"key":"CultistPotion"},{"floor":12,"key":"SpeedPotion"},{"floor":14,"key":"Block Potion"},{"floor":16,"key":"FearPotion"},{"floor":23,"key":"Swift Potion"},{"floor":29,"key":"Strength Potion"},{"floor":37,"key":"GamblersBrew"},{"floor":40,"key":"Regen Potion"},{"floor":48,"key":"SteroidPotion"},{"floor":54,"key":"Fruit Juice"}],"is_trial":false,"path_per_floor":["M","M","M","?","M","E","M","E","T","M","?","E","M","E","R","B",null,"M","?","?","M","$","E","M","E","T","R","T","E","R","?","R","B",null,"M","$","M","?","?","E","$","R","T","R","E","R","T","E","R","B",null,"R","$","E","B",null],"character_chosen":"THE_BUGKNIGHT","items_purchased":["HollowMod:DashSlash+1","Happy Flower","Boot","PreservedInsect","Enlightenment","HollowMod:ChannelNail","Strength Potion"],"campfire_rested":0,"item_purchase_floors":[22,36,36,41,53,53,53],"current_hp_per_floor":[74,75,75,80,80,68,78,75,75,80,80,48,52,49,49,13,80,79,65,65,58,58,65,65,51,51,51,51,57,57,57,57,65,65,65,65,62,65,65,46,46,46,46,46,69,69,69,70,70,52,70,70,70,75,30],"gold":44,"neow_bonus":"NOSTALGIA","is_daily":false,"chose_seed":false,"campfire_upgraded":8,"win_rate":0.0,"timestamp":1610765443,"path_taken":["M","M","M","?","M","E","M","E","T","M","?","E","M","E","R","BOSS","M","?","?","M","$","E","M","E","T","R","?","E","R","?","R","BOSS","M","$","M","?","?","E","$","R","T","R","E","R","?","E","R","BOSS","R","$","E","BOSS"],"items_purchased_type":["Card","Relic","Relic","Relic","Card","Card","Potion"],"build_version":"2020-12-22","purchased_purges":3,"victory":true,"max_hp_per_floor":[75,75,75,80,80,80,80,80,80,80,80,80,80,80,80,80,80,80,65,65,65,65,65,65,65,65,65,65,65,65,65,65,65,65,65,65,65,65,65,65,65,65,65,65,70,70,70,70,70,70,70,70,70,75,75],"card_choices":[{"not_picked":["HollowMod:ShadowDash","HollowMod:SoulEater"],"picked":"HollowMod:CloakDash","floor":1},{"not_picked":["HollowMod:InfectedAttack","HollowMod:DescendingDark","HollowMod:AbyssShriek"],"picked":"SKIP","floor":2},{"not_picked":["HollowMod:InfectedAttack","HollowMod:RecoilStrike"],"picked":"HollowMod:HuntersJournal","floor":3},{"not_picked":["HollowMod:SoulShaman","HollowMod:DoubleDash"],"picked":"HollowMod:DashSlash","floor":5},{"not_picked":["HollowMod:CornifersMapStart","HollowMod:PureNailStrike"],"picked":"HollowMod:DesolateDive","floor":6},{"not_picked":["HollowMod:WraithStrike","HollowMod:NewJinnsSoul","HollowMod:AbyssShriek"],"picked":"SKIP","floor":7},{"not_picked":["HollowMod:CornifersMapStart","HollowMod:CrystalDash","HollowMod:DesolateDive"],"picked":"SKIP","floor":8},{"not_picked":["HollowMod:InfectedAttack+1","HollowMod:WraithStrike+1"],"picked":"HollowMod:CycloneSlash+1","floor":10},{"not_picked":["HollowMod:LordofShades","HollowMod:GoodIntentions","HollowMod:BrokenVessel"],"picked":"SKIP","floor":12},{"not_picked":["HollowMod:SharpenedNail+1","HollowMod:ChannelNail"],"picked":"HollowMod:CloakDash","floor":13},{"not_picked":["HollowMod:Weaversong","HollowMod:ChannelNail"],"picked":"HollowMod:NewLittleFool+1","floor":14},{"not_picked":["HollowMod:SharpenedNail+1","HollowMod:DashSlash+1"],"picked":"HollowMod:CycloneSlash+1","floor":18},{"not_picked":["HollowMod:TaintedHusks","HollowMod:NewGlowingWomb"],"picked":"HollowMod:DashSlash+1","floor":21},{"not_picked":["HollowMod:PureVessel","HollowMod:SoulSplash"],"picked":"HollowMod:Grubsong+1","floor":23},{"not_picked":["HollowMod:RecoilStrike+1","HollowMod:CrystalDash+1","HollowMod:GoodIntentions"],"picked":"SKIP","floor":24},{"not_picked":["HollowMod:FastStrike+1","HollowMod:TaintedHusks"],"picked":"HollowMod:CloakDash","floor":25},{"not_picked":["HollowMod:PureNailStrike+1","HollowMod:ZotesMagnificence+1","HollowMod:SharpenedNail+1"],"picked":"SKIP","floor":29},{"not_picked":["HollowMod:WhiteLadysBlessing","HollowMod:theNailsmith"],"picked":"HollowMod:SlysStrikes","floor":33},{"not_picked":["HollowMod:HeavyBlow+1"],"picked":"SKIP","floor":35},{"not_picked":["HollowMod:CornifersMapStart+1"],"picked":"SKIP","floor":37},{"not_picked":["HollowMod:WraithStrike+1"],"picked":"SKIP","floor":40},{"not_picked":["HollowMod:BlackTendrils+1"],"picked":"SKIP","floor":45},{"not_picked":["HollowMod:SharpenedNail+1"],"picked":"SKIP","floor":48},{"not_picked":["HollowMod:BlackTendrils+1"],"picked":"SKIP","floor":54}],"player_experience":413513,"relics_obtained":[{"floor":6,"key":"Pen Nib"},{"floor":8,"key":"Tiny Chest"},{"floor":9,"key":"Molten Egg 2"},{"floor":12,"key":"Lantern"},{"floor":14,"key":"HornCleat"},{"floor":23,"key":"Centennial Puzzle"},{"floor":23,"key":"Juzu Bracelet"},{"floor":25,"key":"CaptainsWheel"},{"floor":25,"key":"Pantograph"},{"floor":28,"key":"aspiration:ChemicalBlood"},{"floor":29,"key":"Smiling Mask"},{"floor":29,"key":"Sundial"},{"floor":38,"key":"Ginger"},{"floor":40,"key":"HollowMod:MillibellesNoteRelic"},{"floor":40,"key":"Bottled Tornado"},{"floor":43,"key":"Meat on the Bone"},{"floor":45,"key":"Whetstone"},{"floor":45,"key":"Nunchaku"},{"floor":47,"key":"aspiration:HiddenCompartment"},{"floor":48,"key":"HollowMod:StagPassRelic"},{"floor":48,"key":"CeramicFish"},{"floor":54,"key":"Orichalcum"},{"floor":54,"key":"Anchor"}],"event_choices":[{"damage_healed":0,"gold_gain":0,"player_choice":"Donut","damage_taken":0,"max_hp_gain":5,"max_hp_loss":0,"event_name":"Big Fish","floor":4,"gold_loss":0},{"damage_healed":0,"gold_gain":0,"player_choice":"Became a vampire","damage_taken":0,"max_hp_gain":0,"max_hp_loss":15,"event_name":"Vampires","floor":19,"gold_loss":0,"cards_obtained":["Bite","Bite","Bite"]},{"damage_healed":0,"gold_gain":0,"cards_transformed":["HollowMod:QuickDashStart"],"player_choice":"Transformed","damage_taken":0,"max_hp_gain":0,"max_hp_loss":0,"event_name":"Transmorgrifier","floor":20,"gold_loss":0,"cards_obtained":["HollowMod:LifebloodCocoon"]},{"cards_removed":["HollowMod:FocusHealStart"],"damage_healed":0,"gold_gain":0,"player_choice":"Offered Basic","damage_taken":0,"max_hp_gain":0,"max_hp_loss":0,"event_name":"Bonfire Elementals","floor":31,"gold_loss":0},{"damage_healed":0,"gold_gain":0,"player_choice":"Fight","damage_taken":0,"max_hp_gain":0,"max_hp_loss":0,"event_name":"Mysterious Sphere","floor":38,"gold_loss":0},{"damage_healed":0,"gold_gain":0,"player_choice":"Ignored","damage_taken":0,"max_hp_gain":0,"max_hp_loss":0,"event_name":"Tomb of Lord Red Mask","floor":39,"gold_loss":0}],"is_beta":false,"boss_relics":[{"not_picked":["Runic Pyramid","Runic Dome"],"picked":"Black Star"},{"not_picked":["aspiration:BursterCore","SlaversCollar"],"picked":"Busted Crown"}],"items_purged_floors":[22,36,41],"is_endless":false,"potions_floor_spawned":[5,8,10,12,14,16,23,29,37,40,48,54],"ascension_level":1}}