{"host":"i58uscbei3sy5089","time":1610815762,"event":{"mods":["ATMod(°¢èªMod)","Act Like it!","Arknights The Spire","BaseMod","Challenge The Spire","Colored Powertips","Conspire","Infinite Spire","Lobotomy","LobotomyExtend","Minty Spire (QoL Compilation)","MostiFishMod","Quick Restart","Replay The Spire","Shop Mod","Spicy Shops","StSLib","TestMod","UnlockEverythingMod","[IsaacMod]ÒÔÈö¼âËþ","vexMod","¡¾¹¦ÄÜMod¡¿»ìãçÖ®»·ÐÞ¸´²¹¶¡","¡¾ÒÅÎï¿¨ÅÆ¡¿REMEMod","óô»ðÖ¸ÄÏ"],"gold_per_floor":[118,118,128,4,4,4,35,52,52,52,78,108,120,154,79,177,177,177,187,205,41,53,53,53,83,83,83,83,101,119,323,323,323,425],"floor_reached":35,"language":"ZHS","playtime":2837,"items_purged":["QueenOfHatred","Funeral"],"score":556,"play_id":"7b89779a-85c2-4a92-ab35-33975ffdd550","local_time":"20210117004922","is_ascension_mode":true,"campfire_choices":[{"data":"ats:Roar Of Ursus","floor":6.0,"key":"SMITH"},{"data":"testmod-VirtualReality","floor":10.0,"key":"SMITH"},{"floor":24,"key":"REST"},{"data":"ats:Volcano","floor":26,"key":"SMITH"},{"data":"ats:Soul Absorption","floor":33,"key":"SMITH"}],"circlet_count":0,"master_deck":["Woodsman","HereticApostle","testmod-VirtualReality+1","testmod-BloodBlade","ats:Thorns+1","Scorched","ats:Volcano+1","ats:Volcano","ats:Soul Absorption+1","WhiteNight"],"relics":["ats:Sanity","testmod-TestBox","HushsDoor","DaveBox","AT_ATBox","REME_ComplimentaryCards","CogitoBucket","RabbitCall","ImprovedEquipment","D6","testmod-CrystalShield","SynthV:TestCard","SolemnVow_r","ats:Originium","Lamp_r","Onion Ring","InTheNameOfLoveAndHate_r","testmod-CasingShield","testmod-Temperance","Gaze_r","LetterFromLob","MerchantsRug","SkinProphecy","TuHaoJin","Sundial","Torii","Logging_r"],"acts_visited":["Exordium","TheCity"],"potions_floor_usage":[],"damage_taken":[{"damage":13.0,"enemies":"Jaw Worm","floor":1.0,"turns":3.0},{"damage":4.0,"enemies":"2 Louse","floor":3.0,"turns":3.0},{"damage":0.0,"enemies":"Gremlin Nob","floor":7.0,"turns":7.0},{"damage":0.0,"enemies":"conspire:RoseBush","floor":8.0,"turns":11.0},{"damage":0.0,"enemies":"3 Sentries","floor":11.0,"turns":6.0},{"damage":0.0,"enemies":"The Mushroom Lair","floor":12.0,"turns":6.0},{"damage":38.0,"enemies":"Looter","floor":13.0,"turns":19.0},{"damage":0.0,"enemies":"Lagavulin","floor":14.0,"turns":3.0},{"damage":0.0,"enemies":"Hexaghost","floor":16.0,"turns":7.0},{"damage":0.0,"enemies":"2 Thieves","floor":18.0,"turns":3.0},{"damage":0.0,"enemies":"Jaw Worm","floor":19.0,"turns":2.0},{"damage":5.0,"enemies":"2 Louse","floor":20.0,"turns":2.0},{"damage":72,"enemies":"Cultist","floor":22,"turns":5},{"damage":0,"enemies":"3 Sentries","floor":25,"turns":3},{"damage":5,"enemies":"Red Slaver","floor":29,"turns":2},{"damage":0,"enemies":"2 Fungi Beasts","floor":30,"turns":1},{"damage":25,"enemies":"Hexaghost","floor":34,"turns":14}],"seed_played":"5562923903969340453","potions_obtained":[{"floor":8.0,"key":"Energy Potion"},{"floor":11.0,"key":"SpeedPotion"},{"floor":13.0,"key":"FearPotion"},{"floor":22,"key":"PowerPotion"},{"floor":30,"key":"Dexterity Potion"}],"is_trial":false,"path_per_floor":["M","?","M","$","?","R","E","M","T","R","E","?","M","E","R","B",null,"M","M","M","$","M","?","R","E","R","T","?","M","M","$","?","R","B",null],"character_chosen":"DOCTOR_CLASS","items_purchased":["ReplayTheSpireMod:ShopPack","ats:Volcano","MerchantsRug"],"campfire_rested":1,"item_purchase_floors":[4,17,21],"current_hp_per_floor":[59,72,70,70,70,70,72,72,72,72,72,72,36,43,43,48,68,68,68,63,63,20,20,40,60,60,60,60,57,65,65,53,53,76],"gold":425,"neow_bonus":"REMOVE_CARD","is_daily":false,"chose_seed":false,"campfire_upgraded":4,"win_rate":0.0,"timestamp":1610815762,"path_taken":["M","?","M","$","?","R","E","M","T","R","E","?","M","E","R","BOSS","M","M","?","$","M","?","R","E","R","T","?","M","M","$","?","R","BOSS"],"items_purchased_type":["Relic","Card","Relic"],"build_version":"2020-12-22","purchased_purges":2,"victory":true,"max_hp_per_floor":[72,72,72,72,72,72,72,72,72,72,72,72,72,72,72,72,68,68,68,68,68,68,68,68,70,70,70,70,72,74,74,74,74,76],"card_choices":[{"not_picked":[],"picked":"ChaosCard","floor":0.0},{"not_picked":["SingingMachine","MeatLantern","BeautyBeast"],"picked":"Singing Bowl","floor":1.0},{"not_picked":["FairyFestival","BeautyBeast"],"picked":"Funeral","floor":1.0},{"not_picked":["ats:Revitalization","ats:Ignite"],"picked":"ats:Roar Of Ursus","floor":1.0},{"not_picked":["WallGazer","OldLady"],"picked":"QueenOfHatred","floor":3.0},{"not_picked":["ats:Childhood Dance","ats:Leaping Hammer","ats:Neurotoxin","ats:Disruption Kick","ats:Curse Doll"],"picked":"SKIP","floor":3.0},{"not_picked":["Deep Breath","testmod-TemporaryDeletion","testmod-BackupPower","Jack Of All Trades"],"picked":"testmod-VirtualReality","floor":4.0},{"not_picked":["ReplayTheSpireMod:Necrogeddon","Crow Ritual","ReplayTheSpireMod:Private Reserves","ReplayUltimateDefense"],"picked":"testmod-LimitFlipper","floor":4.0},{"not_picked":["AT_TearsDenial","testmod-Dream","Violence","Battery"],"picked":"testmod-BloodBlade","floor":4.0},{"not_picked":["Murderer","CherryBlossoms","BeautyBeast"],"picked":"Singing Bowl","floor":7.0},{"not_picked":["Bloodbath","Porccubus"],"picked":"BigBird","floor":7.0},{"not_picked":["ats:Shadow Raid","ats:Apocalypse","ats:Dogmatic Field","ats:Composite Medical Shells","ats:Assault Order"],"picked":"SKIP","floor":7.0},{"not_picked":["Yin","WallGazer","PunishingBird"],"picked":"Singing Bowl","floor":8.0},{"not_picked":["ats:Ignite","ats:Curse Doll","ats:Cat Scratch","ats:Hammer On","ats:Thermite Blade"],"picked":"SKIP","floor":8.0},{"not_picked":["Alriune","Bloodbath","VoidDream"],"picked":"Singing Bowl","floor":11.0},{"not_picked":["ats:Blood Oath","ats:Flexible Camouflage","ats:Very Hot Blade","ats:Poison Spread","ats:Shadow Assault"],"picked":"SKIP","floor":11.0},{"not_picked":["HeroicMonk","ShyLook"],"picked":"Scorched","floor":12.0},{"not_picked":["CherryBlossoms","Bloodbath"],"picked":"Scorched","floor":13.0},{"not_picked":["ats:Revitalization","ats:Consecutive Shot Auto","ats:Shell Defense","ats:Powerful Strike"],"picked":"Bomb","floor":13.0},{"not_picked":["Laetitia","UniverseFragment","CherryBlossoms"],"picked":"Singing Bowl","floor":14.0},{"not_picked":["ats:Curse Doll","ats:Durian","ats:Overload","ats:Support Order","ats:Apocalypse"],"picked":"SKIP","floor":14.0},{"not_picked":["WallGazer","Variant","ShyLook"],"picked":"Singing Bowl","floor":16.0},{"not_picked":["ats:True Silver Slash","ats:Rat Pack","ats:Durian","ats:Disruption Kick"],"picked":"ats:Wolf Pack","floor":16.0},{"not_picked":["PunishingBird","Yin"],"picked":"MeltingLove","floor":19.0},{"not_picked":["ats:Hook Shot","ats:Flexible Camouflage","ats:Shadow Raid","ats:Leaping Hammer"],"picked":"ats:Volcano","floor":19.0},{"not_picked":["NakedNest","ShyLook"],"picked":"Woodsman","floor":20.0},{"not_picked":["ats:Powerful Strike","ats:Collapsing Strike","ats:Encircling Forest","ats:Revitalization","ats:Assault Order"],"picked":"SKIP","floor":20.0},{"not_picked":["Bloodbath","BigBadWolf","CrumblingArmor"],"picked":"Singing Bowl","floor":22},{"not_picked":["ats:Leaping Hammer","ats:Collapsing Strike","ats:Explosion Area Strengthen","ats:Consecutive Shot Auto","ats:Assault Order"],"picked":"SKIP","floor":22},{"not_picked":["Porccubus","GalaxyChild","OSAHOGD"],"picked":"Singing Bowl","floor":25},{"not_picked":["ats:Song Of Battle","ats:Disruption Kick","ats:Assault Order","ats:Leaping Hammer","ats:Guardian Obelisk"],"picked":"SKIP","floor":25},{"not_picked":["Porccubus","Laetitia","BlackArmy"],"picked":"Singing Bowl","floor":29},{"not_picked":["ats:Consecutive Shot Auto","ats:Hook Shot","ats:Cat Scratch","ats:Collapsing Strike","ats:Hammer On"],"picked":"SKIP","floor":29},{"not_picked":["ats:Durian","ats:Flexible Camouflage","ats:Hook Shot","ats:Cat Scratch"],"picked":"ats:Soul Absorption","floor":30},{"not_picked":["PunishingBird","Yin","Funeral"],"picked":"Singing Bowl","floor":30},{"not_picked":["Funeral","NothingThere"],"picked":"WhiteNight","floor":30},{"not_picked":["HeroicMonk","PunishingBird","Variant"],"picked":"Singing Bowl","floor":34}],"player_experience":596712,"relics_obtained":[{"floor":1.0,"key":"SynthV:TestCard"},{"floor":1.0,"key":"LetterFromLob"},{"floor":7.0,"key":"ats:Originium"},{"floor":7.0,"key":"TheBible"},{"floor":9.0,"key":"Onion Ring"},{"floor":11.0,"key":"ats:Originium"},{"floor":11.0,"key":"SatanicBible"},{"floor":12.0,"key":"Odd Mushroom"},{"floor":14.0,"key":"ats:Originium"},{"floor":14.0,"key":"testmod-CasingShield"},{"floor":19.0,"key":"LetterFromLob"},{"floor":25,"key":"TuHaoJin"},{"floor":27,"key":"Sundial"}],"event_choices":[{"damage_healed":0.0,"max_hp_gain":0.0,"max_hp_loss":0.0,"gold_gain":0.0,"event_name":"Mushrooms","player_choice":"Fought Mushrooms","floor":12.0,"gold_loss":0.0,"damage_taken":0.0},{"damage_healed":0,"gold_gain":0,"player_choice":"Ignored","damage_taken":0,"max_hp_gain":0,"max_hp_loss":0,"event_name":"Liars Game","floor":28,"gold_loss":0},{"damage_healed":0,"gold_gain":0,"player_choice":"Success","damage_taken":12,"relics_obtained":["Torii"],"max_hp_gain":0,"max_hp_loss":0,"event_name":"Scrap Ooze","floor":32,"gold_loss":0}],"is_beta":false,"boss_relics":[{"not_picked":["Kintsugi","testmod-HarvestTotem"],"picked":"testmod-Temperance"},{"not_picked":[]}],"items_purged_floors":[15,21],"is_endless":false,"potions_floor_spawned":[8,11,13,14,18,20,22,30],"ascension_level":1}}