{"host":"hzinic87vu8p95wn","time":1610806905,"event":{"mods":["BaseMod","Minty Spire (QoL Compilation)"],"gold_per_floor":[115,129,129,129,24,24,55,55,108,146,146,120,145,166,166,260,260,281,150,75,75,90,90,90,14,14,28,28,62,95,131,143,253,328,353,698,262,275,286,286,161,176,176,196,211,211,245,245,245,245,245],"floor_reached":50,"language":"ENG","playtime":2837,"items_purged":["Strike_B","Defend_B","Defend_B"],"score":975,"play_id":"f68f6b18-bce7-470e-81f5-30ea5422534b","local_time":"20210117012145","is_ascension_mode":true,"campfire_choices":[{"floor":6.0,"key":"REST"},{"data":"Hologram","floor":8.0,"key":"SMITH"},{"floor":11.0,"key":"REST"},{"data":"White Noise","floor":15.0,"key":"SMITH"},{"floor":23.0,"key":"REST"},{"floor":28.0,"key":"REST"},{"floor":32.0,"key":"REST"},{"floor":40.0,"key":"REST"},{"floor":46.0,"key":"REST"},{"floor":49,"key":"REST"}],"circlet_count":0,"master_deck":["AscendersBane","Strike_B","Strike_B","Defend_B","Defend_B","Zap+1","Dualcast","Cold Snap","Hologram+1","Seek","Skim","Ball Lightning","Coolheaded","Gash","Conserve Battery","White Noise+1","Gash","Beam Cell","All For One","Streamline","Go for the Eyes+1","Turbo+1","FTL","Rebound+1","Scrape+1","Conserve Battery","Sweeping Beam","Glacier","Apotheosis","White Noise+1","Parasite","Redo+1","White Noise"],"relics":["Cracked Core","Eternal Feather","Dream Catcher","Mummified Hand","SlaversCollar","MealTicket","MawBank","Tiny House","Medical Kit","Blood Vial","DataDisk"],"acts_visited":["Exordium","TheCity","TheBeyond"],"potions_floor_usage":[50],"damage_taken":[{"damage":0.0,"enemies":"Small Slimes","floor":1.0,"turns":2.0},{"damage":0.0,"enemies":"Jaw Worm","floor":2.0,"turns":4.0},{"damage":17.0,"enemies":"3 Sentries","floor":7.0,"turns":8.0},{"damage":42.0,"enemies":"Gremlin Nob","floor":10.0,"turns":4.0},{"damage":0.0,"enemies":"Cultist","floor":13.0,"turns":2.0},{"damage":0.0,"enemies":"Exordium Thugs","floor":14.0,"turns":2.0},{"damage":37.0,"enemies":"Slime Boss","floor":16.0,"turns":9.0},{"damage":36.0,"enemies":"2 Thieves","floor":18.0,"turns":4.0},{"damage":16.0,"enemies":"3 Byrds","floor":22.0,"turns":5.0},{"damage":15.0,"enemies":"Snake Plant","floor":27.0,"turns":3.0},{"damage":1.0,"enemies":"Gremlin Leader","floor":29.0,"turns":6.0},{"damage":10.0,"enemies":"Centurion and Healer","floor":30.0,"turns":5.0},{"damage":31.0,"enemies":"3 Cultists","floor":31.0,"turns":5.0},{"damage":78.0,"enemies":"Automaton","floor":33.0,"turns":10.0},{"damage":30.0,"enemies":"3 Darklings","floor":35.0,"turns":5.0},{"damage":2.0,"enemies":"3 Shapes","floor":38.0,"turns":3.0},{"damage":30.0,"enemies":"Transient","floor":39.0,"turns":6.0},{"damage":16.0,"enemies":"Jaw Worm Horde","floor":42.0,"turns":6.0},{"damage":12.0,"enemies":"Writhing Mass","floor":44.0,"turns":10.0},{"damage":41.0,"enemies":"Sphere and 2 Shapes","floor":45.0,"turns":14.0},{"damage":14,"enemies":"Nemesis","floor":47,"turns":6},{"damage":103,"enemies":"Time Eater","floor":50,"turns":13}],"seed_played":"2519643586918530085","potions_obtained":[{"floor":2.0,"key":"Explosive Potion"},{"floor":10.0,"key":"GamblersBrew"},{"floor":13.0,"key":"BlessingOfTheForge"},{"floor":14.0,"key":"FairyPotion"},{"floor":27.0,"key":"Ancient Potion"},{"floor":33.0,"key":"Regen Potion"},{"floor":34.0,"key":"PowerPotion"},{"floor":38.0,"key":"DistilledChaos"},{"floor":39.0,"key":"EntropicBrew"},{"floor":45.0,"key":"Explosive Potion"},{"floor":47,"key":"DistilledChaos"}],"is_trial":false,"path_per_floor":["M","M","?","?","$","R","E","R","T","E","R","$","M","M","R","B",null,"M","$","?","?","M","R","?","$","T","M","R","E","M","M","R","B",null,"M","?","$","M","M","R","$","M","T","M","M","R","E","?","R","B"],"character_chosen":"DEFECT","items_purchased":["Ball Lightning","Coolheaded","Gash","Go for the Eyes","FTL","Medical Kit","Apotheosis"],"campfire_rested":8,"item_purchase_floors":[5,5,12,19,25,37,37],"current_hp_per_floor":[64,64,40,40,40,61,44,53,53,11,41,41,41,41,53,16,57,21,21,21,21,5,38,52,52,52,37,71,70,60,29,65,8,60,44,44,59,57,27,67,76,60,60,50,11,51,39,39,76,0,0],"gold":245,"neow_bonus":"UPGRADE_CARD","is_daily":false,"chose_seed":false,"campfire_upgraded":2,"win_rate":0.0,"timestamp":1610806905,"path_taken":["M","M","?","?","$","R","E","R","T","E","R","$","M","?","R","BOSS","M","$","?","?","M","R","?","$","T","M","R","E","?","M","R","BOSS","M","?","$","M","M","R","$","M","T","M","M","R","E","?","R","BOSS"],"items_purchased_type":["Card","Card","Card","Card","Card","Relic","Card"],"build_version":"2020-12-22","purchased_purges":3,"victory":false,"max_hp_per_floor":[71,71,71,71,71,71,71,71,71,71,71,71,71,71,71,71,71,71,71,71,71,71,71,71,71,71,71,71,71,71,71,71,71,76,76,76,76,76,76,76,76,76,76,76,76,76,76,76,76,76,76],"card_choices":[{"not_picked":["Go for the Eyes","Auto Shields"],"picked":"Cold Snap","floor":1.0},{"not_picked":["Hello World","Double Energy"],"picked":"Hologram","floor":2.0},{"not_picked":["Turbo","Force Field"],"picked":"Gash","floor":7.0},{"not_picked":["Consume","Undo"],"picked":"Conserve Battery","floor":10.0},{"not_picked":["Stack","Leap"],"picked":"White Noise","floor":11.0},{"not_picked":["Redo","Biased Cognition","Turbo"],"picked":"SKIP","floor":13.0},{"not_picked":["Hologram","Skim"],"picked":"Beam Cell","floor":14.0},{"not_picked":["Biased Cognition","Buffer"],"picked":"All For One","floor":16.0},{"not_picked":["Fusion","Steam"],"picked":"Streamline","floor":18.0},{"not_picked":["Leap","Beam Cell"],"picked":"Turbo+1","floor":22.0},{"not_picked":["Heatsinks","Cold Snap"],"picked":"Rebound+1","floor":27.0},{"not_picked":["Streamline","Coolheaded"],"picked":"Scrape+1","floor":28.0},{"not_picked":["Go for the Eyes","Compile Driver","Leap"],"picked":"SKIP","floor":29.0},{"not_picked":["Go for the Eyes","Barrage"],"picked":"Conserve Battery","floor":30.0},{"not_picked":["Rainbow","Chaos","Stack"],"picked":"SKIP","floor":31.0},{"not_picked":["Leap","Conserve Battery"],"picked":"Sweeping Beam","floor":32.0},{"not_picked":["Coolheaded","Barrage"],"picked":"Glacier","floor":34.0},{"not_picked":["Cold Snap+1","Fusion","Hologram"],"picked":"SKIP","floor":35.0},{"not_picked":["Chaos+1","Sunder","Coolheaded"],"picked":"SKIP","floor":38.0},{"not_picked":["Heatsinks","Self Repair"],"picked":"White Noise+1","floor":39.0},{"not_picked":["Stack","Barrage+1","BootSequence"],"picked":"SKIP","floor":42.0},{"not_picked":["Static Discharge","Redo","Gash"],"picked":"SKIP","floor":44.0},{"not_picked":["Scrape","Go for the Eyes","Ball Lightning"],"picked":"SKIP","floor":45.0},{"not_picked":["All For One","BootSequence+1"],"picked":"Redo+1","floor":47},{"not_picked":["Conserve Battery","Go for the Eyes"],"picked":"White Noise","floor":49}],"player_experience":1571668,"relics_obtained":[{"floor":7.0,"key":"Eternal Feather"},{"floor":9.0,"key":"Dream Catcher"},{"floor":10.0,"key":"Mummified Hand"},{"floor":26.0,"key":"MealTicket"},{"floor":29.0,"key":"MawBank"},{"floor":43.0,"key":"Blood Vial"},{"floor":47,"key":"DataDisk"}],"event_choices":[{"damage_healed":0.0,"max_hp_gain":0.0,"max_hp_loss":0.0,"gold_gain":0.0,"event_name":"Golden Idol","player_choice":"Take Damage","floor":3.0,"gold_loss":0.0,"damage_taken":24.0,"relics_obtained":["Golden Idol"]},{"damage_healed":0.0,"max_hp_gain":0.0,"max_hp_loss":0.0,"gold_gain":0.0,"event_name":"Match and Keep!","player_choice":"2 cards matched","floor":4.0,"gold_loss":0.0,"damage_taken":0.0,"cards_obtained":["Seek","Skim"]},{"cards_removed":["Strike_B"],"damage_healed":0.0,"max_hp_gain":0.0,"max_hp_loss":0.0,"gold_gain":0.0,"event_name":"Beggar","player_choice":"Gave Gold","floor":20.0,"gold_loss":75.0,"damage_taken":0.0},{"damage_healed":0.0,"max_hp_gain":0.0,"max_hp_loss":0.0,"gold_gain":0.0,"event_name":"Ghosts","player_choice":"Ignored","floor":21.0,"gold_loss":0.0,"damage_taken":0.0},{"damage_healed":14.0,"max_hp_gain":0.0,"max_hp_loss":0.0,"gold_gain":0.0,"event_name":"The Library","player_choice":"Heal","floor":24.0,"gold_loss":0.0,"damage_taken":0.0},{"damage_healed":0.0,"max_hp_gain":0.0,"max_hp_loss":0.0,"gold_gain":333.0,"event_name":"The Moai Head","player_choice":"Gave Idol","floor":36.0,"relics_lost":["Golden Idol"],"gold_loss":0.0,"damage_taken":0.0},{"damage_healed":0,"gold_gain":0,"player_choice":"Memory 1","damage_taken":0,"max_hp_gain":0,"max_hp_loss":0,"event_name":"SensoryStone","floor":48,"gold_loss":0}],"is_beta":false,"boss_relics":[{"not_picked":["Cursed Key","FrozenCore"],"picked":"SlaversCollar"},{"not_picked":["Pandora\u0027s Box","Velvet Choker"],"picked":"Tiny House"}],"items_purged_floors":[19,37,41],"is_endless":false,"potions_floor_spawned":[2,10,13,14,27,33,38,39,45,47],"killed_by":"Time Eater","ascension_level":18}}