{"host":"ydujlihd8f5px9gp","time":1610819596,"event":{"mods":["AchievementEnabler","BaseMod","Block Reminder","Colored Map","Minty Spire (QoL Compilation)","ojb\u0027s Info Mod"],"gold_per_floor":[113,131,148,148,160,160,170,204,204,234,234,246,65,65,65,65,65],"floor_reached":16,"language":"ENG","playtime":673,"items_purged":[],"score":143,"play_id":"1bb422f5-823d-4594-b9b8-667e5dca8f38","local_time":"20210116155316","is_ascension_mode":true,"campfire_choices":[{"data":"Eruption","floor":6,"key":"SMITH"},{"data":"TalkToTheHand","floor":11,"key":"SMITH"},{"floor":15,"key":"REST"}],"circlet_count":0,"master_deck":["Strike_P","Strike_P","Strike_P","Strike_P","Defend_P","Defend_P","Defend_P","Eruption+1","Vigilance","Adaptation","LikeWater","FollowUp","TalkToTheHand+1","Wallop","Crescendo"],"relics":["PureWater","Nunchaku","Darkstone Periapt","FossilizedHelix","Tiny Chest"],"acts_visited":["Exordium"],"potions_floor_usage":[7,8,10],"damage_taken":[{"damage":0,"enemies":"Cultist","floor":1,"turns":2},{"damage":0,"enemies":"Small Slimes","floor":2,"turns":3},{"damage":3,"enemies":"Jaw Worm","floor":3,"turns":4},{"damage":2,"enemies":"Looter","floor":5,"turns":3},{"damage":0,"enemies":"Lots of Slimes","floor":7,"turns":4},{"damage":32,"enemies":"3 Sentries","floor":8,"turns":4},{"damage":16,"enemies":"Gremlin Nob","floor":10,"turns":4},{"damage":0,"enemies":"2 Fungi Beasts","floor":12,"turns":3},{"damage":51,"enemies":"Hexaghost","floor":16,"turns":9}],"seed_played":"3759099881581928679","potions_obtained":[{"floor":1,"key":"BlessingOfTheForge"},{"floor":5,"key":"CultistPotion"},{"floor":7,"key":"ColorlessPotion"}],"is_trial":false,"path_per_floor":["M","M","M","?","M","R","M","E","T","E","R","M","$","?","R","B"],"character_chosen":"WATCHER","items_purchased":["Crescendo","Tiny Chest"],"campfire_rested":1,"item_purchase_floors":[13,13],"current_hp_per_floor":[65,65,62,62,60,60,60,28,28,12,12,12,12,17,44,0,0],"gold":65,"neow_bonus":"TWENTY_PERCENT_HP_BONUS","is_daily":false,"chose_seed":false,"campfire_upgraded":2,"win_rate":0.0,"timestamp":1610819596,"path_taken":["M","M","M","?","?","R","M","E","T","E","R","M","$","?","R","BOSS"],"items_purchased_type":["Card","Relic"],"build_version":"2020-12-22","purchased_purges":0,"victory":false,"max_hp_per_floor":[86,86,86,86,86,86,86,86,86,86,86,86,86,91,91,91,91],"card_choices":[{"not_picked":["ReachHeaven","FlurryOfBlows"],"picked":"Adaptation","floor":1},{"not_picked":["Swivel","Consecrate"],"picked":"LikeWater","floor":2},{"not_picked":["Sanctity","Evaluate"],"picked":"FollowUp","floor":3},{"not_picked":["CutThroughFate","WindmillStrike","JustLucky"],"picked":"SKIP","floor":5},{"not_picked":["ClearTheMind","FlyingSleeves","EmptyBody"],"picked":"SKIP","floor":7},{"not_picked":["Fasting2","DevaForm","InnerPeace"],"picked":"SKIP","floor":8},{"not_picked":["Conclude","ThirdEye"],"picked":"TalkToTheHand","floor":10},{"not_picked":["Sanctity","Protect"],"picked":"Wallop","floor":12}],"player_experience":133948,"relics_obtained":[{"floor":8,"key":"Nunchaku"},{"floor":9,"key":"Darkstone Periapt"},{"floor":10,"key":"FossilizedHelix"}],"event_choices":[{"cards_removed":["Defend_P"],"damage_healed":0,"gold_gain":0,"player_choice":"Purged","damage_taken":0,"max_hp_gain":0,"max_hp_loss":0,"event_name":"Purifier","floor":4,"gold_loss":0},{"damage_healed":0,"gold_gain":0,"player_choice":"Donut","damage_taken":0,"max_hp_gain":5,"max_hp_loss":0,"event_name":"Big Fish","floor":14,"gold_loss":0}],"is_beta":false,"boss_relics":[],"items_purged_floors":[],"is_endless":false,"potions_floor_spawned":[1,5,7],"killed_by":"Hexaghost","ascension_level":1}}