{"host":"fre309isb0zq7f4i","time":1610830580,"event":{"mods":["BaseMod","Beaked The Cultist","Downfall","Mad Scientist","Minty Spire (QoL Compilation)","Quick Restart","StSLib","The Construct","The Mystic","The Senshi","The Servant 0.9.4","The Witch"],"gold_per_floor":[113,60,77,94,111,111,111,111,111],"floor_reached":8,"language":"ENG","playtime":831,"items_purged":[],"score":48,"play_id":"7820cce2-d2db-4055-8126-c279356dc2dc","local_time":"20210116135620","is_ascension_mode":false,"campfire_choices":[{"data":"theSenshi:RoseThrow","floor":6,"key":"SMITH"}],"circlet_count":0,"master_deck":["theSenshi:SailorKick","theSenshi:SailorKick","theSenshi:SailorKick","theSenshi:SailorKick","theSenshi:SailorBlock","theSenshi:SailorBlock","theSenshi:SailorBlock","theSenshi:SailorBlock","theSenshi:RoseThrow+1","theSenshi:MoonPrismPowerMakeUp","theSenshi:EncouragingSpeech","theSenshi:TuxedoSmokingBomber"],"relics":["theSenshi:TransformationBroochRelic"],"acts_visited":["Exordium"],"potions_floor_usage":[],"damage_taken":[{"damage":0,"enemies":"Jaw Worm","floor":1,"turns":3},{"damage":0,"enemies":"Small Slimes","floor":3,"turns":3},{"damage":6,"enemies":"Cultist","floor":4,"turns":5},{"damage":48,"enemies":"Exordium Thugs","floor":5,"turns":8},{"damage":31,"enemies":"Gremlin Nob","floor":8,"turns":4}],"seed_played":"-5735887233777874204","potions_obtained":[{"floor":1,"key":"Dexterity Potion"},{"floor":5,"key":"Swift Potion"}],"is_trial":false,"path_per_floor":["M","$","M","M","M","R","?","E"],"character_chosen":"THE_SENSHI","items_purchased":["theSenshi:EncouragingSpeech"],"campfire_rested":0,"item_purchase_floors":[2],"current_hp_per_floor":[82,82,82,76,28,28,28,0,0],"gold":111,"neow_bonus":"TEN_PERCENT_HP_BONUS","is_daily":false,"chose_seed":false,"campfire_upgraded":1,"win_rate":0.0,"timestamp":1610830580,"path_taken":["M","$","M","M","M","R","?","E"],"items_purchased_type":["Card"],"build_version":"2020-12-22","purchased_purges":0,"victory":false,"max_hp_per_floor":[82,82,82,82,82,82,82,82,82],"card_choices":[{"not_picked":["theSenshi:VenusGlamour","theSenshi:SailorPlanetPower","theSenshi:MoonKick"],"picked":"SKIP","floor":1},{"not_picked":["theSenshi:SupersonicWaves","theSenshi:LunasBite"],"picked":"theSenshi:TuxedoSmokingBomber","floor":3},{"not_picked":["theSenshi:SailorStarMakerAssists","theSenshi:MoonKick","theSenshi:SailorMercuryAssists"],"picked":"SKIP","floor":4},{"not_picked":["theSenshi:SchoolBag","theSenshi:SailorStarFighterAssists","theSenshi:SailorMercuryAssists"],"picked":"SKIP","floor":5}],"player_experience":186164,"relics_obtained":[],"event_choices":[{"damage_healed":0,"gold_gain":0,"player_choice":"Ignored","damage_taken":0,"max_hp_gain":0,"max_hp_loss":0,"event_name":"Golden Wing","floor":7,"gold_loss":0}],"is_beta":false,"boss_relics":[],"items_purged_floors":[],"is_endless":false,"potions_floor_spawned":[1,5],"killed_by":"Gremlin Nob","ascension_level":0}}