{"host":"Nexxot","time":1610813688,"event":{"mods":["AchievementEnabler","BaseMod","Colored Map","Highlight Path","Minty Spire (QoL Compilation)","Relic Stats","StSLib"],"gold_per_floor":[117,117,117,135,147,147,157,187,256,23,47,74,74,24,24,127,127,114,114,114,133,150,176,190,213,264,264,298,298,311,338,338,433,433,445,74,90,100,100,126,138,188,234,1,1,26,26,26,26,26,26,26,26,54,54],"floor_reached":56,"language":"ENG","playtime":2732,"items_purged":["Reprogram"],"score":1754,"play_id":"d5098c88-a420-415d-9320-1a8e7dae5932","local_time":"20210116171448","is_ascension_mode":true,"campfire_choices":[{"data":"Darkness","floor":6.0,"key":"SMITH"},{"data":"Genetic Algorithm","floor":13.0,"key":"SMITH"},{"floor":15.0,"key":"REST"},{"data":"Chaos","floor":29,"key":"SMITH"},{"floor":32,"key":"REST"},{"floor":45,"key":"DIG"},{"data":"Coolheaded","floor":47,"key":"SMITH"},{"floor":49,"key":"RECALL"},{"data":"Apotheosis","floor":52,"key":"SMITH"}],"circlet_count":0,"master_deck":["Zap+1","Dualcast","Darkness+1","Darkness+1","Conserve Battery+1","Genetic Algorithm+1","Self Repair+1","Escape Plan","DevaForm+1","Backflip","Chaos+1","Glacier","Headbutt","Compile Driver+1","Havoc+1","Cold Snap+1","Blur+1","Reaper","Steam","Undo","Creative AI+1","Defragment+1","Defragment+1","Battle Trance+1","Thinking Ahead","Body Slam+1","Meditate","Coolheaded+1","Storm+1","Impervious","Panacea","Apotheosis+1","Secret Technique","Finesse+1"],"relics":["Philosopher\u0027s Stone","Incense Burner","Frozen Egg 2","PrismaticShard","Anchor","Bronze Scales","Runic Dome","War Paint","Nloth\u0027s Gift","Strawberry","Pandora\u0027s Box","Runic Capacitor","Du-Vu Doll","Shovel","Pen Nib","Strange Spoon","Centennial Puzzle","Shuriken","Bag of Preparation"],"acts_visited":["Exordium","TheCity","TheBeyond","TheEnding"],"potions_floor_usage":[30,33,37,41,54,55,55],"damage_taken":[{"damage":11.0,"enemies":"2 Louse","floor":1.0,"turns":3.0},{"damage":3.0,"enemies":"Jaw Worm","floor":4.0,"turns":2.0},{"damage":2.0,"enemies":"Cultist","floor":5.0,"turns":3.0},{"damage":5.0,"enemies":"Red Slaver","floor":7.0,"turns":3.0},{"damage":18.0,"enemies":"Gremlin Nob","floor":8.0,"turns":3.0},{"damage":4.0,"enemies":"Lagavulin","floor":12.0,"turns":5.0},{"damage":21.0,"enemies":"The Guardian","floor":16.0,"turns":8.0},{"damage":31.0,"enemies":"2 Thieves","floor":18.0,"turns":4.0},{"damage":0.0,"enemies":"Shell Parasite","floor":21.0,"turns":3.0},{"damage":35,"enemies":"Cultist and Chosen","floor":22,"turns":9},{"damage":28,"enemies":"Book of Stabbing","floor":23,"turns":4},{"damage":0,"enemies":"Snake Plant","floor":24,"turns":2},{"damage":27,"enemies":"Slavers","floor":28,"turns":6},{"damage":9,"enemies":"Snecko","floor":30,"turns":5},{"damage":23,"enemies":"Book of Stabbing","floor":31,"turns":4},{"damage":0,"enemies":"Champ","floor":33,"turns":9},{"damage":32,"enemies":"3 Darklings","floor":35,"turns":6},{"damage":0,"enemies":"Orb Walker","floor":37,"turns":6},{"damage":8,"enemies":"Maw","floor":38,"turns":8},{"damage":33,"enemies":"Nemesis","floor":40,"turns":9},{"damage":0,"enemies":"Transient","floor":41,"turns":5},{"damage":0,"enemies":"Mind Bloom Boss Battle","floor":42,"turns":7},{"damage":1,"enemies":"Reptomancer","floor":46,"turns":4},{"damage":64,"enemies":"Awakened One","floor":50,"turns":8},{"damage":20,"enemies":"Shield and Spear","floor":54,"turns":6},{"damage":27,"enemies":"The Heart","floor":55,"turns":9}],"seed_played":"-3610691973644909767","potions_obtained":[{"floor":1.0,"key":"Energy Potion"},{"floor":5.0,"key":"Swift Potion"},{"floor":7.0,"key":"Dexterity Potion"},{"floor":16.0,"key":"PowerPotion"},{"floor":30,"key":"Strength Potion"},{"floor":38,"key":"Explosive Potion"},{"floor":42,"key":"EssenceOfSteel"}],"is_trial":false,"path_per_floor":["M","?","?","M","M","R","M","E","T","$","T","E","R","?","R","B",null,"M","?","?","M","M","E","M","T","T","?","E","R","M","E","R","B",null,"M","$","M","M","?","E","M","?","T","$","R","E","R","?","R","B",null,"R","$","E","B",null],"character_chosen":"DEFECT","items_purchased":["PrismaticShard","Self Repair+1","Defragment+1","Runic Capacitor","Regen Potion","Coolheaded","Storm+1","Strange Spoon"],"campfire_rested":2,"item_purchase_floors":[10,10,36,36,36,44,44,44],"current_hp_per_floor":[57,57,57,54,52,52,47,29,29,29,29,35,35,35,57,46,68,47,47,75,75,50,46,56,56,56,56,46,46,47,34,62,72,90,74,74,96,96,96,77,91,96,96,96,96,96,96,86,86,32,80,80,80,80,74],"gold":54,"neow_bonus":"BOSS_RELIC","is_daily":false,"chose_seed":false,"campfire_upgraded":5,"win_rate":0.0,"timestamp":1610813688,"path_taken":["M","?","?","?","M","R","M","E","T","$","?","E","R","?","R","BOSS","M","?","?","M","M","E","?","?","T","?","E","R","?","E","R","BOSS","M","$","?","M","?","E","M","?","T","?","R","E","R","?","R","BOSS","R","$","E","BOSS"],"items_purchased_type":["Relic","Card","Card","Relic","Potion","Card","Card","Relic"],"build_version":"2020-12-18","purchased_purges":1,"victory":true,"max_hp_per_floor":[75,75,75,75,75,75,75,75,75,75,75,75,75,75,75,75,75,75,75,75,75,75,89,89,89,89,89,96,96,96,96,96,96,96,96,96,96,96,96,96,96,96,96,96,96,96,96,96,96,96,96,96,96,96,96],"relic_stats":{"Strange Spoon":[17],"Centennial Puzzle":[12],"Shovel":1,"counters":[26,141],"Shuriken":[4],"Bronze Scales":[508],"Pandora\u0027s Box":["Steam","Undo","Creative AI","Defragment","Reprogram"],"Pen Nib":[3],"Nloth\u0027s Gift":4,"Bag of Preparation":[2],"War Paint":["Defend_B","Conserve Battery"],"obtain_stats":[{"Mango":23,"Pen Nib":43,"Incense Burner":8,"Runic Capacitor":36,"Bag of Preparation":54,"Frozen Egg 2":9,"War Paint":25,"PrismaticShard":10,"Du-Vu Doll":40,"Runic Dome":17,"Strange Spoon":44,"Anchor":11,"Centennial Puzzle":45,"Shovel":42,"Shuriken":46,"Bronze Scales":12,"Strawberry":28,"Philosopher\u0027s Stone":0,"Pandora\u0027s Box":34,"Nloth\u0027s Gift":27,"Cracked Core":0},{"Mango":11,"Pen Nib":22,"Incense Burner":5,"Runic Capacitor":17,"Bag of Preparation":25,"Frozen Egg 2":5,"War Paint":12,"PrismaticShard":5,"Du-Vu Doll":20,"Runic Dome":7,"Strange Spoon":22,"Anchor":5,"Centennial Puzzle":22,"Shovel":22,"Shuriken":23,"Bronze Scales":6,"Strawberry":13,"Philosopher\u0027s Stone":0,"Pandora\u0027s Box":16,"Nloth\u0027s Gift":12,"Cracked Core":0},{"Mango":47,"Pen Nib":114,"Incense Burner":14,"Runic Capacitor":79,"Bag of Preparation":132,"Frozen Egg 2":14,"War Paint":49,"PrismaticShard":14,"Du-Vu Doll":102,"Runic Dome":27,"Strange Spoon":114,"Anchor":14,"Centennial Puzzle":114,"Shovel":114,"Shuriken":118,"Bronze Scales":19,"Strawberry":55,"Philosopher\u0027s Stone":0,"Pandora\u0027s Box":73,"Nloth\u0027s Gift":49,"Cracked Core":0}]},"card_choices":[{"not_picked":["Chill","Compile Driver"],"picked":"Darkness","floor":1.0},{"not_picked":["White Noise","Double Energy"],"picked":"Darkness","floor":4.0},{"not_picked":["Stack","Streamline","Steam Power"],"picked":"SKIP","floor":5.0},{"not_picked":["Gash","Stack"],"picked":"Conserve Battery","floor":7.0},{"not_picked":["Aggregate","Lockon"],"picked":"Genetic Algorithm","floor":8.0},{"not_picked":["Dagger Spray","Brilliance"],"picked":"Escape Plan","floor":12.0},{"not_picked":["Meteor Strike","Envenom+1"],"picked":"DevaForm+1","floor":16.0},{"not_picked":["Crescendo+1","Conclude"],"picked":"Backflip","floor":18.0},{"not_picked":["Heavy Blade","Iron Wave"],"picked":"Glacier","floor":21.0},{"not_picked":["Wild Strike+1","EmptyBody"],"picked":"Headbutt","floor":22},{"not_picked":["Bane","Adaptation+1","FearNoEvil"],"picked":"SKIP","floor":23},{"not_picked":["Ghostly Armor","ReachHeaven+1"],"picked":"Compile Driver+1","floor":24},{"not_picked":["Underhanded Strike+1","Rage+1"],"picked":"Havoc+1","floor":28},{"not_picked":["Go for the Eyes+1","Crescendo"],"picked":"Cold Snap+1","floor":30},{"not_picked":["DeusExMachina","Double Tap"],"picked":"Blur+1","floor":31},{"not_picked":["Secret Technique","Sadistic Nature+1"],"picked":"Reaper","floor":33},{"not_picked":["Warcry","FollowUp","Sunder"],"picked":"SKIP","floor":35},{"not_picked":["Poisoned Stab+1","Consecrate"],"picked":"Battle Trance+1","floor":37},{"not_picked":["Fusion+1","Outmaneuver+1"],"picked":"Dagger Throw+1","floor":38},{"not_picked":["FearNoEvil","Combust+1"],"picked":"Thinking Ahead","floor":40},{"not_picked":["Beam Cell+1","Hello World+1"],"picked":"Body Slam+1","floor":41},{"not_picked":["ForeignInfluence","Iron Wave"],"picked":"Meditate","floor":42},{"not_picked":["Envenom+1","Underhanded Strike"],"picked":"Impervious","floor":46},{"not_picked":["Discovery","Deep Breath"],"picked":"Panacea","floor":48},{"not_picked":["Dramatic Entrance","Forethought"],"picked":"Apotheosis","floor":48},{"not_picked":["PanicButton","Good Instincts"],"picked":"Secret Technique","floor":48},{"not_picked":["Lockon+1","Dramatic Entrance"],"picked":"Finesse+1","floor":54}],"player_experience":318577,"relics_obtained":[{"floor":8.0,"key":"Incense Burner"},{"floor":9.0,"key":"Frozen Egg 2"},{"floor":11.0,"key":"Anchor"},{"floor":12.0,"key":"Bronze Scales"},{"floor":23,"key":"Mango"},{"floor":25,"key":"War Paint"},{"floor":28,"key":"Strawberry"},{"floor":40,"key":"Du-Vu Doll"},{"floor":42,"key":"Shovel"},{"floor":43,"key":"Pen Nib"},{"floor":45,"key":"Centennial Puzzle"},{"floor":46,"key":"Shuriken"},{"floor":54,"key":"Bag of Preparation"}],"event_choices":[{"damage_healed":0.0,"max_hp_gain":0.0,"max_hp_loss":0.0,"gold_gain":0.0,"event_name":"Living Wall","player_choice":"Grow","floor":2.0,"gold_loss":0.0,"damage_taken":0.0,"cards_upgraded":["Darkness"]},{"damage_healed":0.0,"max_hp_gain":0.0,"max_hp_loss":0.0,"gold_gain":0.0,"event_name":"Upgrade Shrine","player_choice":"Upgraded","floor":3.0,"gold_loss":0.0,"damage_taken":0.0,"cards_upgraded":["Zap"]},{"cards_removed":["Strike_B"],"damage_healed":0.0,"max_hp_gain":0.0,"max_hp_loss":0.0,"gold_gain":0.0,"event_name":"The Cleric","player_choice":"Card Removal","floor":14.0,"gold_loss":50.0,"damage_taken":0.0},{"damage_healed":0.0,"max_hp_gain":0.0,"max_hp_loss":0.0,"gold_gain":0.0,"cards_transformed":["Strike_B","Strike_B"],"event_name":"Drug Dealer","player_choice":"Became Test Subject","floor":19.0,"gold_loss":0.0,"damage_taken":0.0,"cards_obtained":["Recycle","Chaos"]},{"cards_removed":["Recycle"],"damage_healed":28.0,"max_hp_gain":0.0,"max_hp_loss":0.0,"gold_gain":0.0,"event_name":"Bonfire Elementals","player_choice":"Offered Uncommon","floor":20.0,"gold_loss":0.0,"damage_taken":0.0},{"damage_healed":0,"gold_gain":0,"player_choice":"Traded Relic","damage_taken":0,"relics_obtained":["Nloth\u0027s Gift"],"max_hp_gain":0,"max_hp_loss":0,"event_name":"N\u0027loth","floor":27,"relics_lost":["Mango"],"gold_loss":0},{"cards_removed":["Dagger Throw"],"damage_healed":0,"gold_gain":0,"player_choice":"Removed Attack","damage_taken":0,"max_hp_gain":0,"max_hp_loss":0,"event_name":"Falling","floor":39,"gold_loss":0},{"damage_healed":0,"gold_gain":0,"player_choice":"Fight","damage_taken":0,"max_hp_gain":0,"max_hp_loss":0,"event_name":"MindBloom","floor":42,"gold_loss":0},{"damage_healed":0,"gold_gain":0,"player_choice":"Memory 3","damage_taken":10,"max_hp_gain":0,"max_hp_loss":0,"event_name":"SensoryStone","floor":48,"gold_loss":0}],"is_beta":true,"boss_relics":[{"not_picked":["Coffee Dripper","Tiny House"],"picked":"Runic Dome"},{"not_picked":["Busted Crown","SlaversCollar"],"picked":"Pandora\u0027s Box"}],"items_purged_floors":[36],"is_endless":false,"potions_floor_spawned":[1,5,7,16,18,22,30,38,40,42,46],"ascension_level":8}}