{"host":"ojme7g6xlqwffsso","time":1610810195,"event":{"mods":["BaseMod","Downfall","Minty Spire (QoL Compilation)","Shop Mod","StSLib"],"gold_per_floor":[99,117,133,133,133,58,105,119,153,153,69,69,84,96,116,215,215,115,129,42,53,64,81,105,105,176,176,188,206,206,219,232,232,232,232],"floor_reached":33,"language":"ENG","playtime":2029,"items_purged":[],"score":402,"play_id":"89b73742-5cf7-4ec8-b4c5-51da4313304f","local_time":"20210117001635","is_ascension_mode":true,"campfire_choices":[{"data":"expansioncontent:QuickStudy","floor":1.0,"key":"SMITH"},{"data":"hexamod:Float","floor":6.0,"key":"SMITH"},{"data":"hexamod:SkipABeat","floor":12.0,"key":"SMITH"},{"data":"hexamod:Rewind","floor":18,"key":"SMITH"},{"floor":27,"key":"REST"}],"circlet_count":0,"master_deck":["hexamod:Strike","hexamod:Strike","hexamod:Strike","hexamod:Defend","hexamod:Defend","hexamod:Defend","hexamod:Defend","hexamod:Sear","hexamod:Float+1","expansioncontent:QuickStudy+1","hexamod:SwordOfDarkness","hexamod:ThermalTransfer","hexamod:ShieldOfDarkness","hexamod:SkipABeat+1","hexamod:GhostflameInferno","hexamod:ThirdSeal","hexamod:SpectralAdrenaline","hexamod:Rewind+1","hexamod:SoulSteal","hexamod:FastForward","hexamod:ParanormalForm","hexamod:Toasty","hexamod:GhostOfSpirePast","hexamod:HeatShield+1","hexamod:NecessarySacrifice","hexamod:GiftsFromTheDead","hexamod:Rewind","hexamod:FastForward+1","hexamod:BacktrackSmack","hexamod:Firestarter+1","hexamod:Hexaguard","hexamod:ShieldOfDarkness","hexamod:EmpoweredFlame","hexamod:ApocalypticArmor"],"relics":["hexamod:SpiritBrand","downfall:HeartBlessingBlue","Bronze Scales","Art of War","SlaversCollar","downfall:HeartBlessingGreen","Potion Belt","downfall:KnowingSkull","Bottled Lightning","Nunchaku"],"acts_visited":["Exordium","TheCity"],"potions_floor_usage":[22,26,29,31,32,33],"damage_taken":[{"damage":0.0,"enemies":"2 Louse","floor":2.0,"turns":1.0},{"damage":0.0,"enemies":"Jaw Worm","floor":3.0,"turns":2.0},{"damage":0.0,"enemies":"Cultist","floor":8.0,"turns":3.0},{"damage":0.0,"enemies":"Lagavulin","floor":9.0,"turns":4.0},{"damage":3.0,"enemies":"downfall:FleeingMerchant","floor":11.0,"turns":4.0},{"damage":5.0,"enemies":"Exordium Thugs","floor":13.0,"turns":2.0},{"damage":0.0,"enemies":"Gremlin Gang","floor":14.0,"turns":4.0},{"damage":1.0,"enemies":"Exordium Wildlife","floor":15.0,"turns":4.0},{"damage":25.0,"enemies":"downfall:Ironclad","floor":16.0,"turns":8.0},{"damage":1,"enemies":"Shell Parasite","floor":19,"turns":5},{"damage":10,"enemies":"downfall:FleeingMerchant","floor":20,"turns":4},{"damage":13,"enemies":"Spheric Guardian","floor":21,"turns":4},{"damage":5,"enemies":"Chosen and Byrds","floor":22,"turns":5},{"damage":5,"enemies":"Centurion and Healer","floor":23,"turns":5},{"damage":33,"enemies":"Gremlin Leader","floor":26,"turns":4},{"damage":13,"enemies":"Snake Plant","floor":28,"turns":2},{"damage":25,"enemies":"Cultist and Chosen","floor":29,"turns":5},{"damage":18,"enemies":"Snecko","floor":31,"turns":4},{"damage":5,"enemies":"Sentry and Sphere","floor":32,"turns":7},{"damage":14,"enemies":"WA_ARCHETYPE_CALM","floor":33,"turns":5}],"seed_played":"-3299659717005142379","potions_obtained":[{"floor":2.0,"key":"SteroidPotion"},{"floor":9.0,"key":"Dexterity Potion"},{"floor":10.0,"key":"Fire Potion"},{"floor":10.0,"key":"LiquidBronze"},{"floor":14.0,"key":"LiquidMemories"},{"floor":16.0,"key":"SmokeBomb"},{"floor":21,"key":"SkillPotion"},{"floor":22,"key":"SpeedPotion"},{"floor":29,"key":"SkillPotion"},{"floor":31,"key":"LiquidBronze"},{"floor":32,"key":"BlessingOfTheForge"}],"is_trial":false,"path_per_floor":["R","M","M","?","T","R","T","M","E","?","$","R","M","M","M","B",null,"R","M","$","M","M","M","T","?","E","R","M","M","T","M","M","B"],"character_chosen":"THE_SPIRIT","items_purchased":["hexamod:ThirdSeal","hexamod:NecessarySacrifice"],"campfire_rested":1,"item_purchase_floors":[11,20],"current_hp_per_floor":[45,45,45,45,45,55,55,55,55,55,52,52,47,47,46,21,65,65,64,54,41,46,41,41,34,1,25,12,11,11,3,8,0,0,0],"gold":232,"neow_bonus":"RANDOM_COLORLESS_2","is_daily":false,"chose_seed":false,"campfire_upgraded":4,"win_rate":0.0,"timestamp":1610810195,"path_taken":["R","M","M","?","?","R","T","M","E","?","$","R","M","M","M","BOSS","R","M","$","M","?","M","T","?","E","R","?","M","?","M","M","BOSS"],"items_purchased_type":["Card","Card"],"build_version":"2020-12-22","purchased_purges":0,"victory":false,"max_hp_per_floor":[70,70,70,70,70,80,80,80,80,80,80,80,80,80,80,80,80,80,80,80,80,80,80,80,80,80,80,80,80,80,80,80,80,80,80],"card_choices":[{"not_picked":["Chrysalis","Transmutation"],"picked":"expansioncontent:QuickStudy","floor":0.0},{"not_picked":["hexamod:Haunt","hexamod:ShieldOfDarkness"],"picked":"hexamod:SwordOfDarkness","floor":2.0},{"not_picked":["hexamod:SwordOfDarkness","hexamod:Again"],"picked":"hexamod:ThermalTransfer","floor":3.0},{"not_picked":["hexamod:AdvancingGuard","hexamod:SoulSteal"],"picked":"hexamod:ShieldOfDarkness","floor":8.0},{"not_picked":["hexamod:HexaLevel","hexamod:BurningTouch"],"picked":"hexamod:SkipABeat","floor":9.0},{"not_picked":["hexamod:HeatCrush","hexamod:SecondSeal"],"picked":"hexamod:GhostflameInferno","floor":11.0},{"not_picked":["hexamod:ShieldOfDarkness","hexamod:Haunt"],"picked":"hexamod:SpectralAdrenaline","floor":13.0},{"not_picked":["hexamod:RainOfEmbers","hexamod:GhostLash","hexamod:GhostShield"],"picked":"SKIP","floor":13.0},{"not_picked":["hexamod:GhostLash","hexamod:RainOfEmbers"],"picked":"hexamod:Rewind","floor":14.0},{"not_picked":["hexamod:SecondSeal","hexamod:SpectersWail","hexamod:SpectralAdrenaline"],"picked":"SKIP","floor":14.0},{"not_picked":["hexamod:ThirdSeal","hexamod:SpectersWail"],"picked":"hexamod:SoulSteal","floor":15.0},{"not_picked":["hexamod:Incineration","hexamod:SearingWound"],"picked":"hexamod:FastForward","floor":15.0},{"not_picked":["hexamod:ApocalypticArmor","hexamod:CrushingStance"],"picked":"hexamod:ParanormalForm","floor":16.0},{"not_picked":["hexamod:ApocalypticArmor","hexamod:EmpoweringStance"],"picked":"hexamod:Toasty","floor":16.0},{"not_picked":["hexamod:RetreatToShadows","hexamod:RainOfEmbers+1"],"picked":"hexamod:GhostOfSpirePast","floor":19},{"not_picked":["hexamod:NightmareGuise","hexamod:GhostShield","hexamod:InspiringFlames"],"picked":"SKIP","floor":19},{"not_picked":["hexamod:GhostShield+1","hexamod:InspiringFlames+1"],"picked":"hexamod:HeatShield+1","floor":20},{"not_picked":["hexamod:SuperheatedStrike","hexamod:RadiantFlame+1","hexamod:ShieldOfDarkness+1"],"picked":"SKIP","floor":20},{"not_picked":["hexamod:Haunt+1","hexamod:Again"],"picked":"hexamod:GiftsFromTheDead","floor":21},{"not_picked":["hexamod:SpectralAdrenaline+1","hexamod:InspiringFlames"],"picked":"hexamod:Rewind","floor":22},{"not_picked":["hexamod:RainOfEmbers","hexamod:AdvancingGuard"],"picked":"hexamod:FastForward+1","floor":22},{"not_picked":["hexamod:Firestarter+1","hexamod:SwordOfDarkness"],"picked":"hexamod:BacktrackSmack","floor":23},{"not_picked":["hexamod:Again","hexamod:ApocalypseNow"],"picked":"hexamod:Firestarter+1","floor":23},{"not_picked":["hexamod:ThermalTransfer+1","hexamod:RecurringNightmare+1"],"picked":"hexamod:Hexaguard","floor":26},{"not_picked":["hexamod:NightmareStrike","hexamod:Again+1","hexamod:FlamesFromBeyond"],"picked":"SKIP","floor":26},{"not_picked":["hexamod:ThermalTransfer","hexamod:SwordOfDarkness"],"picked":"hexamod:ShieldOfDarkness","floor":28},{"not_picked":["hexamod:HeatMetal","hexamod:FastForward"],"picked":"hexamod:EmpoweredFlame","floor":29},{"not_picked":["hexamod:SkipABeat","hexamod:FlamesFromBeyond","hexamod:InspiringFlames"],"picked":"SKIP","floor":29},{"not_picked":["hexamod:ThirdSeal","hexamod:BacktrackSmack","hexamod:FastForward"],"picked":"SKIP","floor":31},{"not_picked":["hexamod:Again+1","hexamod:InspiringFlames","hexamod:BurningTouch"],"picked":"SKIP","floor":31},{"not_picked":["hexamod:SuperheatedStrike+1","hexamod:HeatMetal"],"picked":"hexamod:ApocalypticArmor","floor":32}],"player_experience":856268,"relics_obtained":[{"floor":7.0,"key":"Bronze Scales"},{"floor":9.0,"key":"Art of War"},{"floor":24,"key":"Potion Belt"},{"floor":26,"key":"Bottled Lightning"},{"floor":30,"key":"Nunchaku"}],"event_choices":[{"damage_healed":0.0,"max_hp_gain":0.0,"max_hp_loss":0.0,"gold_gain":0.0,"event_name":"Lab","player_choice":"Got Potions","floor":10.0,"gold_loss":0.0,"damage_taken":0.0}],"is_beta":false,"boss_relics":[{"not_picked":["Empty Cage","SacredBark"],"picked":"SlaversCollar"}],"items_purged_floors":[],"is_endless":false,"potions_floor_spawned":[2,9,14,16,21,22,23,29,31,32],"killed_by":"WA_ARCHETYPE_CALM","ascension_level":7}}