{"host":"hptm0vhwolarug47","time":1610805044,"event":{"mods":["BaseMod","Downfall","GifTheSpireLib","Minty Spire (QoL Compilation)","StSLib"],"gold_per_floor":[99,111,111,111,111,129,178,211,227,377,111,136,148,164,183,183,183],"floor_reached":16,"language":"ZHS","playtime":5008,"items_purged":["Regret"],"score":102,"play_id":"1dcac003-241e-4416-9664-42179e9022e1","local_time":"20210116215044","is_ascension_mode":false,"campfire_choices":[{"data":"bronze:Goto","floor":1,"key":"SMITH"}],"circlet_count":0,"master_deck":["bronze:Strike","bronze:Strike","bronze:Strike","bronze:Strike","bronze:Defend","bronze:Defend","bronze:Defend","bronze:Defend","bronze:Replicate","bronze:Goto+1","bronze:DelayedSlice","bronze:CutThrough","bronze:Optimize","bronze:Fortify","downfall:Icky","Chrysalis","bronze:Assembly"],"relics":["bronze:BronzeCore","Bag of Preparation","Anchor","Lizard Tail","Bag of Marbles"],"acts_visited":["Exordium"],"potions_floor_usage":[5,8],"damage_taken":[{"damage":1,"enemies":"Jaw Worm","floor":2,"turns":3},{"damage":5,"enemies":"Jaw Worm","floor":5,"turns":4},{"damage":2,"enemies":"2 Louse","floor":6,"turns":2},{"damage":47,"enemies":"Lagavulin","floor":8,"turns":6},{"damage":2,"enemies":"Small Slimes","floor":9,"turns":3},{"damage":18,"enemies":"downfall:FleeingMerchant","floor":11,"turns":4},{"damage":0,"enemies":"Blue Slaver","floor":13,"turns":1},{"damage":0,"enemies":"3 Louse","floor":14,"turns":2},{"damage":2,"enemies":"Red Slaver","floor":15,"turns":4},{"damage":57,"enemies":"WA_ARCHETYPE_RETAIN","floor":16,"turns":6}],"seed_played":"8309995861483962094","potions_obtained":[{"floor":2,"key":"DistilledChaos"},{"floor":5,"key":"Fruit Juice"},{"floor":13,"key":"bronze:CleanCodePotion"},{"floor":14,"key":"Fire Potion"}],"is_trial":false,"path_per_floor":["R","M","?","?","?","M","T","E","M","?","$","T","M","M","M","B"],"character_chosen":"THE_AUTOMATON","items_purchased":["Chrysalis"],"campfire_rested":0,"item_purchase_floors":[11],"current_hp_per_floor":[77,76,76,76,76,74,74,27,25,25,7,7,7,7,5,0,0],"gold":183,"neow_bonus":"TEN_PERCENT_HP_BONUS","is_daily":false,"chose_seed":false,"campfire_upgraded":1,"win_rate":0.0,"timestamp":1610805044,"path_taken":["R","M","?","?","?","?","T","E","M","?","$","?","M","M","M","BOSS"],"items_purchased_type":["Card"],"build_version":"2020-12-22","purchased_purges":1,"victory":false,"max_hp_per_floor":[77,77,77,77,82,82,82,82,82,82,82,82,82,82,82,82,82],"card_choices":[{"not_picked":["bronze:Boost","bronze:BitShift"],"picked":"bronze:DelayedSlice","floor":2},{"not_picked":["bronze:OilSpill","bronze:BuggyMess"],"picked":"bronze:CutThrough","floor":5},{"not_picked":["bronze:CloningBeam","bronze:Invalidate"],"picked":"bronze:Optimize","floor":6},{"not_picked":["bronze:CutThrough","bronze:ItsAFeature"],"picked":"bronze:Fortify","floor":8},{"not_picked":["bronze:Philosophize","bronze:Frontload","bronze:BugBarrage"],"picked":"SKIP","floor":9},{"not_picked":["bronze:WildBeam","bronze:ClassDefault","bronze:Frontload"],"picked":"SKIP","floor":11},{"not_picked":["bronze:Turbo","bronze:Safeguard"],"picked":"bronze:Assembly","floor":13},{"not_picked":["bronze:DelayedSlice","bronze:Deprecate","bronze:Shell"],"picked":"SKIP","floor":14},{"not_picked":["bronze:Frontload","bronze:Return","bronze:WildBeam"],"picked":"SKIP","floor":15}],"player_experience":141565,"relics_obtained":[{"floor":7,"key":"Anchor"},{"floor":8,"key":"Lizard Tail"},{"floor":12,"key":"Bag of Marbles"}],"event_choices":[{"damage_healed":0,"gold_gain":0,"player_choice":"Box","damage_taken":0,"relics_obtained":["Bag of Preparation"],"max_hp_gain":0,"max_hp_loss":0,"event_name":"Big Fish","floor":3,"gold_loss":0,"cards_obtained":["Regret"]}],"is_beta":false,"boss_relics":[],"items_purged_floors":[11],"is_endless":false,"potions_floor_spawned":[2,5,13,14],"killed_by":"WA_ARCHETYPE_RETAIN","ascension_level":0}}