{"host":"8pjvbxl6xo882v42","time":1610804272,"event":{"mods":["AchievementEnabler","BaseMod","Minty Spire (QoL Compilation)","Replay The Spire","StSLib","The Cursed"],"gold_per_floor":[160,175,175,4,17,45,45,72,72,106,116,135,11,11,11,88,88,102,112,112,112,30,30,43,43,43],"floor_reached":25,"language":"FRA","playtime":1465,"items_purged":[],"score":446,"play_id":"3253a572-56dc-4885-bb2e-2cbc46e42f88","local_time":"20210116143752","is_ascension_mode":true,"campfire_choices":[{"floor":7.0,"key":"REST"},{"floor":15,"key":"DIG"},{"floor":23,"key":"REST"}],"circlet_count":0,"master_deck":["AscendersBane","Strike_R","Strike_R","Strike_R","Strike_R","Strike_R+1","Defend_R","Defend_R+1","Defend_R","Defend_R","ReplayTheSpireMod:Limb From Limb+1","Ghostly Armor+1","Battle Trance","Pommel Strike","Inflame","Seeing Red","Inflame","Cleave","Disarm","Metallicize","Spot Weakness","Survivor+1","Neutralize+1","Immolate","Ghostly Armor","Ghostly Armor"],"relics":["Tiny House","Guide Book","ReplayTheSpireMod:Ninjato","Red Skull","Gremlin Horn","Replay:Multitool","Smiling Mask","Velvet Choker","Replay:WaspNest"],"acts_visited":["Exordium","TheCity"],"potions_floor_usage":[16,19,22],"damage_taken":[{"damage":14.0,"enemies":"2 Louse","floor":1.0,"turns":3.0},{"damage":2.0,"enemies":"Jaw Worm","floor":2.0,"turns":4.0},{"damage":0.0,"enemies":"Cultist","floor":5.0,"turns":2.0},{"damage":4.0,"enemies":"Lagavulin","floor":6.0,"turns":5.0},{"damage":14,"enemies":"3 Sentries","floor":8,"turns":8},{"damage":8,"enemies":"Gremlin Nob","floor":10,"turns":3},{"damage":0,"enemies":"Large Slime","floor":11,"turns":2},{"damage":0,"enemies":"Lots of Slimes","floor":12,"turns":2},{"damage":49,"enemies":"Fading Forest","floor":16,"turns":13},{"damage":22,"enemies":"2 Thieves","floor":18,"turns":4},{"damage":23,"enemies":"Shell Parasite","floor":19,"turns":5},{"damage":10,"enemies":"Snake Plant","floor":22,"turns":3},{"damage":26,"enemies":"Shelled Parasite and Fungi","floor":24,"turns":5},{"damage":19,"enemies":"Slavers","floor":25,"turns":1}],"seed_played":"3986044220290386190","potions_obtained":[{"floor":0.0,"key":"Weak Potion"},{"floor":1.0,"key":"Weak Potion"},{"floor":8,"key":"Energy Potion"},{"floor":11,"key":"Regen Potion"},{"floor":18,"key":"AttackPotion"}],"is_trial":false,"path_per_floor":["M","M","?","$","M","E","R","E","T","E","M","M","$","?","R","B",null,"M","M","?","?","M","R","M","E"],"character_chosen":"IRONCLAD","items_purchased":["Guide Book","Metallicize","Spot Weakness"],"campfire_rested":2,"item_purchase_floors":[4,13,13],"current_hp_per_floor":[59,57,33,33,33,29,53,39,39,31,31,31,31,31,31,23,66,44,21,21,21,11,35,9,0,0],"gold":43,"neow_bonus":"BOSS_RELIC","is_daily":false,"chose_seed":false,"campfire_upgraded":0,"win_rate":0.0,"timestamp":1610804272,"path_taken":["M","M","?","$","M","E","R","E","T","E","M","M","$","?","R","BOSS","M","M","?","?","M","R","?","E"],"items_purchased_type":["Relic","Card","Card"],"build_version":"2020-12-22","purchased_purges":0,"victory":false,"max_hp_per_floor":[80,80,80,80,80,80,80,80,80,80,80,80,80,80,80,80,80,80,80,80,80,80,80,80,80,80],"card_choices":[{"not_picked":["Searing Blow","Shrug It Off"],"picked":"ReplayTheSpireMod:Limb From Limb","floor":0.0},{"not_picked":["Flex","Clash"],"picked":"Ghostly Armor","floor":1.0},{"not_picked":["Iron Wave","Ghostly Armor"],"picked":"Battle Trance","floor":2.0},{"not_picked":["Sentinel","Iron Wave"],"picked":"Pommel Strike","floor":5.0},{"not_picked":["Flame Barrier","True Grit"],"picked":"Inflame","floor":6.0},{"not_picked":["Anger","Iron Wave"],"picked":"Seeing Red","floor":8},{"not_picked":["Bloodletting","Flex"],"picked":"Inflame","floor":10},{"not_picked":["Eclipse","Pommel Strike"],"picked":"Cleave","floor":11},{"not_picked":["Flame Barrier","True Grit"],"picked":"Disarm","floor":12},{"not_picked":["Brutality","Offering"],"picked":"Immolate","floor":16},{"not_picked":["Warcry","Clothesline","Headbutt"],"picked":"SKIP","floor":18},{"not_picked":["Replay:Undeath\u0027s Touch+1","Sentinel","Carnage"],"picked":"SKIP","floor":19},{"not_picked":["Anger","Replay:Undeath\u0027s Touch"],"picked":"Ghostly Armor","floor":22},{"not_picked":["Shrug It Off","ReplayReversal"],"picked":"Ghostly Armor","floor":24}],"player_experience":343190,"relics_obtained":[{"floor":6.0,"key":"ReplayTheSpireMod:Ninjato"},{"floor":8,"key":"Red Skull"},{"floor":9,"key":"Gremlin Horn"},{"floor":10,"key":"Replay:Multitool"},{"floor":15,"key":"Smiling Mask"}],"event_choices":[{"damage_healed":0.0,"max_hp_gain":0.0,"max_hp_loss":0.0,"gold_gain":0.0,"event_name":"Shining Light","player_choice":"Entered Light","floor":3.0,"gold_loss":0.0,"damage_taken":24.0,"cards_upgraded":["Bash","Strike_R"]},{"damage_healed":0,"gold_gain":0,"player_choice":"0 cards matched","damage_taken":0,"max_hp_gain":0,"max_hp_loss":0,"event_name":"Match and Keep!","floor":21,"gold_loss":0,"cards_obtained":[]}],"is_beta":false,"boss_relics":[{"not_picked":["Painkiller Herb","Snecko Eye"],"picked":"Velvet Choker"}],"items_purged_floors":[],"is_endless":false,"potions_floor_spawned":[1,8,11,12,18],"killed_by":"Slavers","ascension_level":20}}