{"host":"e4hse1vg61zltgzv","time":1610784797,"event":{"mods":["AchievementEnabler","BaseMod","Block Reminder","Colored Map","DeckTracker","GifTheSpireLib","Minty Spire (QoL Compilation)","Rare Cards Sparkle","StSLib","SuperFastMode","everything is the same but u backflip on backflip"],"gold_per_floor":[117,117,137,137,150,178,197,222,234,258,286,298,338,365,377,467,479,511,573,597,377,267,299,299,315,340,354,387,387,401,421,421,421],"floor_reached":32,"language":"KOR","playtime":912,"items_purged":["Quick Slash"],"score":837,"play_id":"d9110d05-5b05-4348-89f1-49b06f7a8d6b","local_time":"20210116171317","is_ascension_mode":true,"campfire_choices":[{"data":"Catalyst","floor":12,"key":"SMITH"},{"data":"Tactician","floor":15,"key":"SMITH"},{"data":"Acrobatics","floor":24,"key":"SMITH"}],"circlet_count":0,"master_deck":["AscendersBane","Survivor","Neutralize","Finisher","Masterful Stab","Catalyst+1","Deadly Poison","Noxious Fumes","Tactician+1","Acrobatics+1","Reflex+1","Adrenaline"],"relics":["Ring of the Snake","Pandora\u0027s Box","Mango","Tough Bandages","MawBank","Ancient Tea Set","Ornamental Fan","Runic Pyramid","Oddly Smooth Stone","Frozen Egg 2","Anchor","Regal Pillow","PreservedInsect"],"acts_visited":["Exordium","TheCity"],"potions_floor_usage":[6,14,16],"damage_taken":[{"damage":0,"enemies":"Small Slimes","floor":1,"turns":2},{"damage":0,"enemies":"Jaw Worm","floor":3,"turns":1},{"damage":0,"enemies":"Cultist","floor":5,"turns":2},{"damage":16,"enemies":"Lagavulin","floor":6,"turns":4},{"damage":0,"enemies":"Gremlin Gang","floor":7,"turns":2},{"damage":0,"enemies":"Gremlin Nob","floor":8,"turns":3},{"damage":0,"enemies":"3 Louse","floor":10,"turns":2},{"damage":24,"enemies":"Large Slime","floor":11,"turns":3},{"damage":15,"enemies":"Lagavulin","floor":13,"turns":3},{"damage":0,"enemies":"Exordium Thugs","floor":14,"turns":2},{"damage":5,"enemies":"The Guardian","floor":16,"turns":6},{"damage":4,"enemies":"2 Thieves","floor":18,"turns":2},{"damage":15,"enemies":"Shell Parasite","floor":20,"turns":3},{"damage":0,"enemies":"Book of Stabbing","floor":23,"turns":3},{"damage":0,"enemies":"Cultist and Chosen","floor":25,"turns":1},{"damage":0,"enemies":"Sentry and Sphere","floor":27,"turns":1},{"damage":0,"enemies":"Slavers","floor":28,"turns":2},{"damage":0,"enemies":"Centurion and Healer","floor":30,"turns":2},{"damage":0,"enemies":"Cultist and Chosen","floor":31,"turns":1}],"seed_played":"-515724494542370757","potions_obtained":[{"floor":3,"key":"GhostInAJar"},{"floor":5,"key":"Weak Potion"},{"floor":10,"key":"Energy Potion"},{"floor":18,"key":"Explosive Potion"},{"floor":23,"key":"LiquidBronze"},{"floor":28,"key":"Fire Potion"},{"floor":31,"key":"GamblersBrew"}],"is_trial":false,"path_per_floor":["M","?","M","?","M","E","M","E","T","M","M","R","E","M","R","B",null,"M","?","M","$","?","E","R","M","T","M","E","?","M","M","R"],"character_chosen":"THE_SILENT","items_purchased":["Oddly Smooth Stone"],"campfire_rested":0,"item_purchase_floors":[21],"current_hp_per_floor":[58,58,58,63,63,47,47,47,47,47,23,23,8,8,8,3,61,57,57,42,80,90,90,90,90,90,90,90,90,90,90,90,90],"gold":421,"neow_bonus":"ONE_RARE_RELIC","is_daily":false,"chose_seed":false,"campfire_upgraded":3,"win_rate":0.0,"timestamp":1610784797,"path_taken":["M","?","M","?","M","E","?","E","T","M","?","R","E","M","R","BOSS","M","?","M","$","?","E","R","?","T","M","E","?","?","?","R"],"items_purchased_type":["Relic"],"build_version":"2020-12-22","purchased_purges":1,"victory":false,"max_hp_per_floor":[80,80,80,80,80,80,80,80,80,80,80,80,80,80,80,80,80,80,80,80,80,90,90,90,90,90,90,90,90,90,90,90,90],"card_choices":[{"not_picked":["Acrobatics","Poisoned Stab","Bane"],"picked":"SKIP","floor":1},{"not_picked":["Acrobatics","Backflip"],"picked":"Tactician","floor":3},{"not_picked":["Dagger Spray","Expertise","Backstab"],"picked":"SKIP","floor":5},{"not_picked":["Dagger Throw","Quick Slash","Caltrops"],"picked":"SKIP","floor":6},{"not_picked":["Blade Dance","Blur","Backflip"],"picked":"SKIP","floor":7},{"not_picked":["Night Terror","Dagger Spray","Expertise"],"picked":"SKIP","floor":8},{"not_picked":["Catalyst","Poisoned Stab","Blade Dance"],"picked":"SKIP","floor":10},{"not_picked":["Riddle With Holes","Accuracy","Poisoned Stab"],"picked":"SKIP","floor":11},{"not_picked":["Dagger Spray","Blade Dance"],"picked":"Acrobatics","floor":13},{"not_picked":["Noxious Fumes","Prepared"],"picked":"Reflex","floor":14},{"not_picked":["Catalyst","Dodge and Roll+1","Accuracy"],"picked":"SKIP","floor":18},{"not_picked":["Blade Dance+1","Masterful Stab","Acrobatics"],"picked":"SKIP","floor":20},{"not_picked":["Blade Dance","Deflect"],"picked":"Adrenaline","floor":23},{"not_picked":["Deadly Poison","Backflip","Acrobatics"],"picked":"SKIP","floor":25},{"not_picked":["Blur+1","Caltrops+1","Footwork+1"],"picked":"SKIP","floor":27},{"not_picked":["Blade Dance","Footwork+1","Deflect"],"picked":"SKIP","floor":28},{"not_picked":["Skewer","Unload","Blade Dance"],"picked":"SKIP","floor":30},{"not_picked":["Outmaneuver","Slice+1","Sucker Punch"],"picked":"SKIP","floor":31}],"player_experience":794975,"relics_obtained":[{"floor":6,"key":"Tough Bandages"},{"floor":8,"key":"MawBank"},{"floor":9,"key":"Ancient Tea Set"},{"floor":13,"key":"Ornamental Fan"},{"floor":23,"key":"Frozen Egg 2"},{"floor":26,"key":"Anchor"},{"floor":28,"key":"Regal Pillow"}],"event_choices":[{"damage_healed":0,"gold_gain":0,"player_choice":"Ignored","damage_taken":0,"max_hp_gain":0,"max_hp_loss":0,"event_name":"Liars Game","floor":2,"gold_loss":0},{"cards_removed":["Dagger Spray"],"damage_healed":5,"gold_gain":0,"player_choice":"Offered Common","damage_taken":0,"max_hp_gain":0,"max_hp_loss":0,"event_name":"Bonfire Elementals","floor":4,"gold_loss":0},{"cards_removed":["Dagger Spray"],"damage_healed":5,"gold_gain":0,"player_choice":"Offered Special","damage_taken":0,"max_hp_gain":0,"max_hp_loss":0,"event_name":"Bonfire Elementals","floor":4,"gold_loss":0},{"damage_healed":0,"gold_gain":50,"player_choice":"Stole From Cult","damage_taken":0,"max_hp_gain":0,"max_hp_loss":0,"event_name":"Nest","floor":19,"gold_loss":0},{"cards_removed":["Finisher"],"damage_healed":38,"gold_gain":0,"player_choice":"Offered Uncommon","damage_taken":0,"max_hp_gain":0,"max_hp_loss":0,"event_name":"Bonfire Elementals","floor":21,"gold_loss":0},{"cards_removed":["Heel Hook"],"damage_healed":0,"gold_gain":0,"player_choice":"Upgrade and Remove","damage_taken":0,"max_hp_gain":0,"max_hp_loss":0,"event_name":"Designer","floor":22,"gold_loss":110,"cards_upgraded":["Reflex"]},{"cards_removed":["Corpse Explosion"],"damage_healed":0,"gold_gain":0,"player_choice":"Offered Rare","damage_taken":0,"max_hp_gain":10,"max_hp_loss":0,"event_name":"Bonfire Elementals","floor":22,"gold_loss":0},{"damage_healed":0,"gold_gain":0,"player_choice":"Gave Potion","damage_taken":0,"relics_obtained":["PreservedInsect"],"max_hp_gain":0,"max_hp_loss":0,"event_name":"WeMeetAgain","floor":29,"gold_loss":0}],"is_beta":false,"boss_relics":[{"not_picked":["Calling Bell","Black Star"],"picked":"Runic Pyramid"}],"items_purged_floors":[21],"is_endless":false,"potions_floor_spawned":[3,5,10,11,13,18,23,28,31],"ascension_level":20}}