{"host":"w9yruvs4bqht6bhw","time":1610825636,"event":{"mods":["BaseMod","Colored Powertips","Minty Spire (QoL Compilation)"],"gold_per_floor":[113,113,113,129,204,239,239,272,572,20,20,38,52,65,65,65,65],"floor_reached":16,"language":"ENG","playtime":445,"items_purged":[],"score":171,"play_id":"b6af6ff4-ec58-486e-9c11-69a143b76c5a","local_time":"20210116143356","is_ascension_mode":true,"campfire_choices":[{"floor":7,"key":"REST"},{"floor":11,"key":"REST"},{"floor":15,"key":"REST"}],"circlet_count":0,"master_deck":["AscendersBane","Strike_R","Strike_R","Strike_R","Strike_R","Defend_R","Defend_R","Defend_R","Defend_R","Bash","Cleave","Spot Weakness","Reaper","Heavy Blade","Flame Barrier","Battle Trance"],"relics":["Burning Blood","Ornamental Fan","Bottled Lightning","Old Coin","Prayer Wheel"],"acts_visited":["Exordium"],"potions_floor_usage":[8,10,13],"damage_taken":[{"damage":7,"enemies":"Jaw Worm","floor":1,"turns":3},{"damage":11,"enemies":"Cultist","floor":4,"turns":4},{"damage":30,"enemies":"3 Sentries","floor":6,"turns":6},{"damage":56,"enemies":"Lagavulin","floor":8,"turns":8},{"damage":7,"enemies":"Small Slimes","floor":12,"turns":4},{"damage":0,"enemies":"Blue Slaver","floor":13,"turns":1},{"damage":31,"enemies":"Lots of Slimes","floor":14,"turns":4},{"damage":85,"enemies":"Slime Boss","floor":16,"turns":8}],"seed_played":"3532696060573993599","potions_obtained":[{"floor":4,"key":"Ancient Potion"},{"floor":12,"key":"DistilledChaos"}],"is_trial":false,"path_per_floor":["M","?","?","M","?","E","R","E","T","$","R","M","M","M","R","B"],"character_chosen":"IRONCLAD","items_purchased":["Prayer Wheel","Reaper","Fruit Juice"],"campfire_rested":3,"item_purchase_floors":[10,10,10],"current_hp_per_floor":[79,79,72,67,56,32,58,8,8,13,40,47,60,55,82,0,0],"gold":65,"neow_bonus":"TEN_PERCENT_HP_BONUS","is_daily":false,"chose_seed":false,"campfire_upgraded":0,"win_rate":0.0,"timestamp":1610825636,"path_taken":["M","?","?","M","?","E","R","E","T","$","R","M","M","M","R","BOSS"],"items_purchased_type":["Relic","Card","Potion"],"build_version":"2020-12-22","purchased_purges":0,"victory":false,"max_hp_per_floor":[88,88,88,88,88,88,88,88,88,93,93,93,93,93,93,93,93],"card_choices":[{"not_picked":["True Grit","Flex"],"picked":"Cleave","floor":1},{"not_picked":["Pommel Strike","Clothesline"],"picked":"Spot Weakness","floor":4},{"not_picked":["Burning Pact","Warcry","Havoc"],"picked":"SKIP","floor":6},{"not_picked":["Blood for Blood","Reckless Charge","Clash"],"picked":"SKIP","floor":8},{"not_picked":["Iron Wave","Flex"],"picked":"Heavy Blade","floor":12},{"not_picked":["Brutality","Reckless Charge","Wild Strike"],"picked":"SKIP","floor":12},{"not_picked":["Flex","Carnage"],"picked":"Flame Barrier","floor":13},{"not_picked":["Heavy Blade","Clothesline","Cleave"],"picked":"SKIP","floor":13},{"not_picked":["Wild Strike","Anger"],"picked":"Battle Trance","floor":14},{"not_picked":["Perfected Strike","Pommel Strike","Warcry"],"picked":"SKIP","floor":14}],"player_experience":404916,"relics_obtained":[{"floor":6,"key":"Ornamental Fan"},{"floor":8,"key":"Bottled Lightning"},{"floor":9,"key":"Old Coin"}],"event_choices":[{"damage_healed":0,"gold_gain":0,"player_choice":"Ignored","damage_taken":0,"max_hp_gain":0,"max_hp_loss":0,"event_name":"Liars Game","floor":2,"gold_loss":0},{"cards_removed":["Strike_R"],"damage_healed":0,"gold_gain":0,"player_choice":"Card Removal","damage_taken":7,"max_hp_gain":0,"max_hp_loss":0,"event_name":"Golden Wing","floor":3,"gold_loss":0},{"damage_healed":0,"gold_gain":75,"player_choice":"Gather Gold","damage_taken":11,"max_hp_gain":0,"max_hp_loss":0,"event_name":"World of Goop","floor":5,"gold_loss":0}],"is_beta":false,"boss_relics":[],"items_purged_floors":[],"is_endless":false,"potions_floor_spawned":[4,12],"killed_by":"Slime Boss","ascension_level":11}}