{"host":"i0avyit1s6jb1siw","time":1610794728,"event":{"mods":["BaseMod","DeckTracker","Dota2Spire","Highlight Path","Minty Spire (QoL Compilation)","Quick Restart","StSLib","SuperFastMode"],"gold_per_floor":[118,118,118,43,43,43,43,43,43,68,88,104,69,100,100,100,100],"floor_reached":16,"language":"ENG","playtime":448,"items_purged":["Strike_P"],"score":212,"play_id":"d5a58b5f-01f7-4507-b0a3-555e5960b2c0","local_time":"20210116115848","is_ascension_mode":true,"campfire_choices":[{"data":"Magnetism","floor":6,"key":"SMITH"},{"floor":8,"key":"REST"},{"floor":15,"key":"REST"}],"circlet_count":0,"master_deck":["AscendersBane","Strike_P","Strike_P","Strike_P","Defend_P","Defend_P","Defend_P","Eruption+1","Vigilance","Magnetism+1","EmptyFist","CrushJoints","TalkToTheHand"],"relics":["PureWater","Mercury Hourglass","Lantern","CeramicFish","Dota2Spire:AghanimScepter"],"acts_visited":["Exordium"],"potions_floor_usage":[],"damage_taken":[{"damage":23,"enemies":"Cultist","floor":1,"turns":4},{"damage":7,"enemies":"Lagavulin","floor":10,"turns":4},{"damage":2,"enemies":"Jaw Worm","floor":11,"turns":3},{"damage":0,"enemies":"2 Louse","floor":12,"turns":3},{"damage":26,"enemies":"Gremlin Nob","floor":14,"turns":3},{"damage":32,"enemies":"Hexaghost","floor":16,"turns":9}],"seed_played":"-7629621575898389835","potions_obtained":[{"floor":11,"key":"AttackPotion"},{"floor":14,"key":"SpeedPotion"}],"is_trial":false,"path_per_floor":["M","T","?","$","?","R","$","R","T","E","M","M","$","E","R","B"],"character_chosen":"WATCHER","items_purchased":["TalkToTheHand"],"campfire_rested":2,"item_purchase_floors":[13],"current_hp_per_floor":[20,20,20,20,20,20,20,40,40,33,31,31,31,5,25,0,0],"gold":100,"neow_bonus":"RANDOM_COLORLESS_2","is_daily":false,"chose_seed":false,"campfire_upgraded":1,"win_rate":0.0,"timestamp":1610794728,"path_taken":["M","?","?","$","?","R","$","R","T","E","M","M","$","E","R","BOSS"],"items_purchased_type":["Card"],"build_version":"2020-12-22","purchased_purges":1,"victory":false,"max_hp_per_floor":[68,68,68,68,68,68,68,68,68,68,68,68,68,68,68,68,68],"card_choices":[{"not_picked":["Secret Weapon","Violence"],"picked":"Magnetism","floor":0},{"not_picked":["Halt","Prostrate"],"picked":"EmptyFist","floor":1},{"not_picked":["DeceiveReality","WindmillStrike","Collect"],"picked":"SKIP","floor":10},{"not_picked":["JustLucky","Prostrate"],"picked":"CrushJoints","floor":11},{"not_picked":["Study","FlyingSleeves","Crescendo"],"picked":"SKIP","floor":12},{"not_picked":["Crescendo","SashWhip","PathToVictory"],"picked":"SKIP","floor":14}],"player_experience":2255612,"relics_obtained":[{"floor":2,"key":"Mercury Hourglass"},{"floor":9,"key":"Lantern"},{"floor":10,"key":"CeramicFish"},{"floor":14,"key":"Dota2Spire:AghanimScepter"}],"event_choices":[{"damage_healed":0,"gold_gain":0,"player_choice":"Grow","damage_taken":0,"max_hp_gain":0,"max_hp_loss":0,"event_name":"Living Wall","floor":3,"gold_loss":0,"cards_upgraded":["Eruption"]},{"cards_removed":["Defend_P"],"damage_healed":0,"gold_gain":0,"player_choice":"Offered Basic","damage_taken":0,"max_hp_gain":0,"max_hp_loss":0,"event_name":"Bonfire Elementals","floor":5,"gold_loss":0}],"is_beta":false,"boss_relics":[],"items_purged_floors":[4],"is_endless":false,"potions_floor_spawned":[11,14],"killed_by":"Hexaghost","ascension_level":20}}