{"host":"p9t7qd83igtcp2bh","time":1610775544,"event":{"mods":["2.2 Compatiblity","AchievementEnabler","BaseMod","Colored Map","Colored Powertips","Custom Start","DeckTracker","Keyboard Shortcuts","Minty Spire (QoL Compilation)","Permanent Neow","StSLib","SuperFastMode","everything is the same but u backflip on backflip"],"gold_per_floor":[110,124,124,143,13,45,45,67,103,115,127,139,168,190,202,293,305,290,63,82,100,16,16,16],"floor_reached":23,"language":"KOR","playtime":647,"items_purged":["Strike_B","Strike_B"],"score":376,"play_id":"cdaa36ca-66cf-4296-8e3f-cbc4bb2576de","local_time":"20210116143904","is_ascension_mode":true,"campfire_choices":[{"floor":10,"key":"REST"},{"data":"Lockon","floor":15,"key":"SMITH"}],"circlet_count":0,"master_deck":["AscendersBane","Strike_B","Strike_B","Defend_B","Defend_B","Defend_B","Defend_B","Zap","Dualcast","Darkness+1","Rebound","Reinforced Body","Coolheaded","Cold Snap","Lockon+1","Buffer","Glacier","Consume","Defragment"],"relics":["Cracked Core","Emotion Chip","Darkstone Periapt","MawBank","Happy Flower","Velvet Choker"],"acts_visited":["Exordium","TheCity"],"potions_floor_usage":[6,13,18,21,23],"damage_taken":[{"damage":7.0,"enemies":"Jaw Worm","floor":1.0,"turns":2.0},{"damage":3.0,"enemies":"2 Louse","floor":2.0,"turns":2.0},{"damage":1.0,"enemies":"Cultist","floor":4.0,"turns":3.0},{"damage":23,"enemies":"3 Sentries","floor":6,"turns":5},{"damage":1,"enemies":"3 Louse","floor":8,"turns":3},{"damage":17,"enemies":"Exordium Thugs","floor":13,"turns":4},{"damage":0,"enemies":"Exordium Wildlife","floor":14,"turns":3},{"damage":18,"enemies":"Hexaghost","floor":16,"turns":8},{"damage":13,"enemies":"2 Thieves","floor":18,"turns":4},{"damage":4,"enemies":"Spheric Guardian","floor":20,"turns":4},{"damage":19,"enemies":"Shelled Parasite and Fungi","floor":21,"turns":11},{"damage":23,"enemies":"Book of Stabbing","floor":23,"turns":6}],"seed_played":"1246298186447354367","potions_obtained":[{"floor":2.0,"key":"BlessingOfTheForge"},{"floor":4.0,"key":"FocusPotion"},{"floor":8,"key":"SkillPotion"},{"floor":18,"key":"SneckoOil"}],"is_trial":false,"path_per_floor":["M","M","?","M","$","E","T","M","T","R","?","?","M","M","R","B",null,"M","$","M","M","$","E"],"character_chosen":"DEFECT","items_purchased":["Coolheaded","Glacier","SkillPotion","Defragment"],"campfire_rested":1,"item_purchase_floors":[5,19,19,22],"current_hp_per_floor":[39,36,41,40,40,17,17,16,16,38,38,38,21,21,21,3,58,45,45,41,22,22,0,0],"gold":16,"neow_bonus":"ONE_RARE_RELIC","is_daily":false,"chose_seed":false,"campfire_upgraded":1,"win_rate":0.0,"timestamp":1610775544,"path_taken":["M","M","?","M","$","E","?","M","T","R","?","?","M","M","R","BOSS","M","$","M","M","$","E"],"items_purchased_type":["Card","Card","Potion","Card"],"build_version":"2020-12-22","purchased_purges":2,"victory":false,"max_hp_per_floor":[71,71,76,76,76,76,76,76,76,76,76,76,76,76,76,76,76,76,76,76,76,76,76,76],"card_choices":[{"not_picked":["Leap","Conserve Battery"],"picked":"Darkness","floor":1.0},{"not_picked":["Undo","Leap"],"picked":"Rebound","floor":2.0},{"not_picked":["Compile Driver","Leap"],"picked":"Reinforced Body","floor":4.0},{"not_picked":["Leap","Reinforced Body"],"picked":"Cold Snap","floor":6},{"not_picked":["Fusion","Barrage"],"picked":"Lockon","floor":8},{"not_picked":["Turbo","Coolheaded","Cold Snap"],"picked":"SKIP","floor":13},{"not_picked":["Storm","Chaos","Stack"],"picked":"SKIP","floor":14},{"not_picked":["Seek","Multi-Cast"],"picked":"Buffer","floor":16},{"not_picked":["Ball Lightning","Melter","Darkness"],"picked":"SKIP","floor":18},{"not_picked":["Conserve Battery","Fusion","Glacier"],"picked":"SKIP","floor":20},{"not_picked":["Conserve Battery","Fusion","Glacier"],"picked":"SKIP","floor":20},{"not_picked":["Doom and Gloom","Blizzard"],"picked":"Consume","floor":21}],"player_experience":649427,"relics_obtained":[{"floor":6,"key":"Darkstone Periapt"},{"floor":7,"key":"MawBank"},{"floor":9,"key":"Happy Flower"}],"event_choices":[{"damage_healed":0.0,"max_hp_gain":5.0,"max_hp_loss":0.0,"gold_gain":0.0,"event_name":"Big Fish","player_choice":"Donut","floor":3.0,"gold_loss":0.0,"damage_taken":0.0},{"damage_healed":0,"gold_gain":0,"player_choice":"Ignored","damage_taken":0,"max_hp_gain":0,"max_hp_loss":0,"event_name":"Liars Game","floor":11,"gold_loss":0},{"damage_healed":0,"gold_gain":0,"player_choice":"Grow","damage_taken":0,"max_hp_gain":0,"max_hp_loss":0,"event_name":"Living Wall","floor":12,"gold_loss":0,"cards_upgraded":["Darkness"]}],"is_beta":false,"boss_relics":[{"not_picked":["Empty Cage","Ectoplasm"],"picked":"Velvet Choker"}],"items_purged_floors":[5,19],"is_endless":false,"potions_floor_spawned":[2,4,8,18],"killed_by":"Book of Stabbing","ascension_level":19}}