{"host":"sr8h12zimc8zi8zs","time":1610796442,"event":{"mods":["2.2 Compatiblity","BaseMod","CapriCore","GifTheSpireLib","Minty Spire (QoL Compilation)","Permanent Neow","Replay The Spire","StSLib"],"gold_per_floor":[113,113,113,113,113,113,151,164,164,202,202,220,139,139,139,270,270,295,220,247,260,260,260,260,260,260,273,300,318,343,343,343,364,364,490,590,605,938,600,600,613,613,624,636,662,662,679,679,729,729,729,729,729,729,508,536,536],"floor_reached":58,"language":"KOR","playtime":6828,"items_purged":["Defend_R"],"score":1213,"play_id":"11be48ff-2090-4fdf-9a8a-45766a483044","local_time":"20210116202722","is_ascension_mode":false,"campfire_choices":[{"data":"Eruption","floor":6,"key":"SMITH"},{"floor":11,"key":"REST"},{"floor":15,"key":"RECALL"},{"data":"Juggernaut","floor":23,"key":"SMITH"},{"data":"Feed","floor":26,"key":"SMITH"},{"data":"Havoc","floor":31,"key":"SMITH"},{"data":"Metallicize","floor":34,"key":"SMITH"},{"data":"ReplayTheSpireMod:Brewmster","floor":42,"key":"SMITH"},{"data":"Shrug It Off","floor":48,"key":"SMITH"},{"data":"Apotheosis","floor":51,"key":"SMITH"},{"data":"Pot Of Greed","floor":54,"key":"SMITH"}],"circlet_count":0,"master_deck":["Strike_R+1","Strike_R+1","Strike_R+1","Strike_R+1","Shrug It Off+1","Eruption+1","Pommel Strike","Metallicize+1","Juggernaut+1","Battle Trance+1","Feel No Pain","Clumsy","Feed+1","Havoc+1","Iron Wave+1","Seeing Red+1","ReplayTheSpireMod:Stacked","ReplayTheSpireMod:Splinters","Pot Of Greed","Pot Of Greed+1","Corruption","ReplayTheSpireMod:Limb From Limb+1","Pot Of Greed","ReplayTheSpireMod:Brewmster+1","Dual Wield+1","Rupture+1","Massacre","Apotheosis+1","Replay:Bootleg Shield Generator","Flame Barrier","Rupture","Feel No Pain"],"relics":["NeowsBlessing","Replay:M_SmolderingBlood","InkBottle","Replay:Bottled Eggs","ReplayTheSpireMod:Ring of Collecting","Ring of Misfortune","SacredBark","King of Hearts","Ring of Searing","War Paint","Ring of Hypnosis","Grinning Jar","Replay:Wanted Poster","Juzu Bracelet","Ring of Fury","Replay:Mystery Machine","Replay:PocketPolymizer","ReplayFunnel","ReplayTheSpireMod:TigerMarble"],"acts_visited":["Exordium","TheCity","TheBeyond","TheEnding"],"potions_floor_usage":[16,30,41,41,43,43,47,49,52,52,52,56,56,56,56,57,57,57,57],"damage_taken":[{"damage":0,"enemies":"Small Slimes","floor":1,"turns":1},{"damage":0,"enemies":"3 Sentries","floor":7,"turns":1},{"damage":0,"enemies":"2 Louse","floor":8,"turns":1},{"damage":24,"enemies":"Lagavulin","floor":10,"turns":10},{"damage":0,"enemies":"Jaw Worm","floor":12,"turns":1},{"damage":27,"enemies":"The Guardian","floor":16,"turns":7},{"damage":0,"enemies":"Spheric Guardian","floor":18,"turns":3},{"damage":20,"enemies":"2 Thieves","floor":21,"turns":4},{"damage":5,"enemies":"Cultist and Chosen","floor":27,"turns":4},{"damage":16,"enemies":"Snake Plant","floor":29,"turns":4},{"damage":20,"enemies":"Shelled Parasite and Fungi","floor":30,"turns":4},{"damage":14,"enemies":"Centurion and Healer","floor":33,"turns":4},{"damage":3,"enemies":"Pondfish","floor":35,"turns":9},{"damage":4,"enemies":"Orb Walker","floor":37,"turns":3},{"damage":23,"enemies":"3 Darklings","floor":41,"turns":4},{"damage":6,"enemies":"Transient","floor":43,"turns":5},{"damage":9,"enemies":"Sphere and 2 Shapes","floor":44,"turns":3},{"damage":7,"enemies":"Writhing Mass","floor":47,"turns":3},{"damage":6,"enemies":"Mind Bloom Boss Battle","floor":49,"turns":6},{"damage":37,"enemies":"Replay:Hell Engine","floor":52,"turns":6},{"damage":47,"enemies":"Shield and Spear","floor":56,"turns":7},{"damage":33,"enemies":"The Heart","floor":57,"turns":7}],"seed_played":"2703819526816185726","potions_obtained":[{"floor":1,"key":"Ancient Potion"},{"floor":8,"key":"BloodPotion"},{"floor":12,"key":"FearPotion"},{"floor":16,"key":"SteroidPotion"},{"floor":21,"key":"BloodPotion"},{"floor":33,"key":"Weak Potion"},{"floor":37,"key":"LifebloodPotion"}],"is_trial":false,"path_per_floor":["M","$","?","?","?","R","E","M","T","E","R","M","$","?","R","B",null,"M","?","T","M","?","R","PTL","PTL","R","M","T","M","M","R","?","M","R","B",null,"M","?","$","?","M","R","M","M","T","?","M","R","?","?","R","B",null,"R","$","E","B",null],"character_chosen":"IRONCLAD","items_purchased":["Feel No Pain","ReplayTheSpireMod:Brewmster","Juzu Bracelet","ReplayFunnel"],"campfire_rested":1,"item_purchase_floors":[13,39,39,55],"current_hp_per_floor":[80,80,60,60,60,60,60,60,60,36,60,60,60,60,60,33,80,80,80,80,60,60,60,60,60,60,59,59,47,67,67,67,57,57,58,100,96,96,96,96,73,73,94,89,89,89,82,82,80,70,70,37,112,112,112,65,32],"gold":536,"neow_bonus":"THREE_ENEMY_KILL","is_daily":false,"chose_seed":false,"campfire_upgraded":9,"win_rate":0.0,"timestamp":1610796442,"path_taken":["M","$","?","?","?","R","E","M","T","E","R","M","$","?","R","BOSS","M","?","?","M","?","R","PTL","PTL","R","M","T","M","?","R","?","M","R","BOSS","M","?","$","?","M","R","M","M","T","?","M","R","?","?","R","BOSS","R","$","E","BOSS"],"items_purchased_type":["Card","Card","Relic","Relic"],"build_version":"2020-12-22","purchased_purges":1,"victory":true,"max_hp_per_floor":[80,80,80,80,80,80,80,80,80,80,80,80,80,80,80,80,80,80,80,80,80,80,80,80,80,80,84,84,88,92,92,92,96,96,100,100,100,100,100,100,100,100,100,104,104,104,104,104,108,108,108,112,112,112,112,112,112],"card_choices":[{"not_picked":["Sword Boomerang","Armaments"],"picked":"Shrug It Off","floor":1},{"not_picked":["Demon Form","Sword Boomerang"],"picked":"Pommel Strike","floor":7},{"not_picked":["FlyingSleeves","Body Slam"],"picked":"Metallicize","floor":8},{"not_picked":["Pommel Strike","ReplayTheSpireMod:Muscle Training"],"picked":"Juggernaut","floor":10},{"not_picked":["Crescendo","Power Through"],"picked":"Battle Trance","floor":12},{"not_picked":["Double Tap","Demonic Infusion"],"picked":"Feed","floor":16},{"not_picked":["Headbutt+1","Clash"],"picked":"Havoc","floor":18},{"not_picked":["Heavy Blade","Clothesline"],"picked":"Iron Wave+1","floor":21},{"not_picked":["True Grit","Headbutt"],"picked":"Seeing Red","floor":27},{"not_picked":["Dropkick","Clothesline"],"picked":"ReplayTheSpireMod:Stacked","floor":29},{"not_picked":["Twin Strike","Cleave+1","Iron Wave"],"picked":"SKIP","floor":30},{"not_picked":["Massacre","Flex","Sword Boomerang+1"],"picked":"SKIP","floor":33},{"not_picked":["Immolate","Replay:Many Hands"],"picked":"Corruption","floor":35},{"not_picked":["Run Through+1","Pommel Strike+1"],"picked":"ReplayTheSpireMod:Limb From Limb+1","floor":37},{"not_picked":["Combust+1","Iron Wave+1","Life Link"],"picked":"SKIP","floor":41},{"not_picked":["Ghostly Armor","Pommel Strike","Replay:Undeath\u0027s Touch"],"picked":"SKIP","floor":43},{"not_picked":["Perfected Strike","Cleave+1"],"picked":"Dual Wield+1","floor":44},{"not_picked":["Armaments+1","Cleave+1"],"picked":"Rupture+1","floor":47},{"not_picked":["Sword Boomerang","Headbutt+1"],"picked":"Massacre","floor":49},{"not_picked":["Finesse","Panache"],"picked":"Apotheosis","floor":50},{"not_picked":["Trip","Discovery"],"picked":"Replay:Bootleg Shield Generator","floor":50},{"not_picked":["ReplayTheSpireMod:LeadingStrike+1","ReplayTheSpireMod:Limb From Limb"],"picked":"Feel No Pain","floor":56}],"player_experience":120736,"relics_obtained":[{"floor":7,"key":"InkBottle"},{"floor":10,"key":"Replay:Bottled Eggs"},{"floor":14,"key":"ReplayTheSpireMod:Ring of Collecting"},{"floor":14,"key":"Ring of Misfortune"},{"floor":20,"key":"King of Hearts"},{"floor":20,"key":"Ring of Searing"},{"floor":28,"key":"War Paint"},{"floor":28,"key":"Ring of Hypnosis"},{"floor":45,"key":"Ring of Fury"},{"floor":45,"key":"Replay:Mystery Machine"},{"floor":49,"key":"Replay:PocketPolymizer"},{"floor":56,"key":"ReplayTheSpireMod:TigerMarble"}],"event_choices":[{"damage_healed":0,"gold_gain":0,"player_choice":"Take Damage","damage_taken":20,"relics_obtained":["Golden Idol"],"max_hp_gain":0,"max_hp_loss":0,"event_name":"Golden Idol","floor":3,"gold_loss":0},{"damage_healed":0,"gold_gain":0,"player_choice":"Ignored","damage_taken":0,"max_hp_gain":0,"max_hp_loss":0,"event_name":"Liars Game","floor":5,"gold_loss":0},{"cards_removed":["Defend_R"],"damage_healed":0,"gold_gain":0,"player_choice":"Gave Gold","damage_taken":0,"max_hp_gain":0,"max_hp_loss":0,"event_name":"Beggar","floor":19,"gold_loss":75},{"damage_healed":0,"gold_gain":0,"player_choice":"Ignored","damage_taken":0,"max_hp_gain":0,"max_hp_loss":0,"event_name":"Ghosts","floor":22,"gold_loss":0},{"damage_healed":0,"gold_gain":333,"player_choice":"Gave Idol","damage_taken":0,"max_hp_gain":0,"max_hp_loss":0,"event_name":"The Moai Head","floor":38,"relics_lost":["Golden Idol"],"gold_loss":0},{"damage_healed":0,"gold_gain":0,"player_choice":"Ignored","damage_taken":0,"max_hp_gain":0,"max_hp_loss":0,"event_name":"Tomb of Lord Red Mask","floor":40,"gold_loss":0},{"cards_removed":["Strike_R"],"damage_healed":0,"gold_gain":0,"player_choice":"Removed Attack","damage_taken":0,"max_hp_gain":0,"max_hp_loss":0,"event_name":"Falling","floor":46,"gold_loss":0},{"damage_healed":0,"gold_gain":0,"player_choice":"Fight","damage_taken":0,"max_hp_gain":0,"max_hp_loss":0,"event_name":"MindBloom","floor":49,"gold_loss":0},{"damage_healed":0,"gold_gain":0,"player_choice":"Memory 3","damage_taken":10,"max_hp_gain":0,"max_hp_loss":0,"event_name":"SensoryStone","floor":50,"gold_loss":0}],"is_beta":false,"boss_relics":[{"not_picked":["Electric Blood","Painkiller Herb"],"picked":"SacredBark"},{"not_picked":["Cursed Key","Busted Crown"],"picked":"Replay:Wanted Poster"}],"items_purged_floors":[55],"is_endless":false,"potions_floor_spawned":[1,8,12,16,18,21,33,37,49],"ascension_level":0}}