{"host":"inzxg65gu6nvov1v","time":1610797108,"event":{"mods":["AchievementEnabler","Act Like it!","Aspiration","BaseMod","Better Third Choice","CapriCore","Card Forge","Colored Map","Colored Powertips","Conspire","Downfall","Energized Spire","Hallownest","Hermit","Highlight Path","Hubris","Infinite Spire","Jedi Mod","Koishi","Lobotomy","LobotomyExtend","Marisa????????","Mimic Mod","Minty Spire (QoL Compilation)","Reimu??????","Remilia??????","Spicy Shops","StSLib","Td1madao Mod","The Administrix","The Bug Knight","The Construct","The Cursed","The Disciple","The Elementalist","The Gatherer","The Hierophant","The Immortal","The Mystic","The Necromancer","The Runesmith","The Servant 0.9.4","Wandering Minibosses","Yakumo Yukari mod","Youmu??????"],"gold_per_floor":[112,132,142,0,50,83,28,28,76,76,76,76,76,120,120,120,120],"floor_reached":16,"language":"ENG","playtime":976,"items_purged":[],"score":98,"play_id":"0b596403-d307-4d45-829e-cc3b7b1d1e2d","local_time":"20210116133828","is_ascension_mode":false,"campfire_choices":[{"floor":8,"key":"RECALL"},{"floor":15,"key":"REST"}],"circlet_count":1,"master_deck":["Strike_MRS","Strike_MRS","Strike_MRS","Strike_MRS","Defend_MRS","Defend_MRS","Defend_MRS+1","Defend_MRS","MasterSpark","UpSweep","PropBag+1","BlazeAway","StarBarrage","Singularity"],"relics":["MiniHakkero","Hammer of Thor","Seething Fire","Anvil of the Gods","Juzu Bracelet","War Paint","Hallownest:DreamNailRelic","hubris:Towel","Circlet","Sundial"],"acts_visited":["Hallownest:Greenpath"],"potions_floor_usage":[6,10,16],"damage_taken":[{"damage":4,"enemies":"Hallownest:2_Baldur","floor":1,"turns":4},{"damage":6,"enemies":"Hallownest:2_MossCreeps","floor":2,"turns":4},{"damage":7,"enemies":"2_ Uuma","floor":3,"turns":5},{"damage":7,"enemies":"Hallownest:eliteMossKnight","floor":6,"turns":12},{"damage":0,"enemies":"Hallownest:1_Baldur_1_Crawlid_1_Warrior","floor":10,"turns":1},{"damage":76,"enemies":"Hallownest:BossHornet","floor":16,"turns":9}],"seed_played":"7246069159020681599","potions_obtained":[{"floor":0,"key":"SmokeBomb"},{"floor":0,"key":"Strength Potion"},{"floor":0,"key":"Block Potion"}],"is_trial":false,"path_per_floor":["M","M","M","?","?","E","$","R","T","M","?","?","?","?","R","B"],"character_chosen":"MARISA","items_purchased":["Singularity"],"campfire_rested":1,"item_purchase_floors":[7],"current_hp_per_floor":[71,65,58,58,58,51,51,51,51,51,51,51,51,51,73,0,0],"gold":120,"neow_bonus":"THREE_SMALL_POTIONS","is_daily":false,"chose_seed":false,"campfire_upgraded":0,"win_rate":0.0,"timestamp":1610797108,"path_taken":["M","M","?","?","?","E","?","R","T","M","?","?","?","?","R","BOSS"],"items_purchased_type":["Card"],"build_version":"2020-12-22","purchased_purges":0,"victory":false,"max_hp_per_floor":[75,75,75,75,75,75,75,75,75,75,75,75,75,75,75,75,75],"card_choices":[{"not_picked":["PulseMagic","ManaConvection","NonDirectionalLaser"],"picked":"SKIP","floor":1},{"not_picked":["AsteroidBelt","Robbery"],"picked":"PropBag","floor":2},{"not_picked":["UnstableBomb","LuminesStrike"],"picked":"BlazeAway","floor":3},{"not_picked":["GasGiant","EnergyRecoil"],"picked":"StarBarrage","floor":6}],"player_experience":163958,"relics_obtained":[{"floor":6,"key":"War Paint"}],"event_choices":[],"is_beta":false,"boss_relics":[],"items_purged_floors":[],"is_endless":false,"potions_floor_spawned":[3,10],"killed_by":"Hallownest:BossHornet","ascension_level":0}}