{"host":"sian7qp8a9pc9xwd","time":1610780421,"event":{"mods":["BaseMod","Minty Spire (QoL Compilation)","StSLib","SuperFastMode"],"gold_per_floor":[11,11,23,33,45,45,59,59,59,59,59,74,74,149,149,252,252,269,269,318,334,334,334,345,345,345,370,381,393,12,23,23,123,123,133,133,33,51,51,51],"floor_reached":39,"language":"ENG","playtime":1727,"items_purged":["Strike_R+1","Defend_R"],"score":585,"play_id":"6e734c18-a4ac-4650-9d4b-f2a04d325ce1","local_time":"20210116020021","is_ascension_mode":true,"campfire_choices":[{"data":"Searing Blow","floor":6,"key":"SMITH"},{"data":"Offering","floor":8,"key":"SMITH"},{"data":"Searing Blow+1","floor":10,"key":"SMITH"},{"data":"Searing Blow+2","floor":13,"key":"SMITH"},{"floor":15,"key":"REST"},{"data":"Armaments","floor":23,"key":"SMITH"},{"data":"Armaments","floor":25,"key":"SMITH"},{"data":"Secret Weapon","floor":32,"key":"SMITH"}],"circlet_count":0,"master_deck":["Defend_R","Defend_R","Defend_R","Bash+1","Seeing Red","Searing Blow+4","Armaments+1","Offering+1","Double Tap","Armaments+1","Seeing Red+1","Corruption","Secret Weapon+1","Armaments+1","Warcry","Impatience"],"relics":["Burning Blood","Ancient Tea Set","Empty Cage","Art of War","Bottled Flame","Toy Ornithopter","Velvet Choker"],"acts_visited":["TheCity","TheBeyond"],"potions_floor_usage":[7,27,27,29],"damage_taken":[{"damage":15.0,"enemies":"Small Slimes","floor":1.0,"turns":4.0},{"damage":7.0,"enemies":"Jaw Worm","floor":3.0,"turns":3.0},{"damage":0,"enemies":"2 Louse","floor":4,"turns":3},{"damage":14,"enemies":"Exordium Wildlife","floor":5,"turns":5},{"damage":14,"enemies":"Exordium Thugs","floor":7,"turns":5},{"damage":9,"enemies":"3 Louse","floor":12,"turns":3},{"damage":28,"enemies":"Hexaghost","floor":16,"turns":8},{"damage":6,"enemies":"Chosen","floor":18,"turns":3},{"damage":14,"enemies":"3 Byrds","floor":21,"turns":6},{"damage":12,"enemies":"Snake Plant","floor":24,"turns":4},{"damage":10,"enemies":"Gremlin Leader","floor":27,"turns":6},{"damage":19,"enemies":"Snecko","floor":28,"turns":5},{"damage":6,"enemies":"3 Cultists","floor":29,"turns":5},{"damage":6,"enemies":"Snake Plant","floor":31,"turns":2},{"damage":32,"enemies":"Collector","floor":33,"turns":5},{"damage":18,"enemies":"3 Shapes","floor":35,"turns":7},{"damage":31,"enemies":"3 Darklings","floor":38,"turns":7}],"seed_played":"6314382042689226967","potions_obtained":[{"floor":3.0,"key":"SkillPotion"},{"floor":5,"key":"Regen Potion"},{"floor":7,"key":"HeartOfIron"},{"floor":28,"key":"AttackPotion"},{"floor":31,"key":"SneckoOil"},{"floor":33,"key":"FairyPotion"}],"is_trial":false,"path_per_floor":["M","?","M","M","M","R","M","R","T","R","?","M","R","?","R","B",null,"M","?","T","M","?","R","M","R","T","E","M","M","$","M","R","B",null,"M","?","$","M","M"],"character_chosen":"IRONCLAD","items_purchased":["Corruption","Secret Weapon"],"campfire_rested":1,"item_purchase_floors":[30,30],"current_hp_per_floor":[63,63,62,68,60,60,52,52,52,52,36,33,33,22,46,24,66,66,66,66,58,58,58,52,52,52,63,50,55,55,55,55,29,67,55,45,45,20,0,0],"gold":51,"neow_bonus":"REMOVE_TWO","is_daily":false,"chose_seed":false,"campfire_upgraded":7,"win_rate":0.0,"timestamp":1610780421,"path_taken":["M","?","M","M","M","R","M","R","T","R","?","M","R","?","R","BOSS","M","?","?","M","?","R","M","R","T","E","M","?","$","M","R","BOSS","M","?","$","M","M"],"items_purchased_type":["Card","Card"],"build_version":"2020-12-22","purchased_purges":2,"victory":false,"max_hp_per_floor":[80,80,80,80,80,80,80,80,80,80,80,80,80,80,80,80,80,80,80,80,80,80,80,80,80,80,80,80,80,80,80,80,80,80,80,80,80,80,80,80],"card_choices":[{"not_picked":["Anger","Sword Boomerang"],"picked":"Seeing Red","floor":1.0},{"not_picked":["Iron Wave","Thunderclap"],"picked":"Searing Blow","floor":3.0},{"not_picked":["Warcry","Thunderclap","True Grit"],"picked":"SKIP","floor":4},{"not_picked":["Thunderclap","Sentinel"],"picked":"Armaments","floor":5},{"not_picked":["Clash","Havoc"],"picked":"Offering","floor":7},{"not_picked":["Havoc","Second Wind","Sentinel"],"picked":"SKIP","floor":12},{"not_picked":["Juggernaut","Bludgeon"],"picked":"Double Tap","floor":16},{"not_picked":["Body Slam+1","Second Wind"],"picked":"Armaments","floor":18},{"not_picked":["Cleave","Thunderclap","Clash"],"picked":"SKIP","floor":21},{"not_picked":["Clothesline","Sentinel","True Grit"],"picked":"SKIP","floor":24},{"not_picked":["Carnage","Shrug It Off","Feel No Pain"],"picked":"SKIP","floor":27},{"not_picked":["Wild Strike+1","Body Slam"],"picked":"Seeing Red+1","floor":28},{"not_picked":["Iron Wave+1","Perfected Strike","Body Slam"],"picked":"SKIP","floor":29},{"not_picked":["Flame Barrier","Heavy Blade"],"picked":"Armaments+1","floor":31},{"not_picked":["Flex+1","Ghostly Armor"],"picked":"Warcry","floor":35},{"not_picked":["Discovery","Finesse"],"picked":"Impatience","floor":36},{"not_picked":["True Grit+1","Searing Blow","Wild Strike"],"picked":"SKIP","floor":38}],"player_experience":713619,"relics_obtained":[{"floor":9,"key":"Ancient Tea Set"},{"floor":20,"key":"Art of War"},{"floor":26,"key":"Bottled Flame"},{"floor":27,"key":"Toy Ornithopter"}],"event_choices":[{"damage_healed":0.0,"max_hp_gain":0.0,"max_hp_loss":0.0,"gold_gain":0.0,"cards_transformed":["Strike_R"],"event_name":"Living Wall","player_choice":"Change","floor":2.0,"gold_loss":0.0,"damage_taken":0.0,"cards_obtained":["Clash"]},{"damage_healed":0,"gold_gain":0,"player_choice":"Entered Light","damage_taken":16,"max_hp_gain":0,"max_hp_loss":0,"event_name":"Shining Light","floor":11,"gold_loss":0,"cards_upgraded":["Strike_R","Bash"]},{"damage_healed":0,"gold_gain":75,"player_choice":"Gather Gold","damage_taken":11,"max_hp_gain":0,"max_hp_loss":0,"event_name":"World of Goop","floor":14,"gold_loss":0},{"damage_healed":0,"gold_gain":0,"player_choice":"Ignored","damage_taken":0,"max_hp_gain":0,"max_hp_loss":0,"event_name":"Vampires","floor":19,"gold_loss":0},{"damage_healed":0,"gold_gain":0,"player_choice":"Upgraded","damage_taken":0,"max_hp_gain":0,"max_hp_loss":0,"event_name":"Upgrade Shrine","floor":22,"gold_loss":0,"cards_upgraded":["Searing Blow"]},{"damage_healed":0,"gold_gain":0,"player_choice":"Memory 3","damage_taken":10,"max_hp_gain":0,"max_hp_loss":0,"event_name":"SensoryStone","floor":36,"gold_loss":0}],"is_beta":false,"boss_relics":[{"not_picked":["Fusion Hammer","Calling Bell"],"picked":"Empty Cage"},{"not_picked":["Mark of Pain","Astrolabe"],"picked":"Velvet Choker"}],"items_purged_floors":[30,37],"is_endless":false,"potions_floor_spawned":[3,5,7,28,31,33],"killed_by":"Sphere and 2 Shapes","ascension_level":8}}