{"host":"dtvgc7uk609653br","time":1610760220,"event":{"mods":["BaseMod","Minty Spire (QoL Compilation)","Shade Mod","StSLib","The Druid"],"gold_per_floor":[114,134,134,134,60,93,116,128,151,151,162,125,125,153,153,254,254,269,194,194,209,209,235,235,235,235],"floor_reached":25,"language":"ENG","playtime":922,"items_purged":[],"score":252,"play_id":"228b86f6-e7ba-4403-9422-23c313fda0ad","local_time":"20210115202340","is_ascension_mode":false,"campfire_choices":[{"data":"Shade:GreaterAnimation","floor":10.0,"key":"SMITH"},{"floor":13.0,"key":"REST"},{"data":"Shade:FuneraryJewels","floor":15.0,"key":"SMITH"}],"circlet_count":0,"master_deck":["Shade:AnimateDead","Shade:CarefulCut","Shade:GreaterAnimation+1","Shade:FuneraryJewels","Shade:GraveStillness","Shade:FleshOffering","Shade:FuneraryJewels+1","Shade:Carnophage","Shade:UnbarTheGrave","Shade:SoulPierce","Shade:AblativeArmor","Shade:FleshOffering","Shade:GoDigging","Shade:Coordination","Shade:FleshOffering","Shade:CallOfTheGrave","Shade:OpenGraves","Shade:FleshToFlesh","Bite","Bite","Bite","Bite","Bite","Shade:DarkOfNight"],"relics":["Shade:YorickSkull","Omamori","Dream Catcher","Pen Nib","PreservedInsect","Pandora\u0027s Box","Bag of Preparation"],"acts_visited":["Exordium","TheCity"],"potions_floor_usage":[],"damage_taken":[{"damage":0.0,"enemies":"2 Louse","floor":1.0,"turns":2.0},{"damage":0.0,"enemies":"Small Slimes","floor":2.0,"turns":2.0},{"damage":32.0,"enemies":"Gremlin Nob","floor":6.0,"turns":5.0},{"damage":0.0,"enemies":"Jaw Worm","floor":8.0,"turns":3.0},{"damage":0.0,"enemies":"Blue Slaver","floor":11.0,"turns":3.0},{"damage":6.0,"enemies":"Lagavulin","floor":14.0,"turns":9.0},{"damage":16.0,"enemies":"Hexaghost","floor":16.0,"turns":27.0},{"damage":2.0,"enemies":"3 Byrds","floor":18.0,"turns":4.0},{"damage":13.0,"enemies":"2 Thieves","floor":21.0,"turns":5.0},{"damage":42.0,"enemies":"Slavers","floor":23.0,"turns":7.0},{"damage":5,"enemies":"Centurion and Healer","floor":25,"turns":6}],"seed_played":"2623717124532693199","potions_obtained":[{"floor":1.0,"key":"SpeedPotion"},{"floor":14.0,"key":"Energy Potion"},{"floor":16.0,"key":"Swift Potion"}],"is_trial":false,"path_per_floor":["M","M","?","?","$","E","T","M","T","R","M","$","R","E","R","B",null,"M","?","?","M","?","E","?","M"],"character_chosen":"SHADE","items_purchased":["Shade:FleshOffering","Shade:Carnophage"],"campfire_rested":1,"item_purchase_floors":[5,12],"current_hp_per_floor":[65,65,65,58,58,26,26,28,28,28,30,30,49,45,45,31,65,63,63,63,54,43,5,5,0,0],"gold":235,"neow_bonus":"ONE_RANDOM_RARE_CARD","is_daily":false,"chose_seed":false,"campfire_upgraded":2,"win_rate":0.0,"timestamp":1610760220,"path_taken":["M","M","?","?","?","E","?","M","T","R","?","$","R","E","R","BOSS","M","?","?","M","?","E","?","?"],"items_purchased_type":["Card","Card"],"build_version":"2020-12-22","purchased_purges":0,"victory":false,"max_hp_per_floor":[65,65,65,65,65,65,65,65,65,65,65,65,65,65,65,65,65,65,65,65,65,70,70,70,70,70],"card_choices":[{"not_picked":["Shade:Trample","Shade:SpectralStrikes"],"picked":"Shade:FuneraryJewels","floor":1.0},{"not_picked":["Shade:ScuttlingHand","Shade:BoneShards"],"picked":"Shade:GraveStillness","floor":2.0},{"not_picked":["Shade:SkeletonArmy","Shade:GraveStillness","Shade:FleshLikeOak"],"picked":"SKIP","floor":6.0},{"not_picked":["Shade:ClawBack","Shade:ExtraLimbs"],"picked":"Shade:FuneraryJewels","floor":8.0},{"not_picked":["Shade:RavenousHorde","Shade:AncientSpear","Shade:CoffinDance"],"picked":"SKIP","floor":11.0},{"not_picked":["Shade:Trample","Shade:GraveStillness"],"picked":"Shade:UnbarTheGrave","floor":13.0},{"not_picked":["Shade:SensePrey","Shade:FingerOfDeath","Shade:AblativeArmor"],"picked":"SKIP","floor":14.0},{"not_picked":["Shade:LichForm","Shade:LastGasp"],"picked":"Shade:SoulPierce","floor":16.0},{"not_picked":["Shade:ExtraLimbs","Shade:FreshBones"],"picked":"Shade:FleshToFlesh","floor":18.0},{"not_picked":["Shade:FreshBones","Shade:ExtraLimbs"],"picked":"Shade:DarkOfNight","floor":21.0},{"not_picked":["Shade:ScuttlingHand","Shade:SkeletonHug","Shade:Awaken+1"],"picked":"SKIP","floor":23.0}],"player_experience":531925,"relics_obtained":[{"floor":6.0,"key":"Dream Catcher"},{"floor":7.0,"key":"Blood Vial"},{"floor":9.0,"key":"Pen Nib"},{"floor":14.0,"key":"PreservedInsect"},{"floor":23.0,"key":"Bag of Preparation"}],"event_choices":[{"damage_healed":0.0,"max_hp_gain":0.0,"max_hp_loss":0.0,"gold_gain":0.0,"event_name":"Liars Game","player_choice":"Ignored","floor":3.0,"gold_loss":0.0,"damage_taken":0.0},{"damage_healed":0.0,"max_hp_gain":0.0,"max_hp_loss":0.0,"gold_gain":0.0,"event_name":"Scrap Ooze","player_choice":"Success","floor":4.0,"gold_loss":0.0,"damage_taken":7.0,"relics_obtained":["Omamori"]},{"cards_removed":["Shade:CommandSoldier"],"damage_healed":0.0,"max_hp_gain":0.0,"max_hp_loss":0.0,"gold_gain":0.0,"event_name":"Beggar","player_choice":"Gave Gold","floor":19.0,"gold_loss":75.0,"damage_taken":0.0},{"damage_healed":0.0,"max_hp_gain":0.0,"max_hp_loss":0.0,"gold_gain":0.0,"event_name":"Vampires","player_choice":"Became a vampire (Vial)","floor":20.0,"relics_lost":["Blood Vial"],"gold_loss":0.0,"damage_taken":0.0,"cards_obtained":["Bite","Bite","Bite","Bite","Bite"]},{"damage_healed":0.0,"max_hp_gain":5.0,"max_hp_loss":0.0,"gold_gain":0.0,"event_name":"Forgotten Altar","player_choice":"Shed Blood","floor":22.0,"gold_loss":0.0,"damage_taken":16.0},{"damage_healed":0.0,"max_hp_gain":0.0,"max_hp_loss":0.0,"gold_gain":0.0,"event_name":"NoteForYourself","player_choice":"Ignored","floor":24.0,"gold_loss":0.0,"damage_taken":0.0}],"is_beta":false,"boss_relics":[{"not_picked":["Runic Pyramid","Black Star"],"picked":"Pandora\u0027s Box"}],"items_purged_floors":[],"is_endless":false,"potions_floor_spawned":[1,14,16,21],"killed_by":"Centurion and Healer","ascension_level":0}}