{"host":"mydft8i2zzydgggw","time":1610840327,"event":{"mods":["AchievementEnabler","BaseMod","BetterRewards","Colored Map","Colored Powertips","DeckTracker","Keyboard Shortcuts","Minty Spire (QoL Compilation)","Rare Cards Sparkle","StSLib","SuperFastMode","everything is the same but u backflip on backflip"],"gold_per_floor":[116,116,291,291,311,311,261,284,284,303,318,196,216,229,229,355,355,329,428,428,451,451,451,451,451],"floor_reached":24,"language":"KOR","playtime":456,"items_purged":["Doubt","Strike_B"],"score":357,"play_id":"47eb9dc9-da1e-42c9-b7d2-f1a561ba780e","local_time":"20210117083847","is_ascension_mode":true,"campfire_choices":[{"data":"Zap","floor":6,"key":"SMITH"},{"floor":15,"key":"REST"},{"floor":23,"key":"REST"}],"circlet_count":0,"master_deck":["AscendersBane","Strike_B","Defend_B","Defend_B","Defend_B","Defend_B","Zap+1","Dualcast","Streamline","Machine Learning","Consume","Defragment","Glacier","Coolheaded","FTL","Echo Form","Coolheaded"],"relics":["Cracked Core","Smiling Mask","Bloody Idol","Mercury Hourglass","Empty Cage"],"acts_visited":["Exordium","TheCity"],"potions_floor_usage":[16,16,16,21],"damage_taken":[{"damage":3,"enemies":"Small Slimes","floor":1,"turns":4},{"damage":0,"enemies":"2 Louse","floor":5,"turns":2},{"damage":6,"enemies":"Jaw Worm","floor":8,"turns":4},{"damage":13,"enemies":"Red Slaver","floor":10,"turns":4},{"damage":10,"enemies":"2 Fungi Beasts","floor":11,"turns":3},{"damage":6,"enemies":"Large Slime","floor":13,"turns":5},{"damage":19,"enemies":"Exordium Wildlife","floor":14,"turns":4},{"damage":0,"enemies":"Hexaghost","floor":16,"turns":11},{"damage":31,"enemies":"2 Thieves","floor":18,"turns":5},{"damage":26,"enemies":"3 Byrds","floor":21,"turns":5},{"damage":25,"enemies":"Shelled Parasite and Fungi","floor":24,"turns":2}],"seed_played":"4742954238061893339","potions_obtained":[{"floor":5,"key":"PowerPotion"},{"floor":11,"key":"Dexterity Potion"},{"floor":13,"key":"FocusPotion"},{"floor":16,"key":"Swift Potion"}],"is_trial":false,"path_per_floor":["M","?","?","?","M","R","$","M","T","M","M","$","M","M","R","B",null,"M","?","?","M","?","R","M"],"character_chosen":"DEFECT","items_purchased":["Glacier"],"campfire_rested":2,"item_purchase_floors":[12],"current_hp_per_floor":[65,65,65,65,65,65,65,59,59,46,36,36,30,11,31,31,60,29,29,29,3,3,23,0,0],"gold":451,"neow_bonus":"RANDOM_COMMON_RELIC","is_daily":false,"chose_seed":false,"campfire_upgraded":1,"win_rate":0.0,"timestamp":1610840327,"path_taken":["M","?","?","?","M","R","$","M","T","M","M","$","?","M","R","BOSS","M","?","?","M","?","R","M"],"items_purchased_type":["Card"],"build_version":"2020-12-22","purchased_purges":2,"victory":false,"max_hp_per_floor":[75,69,69,69,69,69,69,69,69,69,69,69,69,69,69,69,69,69,69,69,69,69,69,69,69],"card_choices":[{"not_picked":["Double Energy","Stack"],"picked":"Streamline","floor":1},{"not_picked":["Ball Lightning","Reprogram"],"picked":"Machine Learning","floor":5},{"not_picked":["Scrape","Reprogram"],"picked":"Consume","floor":8},{"not_picked":["Darkness","Turbo","Hello World"],"picked":"SKIP","floor":10},{"not_picked":["Turbo","FTL"],"picked":"Defragment","floor":11},{"not_picked":["Scrape","Hello World"],"picked":"Coolheaded","floor":13},{"not_picked":["Turbo","Double Energy"],"picked":"FTL","floor":14},{"not_picked":["Electrodynamics","Biased Cognition"],"picked":"Echo Form","floor":16},{"not_picked":["Hologram","Turbo","Streamline+1"],"picked":"SKIP","floor":18},{"not_picked":["Rebound","Redo"],"picked":"Coolheaded","floor":21}],"player_experience":176181,"relics_obtained":[{"floor":9,"key":"Mercury Hourglass"}],"event_choices":[{"damage_healed":0,"gold_gain":0,"player_choice":"Lose Max HP","damage_taken":0,"relics_obtained":["Golden Idol"],"max_hp_gain":0,"max_hp_loss":6,"event_name":"Golden Idol","floor":2,"gold_loss":0},{"damage_healed":0,"gold_gain":175,"player_choice":"AGREE","damage_taken":0,"max_hp_gain":0,"max_hp_loss":0,"event_name":"Liars Game","floor":3,"gold_loss":0,"cards_obtained":["Doubt"]},{"damage_healed":0,"gold_gain":0,"player_choice":"Ignored","damage_taken":0,"max_hp_gain":0,"max_hp_loss":0,"event_name":"Shining Light","floor":4,"gold_loss":0},{"damage_healed":0,"gold_gain":99,"player_choice":"Stole From Cult","damage_taken":0,"max_hp_gain":0,"max_hp_loss":0,"event_name":"Nest","floor":19,"gold_loss":0},{"damage_healed":0,"gold_gain":0,"player_choice":"Ignored","damage_taken":0,"max_hp_gain":0,"max_hp_loss":0,"event_name":"Ghosts","floor":20,"gold_loss":0},{"damage_healed":0,"gold_gain":0,"player_choice":"Gave Idol","damage_taken":0,"relics_obtained":["Bloody Idol"],"max_hp_gain":0,"max_hp_loss":0,"event_name":"Forgotten Altar","floor":22,"relics_lost":["Golden Idol"],"gold_loss":0}],"is_beta":false,"boss_relics":[{"not_picked":["Fusion Hammer","Busted Crown"],"picked":"Empty Cage"}],"items_purged_floors":[7,12],"is_endless":false,"potions_floor_spawned":[5,11,13,16],"killed_by":"Shelled Parasite and Fungi","ascension_level":10}}