{"host":"4hkuu26ltn0le3bk","time":1610839812,"event":{"mods":["100% Spire Juice","Arknights The Spire","Astrologer","BaseMod","BetterRewards","Clockwork Mod","Colored Map","Colored Powertips","Downfall","Friendly Minions","Gremlin Mod","Hermit","Marisa????????","Minty Spire (QoL Compilation)","Quick Restart","StSLib","Td1madao Mod","The Bug Knight","The Construct","The Cursed","The Disciple","The Factory","The Hierophant","The Jungle","The Servant 0.9.4"],"gold_per_floor":[99,119,134,134,234,234,234,244,259,259,275,275,292,88,108,108,108],"floor_reached":16,"language":"ENG","playtime":773,"items_purged":[],"score":94,"play_id":"c431a9a4-7a50-414f-b2d8-cbde8cbc8762","local_time":"20210116183012","is_ascension_mode":false,"campfire_choices":[{"data":"ats:Emotion Absorption","floor":1,"key":"SMITH"},{"data":"ats:Armor Crushing Shot","floor":6,"key":"SMITH"},{"data":"ats:Flexible Camouflage","floor":10,"key":"SMITH"}],"circlet_count":0,"master_deck":["ats:Strike G","ats:Strike S","ats:Strike V","ats:Armor Crushing Shot+1","ats:Defend","ats:Defend","ats:Defend","ats:Defend","ats:Emotion Absorption+1","ats:Powerful Strike","ats:Leaping Hammer","ats:Flexible Camouflage+1","ats:Cat Scratch","ats:Curse Doll","ats:Rapid Magazine","ats:Powerful Strike"],"relics":["ats:Sanity","downfall:BrokenWingStatue","Kunai","ats:Snipe"],"acts_visited":["Exordium"],"potions_floor_usage":[16,16],"damage_taken":[{"damage":6,"enemies":"Small Slimes","floor":2,"turns":5},{"damage":1,"enemies":"Cultist","floor":3,"turns":3},{"damage":0,"enemies":"2 Louse","floor":8,"turns":3},{"damage":12,"enemies":"Blue Slaver","floor":9,"turns":3},{"damage":12,"enemies":"Exordium Thugs","floor":11,"turns":4},{"damage":8,"enemies":"3 Louse","floor":13,"turns":3},{"damage":0,"enemies":"downfall:FleeingMerchant","floor":14,"turns":4},{"damage":11,"enemies":"Lots of Slimes","floor":15,"turns":5},{"damage":30,"enemies":"DF_ARCHETYPE_STREAMLINE","floor":16,"turns":4}],"seed_played":"-2664104123908369060","potions_obtained":[{"floor":2,"key":"Dexterity Potion"},{"floor":8,"key":"SkillPotion"},{"floor":9,"key":"ColorlessPotion"}],"is_trial":false,"path_per_floor":["R","M","M","?","?","R","T","M","M","R","M","?","M","$","M","B"],"character_chosen":"DOCTOR_CLASS","items_purchased":["ats:Rapid Magazine","ats:Snipe"],"campfire_rested":0,"item_purchase_floors":[14,14],"current_hp_per_floor":[79,73,72,72,72,72,72,72,60,60,48,48,40,40,29,0,0],"gold":108,"neow_bonus":"TEN_PERCENT_HP_BONUS","is_daily":false,"chose_seed":false,"campfire_upgraded":3,"win_rate":0.0,"timestamp":1610839812,"path_taken":["R","M","M","?","?","R","T","M","M","R","?","?","M","$","M","BOSS"],"items_purchased_type":["Card","Relic"],"build_version":"2020-12-22","purchased_purges":0,"victory":false,"max_hp_per_floor":[79,79,79,79,79,79,79,79,79,79,79,79,79,79,79,79,79],"card_choices":[{"not_picked":["ats:Thermite Blade","ats:Childhood Dance"],"picked":"ats:Powerful Strike","floor":2},{"not_picked":["ats:Hammer On","ats:Closed Bolt Burst Fire","ats:Explosion Area Strengthen"],"picked":"SKIP","floor":3},{"not_picked":["ats:Powerful Strike","ats:Cat Scratch"],"picked":"ats:Leaping Hammer","floor":8},{"not_picked":["ats:Explosion Area Strengthen","ats:Ignite"],"picked":"ats:Flexible Camouflage","floor":9},{"not_picked":["ats:Assault Order","ats:Curse Doll"],"picked":"ats:Cat Scratch","floor":11},{"not_picked":["ats:Childhood Dance","ats:Defend Order"],"picked":"ats:Curse Doll","floor":13},{"not_picked":["ats:Childhood Dance","ats:Ignite","ats:True Silver Slash"],"picked":"SKIP","floor":14},{"not_picked":["ats:Ignite","ats:Flexible Camouflage"],"picked":"ats:Powerful Strike","floor":15}],"player_experience":211054,"relics_obtained":[{"floor":7,"key":"Kunai"}],"event_choices":[],"is_beta":false,"boss_relics":[],"items_purged_floors":[],"is_endless":false,"potions_floor_spawned":[2,8,9],"killed_by":"DF_ARCHETYPE_STREAMLINE","ascension_level":0}}