{"host":"dlqyscxstsnu98l1","time":1610764407,"event":{"mods":["AchievementEnabler","BaseMod","Bestiary","Colored Map","Colored Powertips","Conspire","GifTheSpireLib","Highlight Path","Minty Spire (QoL Compilation)","Random Character Button","Replay The Spire","SacredBarkPlus","StSLib"],"gold_per_floor":[110,125,75,75,85,85,105,105,105,115,115,115,135,14,14,113,113,123,141,141,152,172,197,208,208,234,265,10,10,25,25,25],"floor_reached":31,"language":"ENG","playtime":1524,"items_purged":["Strike_P","Defend_P"],"score":360,"play_id":"0d710a7d-1337-42de-883b-017cc5ee53c9","local_time":"20210115203327","is_ascension_mode":true,"campfire_choices":[{"data":"PathToVictory","floor":6,"key":"SMITH"},{"data":"ThirdEye","floor":8,"key":"SMITH"},{"data":"Eruption","floor":11,"key":"SMITH"},{"data":"PathToVictory","floor":15,"key":"SMITH"},{"floor":25,"key":"REST"},{"floor":29,"key":"REST"}],"circlet_count":0,"master_deck":["Defend_P","Defend_P","Defend_P","Eruption+1","Vigilance","Ragnarok","PathToVictory+1","ThirdEye+1","PathToVictory+1","Alpha","Clumsy","Replay:Cycle","PathToVictory","Replay:Cycle","PathToVictory","Collect+1","ThirdEye"],"relics":["PureWater","Durian","conspire:GlowingRock","Replay:Ancient Bell","Omamori","Replay:Bottled Flurry","Counterbalance","Boot","PreservedInsect","Strawberry"],"acts_visited":["Exordium","TheCity"],"potions_floor_usage":[19,21,21,27],"damage_taken":[{"damage":0,"enemies":"Small Slimes","floor":1,"turns":3},{"damage":0,"enemies":"2 Louse","floor":2,"turns":2},{"damage":0,"enemies":"Cultist","floor":5,"turns":3},{"damage":0,"enemies":"2 Fungi Beasts","floor":7,"turns":3},{"damage":0,"enemies":"Red Slaver","floor":10,"turns":3},{"damage":3,"enemies":"3 Louse","floor":13,"turns":5},{"damage":0,"enemies":"Slime Boss","floor":16,"turns":5},{"damage":2,"enemies":"Shell Parasite","floor":18,"turns":4},{"damage":17,"enemies":"2 Thieves","floor":19,"turns":4},{"damage":15,"enemies":"Centurion and Healer","floor":21,"turns":5},{"damage":9,"enemies":"3 Cultists","floor":22,"turns":6},{"damage":17,"enemies":"Book of Stabbing","floor":23,"turns":4},{"damage":0,"enemies":"Snake Plant","floor":24,"turns":2},{"damage":18,"enemies":"Gremlin Leader","floor":27,"turns":3},{"damage":11,"enemies":"Centurion and Healer","floor":30,"turns":5},{"damage":57,"enemies":"Slavers","floor":31,"turns":4}],"seed_played":"-3641746195374427058","potions_obtained":[{"floor":1,"key":"LiquidBronze"},{"floor":10,"key":"SkillPotion"},{"floor":18,"key":"Explosive Potion"},{"floor":19,"key":"Weak Potion"},{"floor":21,"key":"StancePotion"},{"floor":23,"key":"SpeedPotion"}],"is_trial":false,"path_per_floor":["M","M","?","?","M","R","M","R","T","M","R","?","M","$","R","B",null,"M","M","?","M","M","E","M","R","T","E","$","R","M","E"],"character_chosen":"WATCHER","items_purchased":["PathToVictory","Strawberry"],"campfire_rested":2,"item_purchase_floors":[14,28],"current_hp_per_floor":[51,51,51,44,44,44,44,44,49,49,49,49,46,46,46,46,77,75,58,58,43,34,17,17,40,40,22,29,54,43,0,0],"gold":25,"neow_bonus":"THREE_RARE_CARDS","is_daily":false,"chose_seed":false,"campfire_upgraded":4,"win_rate":0.0,"timestamp":1610764407,"path_taken":["M","M","?","?","M","R","M","R","T","M","R","?","?","$","R","BOSS","M","M","?","M","M","E","M","R","T","E","$","R","?","E"],"items_purchased_type":["Card","Relic"],"build_version":"2020-12-22","purchased_purges":2,"victory":false,"max_hp_per_floor":[72,72,72,72,72,72,72,72,77,77,77,77,77,77,77,77,77,77,77,77,77,77,77,77,77,77,77,84,84,84,84,84],"card_choices":[{"not_picked":["Blasphemy","Omniscience"],"picked":"Ragnarok","floor":0},{"not_picked":["Replay:Anticipation","BowlingBash","Replay:AtTheReady"],"picked":"SKIP","floor":1},{"not_picked":["FlyingSleeves","Sanctity"],"picked":"PathToVictory","floor":2},{"not_picked":["Prostrate","LikeWater"],"picked":"ThirdEye","floor":5},{"not_picked":["Replay:Vibes","Collect","Evaluate"],"picked":"SKIP","floor":7},{"not_picked":["ClearTheMind","Swivel","Pray"],"picked":"SKIP","floor":10},{"not_picked":["Replay:BluntJabs","ConjureBlade","Replay:Vibes"],"picked":"SKIP","floor":13},{"not_picked":["Omniscience","Replay:LoomingThreat"],"picked":"Alpha","floor":16},{"not_picked":["Overencumbered","Delirium"],"picked":"CurseOfTheBell","floor":17},{"not_picked":["ReplayTheSpireMod:Restless Dread","Amnesia"],"picked":"AbeCurse","floor":17},{"not_picked":["Hallucinations","Spreading Infection"],"picked":"Clumsy","floor":17},{"not_picked":["EmptyFist+1","Replay:AtTheReady+1"],"picked":"Replay:Cycle","floor":18},{"not_picked":["Halt","Wallop"],"picked":"PathToVictory","floor":19},{"not_picked":["MentalFortress+1","CrushJoints"],"picked":"Replay:Cycle","floor":21},{"not_picked":["FlyingSleeves","Weave+1","Indignation"],"picked":"SKIP","floor":22},{"not_picked":["WreathOfFlame+1","Replay:LoomingThreat"],"picked":"PathToVictory","floor":23},{"not_picked":["FlyingSleeves","Crescendo","SashWhip"],"picked":"SKIP","floor":24},{"not_picked":["WaveOfTheHand","Consecrate"],"picked":"Collect+1","floor":27},{"not_picked":["FearNoEvil","WheelKick"],"picked":"ThirdEye","floor":30}],"player_experience":57044,"relics_obtained":[{"floor":9,"key":"Durian"},{"floor":23,"key":"Boot"},{"floor":27,"key":"PreservedInsect"}],"event_choices":[{"cards_removed":["Strike_P"],"damage_healed":0,"gold_gain":0,"player_choice":"Card Removal","damage_taken":0,"max_hp_gain":0,"max_hp_loss":0,"event_name":"The Cleric","floor":3,"gold_loss":50},{"cards_removed":["Strike_P"],"damage_healed":0,"gold_gain":0,"player_choice":"Card Removal","damage_taken":7,"max_hp_gain":0,"max_hp_loss":0,"event_name":"Golden Wing","floor":4,"gold_loss":0},{"damage_healed":0,"gold_gain":0,"player_choice":"Gave Potion","damage_taken":0,"relics_obtained":["conspire:GlowingRock"],"max_hp_gain":0,"max_hp_loss":0,"event_name":"WeMeetAgain","floor":12,"gold_loss":0},{"cards_removed":["Strike_P"],"damage_healed":0,"gold_gain":0,"player_choice":"Purged","damage_taken":0,"max_hp_gain":0,"max_hp_loss":0,"event_name":"Purifier","floor":20,"gold_loss":0}],"is_beta":false,"boss_relics":[{"not_picked":["Honey Jar","conspire:SlowCooker"],"picked":"Replay:Ancient Bell"},{"not_picked":["Pen Nib","Ancient Tea Set"],"picked":"Omamori"},{"not_picked":["Chameleon Ring","ReplayTheSpireMod:Shallot"],"picked":"Replay:Bottled Flurry"},{"not_picked":["Pocketwatch","Replay:PocketPolymizer"],"picked":"Counterbalance"}],"items_purged_floors":[14,28],"is_endless":false,"potions_floor_spawned":[1,10,18,19,21,23],"killed_by":"Slavers","ascension_level":1}}