{"host":"oeotdbd679q6m6vu","time":1610755584,"event":{"mods":["Act Like it!","BaseMod","Colored Map","Decade(Õı–°√˜)","Downfall","Friendly Minions","Gensokyo","GifTheSpireLib","Highlight Path","Marisa£®ÏF”Í°°ƒß¿Ì…≥£©","Minty Spire (QoL Compilation)","Rare Cards Sparkle","Reimu£®≤©¿ˆ¡È√Œ£©","StSLib","The Animator","Youmu£®ªÍ∆«—˝√Œ£©"],"gold_per_floor":[99,99,99,99,274,274,274,303,303,313,329,24,52,76,87,87,87,87],"floor_reached":16,"language":"ZHS","playtime":758,"items_purged":["Regret"],"score":131,"play_id":"56ad8233-5ab3-4eb6-91be-39275e4b3bdb","local_time":"20210115190624","is_ascension_mode":false,"campfire_choices":[{"floor":1,"key":"RECALL"}],"circlet_count":0,"master_deck":["Guardian:Strike_Guardian","Guardian:Strike_Guardian","Guardian:Strike_Guardian","Guardian:Defend_Guardian","Guardian:Defend_Guardian","Guardian:Defend_Guardian","Guardian:Defend_Guardian","Guardian:CurlUp","Guardian:TwinSlam","Guardian:RefractedBeam","Doubt","Guardian:Gem_White","Guardian:VentSteam+1","Guardian:Planning+1","Guardian:Clone+1","Guardian:Gem_Purple","Guardian:Gem_White","Guardian:AncientConstruct+1"],"relics":["Guardian:ModeShifter","downfall:HeartsMalice","Toxic Egg 2","Smiling Mask","Pear","Potion Belt","Frozen Egg 2","Lantern"],"acts_visited":["Exordium"],"potions_floor_usage":[13,16,16],"damage_taken":[{"damage":0,"enemies":"Jaw Worm","floor":2,"turns":1},{"damage":0,"enemies":"3 Sentries","floor":8,"turns":1},{"damage":0,"enemies":"2 Louse","floor":9,"turns":1},{"damage":8,"enemies":"Small Slimes","floor":10,"turns":3},{"damage":38,"enemies":"Exordium Thugs","floor":11,"turns":6},{"damage":7,"enemies":"downfall:FleeingMerchant","floor":12,"turns":4},{"damage":8,"enemies":"Lagavulin","floor":13,"turns":8},{"damage":14,"enemies":"Blue Slaver","floor":15,"turns":5},{"damage":12,"enemies":"SI_SHIV_ARCHETYPE","floor":16,"turns":5}],"seed_played":"-573255568270172126","potions_obtained":[{"floor":10,"key":"ColorlessPotion"},{"floor":11,"key":"Strength Potion"},{"floor":15,"key":"GrandPatriotsElixir:ReiMu"}],"is_trial":false,"path_per_floor":["R","M","?","?","?","?","T","E","M","M","M","$","E","T","M","B"],"character_chosen":"GUARDIAN","items_purchased":["Frozen Egg 2"],"campfire_rested":0,"item_purchase_floors":[12],"current_hp_per_floor":[80,80,77,77,77,77,87,87,87,79,41,34,26,26,12,0,0,0],"gold":87,"neow_bonus":"THREE_ENEMY_KILL","is_daily":false,"chose_seed":false,"campfire_upgraded":0,"win_rate":0.0,"timestamp":1610755584,"path_taken":["R","M","?","?","?","?","T","E","M","M","M","$","E","?","M","BOSS"],"items_purchased_type":["Relic"],"build_version":"2020-12-22","purchased_purges":1,"victory":false,"max_hp_per_floor":[80,80,80,80,80,80,90,90,90,90,90,90,90,90,90,90,90,90],"card_choices":[{"not_picked":["Guardian:CrystalBeam","Guardian:RollAttack"],"picked":"Guardian:RefractedBeam","floor":2},{"not_picked":["Guardian:VentSteam+1","Guardian:BronzeArmor+1"],"picked":"Guardian:Gem_White","floor":8},{"not_picked":["Guardian:CrystalBeam","Guardian:PrimingBeam"],"picked":"Guardian:VentSteam+1","floor":9},{"not_picked":["Guardian:Gem_Green","Guardian:PiercingHide+1"],"picked":"Guardian:Planning+1","floor":10},{"not_picked":["Guardian:MultiBeam","Guardian:RefractedBeam"],"picked":"Guardian:Clone+1","floor":11},{"not_picked":["Guardian:Incinerate","Guardian:TemporalStrike"],"picked":"Guardian:Gem_Purple","floor":12},{"not_picked":["Guardian:VentSteam+1","Guardian:BodySlam"],"picked":"Guardian:Gem_White","floor":13},{"not_picked":["Guardian:Recover+1","Guardian:Incinerate"],"picked":"Guardian:AncientConstruct+1","floor":15}],"player_experience":322834,"relics_obtained":[{"floor":7,"key":"Pear"},{"floor":8,"key":"Potion Belt"},{"floor":13,"key":"Lantern"}],"event_choices":[{"damage_healed":0,"gold_gain":0,"player_choice":"Success","damage_taken":3,"relics_obtained":["Toxic Egg 2"],"max_hp_gain":0,"max_hp_loss":0,"event_name":"Scrap Ooze","floor":3,"gold_loss":0},{"damage_healed":0,"gold_gain":0,"player_choice":"Box","damage_taken":0,"relics_obtained":["Smiling Mask"],"max_hp_gain":0,"max_hp_loss":0,"event_name":"Big Fish","floor":4,"gold_loss":0,"cards_obtained":["Regret"]}],"is_beta":false,"boss_relics":[],"items_purged_floors":[12],"is_endless":false,"potions_floor_spawned":[10,11,15],"killed_by":"SI_SHIV_ARCHETYPE","ascension_level":0}}