{"host":"1q02rw1wpi0nrsss","time":1610777957,"event":{"mods":["AchievementEnabler","BaseMod","DeckTracker","Minty Spire (QoL Compilation)","Permanent Neow","Quick Restart","Rare Cards Sparkle"],"gold_per_floor":[210,210,230,330,346,346,363,389,412,445,464,80,97,109,109,208,208,224,242,2,2,18,32,32,52,76,107,44,54,54,73,73,170,170,181,201,212,68,68,68,118,118,118,133,153,153,153,172,172,172],"floor_reached":51,"language":"ENG","playtime":2439,"items_purged":["Strike_R","Strike_R","Strike_R","Parasite"],"score":1040,"play_id":"e1ac3f8e-9583-4f60-9ba6-f66e18d3f581","local_time":"20210115221917","is_ascension_mode":true,"campfire_choices":[{"data":"Bash","floor":6,"key":"SMITH"},{"data":"Limit Break","floor":15,"key":"SMITH"},{"data":"Heavy Blade","floor":30,"key":"SMITH"},{"floor":32,"key":"REST"},{"data":"Panacea","floor":40,"key":"SMITH"},{"data":"Sword Boomerang","floor":42,"key":"SMITH"},{"floor":46,"key":"RECALL"},{"data":"Limit Break","floor":49,"key":"SMITH"}],"circlet_count":0,"master_deck":["AscendersBane","Strike_R","Strike_R","Defend_R","Defend_R","Defend_R","Defend_R","Bash+1","Body Slam+1","Pommel Strike","Limit Break+1","Inflame","Heavy Blade+1","Shrug It Off","Battle Trance","Warcry","Reaper","Pummel+1","Headbutt","Panacea+1","Cleave+1","Limit Break+1","Body Slam+1","Disarm+1","Limit Break+1","Shockwave+1","Exhume","Flex","Dark Shackles","Sword Boomerang+1"],"relics":["Burning Blood","Toy Ornithopter","Dream Catcher","Bag of Preparation","Membership Card","Vajra","Oddly Smooth Stone","Philosopher\u0027s Stone","Blood Vial","Bronze Scales","Ginger","Orichalcum","Gambling Chip","SacredBark","Bird Faced Urn","Bottled Lightning"],"acts_visited":["Exordium","TheCity","TheBeyond"],"potions_floor_usage":[8,14,16,18,19,27,36,50,50],"damage_taken":[{"damage":5,"enemies":"Jaw Worm","floor":1,"turns":5},{"damage":5,"enemies":"Cultist","floor":3,"turns":4},{"damage":2,"enemies":"Small Slimes","floor":5,"turns":4},{"damage":19,"enemies":"Gremlin Gang","floor":7,"turns":10},{"damage":12,"enemies":"Gremlin Nob","floor":8,"turns":4},{"damage":34,"enemies":"Lagavulin","floor":10,"turns":6},{"damage":6,"enemies":"3 Louse","floor":11,"turns":4},{"damage":3,"enemies":"2 Fungi Beasts","floor":13,"turns":4},{"damage":11,"enemies":"Exordium Thugs","floor":14,"turns":5},{"damage":8,"enemies":"Slime Boss","floor":16,"turns":8},{"damage":32,"enemies":"Spheric Guardian","floor":18,"turns":6},{"damage":21,"enemies":"3 Byrds","floor":19,"turns":5},{"damage":12,"enemies":"Snake Plant","floor":22,"turns":4},{"damage":24,"enemies":"3 Cultists","floor":23,"turns":4},{"damage":7,"enemies":"Chosen and Byrds","floor":25,"turns":4},{"damage":38,"enemies":"Slavers","floor":27,"turns":3},{"damage":2,"enemies":"Cultist and Chosen","floor":29,"turns":3},{"damage":24,"enemies":"Shelled Parasite and Fungi","floor":31,"turns":3},{"damage":16,"enemies":"Champ","floor":33,"turns":6},{"damage":11,"enemies":"Orb Walker","floor":35,"turns":2},{"damage":6,"enemies":"3 Shapes","floor":36,"turns":3},{"damage":75,"enemies":"Writhing Mass","floor":37,"turns":6},{"damage":0,"enemies":"Mind Bloom Boss Battle","floor":41,"turns":3},{"damage":10,"enemies":"Jaw Worm Horde","floor":44,"turns":3},{"damage":25,"enemies":"Maw","floor":45,"turns":4},{"damage":25,"enemies":"Transient","floor":48,"turns":5},{"damage":108,"enemies":"Donu and Deca","floor":50,"turns":6}],"seed_played":"6676035681385490167","potions_obtained":[{"floor":3,"key":"ElixirPotion"},{"floor":7,"key":"HeartOfIron"},{"floor":14,"key":"Swift Potion"},{"floor":16,"key":"Swift Potion"},{"floor":18,"key":"SkillPotion"},{"floor":19,"key":"Strength Potion"},{"floor":22,"key":"SpeedPotion"},{"floor":36,"key":"Dexterity Potion"},{"floor":45,"key":"CultistPotion"}],"is_trial":false,"path_per_floor":["M","?","M","?","M","R","M","E","T","E","M","$","M","M","R","B",null,"M","M","$","T","M","M","?","M","T","E","$","M","R","M","R","B",null,"M","M","M","$","?","R","?","R","T","M","M","R","?","M","R","B",null],"character_chosen":"IRONCLAD","items_purchased":["Membership Card","Vajra","Oddly Smooth Stone","Fruit Juice","Panacea","Blood Vial","Bronze Scales","Flex","Dark Shackles"],"campfire_rested":1,"item_purchase_floors":[12,12,12,12,20,20,20,38,38],"current_hp_per_floor":[73,73,74,74,78,78,65,59,59,31,31,31,34,39,39,42,74,53,73,73,73,79,63,63,64,64,39,39,65,65,49,74,66,80,77,84,85,82,82,82,82,82,82,78,82,82,82,82,82,19],"gold":172,"neow_bonus":"HUNDRED_GOLD","is_daily":false,"chose_seed":false,"campfire_upgraded":6,"win_rate":0.0,"timestamp":1610777957,"path_taken":["M","?","M","?","?","R","?","E","T","E","M","?","M","?","R","BOSS","M","?","$","?","M","M","?","M","T","E","$","M","R","M","R","BOSS","M","M","?","$","?","R","?","R","T","?","M","R","?","M","R","BOSS"],"items_purchased_type":["Relic","Relic","Relic","Potion","Card","Relic","Relic","Card","Card"],"build_version":"2020-12-22","purchased_purges":4,"victory":true,"max_hp_per_floor":[80,80,80,80,80,80,80,80,80,80,80,80,80,85,85,85,85,85,85,85,85,85,85,85,85,85,85,85,85,85,85,85,85,85,85,85,85,82,82,82,82,82,82,82,82,82,82,82,82,82],"card_choices":[{"not_picked":["Thunderclap","Clash"],"picked":"Body Slam","floor":1},{"not_picked":["Infernal Blade","Flex"],"picked":"Pommel Strike","floor":3},{"not_picked":["Anger","Thunderclap"],"picked":"Limit Break","floor":5},{"not_picked":["Wild Strike","True Grit"],"picked":"Inflame","floor":7},{"not_picked":["Sword Boomerang","Wild Strike"],"picked":"Heavy Blade","floor":8},{"not_picked":["Exhume","Perfected Strike"],"picked":"Shrug It Off","floor":10},{"not_picked":["Anger","Perfected Strike"],"picked":"Battle Trance","floor":11},{"not_picked":["Bloodletting","Shrug It Off","Heavy Blade"],"picked":"SKIP","floor":13},{"not_picked":["Shrug It Off","Anger"],"picked":"Warcry","floor":14},{"not_picked":["Immolate","Berserk"],"picked":"Reaper","floor":16},{"not_picked":["Flex","Pommel Strike"],"picked":"Pummel+1","floor":18},{"not_picked":["Sentinel","Pummel"],"picked":"Headbutt","floor":19},{"not_picked":["Headbutt+1","Iron Wave","Evolve"],"picked":"SKIP","floor":22},{"not_picked":["Clothesline","Warcry"],"picked":"Cleave+1","floor":23},{"not_picked":["Fiend Fire","Sword Boomerang"],"picked":"Body Slam+1","floor":25},{"not_picked":["Anger","Warcry","Perfected Strike"],"picked":"SKIP","floor":27},{"not_picked":["Heavy Blade","Sentinel","Uppercut"],"picked":"SKIP","floor":29},{"not_picked":["Infernal Blade","Searing Blow","Dark Embrace"],"picked":"SKIP","floor":31},{"not_picked":["Armaments","Perfected Strike"],"picked":"Disarm+1","floor":32},{"not_picked":["Juggernaut","Berserk"],"picked":"Limit Break","floor":33},{"not_picked":["Pommel Strike+1","Cleave+1","True Grit+1"],"picked":"SKIP","floor":35},{"not_picked":["Warcry","Iron Wave+1"],"picked":"Shockwave+1","floor":36},{"not_picked":["Perfected Strike","Inflame"],"picked":"Exhume","floor":37},{"not_picked":["Flex+1","Headbutt"],"picked":"Sword Boomerang","floor":41},{"not_picked":["Second Wind+1","Heavy Blade+1","Armaments+1"],"picked":"SKIP","floor":44},{"not_picked":["Twin Strike+1","Heavy Blade+1","Anger"],"picked":"SKIP","floor":45},{"not_picked":["Entrench","Carnage","True Grit+1"],"picked":"SKIP","floor":48}],"player_experience":394785,"relics_obtained":[{"floor":8,"key":"Toy Ornithopter"},{"floor":9,"key":"Dream Catcher"},{"floor":10,"key":"Bag of Preparation"},{"floor":21,"key":"Ginger"},{"floor":26,"key":"Orichalcum"},{"floor":27,"key":"Gambling Chip"},{"floor":41,"key":"Bird Faced Urn"},{"floor":43,"key":"Bottled Lightning"}],"event_choices":[{"damage_healed":0,"gold_gain":0,"player_choice":"Grow","damage_taken":0,"max_hp_gain":0,"max_hp_loss":0,"event_name":"Living Wall","floor":2,"gold_loss":0,"cards_upgraded":["Body Slam"]},{"damage_healed":0,"gold_gain":100,"player_choice":"Pray","damage_taken":0,"max_hp_gain":0,"max_hp_loss":0,"event_name":"Golden Shrine","floor":4,"gold_loss":0},{"damage_healed":0,"gold_gain":0,"player_choice":"Copied","damage_taken":0,"max_hp_gain":0,"max_hp_loss":0,"event_name":"Duplicator","floor":24,"gold_loss":0,"cards_obtained":["Limit Break"]},{"damage_healed":0,"gold_gain":0,"player_choice":"Ignored","damage_taken":0,"max_hp_gain":0,"max_hp_loss":0,"event_name":"Mysterious Sphere","floor":39,"gold_loss":0},{"damage_healed":0,"gold_gain":0,"player_choice":"Fight","damage_taken":0,"max_hp_gain":0,"max_hp_loss":0,"event_name":"MindBloom","floor":41,"gold_loss":0},{"damage_healed":0,"gold_gain":0,"player_choice":"Ignored","damage_taken":0,"max_hp_gain":0,"max_hp_loss":0,"event_name":"Tomb of Lord Red Mask","floor":47,"gold_loss":0}],"is_beta":false,"boss_relics":[{"not_picked":["Black Blood","Busted Crown"],"picked":"Philosopher\u0027s Stone"},{"not_picked":["Astrolabe","Runic Dome"],"picked":"SacredBark"}],"items_purged_floors":[12,20,28,38],"is_endless":false,"potions_floor_spawned":[3,7,14,16,18,19,22,36,45],"ascension_level":10}}