{"host":"hptm0vhwolarug47","time":1610769007,"event":{"mods":["BaseMod","Downfall","Duelist Mod","GifTheSpireLib","Minty Spire (QoL Compilation)","StSLib"],"gold_per_floor":[99,113,127,127,188,363,363,363,383,308,340,356,102,116,135,238,238,188,206,223,223,233,183,264,274,274,224,254,88,118,103,122,219,219,169,186,204,204,163,177,204,220,239,189,209,159,188,202,222,222],"floor_reached":51,"language":"ZHS","playtime":6622,"items_purged":["Doubt","Slimebound:Strike_Slimebound","Slimebound:Defend_Slimebound"],"score":823,"play_id":"04b13c02-5689-4e41-bdd1-45645409b4fd","local_time":"20210116115007","is_ascension_mode":false,"campfire_choices":[{"data":"Slimebound:Split","floor":1,"key":"SMITH"},{"data":"Slimebound:SplitBruiser","floor":8,"key":"SMITH"},{"data":"Slimebound:HauntingLick","floor":18,"key":"SMITH"},{"data":"Slimebound:SelfFormingGoo","floor":23,"key":"SMITH"},{"data":"Slimebound:ComboTackle","floor":27,"key":"SMITH"},{"data":"Slimebound:MassRepurpose","floor":35,"key":"SMITH"},{"data":"Slimebound:SlimeTap","floor":44,"key":"SMITH"},{"data":"Slimebound:LeechEnergy","floor":46,"key":"SMITH"}],"circlet_count":0,"master_deck":["Slimebound:Strike_Slimebound","Slimebound:Strike_Slimebound","Slimebound:Tackle","Slimebound:Defend_Slimebound+1","Slimebound:Defend_Slimebound+1","Slimebound:Defend_Slimebound","Slimebound:Split+1","Slimebound:CorrosiveSpit","Slimebound:ComboTackle+1","Slimebound:LeechEnergy+1","Slimebound:SplitBruiser+1","Slimebound:FirmFortitude","Slimebound:SlimeTap+1","Slimebound:LivingWall","Slimebound:HauntingLick+1","Slimebound:MassRepurpose+1","Slimebound:Repurpose","Slimebound:SelfFormingGoo+1","CurseOfTheBell","Slimebound:SamplingLick+1","Purity","Slimebound:GoopSpray+1","Slimebound:LeadByExample+1","Slimebound:SplitLeeching+1"],"relics":["Slimebound:AbsorbEndCombat","War Paint","Slimebound:AggressiveSlimeRelic","Centennial Puzzle","Slimebound:GreedOozeRelic","Mango","Calling Bell","Regal Pillow","Eternal Feather","Lizard Tail","Mummified Hand","InkBottle","Potion Belt","Meat on the Bone","Blood Vial","PreservedInsect"],"acts_visited":["Exordium","TheCity","TheBeyond"],"potions_floor_usage":[5,12,28,28,42,45,47,48,49,50,50],"damage_taken":[{"damage":0,"enemies":"2 Louse","floor":2,"turns":3},{"damage":3,"enemies":"Small Slimes","floor":3,"turns":2},{"damage":38,"enemies":"3 Sentries","floor":5,"turns":5},{"damage":0,"enemies":"Jaw Worm","floor":9,"turns":3},{"damage":18,"enemies":"3 Sentries","floor":11,"turns":6},{"damage":1,"enemies":"Lots of Slimes","floor":12,"turns":3},{"damage":0,"enemies":"downfall:FleeingMerchant","floor":13,"turns":4},{"damage":0,"enemies":"Large Slime","floor":14,"turns":4},{"damage":0,"enemies":"Blue Slaver","floor":15,"turns":2},{"damage":13,"enemies":"IC_STATUS_ARCHETYPE","floor":16,"turns":6},{"damage":7,"enemies":"Shell Parasite","floor":19,"turns":5},{"damage":17,"enemies":"Centurion and Healer","floor":20,"turns":7},{"damage":3,"enemies":"Cultist and Chosen","floor":22,"turns":4},{"damage":12,"enemies":"Snake Plant","floor":25,"turns":3},{"damage":21,"enemies":"Slavers","floor":28,"turns":5},{"damage":10,"enemies":"downfall:FleeingMerchant","floor":29,"turns":4},{"damage":1,"enemies":"theDuelist:KaibaA2","floor":30,"turns":3},{"damage":15,"enemies":"downfall:FleeingMerchant","floor":31,"turns":4},{"damage":3,"enemies":"Centurion and Healer","floor":32,"turns":5},{"damage":33,"enemies":"WA_ARCHETYPE_CALM","floor":33,"turns":7},{"damage":3,"enemies":"3 Shapes","floor":36,"turns":4},{"damage":9,"enemies":"Orb Walker","floor":37,"turns":3},{"damage":0,"enemies":"downfall:FleeingMerchant","floor":39,"turns":1},{"damage":16,"enemies":"Sphere and 2 Shapes","floor":40,"turns":4},{"damage":8,"enemies":"Jaw Worm Horde","floor":42,"turns":4},{"damage":3,"enemies":"Spire Growth","floor":43,"turns":4},{"damage":7,"enemies":"4 Shapes","floor":45,"turns":5},{"damage":12,"enemies":"Nemesis","floor":47,"turns":5},{"damage":15,"enemies":"Jaw Worm Horde","floor":48,"turns":3},{"damage":3,"enemies":"Transient","floor":49,"turns":5},{"damage":74,"enemies":"DF_ARCHETYPE_ORBS","floor":50,"turns":8}],"seed_played":"-8351596019571144035","potions_obtained":[{"floor":2,"key":"SkillPotion"},{"floor":9,"key":"Block Potion"},{"floor":12,"key":"Explosive Potion"},{"floor":14,"key":"Explosive Potion"},{"floor":16,"key":"BlessingOfTheForge"},{"floor":20,"key":"Regen Potion"},{"floor":32,"key":"SmokeBomb"},{"floor":33,"key":"Energy Potion"},{"floor":37,"key":"SneckoOil"},{"floor":42,"key":"SpeedPotion"},{"floor":43,"key":"Regen Potion"},{"floor":45,"key":"Explosive Potion"},{"floor":48,"key":"Fire Potion"}],"is_trial":false,"path_per_floor":["R","M","M","?","?","?","T","R","M","?","E","M","$","M","M","B",null,"R","M","M","?","M","R","T","M","?","R","E","$","E","$","M","B",null,"R","M","M","?","$","M","T","M","M","R","M","R","E","M","M","B",null],"character_chosen":"SLIMEBOUND","items_purchased":["Slimebound:MassRepurpose","Block Potion","Meat on the Bone"],"campfire_rested":0,"item_purchase_floors":[13,29,39],"current_hp_per_floor":[71,71,69,62,27,27,27,27,29,29,26,26,28,29,29,20,85,85,79,66,50,50,62,62,53,53,65,60,54,55,43,43,15,90,90,88,81,81,82,69,69,67,68,80,78,90,79,71,73,33],"gold":222,"neow_bonus":"TEN_PERCENT_HP_BONUS","is_daily":false,"chose_seed":false,"campfire_upgraded":8,"win_rate":0.0,"timestamp":1610769007,"path_taken":["R","M","M","?","?","?","T","R","M","?","E","M","$","M","M","BOSS","R","M","M","?","M","R","T","M","?","R","E","$","E","$","M","BOSS","R","M","M","?","$","M","T","?","M","R","M","R","E","M","M","BOSS"],"items_purchased_type":["Card","Potion","Relic"],"build_version":"2020-12-22","purchased_purges":3,"victory":true,"max_hp_per_floor":[71,71,71,71,71,71,71,71,71,71,85,85,85,85,85,85,85,85,85,85,90,90,90,90,90,90,90,90,90,90,90,90,90,90,90,90,90,90,90,90,90,90,90,90,90,90,90,90,90,90],"card_choices":[{"not_picked":["Slimebound:Chomp","Slimebound:MegaLick"],"picked":"Slimebound:ComboTackle","floor":2},{"not_picked":["Slimebound:TongueLash","Slimebound:ForwardTackle"],"picked":"Slimebound:LeechEnergy","floor":3},{"not_picked":["Slimebound:ComboTackle","Slimebound:RollThrough"],"picked":"Slimebound:SplitBruiser","floor":5},{"not_picked":["Slimebound:Replication","Slimebound:SamplingLick"],"picked":"Slimebound:FirmFortitude","floor":9},{"not_picked":["Slimebound:GrowthPunch","Slimebound:LeechEnergy"],"picked":"Slimebound:SlimeTap","floor":11},{"not_picked":["Slimebound:FinishingTackle","Slimebound:ComboTackle"],"picked":"Slimebound:LivingWall","floor":12},{"not_picked":["Slimebound:RollThrough","Slimebound:GoopSpray"],"picked":"Slimebound:HauntingLick","floor":13},{"not_picked":["Slimebound:ForwardTackle","Slimebound:OneTwoCombo"],"picked":"Slimebound:Repurpose","floor":14},{"not_picked":["Slimebound:LivingWall","Slimebound:LeechEnergy","Slimebound:PressTheAttack"],"picked":"SKIP","floor":15},{"not_picked":["Slimebound:MinionMaster","Slimebound:PrepareCrush"],"picked":"Slimebound:SelfFormingGoo","floor":16},{"not_picked":["Slimebound:GoopSpray","Slimebound:SpikyOuterGoop","Slimebound:SlimeSpikes"],"picked":"SKIP","floor":19},{"not_picked":["Slimebound:ComboTackle+1","Slimebound:Prepare","Slimebound:FinishingTackle"],"picked":"SKIP","floor":20},{"not_picked":["Slimebound:SpikyOuterGoop","Slimebound:RollThrough","Slimebound:AcidTongue"],"picked":"SKIP","floor":22},{"not_picked":["Slimebound:PressTheAttack","Slimebound:GrowthPunch","Slimebound:SplitMire+1"],"picked":"SKIP","floor":25},{"not_picked":["Slimebound:FormOfPuddle","Slimebound:ForwardTackle","Slimebound:SplitLeeching"],"picked":"SKIP","floor":28},{"not_picked":["Slimebound:AcidTongue","Slimebound:OozeBath","Slimebound:LeechEnergy"],"picked":"SKIP","floor":29},{"not_picked":["Slimebound:MassRepurpose","Slimebound:PressTheAttack","Slimebound:ItLooksTasty"],"picked":"SKIP","floor":30},{"not_picked":["Slimebound:SplitMire+1","Slimebound:SlimeBarrage","Slimebound:Chomp+1"],"picked":"SKIP","floor":31},{"not_picked":["Slimebound:SplitAcid","Slimebound:HauntingLick+1"],"picked":"Slimebound:SamplingLick+1","floor":32},{"not_picked":["Slimebound:LeadByExample","Slimebound:RejuvenatingLick","Slimebound:Repurpose+1"],"picked":"SKIP","floor":36},{"not_picked":["Slimebound:SlimeSpikes+1","Slimebound:RollThrough+1","Slimebound:Chomp+1"],"picked":"SKIP","floor":37},{"not_picked":["Slimebound:LivingWall+1","Slimebound:ItLooksTasty"],"picked":"Slimebound:GoopSpray+1","floor":39},{"not_picked":["Slimebound:LeechEnergy+1","Slimebound:Schlurp","Slimebound:SplitLeeching"],"picked":"SKIP","floor":40},{"not_picked":["Slimebound:GoopSpray+1","Slimebound:SpikyOuterGoop","Slimebound:WasteNot"],"picked":"SKIP","floor":42},{"not_picked":["Slimebound:Equalize+1","Slimebound:FlameTackle+1","Slimebound:RollThrough+1"],"picked":"SKIP","floor":43},{"not_picked":["Slimebound:FlameTackle","Slimebound:LeechingTouch+1","Slimebound:RollThrough"],"picked":"SKIP","floor":45},{"not_picked":["Slimebound:MinionMaster","Slimebound:RainOfGoop"],"picked":"Slimebound:LeadByExample+1","floor":47},{"not_picked":["Slimebound:RollThrough+1","Slimebound:SplitBruiser+1"],"picked":"Slimebound:SplitLeeching+1","floor":48},{"not_picked":["Slimebound:ComboTackle","Slimebound:FlameTackle+1","Slimebound:SpikyOuterGoop+1"],"picked":"SKIP","floor":49}],"player_experience":118981,"relics_obtained":[{"floor":5,"key":"Slimebound:AggressiveSlimeRelic"},{"floor":7,"key":"Centennial Puzzle"},{"floor":11,"key":"Mango"},{"floor":17,"key":"Regal Pillow"},{"floor":17,"key":"Eternal Feather"},{"floor":17,"key":"Lizard Tail"},{"floor":24,"key":"Mummified Hand"},{"floor":28,"key":"InkBottle"},{"floor":30,"key":"Potion Belt"},{"floor":41,"key":"Blood Vial"},{"floor":47,"key":"PreservedInsect"}],"event_choices":[{"damage_healed":0,"gold_gain":0,"player_choice":"Success","damage_taken":7,"relics_obtained":["War Paint"],"max_hp_gain":0,"max_hp_loss":0,"event_name":"Scrap Ooze","floor":4,"gold_loss":0},{"damage_healed":0,"gold_gain":0,"player_choice":"Ignored","damage_taken":0,"max_hp_gain":0,"max_hp_loss":0,"event_name":"Vampires","floor":26,"gold_loss":0}],"is_beta":false,"boss_relics":[{"not_picked":["Coffee Dripper","Pandora\u0027s Box"],"picked":"Calling Bell"},{"not_picked":["Runic Dome","Slimebound:TarBlob","bronze:MakeshiftBattery"]}],"items_purged_floors":[13,29,39],"is_endless":false,"potions_floor_spawned":[2,9,12,14,16,20,25,32,33,37,42,43,45,48],"ascension_level":0}}