{"host":"qiiukau3lypbs18g","time":1610779985,"event":{"mods":["2.2 Compatiblity","Abigail Mod","Arknights The Spire","BaseMod","CapriCore","Friendly Minions","HololiveMod","KOR Keyword Fix","Minty Spire (QoL Compilation)","Poor People Problems","Shop Mod","StSLib","The Immortal","WarShipGirlsR/??á´Ò³R mod"],"gold_per_floor":[111,186,201,201,217,217,71,71,97,129,129,129,143,63,63,166,166,178,178,195,77,92,125,125,143,197,209,29,41,41,66,66,166,166,184,204,224,238,42,73,73,98,150,150,150,150,167,24,24,24],"floor_reached":51,"language":"KOR","playtime":1794,"items_purged":["rmod:strick","rmod:strick","Writhe"],"score":1002,"play_id":"16e30006-a550-4c25-91ca-77b84e0956f5","local_time":"20210116155305","is_ascension_mode":true,"campfire_choices":[{"data":"rmod:ammunitionsupply","floor":6,"key":"SMITH"},{"data":"rmod:chargemoney","floor":8,"key":"SMITH"},{"data":"rmod:robin","floor":11,"key":"SMITH"},{"data":"rmod:supportaircraftcarrier","floor":15,"key":"SMITH"},{"data":"rmod:basicallowance","floor":24,"key":"SMITH"},{"data":"rmod:aviationdawn","floor":27,"key":"SMITH"},{"data":"rmod:gendarmerie","floor":30,"key":"SMITH"},{"floor":32,"key":"REST"},{"floor":41,"key":"REST"},{"data":"rmod:lastglory","floor":46,"key":"SMITH"},{"floor":49,"key":"REST"}],"circlet_count":0,"master_deck":["rmod:strick","rmod:strick","rmod:defend","rmod:defend","rmod:defend","rmod:basicallowance+1","rmod:maingunfire","rmod:gendarmerie+1","rmod:ammunitionsupply+1","rmod:aviationdawn+1","rmod:robin+1","rmod:chargemoney+1","rmod:intelligenceanalysis","rmod:supportaircraftcarrier+1","rmod:acesubmarine","Necronomicurse","rmod:fletcherpendant+1","rmod:intelligenceanalysis+1","rmod:openingtorpedo+1","rmod:aggressivemary","rmod:launchingtorpedo+1","rmod:fuelsupply+1","rmod:lastglory+1","rmod:mineteam+1","rmod:aluminumsupply+1","rmod:fletcherpendant+1","rmod:unsinkable+1","rmod:tearstotiara+1","rmod:lonelyqueen+1","rmod:overbreakdown+1"],"relics":["rmod:firstchargereward","Bag of Preparation","Kunai","The Courier","Sozu","Necronomicon","Lee\u0027s Waffle","Lantern","MawBank","Toxic Egg 2","Turnip","Hololive_Finger","HornCleat","StoneCalendar","Ice Cream","Pen Nib"],"acts_visited":["Exordium","TheCity","TheBeyond"],"potions_floor_usage":[16,18,23],"damage_taken":[{"damage":5,"enemies":"Jaw Worm","floor":1,"turns":3},{"damage":0,"enemies":"2 Louse","floor":3,"turns":2},{"damage":0,"enemies":"Cultist","floor":5,"turns":3},{"damage":23,"enemies":"3 Sentries","floor":10,"turns":6},{"damage":0,"enemies":"Exordium Wildlife","floor":13,"turns":3},{"damage":24,"enemies":"The Guardian","floor":16,"turns":5},{"damage":0,"enemies":"2 Thieves","floor":18,"turns":2},{"damage":6,"enemies":"3 Byrds","floor":20,"turns":3},{"damage":12,"enemies":"Centurion and Healer","floor":22,"turns":3},{"damage":0,"enemies":"Book of Stabbing","floor":23,"turns":2},{"damage":0,"enemies":"Cultist and Chosen","floor":25,"turns":2},{"damage":0,"enemies":"Snake Plant","floor":29,"turns":1},{"damage":14,"enemies":"Gremlin Leader","floor":31,"turns":4},{"damage":3,"enemies":"Champ","floor":33,"turns":5},{"damage":8,"enemies":"3 Shapes","floor":35,"turns":2},{"damage":0,"enemies":"3 Darklings","floor":36,"turns":4},{"damage":13,"enemies":"Jaw Worm Horde","floor":37,"turns":2},{"damage":56,"enemies":"Spire Growth","floor":38,"turns":4},{"damage":0,"enemies":"Nemesis","floor":40,"turns":3},{"damage":0,"enemies":"Giant Head","floor":42,"turns":5},{"damage":2,"enemies":"Transient","floor":47,"turns":5},{"damage":55,"enemies":"Awakened One","floor":50,"turns":7}],"seed_played":"6096051939591969692","potions_obtained":[{"floor":1,"key":"Fire Potion"},{"floor":5,"key":"DuplicationPotion"},{"floor":13,"key":"BlessingOfTheForge"}],"is_trial":false,"path_per_floor":["M","?","M","?","M","R","$","R","T","E","R","?","M","$","R","B",null,"M","?","M","$","M","E","R","M","T","R","$","M","R","E","R","B",null,"M","M","M","M","$","E","R","E","T","?","?","R","M","$","R","B",null],"character_chosen":"PRAEFECT","items_purchased":["rmod:chargemoney","Lee\u0027s Waffle","Toxic Egg 2","HornCleat","rmod:overbreakdown+1"],"campfire_rested":3,"item_purchase_floors":[7,21,28,39,48],"current_hp_per_floor":[70,59,59,59,59,59,59,59,59,36,36,33,33,33,33,9,75,75,59,53,82,70,70,70,70,70,70,70,70,70,56,80,77,82,74,74,61,5,5,5,29,29,29,50,50,50,48,48,72,17],"gold":24,"neow_bonus":"THREE_CARDS","is_daily":false,"chose_seed":false,"campfire_upgraded":8,"win_rate":0.0,"timestamp":1610779985,"path_taken":["M","?","M","?","?","R","$","R","T","E","R","?","M","$","R","BOSS","M","?","M","$","M","E","R","M","T","R","$","M","R","E","R","BOSS","M","M","M","M","$","E","R","E","T","?","?","R","?","$","R","BOSS"],"items_purchased_type":["Card","Relic","Relic","Relic","Card"],"build_version":"2020-12-22","purchased_purges":3,"victory":true,"max_hp_per_floor":[75,75,75,75,75,75,75,75,75,75,75,75,75,75,75,75,75,75,75,75,82,82,82,82,82,82,82,82,82,82,82,82,82,82,82,82,82,82,82,82,82,82,82,82,82,82,82,82,82,82],"card_choices":[{"not_picked":["rmod:highspeedshooting","rmod:royalracing"],"picked":"rmod:gendarmerie","floor":0},{"not_picked":["rmod:slowdown","rmod:goodfighter"],"picked":"rmod:ammunitionsupply","floor":1},{"not_picked":["rmod:victimresponsibility","rmod:fletcherpendant"],"picked":"rmod:aviationdawn","floor":3},{"not_picked":["rmod:intelligenceanalysis","rmod:generalist"],"picked":"rmod:robin","floor":5},{"not_picked":["rmod:unsinkable","rmod:diamondstrike"],"picked":"rmod:intelligenceanalysis","floor":10},{"not_picked":["rmod:fletcher","rmod:combined"],"picked":"rmod:supportaircraftcarrier","floor":13},{"not_picked":["rmod:highspeedmaneuver","rmod:seals"],"picked":"rmod:acesubmarine","floor":16},{"not_picked":["rmod:fletcherpendant","rmod:supportescort+1","rmod:salvage+1"],"picked":"SKIP","floor":18},{"not_picked":["rmod:circuitoustactics","rmod:smokecover"],"picked":"rmod:intelligenceanalysis+1","floor":20},{"not_picked":["rmod:firesupport","rmod:aggressivemary"],"picked":"rmod:openingtorpedo+1","floor":22},{"not_picked":["rmod:circuitoustactics+1","rmod:combined"],"picked":"rmod:aggressivemary","floor":23},{"not_picked":["rmod:ammunitionsupply","rmod:desperatesituation"],"picked":"rmod:launchingtorpedo+1","floor":25},{"not_picked":["rmod:ammunitionsupply+1","rmod:concentratefire","rmod:diaomin+1"],"picked":"SKIP","floor":29},{"not_picked":["rmod:wasp","rmod:goodfighter"],"picked":"rmod:fuelsupply+1","floor":31},{"not_picked":["rmod:fletcher","rmod:ridicule+1"],"picked":"rmod:lastglory","floor":33},{"not_picked":["rmod:firesupport","rmod:diamondstrike","rmod:ammunitionsupply+1"],"picked":"SKIP","floor":35},{"not_picked":["rmod:combined+1","rmod:gendarmerie+1"],"picked":"rmod:mineteam+1","floor":36},{"not_picked":["rmod:intelligenceanalysis+1","rmod:secretscript"],"picked":"rmod:aluminumsupply+1","floor":37},{"not_picked":["rmod:highspeedshooting+1","rmod:diamondstrike+1"],"picked":"rmod:fletcherpendant+1","floor":38},{"not_picked":["rmod:mineteam+1","rmod:abidefaith"],"picked":"rmod:unsinkable+1","floor":40},{"not_picked":["rmod:circuitoustactics+1","rmod:ring+1"],"picked":"rmod:tearstotiara+1","floor":42},{"not_picked":["rmod:diamondstrike+1","rmod:supportescort+1"],"picked":"rmod:lonelyqueen+1","floor":47}],"player_experience":181337,"relics_obtained":[{"floor":9,"key":"Bag of Preparation"},{"floor":10,"key":"Kunai"},{"floor":19,"key":"Necronomicon"},{"floor":23,"key":"Lantern"},{"floor":26,"key":"MawBank"},{"floor":31,"key":"Turnip"},{"floor":40,"key":"StoneCalendar"},{"floor":42,"key":"Ice Cream"},{"floor":43,"key":"Pen Nib"}],"event_choices":[{"damage_healed":0,"gold_gain":75,"player_choice":"Gather Gold","damage_taken":11,"max_hp_gain":0,"max_hp_loss":0,"event_name":"World of Goop","floor":2,"gold_loss":0},{"cards_removed":["rmod:defend"],"damage_healed":0,"gold_gain":0,"player_choice":"Purged","damage_taken":0,"max_hp_gain":0,"max_hp_loss":0,"event_name":"Purifier","floor":4,"gold_loss":0},{"damage_healed":0,"gold_gain":0,"player_choice":"Success","damage_taken":3,"relics_obtained":["The Courier"],"max_hp_gain":0,"max_hp_loss":0,"event_name":"Scrap Ooze","floor":12,"gold_loss":0},{"damage_healed":0,"gold_gain":0,"player_choice":"Obtained Book","damage_taken":16,"max_hp_gain":0,"max_hp_loss":0,"event_name":"Cursed Tome","floor":19,"gold_loss":0},{"damage_healed":21,"gold_gain":0,"player_choice":"Writhe","damage_taken":0,"max_hp_gain":0,"max_hp_loss":0,"event_name":"Winding Halls","floor":44,"gold_loss":0,"cards_obtained":["Writhe"]},{"damage_healed":0,"gold_gain":0,"player_choice":"Ignored","damage_taken":0,"max_hp_gain":0,"max_hp_loss":0,"event_name":"SecretPortal","floor":45,"gold_loss":0}],"is_beta":false,"boss_relics":[{"not_picked":["Pandora\u0027s Box","SacredBark"],"picked":"Sozu"},{"not_picked":["Runic Dome","Runic Pyramid"],"picked":"Hololive_Finger"}],"items_purged_floors":[7,14,48],"is_endless":false,"potions_floor_spawned":[1,5,13,20,23,29,35,36,47],"ascension_level":4}}