{"host":"qwp6882a7gaon7u5","time":1610791363,"event":{"mods":["ATMod(阿瑾Mod)","BaseMod","BetterRewards","Minty Spire (QoL Compilation)","Red Circlet Mod","Replay The Spire","RumiaBox-露米娅的神秘盒子","SOS（斯巴达之子）","Spicy Shops","StSLib","The Bug Knight","【功能Mod】混沌之环修复补丁","【遗物卡牌】REMEMod","篝火指南"],"gold_per_floor":[157,107,54,114,114,41,57,117,117],"floor_reached":8,"language":"ZHS","playtime":684,"items_purged":["ReplayTheSpireMod:From All Sides"],"score":56,"play_id":"0b95cfe4-c666-4b4c-8769-1de21a5c95c1","local_time":"20210116180243","is_ascension_mode":false,"campfire_choices":[],"circlet_count":0,"master_deck":["Attack_a","Attack_a","Attack_b","Shoot","Shoot","Provocation","Defend_Dante","Defend_Dante","Defend_Dante","Defend_Dante","Redorb","AT_EssenceShift","Honeycombofire","EbonyIvory","Defend_Dante","Weaponchange"],"relics":["SSS","Combocheck","REME_ComplimentaryCards","AT_ATBox","HollowMod:StagPassRelic","Lee\u0027s Waffle","Strange Spoon","Replay:Mystery Machine","GodSword7","Sling","Akabeko"],"acts_visited":["Exordium"],"potions_floor_usage":[],"damage_taken":[{"damage":20,"enemies":"Jaw Worm","floor":1,"turns":7},{"damage":4,"enemies":"Small Slimes","floor":4,"turns":3},{"damage":2,"enemies":"Cultist","floor":7,"turns":5},{"damage":18,"enemies":"HollowMod:MossKnight","floor":8,"turns":16}],"seed_played":"1525953708079674237","potions_obtained":[{"floor":4,"key":"SkillPotion"},{"floor":5,"key":"Block Potion"},{"floor":5,"key":"Weak Potion"},{"floor":7,"key":"Dexterity Potion"}],"is_trial":false,"path_per_floor":["M","?","?","M","?","$","M","E"],"character_chosen":"DANTE","items_purchased":["HollowMod:StagPassRelic","Lee\u0027s Waffle","Strange Spoon","Honeycombofire","Replay:Mystery Machine","Sling"],"campfire_rested":0,"item_purchase_floors":[0,0,0,0,0,6],"current_hp_per_floor":[67,67,67,63,63,63,61,43,43],"gold":117,"neow_bonus":"","is_daily":false,"chose_seed":false,"campfire_upgraded":0,"win_rate":0.0,"timestamp":1610791363,"path_taken":["M","?","?","?","?","?","M","E"],"items_purchased_type":["Relic","Relic","Relic","Card","Relic","Relic"],"build_version":"2020-12-22","purchased_purges":1,"victory":false,"max_hp_per_floor":[87,87,87,87,87,87,87,87,87],"card_choices":[{"not_picked":["Millionkick","Holywater"],"picked":"EbonyIvory","floor":1},{"not_picked":["Gilgamesh","Gunstinger"],"picked":"Weaponchange","floor":4},{"not_picked":["Weaponupgrade","Weaponchange","Unrisingdragon"],"picked":"SKIP","floor":7},{"not_picked":["DevilstarS","Rebellion","CoyoteA"],"picked":"SKIP","floor":8}],"player_experience":171016,"relics_obtained":[{"floor":8,"key":"Akabeko"}],"event_choices":[{"damage_healed":0,"gold_gain":0,"player_choice":"Paid Gold","damage_taken":0,"relics_obtained":["GodSword7"],"max_hp_gain":0,"max_hp_loss":0,"event_name":"WeMeetAgain","floor":3,"gold_loss":53},{"damage_healed":0,"gold_gain":0,"player_choice":"Got Potions","damage_taken":0,"max_hp_gain":0,"max_hp_loss":0,"event_name":"Lab","floor":5,"gold_loss":0}],"is_beta":false,"boss_relics":[],"items_purged_floors":[0],"is_endless":false,"potions_floor_spawned":[4,7],"killed_by":"HollowMod:MossKnight","ascension_level":0}}