{"host":"5x08nt64u3vxxcfi","time":1610761145,"event":{"mods":["BaseMod","Minty Spire (QoL Compilation)","StSLib","SuperFastMode"],"gold_per_floor":[116,134,134,47,67,67,102,102,102,114,114],"floor_reached":10,"language":"KOR","playtime":111,"items_purged":[],"score":122,"play_id":"e8e5c24e-fec0-45b0-b635-e4ed55777bd8","local_time":"20210116103905","is_ascension_mode":true,"campfire_choices":[{"data":"Noxious Fumes","floor":6,"key":"SMITH"},{"data":"Noxious Fumes","floor":8,"key":"SMITH"}],"circlet_count":0,"master_deck":["AscendersBane","Strike_G","Strike_G","Strike_G","Strike_G","Strike_G","Defend_G","Defend_G","Defend_G","Defend_G","Defend_G","Survivor","Neutralize","Bouncing Flask","Prepared","Noxious Fumes+1","Noxious Fumes+1"],"relics":["Ring of the Snake","NeowsBlessing","Darkstone Periapt","MawBank"],"acts_visited":["Exordium"],"potions_floor_usage":[],"damage_taken":[{"damage":0.0,"enemies":"Jaw Worm","floor":1.0,"turns":1.0},{"damage":0,"enemies":"Small Slimes","floor":2,"turns":1},{"damage":0,"enemies":"Cultist","floor":5,"turns":1},{"damage":38,"enemies":"Lagavulin","floor":7,"turns":7},{"damage":30,"enemies":"Gremlin Nob","floor":10,"turns":3}],"seed_played":"-6397440044717420610","potions_obtained":[],"is_trial":false,"path_per_floor":["M","M","?","$","M","R","E","R","T","E"],"character_chosen":"THE_SILENT","items_purchased":["Noxious Fumes"],"campfire_rested":0,"item_purchase_floors":[4],"current_hp_per_floor":[59,59,64,64,64,64,26,26,26,0,0],"gold":114,"neow_bonus":"THREE_ENEMY_KILL","is_daily":false,"chose_seed":false,"campfire_upgraded":2,"win_rate":0.0,"timestamp":1610761145,"path_taken":["M","M","?","$","M","R","E","R","T","E"],"items_purchased_type":["Card"],"build_version":"2020-12-22","purchased_purges":0,"victory":false,"max_hp_per_floor":[66,66,71,71,71,71,71,71,71,71,71],"card_choices":[{"not_picked":["PiercingWail","Riddle With Holes"],"picked":"Bouncing Flask","floor":1.0},{"not_picked":["Backflip","Dodge and Roll"],"picked":"Prepared","floor":2},{"not_picked":["Choke","Flying Knee","Flechettes"],"picked":"SKIP","floor":5},{"not_picked":["Skewer","Slice"],"picked":"Noxious Fumes","floor":7}],"player_experience":111784,"relics_obtained":[{"floor":7,"key":"Darkstone Periapt"},{"floor":9,"key":"MawBank"}],"event_choices":[{"damage_healed":0,"gold_gain":0,"player_choice":"Donut","damage_taken":0,"max_hp_gain":5,"max_hp_loss":0,"event_name":"Big Fish","floor":3,"gold_loss":0}],"is_beta":false,"boss_relics":[],"items_purged_floors":[],"is_endless":false,"potions_floor_spawned":[],"killed_by":"Gremlin Nob","ascension_level":17}}