{"host":"xz7n3qy1zq36rzpg","time":1610810202,"event":{"mods":["BaseMod","Colored Map","Colored Powertips","Highlight Path","Minty Spire (QoL Compilation)","Quick Restart","Shop Mod"],"gold_per_floor":[113,130,130,16,16,34,59,59,59,82,123,146,146,170,170,289,289,308,23,23,23,39,39,73,86,86,86,86,124,140,156,156,280,280,293,312,312,325,350,393,393,408,408,151,164,203,203,203],"floor_reached":47,"language":"ENG","playtime":2352,"items_purged":["Injury","Parasite"],"score":618,"play_id":"44cabf55-7f37-4c73-9d24-2298173e345a","local_time":"20210116161642","is_ascension_mode":true,"campfire_choices":[{"data":"Envenom","floor":13.0,"key":"SMITH"},{"data":"Accuracy","floor":15.0,"key":"SMITH"},{"data":"Blade Dance","floor":23,"key":"SMITH"},{"floor":28,"key":"REST"},{"floor":32,"key":"REST"},{"floor":41,"key":"REST"}],"circlet_count":0,"master_deck":["Strike_G+1","Strike_G+1","Strike_G+1","Strike_G+1","Defend_G+1","Defend_G+1","Defend_G+1","Defend_G+1","Survivor","Neutralize","Footwork","Blade Dance+1","Caltrops","Leg Sweep","Accuracy+1","Dodge and Roll","Well Laid Plans","Envenom+1","Phantasmal Killer","Blade Dance+1","Poisoned Stab","Blade Dance+1","PiercingWail","Bane+1","Distraction+1","Riddle With Holes+1","Cloak And Dagger+1","Corpse Explosion","Catalyst","Poisoned Stab+1","Quick Slash+1","Venomology","All Out Attack+1","Noxious Fumes+1"],"relics":["Ring of the Serpent","NeowsBlessing","Calipers","Golden Idol","Gremlin Horn","Incense Burner","Nunchaku","DollysMirror","Regal Pillow","Strawberry","Enchiridion","Smiling Mask","Cursed Key","Centennial Puzzle","Juzu Bracelet","ClockworkSouvenir","Turnip"],"acts_visited":["Exordium","TheCity","TheBeyond"],"potions_floor_usage":[29,31,31,33,40,42,42,42,45,45,46],"damage_taken":[{"damage":0.0,"enemies":"Cultist","floor":1.0,"turns":1.0},{"damage":0.0,"enemies":"2 Louse","floor":2.0,"turns":1.0},{"damage":0.0,"enemies":"Small Slimes","floor":6.0,"turns":1.0},{"damage":28.0,"enemies":"3 Sentries","floor":7.0,"turns":8.0},{"damage":3.0,"enemies":"Exordium Thugs","floor":10.0,"turns":5.0},{"damage":5.0,"enemies":"Lagavulin","floor":11.0,"turns":9.0},{"damage":4.0,"enemies":"Blue Slaver","floor":14.0,"turns":3.0},{"damage":4.0,"enemies":"Hexaghost","floor":16.0,"turns":9.0},{"damage":3.0,"enemies":"Chosen","floor":18.0,"turns":3.0},{"damage":0,"enemies":"Spheric Guardian","floor":22,"turns":2},{"damage":15,"enemies":"Gremlin Leader","floor":24,"turns":4},{"damage":32,"enemies":"Shelled Parasite and Fungi","floor":25,"turns":4},{"damage":24,"enemies":"Slavers","floor":29,"turns":6},{"damage":10,"enemies":"Chosen and Byrds","floor":30,"turns":3},{"damage":1,"enemies":"Centurion and Healer","floor":31,"turns":4},{"damage":28,"enemies":"Champ","floor":33,"turns":7},{"damage":1,"enemies":"3 Darklings","floor":35,"turns":4},{"damage":2,"enemies":"Orb Walker","floor":36,"turns":3},{"damage":18,"enemies":"Maw","floor":38,"turns":5},{"damage":21,"enemies":"Writhing Mass","floor":39,"turns":5},{"damage":18,"enemies":"Nemesis","floor":40,"turns":7},{"damage":38,"enemies":"Sphere and 2 Shapes","floor":42,"turns":5},{"damage":21,"enemies":"Transient","floor":45,"turns":5},{"damage":7,"enemies":"Giant Head","floor":46,"turns":5},{"damage":9,"enemies":"4 Shapes","floor":47,"turns":1}],"seed_played":"7865444427031289580","potions_obtained":[{"floor":1.0,"key":"Poison Potion"},{"floor":2.0,"key":"DistilledChaos"},{"floor":14.0,"key":"SteroidPotion"},{"floor":16.0,"key":"ColorlessPotion"},{"floor":18.0,"key":"CunningPotion"},{"floor":25,"key":"DuplicationPotion"},{"floor":30,"key":"SpeedPotion"},{"floor":31,"key":"Strength Potion"},{"floor":33,"key":"Regen Potion"},{"floor":38,"key":"LiquidBronze"},{"floor":40,"key":"DuplicationPotion"}],"is_trial":false,"path_per_floor":["M","M","?","$","?","M","E","?","T","M","E","T","R","M","R","B",null,"M","$","?","?","M","R","E","M","T","?","R","E","M","M","R","B",null,"M","M","?","M","M","E","R","M","T","$","M","E","M"],"character_chosen":"THE_SILENT","items_purchased":["Caltrops","Leg Sweep","Poisoned Stab","DollysMirror","ClockworkSouvenir","PowerPotion"],"campfire_rested":3,"item_purchase_floors":[4,4,19,19,44,44],"current_hp_per_floor":[70,70,70,70,70,70,42,42,42,39,34,34,34,30,30,26,70,67,67,67,67,67,67,52,20,27,11,49,25,15,14,52,24,77,76,74,77,59,38,35,73,35,35,35,14,7,0,0],"gold":203,"neow_bonus":"THREE_ENEMY_KILL","is_daily":false,"chose_seed":false,"campfire_upgraded":3,"win_rate":0.0,"timestamp":1610810202,"path_taken":["M","?","?","$","?","?","E","?","T","M","E","?","R","M","R","BOSS","M","$","?","?","M","R","E","M","T","?","R","E","?","M","R","BOSS","M","?","?","M","?","E","R","M","T","$","M","E","M"],"items_purchased_type":["Card","Card","Card","Relic","Relic","Potion"],"build_version":"2020-12-22","purchased_purges":2,"victory":false,"max_hp_per_floor":[70,70,70,70,70,70,70,70,70,70,70,70,70,70,70,70,70,70,70,70,70,70,70,70,70,77,77,77,77,77,77,77,77,77,77,77,77,77,77,77,77,77,77,74,74,74,74,74],"card_choices":[{"not_picked":["PiercingWail","Calculated Gamble"],"picked":"Footwork","floor":1.0},{"not_picked":["Quick Slash","Outmaneuver"],"picked":"Blade Dance","floor":2.0},{"not_picked":["Flechettes","Backstab"],"picked":"Accuracy","floor":6.0},{"not_picked":["Deflect","Dagger Throw"],"picked":"Dodge and Roll","floor":7.0},{"not_picked":["Finisher","Slice"],"picked":"Well Laid Plans","floor":10.0},{"not_picked":["Predator","Dagger Spray"],"picked":"Envenom","floor":11.0},{"not_picked":["Heel Hook","Leg Sweep","Footwork"],"picked":"SKIP","floor":14.0},{"not_picked":["Unload","Doppelganger"],"picked":"Phantasmal Killer","floor":16.0},{"not_picked":["Masterful Stab+1","Distraction"],"picked":"Blade Dance","floor":18.0},{"not_picked":["Accuracy","Predator"],"picked":"Bane+1","floor":22},{"not_picked":["Bouncing Flask","Poisoned Stab"],"picked":"Distraction+1","floor":24},{"not_picked":["Dodge and Roll","Accuracy","Dagger Throw"],"picked":"SKIP","floor":25},{"not_picked":["Well Laid Plans","PiercingWail","Sucker Punch"],"picked":"SKIP","floor":29},{"not_picked":["Masterful Stab","Terror+1"],"picked":"Riddle With Holes+1","floor":30},{"not_picked":["Well Laid Plans","Prepared"],"picked":"Cloak And Dagger+1","floor":31},{"not_picked":["After Image","Tools of the Trade"],"picked":"Corpse Explosion","floor":33},{"not_picked":["PiercingWail+1","Leg Sweep+1"],"picked":"Catalyst","floor":35},{"not_picked":["Dagger Spray","Acrobatics+1"],"picked":"Poisoned Stab+1","floor":36},{"not_picked":["Heel Hook","Bouncing Flask"],"picked":"Quick Slash+1","floor":38},{"not_picked":["Backflip+1","Flying Knee","Finisher"],"picked":"SKIP","floor":39},{"not_picked":["Footwork+1","Reflex"],"picked":"Venomology","floor":40},{"not_picked":["Acrobatics","Riddle With Holes","Bouncing Flask"],"picked":"SKIP","floor":42},{"not_picked":["Eviscerate","Poisoned Stab+1"],"picked":"All Out Attack+1","floor":45},{"not_picked":["Sucker Punch+1","Infinite Blades+1"],"picked":"Noxious Fumes+1","floor":46}],"player_experience":324221,"relics_obtained":[{"floor":7.0,"key":"Calipers"},{"floor":9.0,"key":"Gremlin Horn"},{"floor":11.0,"key":"Incense Burner"},{"floor":12.0,"key":"Nunchaku"},{"floor":24,"key":"Regal Pillow"},{"floor":26,"key":"Strawberry"},{"floor":27,"key":"Enchiridion"},{"floor":29,"key":"Smiling Mask"},{"floor":40,"key":"Centennial Puzzle"},{"floor":43,"key":"Juzu Bracelet"},{"floor":46,"key":"Turnip"}],"event_choices":[{"damage_healed":0.0,"max_hp_gain":0.0,"max_hp_loss":0.0,"gold_gain":0.0,"event_name":"Living Wall","player_choice":"Grow","floor":3.0,"gold_loss":0.0,"damage_taken":0.0,"cards_upgraded":["Blade Dance"]},{"damage_healed":0.0,"max_hp_gain":0.0,"max_hp_loss":0.0,"gold_gain":0.0,"event_name":"Match and Keep!","player_choice":"0 cards matched","floor":5.0,"gold_loss":0.0,"damage_taken":0.0,"cards_obtained":[]},{"damage_healed":0.0,"max_hp_gain":0.0,"max_hp_loss":0.0,"gold_gain":0.0,"event_name":"Golden Idol","player_choice":"Take Wound","floor":8.0,"gold_loss":0.0,"damage_taken":0.0,"relics_obtained":["Golden Idol"],"cards_obtained":["Injury"]},{"damage_healed":0.0,"max_hp_gain":0.0,"max_hp_loss":0.0,"gold_gain":0.0,"cards_transformed":["Strike_G","Defend_G"],"event_name":"Drug Dealer","player_choice":"Became Test Subject","floor":20.0,"gold_loss":0.0,"damage_taken":0.0,"cards_obtained":["Acrobatics","PiercingWail"]},{"damage_healed":0,"gold_gain":0,"player_choice":"Simplicity","damage_taken":0,"max_hp_gain":0,"max_hp_loss":0,"event_name":"Back to Basics","floor":21,"gold_loss":0,"cards_upgraded":["Strike_G","Strike_G","Strike_G","Strike_G","Defend_G","Defend_G","Defend_G","Defend_G"]},{"damage_healed":0,"gold_gain":0,"player_choice":"Obtained Book","damage_taken":16,"max_hp_gain":0,"max_hp_loss":0,"event_name":"Cursed Tome","floor":27,"gold_loss":0},{"cards_removed":["Acrobatics"],"damage_healed":5,"gold_gain":0,"player_choice":"Offered Common","damage_taken":0,"max_hp_gain":0,"max_hp_loss":0,"event_name":"Bonfire Elementals","floor":37,"gold_loss":0},{"cards_removed":["Acrobatics"],"damage_healed":5,"gold_gain":0,"player_choice":"Offered Special","damage_taken":0,"max_hp_gain":0,"max_hp_loss":0,"event_name":"Bonfire Elementals","floor":37,"gold_loss":0}],"is_beta":false,"boss_relics":[{"not_picked":["Ectoplasm","Runic Dome"],"picked":"Ring of the Serpent"},{"not_picked":["Pandora\u0027s Box","Tiny House"],"picked":"Cursed Key"}],"items_purged_floors":[19,44],"is_endless":false,"potions_floor_spawned":[1,2,14,16,18,25,30,31,33,38,40],"killed_by":"4 Shapes","ascension_level":3}}