{"host":"xkmvu47k9fdstweo","time":1610835311,"event":{"mods":["BaseMod","Colored Map","Conspire","Hubris","Minty Spire (QoL Compilation)","Quick Restart","Railgun Mod","Shop Mod","StSLib","The Alterego","The Animator","The Servant 0.9.4","The Wild Card","TheBandit","WarShipGirlsR/??è≠èóR mod","vexMod"],"gold_per_floor":[285,308,308,338,338,338,360,360,360,381,432,499,499,533,533,641,641,666,694,727,764,60,60,60,87,111,111,136,145,145],"floor_reached":29,"language":"ENG","playtime":1025,"items_purged":["animator:Strike"],"score":350,"play_id":"601992ab-3c7b-4b56-87c9-f96c84c8cf92","local_time":"20210116171511","is_ascension_mode":true,"campfire_choices":[{"data":"animator:Emonzaemon","floor":6.0,"key":"SMITH"},{"data":"animator:Darkness","floor":8.0,"key":"SMITH"},{"data":"animator:Ain","floor":13.0,"key":"SMITH"},{"data":"animator:Verdia","floor":15.0,"key":"SMITH"},{"floor":23.0,"key":"REST"},{"data":"animator:Kira","floor":27.0,"key":"SMITH"}],"circlet_count":0,"master_deck":["animator:Strike_Kancolle","animator:Defend_Kancolle","animator:Defend","animator:Defend","animator:Defend","animator:Shimakaze","animator:Emonzaemon+1","animator:SayakaMiki","animator:Darkness+1","animator:RinTohsaka","animator:Chris","animator:Ain+1","animator:YaoHaDucy","animator:Verdia+1","animator:Kazuma+1","animator:Alexander+1","animator:TukaLunaMarceau","animator:Elsword","animator:Kira+1","Decay","animator:Shinoa","animator:MamiTomoe+1"],"relics":["animator:TheMissingPiece","animator:PurgingStone","conspire:SpecialSausage","hubris:Metronome","animator:WornHelmet","hubris:ToyBattleship","hubris:VirtuousBlindfold","Philosopher\u0027s Stone","Ornamental Fan","Blood Vial","Happy Flower"],"acts_visited":["Exordium","TheCity"],"potions_floor_usage":[29,29],"damage_taken":[{"damage":1.0,"enemies":"Cultist","floor":1.0,"turns":3.0},{"damage":12.0,"enemies":"Jaw Worm","floor":2.0,"turns":2.0},{"damage":4.0,"enemies":"2 Louse","floor":4.0,"turns":4.0},{"damage":3.0,"enemies":"Red Slaver","floor":7.0,"turns":6.0},{"damage":0.0,"enemies":"Large Slime","floor":10.0,"turns":6.0},{"damage":0.0,"enemies":"Gremlin Nob","floor":11.0,"turns":2.0},{"damage":0.0,"enemies":"Lagavulin Event","floor":12.0,"turns":2.0},{"damage":0.0,"enemies":"Exordium Wildlife","floor":14.0,"turns":3.0},{"damage":0.0,"enemies":"Slime Boss","floor":16.0,"turns":4.0},{"damage":0.0,"enemies":"3 Byrds","floor":18.0,"turns":2.0},{"damage":0.0,"enemies":"Chosen","floor":19.0,"turns":3.0},{"damage":10.0,"enemies":"Snecko","floor":20.0,"turns":5.0},{"damage":12.0,"enemies":"Centurion and Healer","floor":21.0,"turns":5.0},{"damage":0.0,"enemies":"Cultist and Chosen","floor":25.0,"turns":3.0},{"damage":0.0,"enemies":"3 Cultists","floor":28.0,"turns":3.0},{"damage":35,"enemies":"conspire:SneckoGhost","floor":29,"turns":4}],"seed_played":"-1075579734443747535","potions_obtained":[{"floor":4.0,"key":"Explosive Potion"},{"floor":7.0,"key":"AttackPotion"},{"floor":10.0,"key":"FearPotion"},{"floor":11.0,"key":"Block Potion"},{"floor":12.0,"key":"Dexterity Potion"},{"floor":19.0,"key":"SpeedPotion"},{"floor":28.0,"key":"ColorlessPotion"}],"is_trial":false,"path_per_floor":["M","M","?","M","?","R","M","R","T","M","E","?","R","M","R","B",null,"M","M","M","M","$","R","?","M","T","R","M","E"],"character_chosen":"THE_ANIMATOR","items_purchased":["animator:Kira","Ornamental Fan","Blood Vial","Block Potion"],"campfire_rested":1,"item_purchase_floors":[22,22,22,22],"current_hp_per_floor":[65,53,46,42,42,42,39,39,39,40,40,40,40,40,40,40,67,68,68,24,13,13,23,23,25,25,25,27,0,0],"gold":145,"neow_bonus":"BOSS_RELIC","is_daily":false,"chose_seed":false,"campfire_upgraded":5,"win_rate":0.0,"timestamp":1610835311,"path_taken":["M","?","?","M","?","R","?","R","T","M","E","?","R","M","R","BOSS","M","M","M","M","$","R","?","M","T","R","?","E"],"items_purchased_type":["Card","Relic","Relic","Potion"],"build_version":"2020-12-22","purchased_purges":1,"victory":false,"max_hp_per_floor":[66,66,66,66,66,66,66,66,66,67,67,67,67,67,67,67,67,68,68,34,35,35,35,35,35,35,35,35,35,35],"card_choices":[{"not_picked":["animator:Caster","animator:Tyuule"],"picked":"animator:Emonzaemon","floor":1.0},{"not_picked":["animator:KyokoSakura","animator:Megumin"],"picked":"animator:SayakaMiki","floor":2.0},{"not_picked":["animator:TukaLunaMarceau","animator:YachiyoNanami"],"picked":"animator:Darkness","floor":4.0},{"not_picked":["animator:Rider","animator:SakuraMatou"],"picked":"animator:RinTohsaka","floor":7.0},{"not_picked":["animator:HiiragiShinya","animator:Darkness"],"picked":"animator:Chris","floor":10.0},{"not_picked":["animator:TsurugaMeisai","animator:Vanir"],"picked":"animator:Ain","floor":11.0},{"not_picked":["animator:SakuraMatou","animator:NagisaMomoe"],"picked":"animator:YaoHaDucy","floor":12.0},{"not_picked":["animator:Vanir","animator:Kazuma"],"picked":"animator:Verdia","floor":14.0},{"not_picked":["animator:HigakiRinne","animator:Shiro"],"picked":"animator:Father","floor":16.0},{"not_picked":["animator:Gluttony","animator:Assassin"],"picked":"animator:Kazuma+1","floor":18.0},{"not_picked":["animator:Verdia","animator:Assassin+1"],"picked":"animator:Alexander+1","floor":19.0},{"not_picked":["animator:Alexander+1","animator:ShinjiMatou"],"picked":"animator:TukaLunaMarceau","floor":20.0},{"not_picked":["animator:Chung","animator:Ciel"],"picked":"animator:Elsword","floor":21.0},{"not_picked":["animator:Raven","animator:Yuuichirou"],"picked":"animator:Shinoa","floor":25.0},{"not_picked":["animator:Kazuma","animator:Pride"],"picked":"animator:MamiTomoe+1","floor":28.0}],"player_experience":351186,"relics_obtained":[{"floor":9.0,"key":"hubris:Metronome"},{"floor":11.0,"key":"animator:WornHelmet"},{"floor":12.0,"key":"hubris:ToyBattleship"},{"floor":26.0,"key":"Happy Flower"}],"event_choices":[{"cards_removed":["animator:Strike"],"damage_healed":0.0,"max_hp_gain":0.0,"max_hp_loss":0.0,"gold_gain":0.0,"event_name":"Golden Wing","player_choice":"Card Removal","floor":3.0,"gold_loss":0.0,"damage_taken":7.0},{"cards_removed":["animator:Strike"],"damage_healed":0.0,"max_hp_gain":0.0,"max_hp_loss":0.0,"gold_gain":0.0,"event_name":"Bonfire Elementals","player_choice":"Offered Basic","floor":5.0,"gold_loss":0.0,"damage_taken":0.0},{"damage_healed":0.0,"max_hp_gain":0.0,"max_hp_loss":0.0,"gold_gain":30.0,"event_name":"Dead Adventurer","player_choice":"Searched \u00272\u0027 times","floor":12.0,"gold_loss":0.0,"damage_taken":0.0},{"damage_healed":0.0,"max_hp_gain":0.0,"max_hp_loss":0.0,"gold_gain":0.0,"event_name":"Wheel of Change","player_choice":"Cursed","floor":24.0,"gold_loss":0.0,"damage_taken":0.0,"cards_obtained":["Decay"]}],"is_beta":false,"boss_relics":[{"not_picked":["Runic Dome","Astrolabe"],"picked":"hubris:VirtuousBlindfold"}],"items_purged_floors":[22],"is_endless":false,"potions_floor_spawned":[4,7,10,11,12,19,28],"killed_by":"conspire:SneckoGhost","ascension_level":3}}