{"host":"yii5it3292r9xs7s","time":1610775342,"event":{"mods":["ATMod(阿瑾Mod)","Act Like it!","BaseMod","Colored Powertips","Decade(王小明)","Minty Spire (QoL Compilation)","Red Circlet Mod","StSLib","Waifu the Spire","【功能Mod】混沌之环修复补丁","篝火指南"],"gold_per_floor":[219,231,231,306,326,326,360,383,383,383,383,396,331,346,346,447,447,464,484,484,409,421,450,450,464,464,464,483,167,187,148,148,244,244,264,278,293,293,306,340,394,419,445,477,505,543,555,580,68,80,92,104,65,98,98],"floor_reached":56,"language":"ZHS","playtime":4294,"items_purged":[],"score":1356,"play_id":"53e849c3-a7cf-4105-ae1f-4cec8f025fb9","local_time":"20210116133542","is_ascension_mode":false,"campfire_choices":[{"data":"RideBooker_Skill_1","floor":6.0,"key":"SMITH"},{"floor":15.0,"key":"RECALL"},{"floor":24.0,"key":"REST"},{"data":"DecadeViolentEmotion","floor":32.0,"key":"SMITH"},{"data":"DecadeViolentEmotion","floor":52.0,"key":"SMITH"}],"circlet_count":0,"master_deck":["Decade_Attack","Decade_Attack","KamenRide","Decade_SpecialSkill","Decade_Defend","Decade_Defend","Decade_Defend","Decade_Defend","RideBooker_Skill_1+1","UnarmedAttack6","Blade_Metal","FormRideStorm+9","Blade_Beat+1","Blade_Beat","DenO_Ax","DecadeViolentEmotion+1","DenO_Gun","Kiva_Bats","Blade_Slash","Blade_Mach","Blade_Mach","UnarmedAttack3","UnarmedAttack1","DenO_Ax","FormRide","Kuuga_GouramAttack","Blade_Mach+1","PrometheusPower","DecadeViolentEmotion+1","CurseOfTheBell","RideBooker+1","PhotonAcceleration","PrometheusPower+1","FormRideFlame+9","FormRideAxel","PrometheusPower+1","FormRideStorm+9","Decade_Defend3+1","DenO_Sword+1","DenO_Rod","DenO_Gun","AT_TearsDenial","FormRideStorm+4"],"relics":["Decadriver","TOEIDeficitBill","Juzu Bracelet","Bronze Scales","Darkstone Periapt","Pantograph","Letter Opener","Black Star","Lantern","Lizard Tail","Dream Catcher","Shuriken","Calling Bell","Nunchaku","HornCleat","Thread and Needle","Frozen Egg 2","Centennial Puzzle","TungstenRod","Oddly Smooth Stone","Boot","MawBank","War Paint","Ornamental Fan","Blood Vial","Ginger"],"acts_visited":["Exordium","TheCity","TheBeyond","TheEnding"],"potions_floor_usage":[55,55],"damage_taken":[{"damage":7.0,"enemies":"Small Slimes","floor":1.0,"turns":3.0},{"damage":3.0,"enemies":"Jaw Worm","floor":2.0,"turns":4.0},{"damage":9.0,"enemies":"2 Louse","floor":5.0,"turns":2.0},{"damage":22.0,"enemies":"Gremlin Nob","floor":7.0,"turns":4.0},{"damage":8.0,"enemies":"Red Slaver","floor":12.0,"turns":2.0},{"damage":0.0,"enemies":"Exordium Wildlife","floor":14.0,"turns":3.0},{"damage":51.0,"enemies":"The Guardian","floor":16.0,"turns":8.0},{"damage":10.0,"enemies":"3 Byrds","floor":18.0,"turns":3.0},{"damage":9.0,"enemies":"Spheric Guardian","floor":19.0,"turns":4.0},{"damage":3.0,"enemies":"Centurion and Healer","floor":22.0,"turns":5.0},{"damage":82.0,"enemies":"Slavers","floor":23.0,"turns":5.0},{"damage":0.0,"enemies":"Snake Plant","floor":25.0,"turns":1.0},{"damage":0.0,"enemies":"Cultist and Chosen","floor":28.0,"turns":2.0},{"damage":19.0,"enemies":"Chosen and Byrds","floor":30.0,"turns":6.0},{"damage":53.0,"enemies":"Collector","floor":33.0,"turns":4.0},{"damage":0.0,"enemies":"Orb Walker","floor":35.0,"turns":2.0},{"damage":0.0,"enemies":"3 Shapes","floor":36.0,"turns":2.0},{"damage":0.0,"enemies":"Jaw Worm Horde","floor":37.0,"turns":2.0},{"damage":0.0,"enemies":"Maw","floor":39.0,"turns":3.0},{"damage":0.0,"enemies":"Giant Head","floor":40.0,"turns":5.0},{"damage":8.0,"enemies":"2 Orb Walkers","floor":41.0,"turns":2.0},{"damage":0.0,"enemies":"Reptomancer","floor":42.0,"turns":2.0},{"damage":16.0,"enemies":"4 Shapes","floor":44.0,"turns":3.0},{"damage":6.0,"enemies":"3 Darklings","floor":45.0,"turns":4.0},{"damage":0.0,"enemies":"Writhing Mass","floor":48.0,"turns":3.0},{"damage":40.0,"enemies":"Time Eater","floor":50.0,"turns":6.0},{"damage":4,"enemies":"Shield and Spear","floor":54,"turns":2},{"damage":47,"enemies":"The Heart","floor":55,"turns":3}],"seed_played":"6876537316274665094","potions_obtained":[{"floor":2.0,"key":"Weak Potion"},{"floor":5.0,"key":"FearPotion"},{"floor":14.0,"key":"Block Potion"},{"floor":16.0,"key":"PowerPotion"},{"floor":22.0,"key":"Fruit Juice"},{"floor":23.0,"key":"SteroidPotion"},{"floor":28.0,"key":"Block Potion"},{"floor":33.0,"key":"DuplicationPotion"},{"floor":39.0,"key":"CultistPotion"}],"is_trial":false,"path_per_floor":["M","M","?","?","M","R","E","T","T","?","?","M","?","M","R","B",null,"M","M","T","?","M","E","R","M","T","?","M","$","M","$","R","B",null,"M","M","M","?","M","E","?","E","T","M","M","T","?","M","R","B",null,"R","$","E","B",null],"character_chosen":"Decade","items_purchased":["FormRide","Shuriken","PrometheusPower","DenO_Rod","DenO_Gun","AT_TearsDenial","Ornamental Fan","FormRideStorm"],"campfire_rested":1,"item_purchase_floors":[29,29,31,49,49,49,49,53],"current_hp_per_floor":[68,65,58,47,38,38,26,26,26,70,63,60,60,65,65,56,70,60,66,66,66,68,6,28,28,28,28,28,28,32,32,32,38,83,83,83,83,80,80,80,72,72,72,66,64,64,64,64,64,43,83,83,83,79,36],"gold":98,"neow_bonus":"HUNDRED_GOLD","is_daily":false,"chose_seed":false,"campfire_upgraded":3,"win_rate":0.0,"timestamp":1610775342,"path_taken":["M","M","?","?","M","R","E","?","T","?","?","M","?","M","R","BOSS","M","M","?","?","M","E","R","M","T","?","M","$","M","?","R","BOSS","M","M","M","?","M","E","?","E","T","M","M","?","?","M","R","BOSS","R","$","E","BOSS"],"items_purchased_type":["Card","Relic","Card","Card","Card","Card","Relic","Card"],"build_version":"2020-12-22","purchased_purges":0,"victory":true,"max_hp_per_floor":[70,70,70,70,70,70,70,70,70,70,70,70,70,70,70,70,70,70,70,70,70,75,75,75,77,77,77,77,77,77,77,77,77,83,83,83,83,83,83,83,83,83,83,83,83,83,83,83,83,83,83,83,83,83,83],"card_choices":[{"not_picked":["FormRideFlame","KamenRideAgito"],"picked":"RideBooker_Skill_1","floor":1.0},{"not_picked":["Decade_Defend2","KamenRideFaiz"],"picked":"UnarmedAttack6","floor":1.0},{"not_picked":["KamenRideRyuki","FormRideTitan"],"picked":"Blade_Metal","floor":2.0},{"not_picked":["Decade_Defend2","FormRideDragon"],"picked":"FormRideStorm","floor":7.0},{"not_picked":["FormRideDragon","KamenRideDenO"],"picked":"Blade_Beat","floor":12.0},{"not_picked":["UnarmedAttack7","AutoVajin"],"picked":"Blade_Beat","floor":14.0},{"not_picked":["FormRideAxel","UnarmedAttack1"],"picked":"DenO_Ax","floor":14.0},{"not_picked":["Hibiki_FEVER","FormRideAxel"],"picked":"DecadeViolentEmotion","floor":16.0},{"not_picked":["MirrorWorld","FormRidePegasus"],"picked":"DenO_Gun","floor":18.0},{"not_picked":["FormRideDogga+1","DenO_Gun"],"picked":"Kiva_Bats","floor":18.0},{"not_picked":["Decade_Defend2","UnarmedAttack1+1"],"picked":"Blade_Slash","floor":19.0},{"not_picked":["UnarmedAttack7+1","Blade_Slash+1"],"picked":"Blade_Mach","floor":22.0},{"not_picked":["Hibiki_Attack2","Decade_Illusion"],"picked":"Blade_Mach","floor":22.0},{"not_picked":["KamenRideKabuto+1","KamenRideFaiz"],"picked":"UnarmedAttack3","floor":23.0},{"not_picked":["Blade_Slash","UnarmedAttack5+1"],"picked":"UnarmedAttack1","floor":25.0},{"not_picked":["FormRideTitan","KamenRideAgito"],"picked":"DenO_Ax","floor":28.0},{"not_picked":["Hibiki_Attack3+1","KamenRideHibiki"],"picked":"Kuuga_GouramAttack","floor":30.0},{"not_picked":["FormRideFlame+1","AutoVajin"],"picked":"Blade_Mach","floor":30.0},{"not_picked":["UnarmedAttack9","TimeVent"],"picked":"DecadeViolentEmotion","floor":33.0},{"not_picked":["KamenRideDecade","KamenRideKuuga"],"picked":"RideBooker+1","floor":37.0},{"not_picked":["Decade_Illusion","AttackRide+1"],"picked":"PhotonAcceleration","floor":39.0},{"not_picked":["Decade_Dash1+1","Blade_Beat"],"picked":"PrometheusPower+1","floor":40.0},{"not_picked":["Blade_Slash","FormRideDogga+1"],"picked":"FormRideFlame","floor":41.0},{"not_picked":["KamenRideDecade+1","Blade_Slash+1"],"picked":"FormRideAxel","floor":42.0},{"not_picked":["KamenRideFaiz+1","AttackRide+1"],"picked":"PrometheusPower+1","floor":42.0},{"not_picked":["Decade_Dash1+1","Blade_Beat"],"picked":"FormRideStorm+1","floor":44.0},{"not_picked":["Hibiki_Attack3","DenO_Ax"],"picked":"Decade_Defend3+1","floor":45.0},{"not_picked":["Dragreder","KamenRideKiva+1"],"picked":"DenO_Sword+1","floor":48.0}],"player_experience":12315,"relics_obtained":[{"floor":7.0,"key":"Juzu Bracelet"},{"floor":8.0,"key":"Bronze Scales"},{"floor":9.0,"key":"Darkstone Periapt"},{"floor":23.0,"key":"Lantern"},{"floor":23.0,"key":"Lizard Tail"},{"floor":26.0,"key":"Dream Catcher"},{"floor":34.0,"key":"Nunchaku"},{"floor":34.0,"key":"HornCleat"},{"floor":34.0,"key":"Thread and Needle"},{"floor":40.0,"key":"Frozen Egg 2"},{"floor":40.0,"key":"Centennial Puzzle"},{"floor":41.0,"key":"TungstenRod"},{"floor":42.0,"key":"Oddly Smooth Stone"},{"floor":42.0,"key":"Boot"},{"floor":43.0,"key":"MawBank"},{"floor":46.0,"key":"War Paint"},{"floor":54,"key":"Blood Vial"},{"floor":54,"key":"Ginger"}],"event_choices":[{"cards_removed":["Decade_Attack"],"damage_healed":0.0,"max_hp_gain":0.0,"max_hp_loss":0.0,"gold_gain":0.0,"event_name":"Golden Wing","player_choice":"Card Removal","floor":3.0,"gold_loss":0.0,"damage_taken":7.0},{"damage_healed":0.0,"max_hp_gain":0.0,"max_hp_loss":0.0,"gold_gain":75.0,"event_name":"World of Goop","player_choice":"Gather Gold","floor":4.0,"gold_loss":0.0,"damage_taken":11.0},{"damage_healed":44.0,"max_hp_gain":0.0,"max_hp_loss":0.0,"gold_gain":0.0,"event_name":"Wheel of Change","player_choice":"Full Heal","floor":10.0,"gold_loss":0.0,"damage_taken":0.0},{"damage_healed":0.0,"max_hp_gain":0.0,"max_hp_loss":0.0,"gold_gain":0.0,"event_name":"Scrap Ooze","player_choice":"Success","floor":11.0,"gold_loss":0.0,"damage_taken":7.0,"relics_obtained":["Pantograph"]},{"damage_healed":0.0,"max_hp_gain":0.0,"max_hp_loss":0.0,"gold_gain":0.0,"event_name":"WeMeetAgain","player_choice":"Paid Gold","floor":13.0,"gold_loss":65.0,"damage_taken":0.0,"relics_obtained":["Letter Opener"]},{"cards_removed":["Decade_Attack"],"damage_healed":0.0,"max_hp_gain":0.0,"max_hp_loss":0.0,"gold_gain":0.0,"event_name":"Beggar","player_choice":"Gave Gold","floor":21.0,"gold_loss":75.0,"damage_taken":0.0},{"damage_healed":0.0,"max_hp_gain":0.0,"max_hp_loss":0.0,"gold_gain":0.0,"event_name":"Ghosts","player_choice":"Ignored","floor":27.0,"gold_loss":0.0,"damage_taken":0.0},{"damage_healed":0.0,"max_hp_gain":0.0,"max_hp_loss":0.0,"gold_gain":0.0,"event_name":"Designer","player_choice":"Punched","floor":38.0,"gold_loss":0.0,"damage_taken":3.0},{"damage_healed":0.0,"max_hp_gain":0.0,"max_hp_loss":0.0,"gold_gain":0.0,"event_name":"Mysterious Sphere","player_choice":"Fight","floor":41.0,"gold_loss":0.0,"damage_taken":0.0},{"damage_healed":0.0,"max_hp_gain":0.0,"max_hp_loss":0.0,"gold_gain":0.0,"event_name":"SensoryStone","player_choice":"Memory 1","floor":47.0,"gold_loss":0.0,"damage_taken":0.0}],"is_beta":false,"boss_relics":[{"not_picked":["SlaversCollar","Snecko Eye"],"picked":"Black Star"},{"not_picked":["Coffee Dripper","Empty Cage"],"picked":"Calling Bell"}],"items_purged_floors":[],"is_endless":false,"potions_floor_spawned":[2,5,14,16,22,23,28,33,35,39,41,44,48,54],"ascension_level":0}}