{"host":"jv6ql3rcplqr94ru","time":1610767467,"event":{"mods":["AchievementEnabler","Act Like it!","BaseMod","Colored Map","Downfall","Hermit","Minty Spire (QoL Compilation)","Rare Cards Sparkle","Robot Space Explorer","StSLib","The Poker Player","everything is the same but u backflip on backflip","slay the spire mod where everything is the same but ironclad has a cowboy hat"],"gold_per_floor":[99,112,112,212,228,228,228,244,270,103,119,137,137,137,156,252,252,252,262,262,262,126,144,169,11,21,21,38,23,23,23,42,143,193,193,205,221,271,297,297,297,297,310,310,344,344,344,344,362,362,362,362],"floor_reached":50,"language":"ENG","playtime":3513,"items_purged":["champ:Strike","champ:Defend"],"score":490,"play_id":"01cf24ac-d551-4606-9a43-495b54b47c6c","local_time":"20210116042427","is_ascension_mode":false,"campfire_choices":[{"data":"champ:Execute","floor":1,"key":"SMITH"},{"data":"champ:FocusedDefense","floor":6,"key":"SMITH"},{"data":"champ:ShieldWall","floor":13,"key":"SMITH"},{"data":"champ:SkillfulDodge","floor":18,"key":"SMITH"},{"data":"champ:FlashCut","floor":27,"key":"SMITH"},{"floor":30,"key":"REST"},{"data":"champ:Circumvent","floor":35,"key":"SMITH"},{"data":"champ:SetATrap","floor":40,"key":"SMITH"},{"data":"champ:LastStand","floor":44,"key":"SMITH"},{"data":"champ:Taunt","floor":47,"key":"SMITH"},{"floor":48,"key":"REST"}],"circlet_count":0,"master_deck":["champ:Strike","champ:Strike","champ:Defend+1","champ:Defend","champ:Defend","champ:Execute+1","champ:Taunt+1","champ:DefensiveShout","champ:FocusedDefense+1","champ:FlashCut+1","champ:ShieldWall+1","champ:Haymaker","champ:SkillfulDodge+1","champ:StanceDance","champ:LastStand+1","champ:Circumvent+1","champ:SetATrap+1","champ:PreemptiveStrike"],"relics":["champ:ChampionCrown","Champion Belt","Slimebound:PreparedRelic","Dead Branch","Art of War","Runic Pyramid","MutagenicStrength","Bronze Scales","Anchor","Tiny House","WingedGreaves","Bottled Flame","champ:FightingForDummies"],"acts_visited":["Exordium","TheCity","TheBeyond"],"potions_floor_usage":[9,16,28,33,37,38,45,45,50],"damage_taken":[{"damage":10,"enemies":"2 Louse","floor":2,"turns":3},{"damage":59,"enemies":"2 Louse","floor":4,"turns":4},{"damage":15,"enemies":"Small Slimes","floor":5,"turns":3},{"damage":1,"enemies":"Jaw Worm","floor":8,"turns":3},{"damage":21,"enemies":"Lagavulin","floor":9,"turns":5},{"damage":25,"enemies":"downfall:FleeingMerchant","floor":10,"turns":4},{"damage":15,"enemies":"3 Louse","floor":11,"turns":3},{"damage":10,"enemies":"Blue Slaver","floor":12,"turns":4},{"damage":13,"enemies":"Exordium Wildlife","floor":15,"turns":5},{"damage":24,"enemies":"DF_ARCHETYPE_STREAMLINE","floor":16,"turns":9},{"damage":10,"enemies":"Spheric Guardian","floor":19,"turns":3},{"damage":14,"enemies":"downfall:FleeingMerchant","floor":22,"turns":4},{"damage":20,"enemies":"Cultist and Chosen","floor":23,"turns":7},{"damage":14,"enemies":"downfall:FleeingMerchant","floor":25,"turns":4},{"damage":22,"enemies":"Sentry and Sphere","floor":26,"turns":5},{"damage":32,"enemies":"3 Cultists","floor":28,"turns":7},{"damage":10,"enemies":"downfall:FleeingMerchant","floor":29,"turns":4},{"damage":10,"enemies":"Centurion and Healer","floor":32,"turns":7},{"damage":22,"enemies":"WA_ARCHETYPE_CALM","floor":33,"turns":10},{"damage":37,"enemies":"3 Darklings","floor":36,"turns":8},{"damage":13,"enemies":"Orb Walker","floor":37,"turns":5},{"damage":34,"enemies":"Orb Walker","floor":38,"turns":10},{"damage":15,"enemies":"3 Darklings","floor":43,"turns":5},{"damage":0,"enemies":"downfall:FleeingMerchant","floor":45,"turns":4},{"damage":30,"enemies":"Sphere and 2 Shapes","floor":49,"turns":5},{"damage":122,"enemies":"SI_POISON_ARCHETYPE","floor":50,"turns":8}],"seed_played":"6287002496816768356","potions_obtained":[{"floor":4,"key":"Strength Potion"},{"floor":12,"key":"Swift Potion"},{"floor":15,"key":"ColorlessPotion"},{"floor":16,"key":"Swift Potion"},{"floor":23,"key":"Regen Potion"},{"floor":32,"key":"Energy Potion"},{"floor":33,"key":"LiquidMemories"},{"floor":34,"key":"AttackPotion"},{"floor":36,"key":"Strength Potion"},{"floor":37,"key":"DistilledChaos"},{"floor":42,"key":"champ:CounterPotion"}],"is_trial":false,"path_per_floor":["R","M","?","?","M","R","T","M","E","$","M","M","R","?","M","B",null,"R","M","?","?","$","M","T","$","M","R","M","$","R","?","M","B",null,"R","M","M","?","?","R","T","?","M","R","$","?","R","R","M","B"],"character_chosen":"THE_CHAMP","items_purchased":["Art of War","champ:Circumvent","Anchor","champ:FightingForDummies","champ:PreemptiveStrike"],"campfire_rested":2,"item_purchase_floors":[10,22,25,45,45],"current_hp_per_floor":[99,99,99,60,55,55,55,54,43,43,38,33,33,33,25,15,99,99,99,79,79,75,65,65,61,44,44,41,41,72,72,72,70,109,109,107,99,80,80,80,80,80,80,80,80,80,80,109,89,0,0,0],"gold":362,"neow_bonus":"TEN_PERCENT_HP_BONUS","is_daily":false,"chose_seed":false,"campfire_upgraded":9,"win_rate":0.0,"timestamp":1610767467,"path_taken":["R","M","?","?","M","R","T","M","E","$","M","?","R","?","M","BOSS","R","M","?","?","?","M","T","$","M","R","?","$","R","?","M","BOSS","R","M","M","?","?","R","T","?","?","R","$","?","R","R","M","BOSS"],"items_purchased_type":["Relic","Card","Relic","Relic","Card"],"build_version":"2020-12-22","purchased_purges":2,"victory":false,"max_hp_per_floor":[99,99,99,99,99,99,99,99,99,99,99,99,99,99,99,99,99,99,99,104,104,104,104,104,104,104,104,104,104,104,104,104,104,109,109,109,109,109,109,109,109,109,109,109,109,109,109,109,109,109,109,109],"card_choices":[{"not_picked":["champ:FlashCut","champ:AdrenalArmor"],"picked":"champ:DefensiveShout","floor":2},{"not_picked":["champ:FlashCut","champ:Shatter"],"picked":"champ:FocusedDefense","floor":4},{"not_picked":["champ:Shatter","champ:PreciseThrust"],"picked":"champ:FlashCut","floor":5},{"not_picked":["champ:Circumvent","champ:PerfectedStrike"],"picked":"champ:ShieldWall","floor":8},{"not_picked":["champ:FocusedDefense","champ:ArenaPreparation"],"picked":"champ:Haymaker","floor":9},{"not_picked":["champ:BerserkersShout","champ:RisingSlash","champ:ShieldThrow"],"picked":"SKIP","floor":10},{"not_picked":["champ:AdrenalArmor","champ:FocusedDefense"],"picked":"champ:SkillfulDodge","floor":11},{"not_picked":["champ:Backstep","champ:PreemptiveStrike"],"picked":"champ:StanceDance","floor":12},{"not_picked":["champ:GutPunch","champ:SwordThrow","champ:StanceDance"],"picked":"SKIP","floor":15},{"not_picked":["champ:UltimateStance","champ:HeavySlash"],"picked":"champ:LastStand","floor":16},{"not_picked":["champ:Circumvent","champ:AdrenalArmor","champ:GutPunch"],"picked":"SKIP","floor":19},{"not_picked":["champ:FancyFootwork","champ:GladiatorStyle+1","champ:PerfectedStrike"],"picked":"SKIP","floor":22},{"not_picked":["champ:PerfectedStrike","champ:PreciseThrust","champ:FanOfKnives"],"picked":"SKIP","floor":23},{"not_picked":["champ:TripleStrike","champ:TornadoPunch+1","champ:BladeFlurry"],"picked":"SKIP","floor":25},{"not_picked":["champ:BerserkersShout+1","champ:Parry","champ:Backstep"],"picked":"SKIP","floor":26},{"not_picked":["champ:Endure+1","champ:ShieldWall","champ:GutPunch"],"picked":"SKIP","floor":28},{"not_picked":["champ:AdrenalArmor+1","champ:FalseCounter","champ:MurderStrike"],"picked":"SKIP","floor":29},{"not_picked":["champ:PreciseThrust","champ:TornadoPunch+1","champ:FocusedDefense"],"picked":"SKIP","floor":32},{"not_picked":["champ:BringItOn","champ:HeartStrike+1"],"picked":"champ:SetATrap","floor":34},{"not_picked":["champ:BladeFlurry+1","champ:DefensiveShout","champ:Haymaker"],"picked":"SKIP","floor":36},{"not_picked":["champ:DefensiveShout","champ:Duel+1","champ:PerfectedStrike"],"picked":"SKIP","floor":37},{"not_picked":["champ:HeartStrike+1","champ:DeathBlow","champ:Endure+1"],"picked":"SKIP","floor":43},{"not_picked":["champ:Duel","champ:BerserkersShout+1","champ:GladiatorForm"],"picked":"SKIP","floor":45},{"not_picked":["champ:StanceDance","champ:RapidStrikes+1","champ:Backstep+1"],"picked":"SKIP","floor":49}],"player_experience":351266,"relics_obtained":[{"floor":4,"key":"Champion Belt"},{"floor":7,"key":"Slimebound:PreparedRelic"},{"floor":9,"key":"Dead Branch"},{"floor":24,"key":"Bronze Scales"},{"floor":38,"key":"WingedGreaves"},{"floor":39,"key":"Orichalcum"},{"floor":41,"key":"Bottled Flame"}],"event_choices":[{"damage_healed":0,"gold_gain":0,"player_choice":"Inject Mutagens","damage_taken":0,"relics_obtained":["MutagenicStrength"],"max_hp_gain":0,"max_hp_loss":0,"event_name":"Drug Dealer","floor":21,"gold_loss":0},{"damage_healed":0,"gold_gain":0,"player_choice":"Ignored","damage_taken":0,"max_hp_gain":0,"max_hp_loss":0,"event_name":"Mysterious Sphere","floor":46,"gold_loss":0}],"is_beta":false,"boss_relics":[{"not_picked":["Calling Bell","Fusion Hammer"],"picked":"Runic Pyramid"},{"not_picked":["Busted Crown","champ:ChampionCrownUpgraded"],"picked":"Tiny House"}],"items_purged_floors":[22,45],"is_endless":false,"potions_floor_spawned":[4,12,15,16,23,32,33,36,37,43],"killed_by":"SI_POISON_ARCHETYPE","ascension_level":0}}