{"host":"g01l53quoe6lrer0","time":1610798579,"event":{"mods":["2.2 Compatiblity","AchievementEnabler","BaseMod","Colored Map","Highlight Path","Keyboard Shortcuts","Minty Spire (QoL Compilation)","Permanent Neow","StSLib","SuperFastMode","everything is the same but u backflip on backflip"],"gold_per_floor":[110,130,149,164,164,164,164,65,65,65,98,111,111,125,125,203,203,213,2,12,30,0,0,0,0],"floor_reached":24,"language":"KOR","playtime":537,"items_purged":["Strike_B","Strike_B"],"score":376,"play_id":"ae3a32e4-c7e8-467d-8efc-380b7f957b78","local_time":"20210116210259","is_ascension_mode":true,"campfire_choices":[{"floor":6.0,"key":"REST"},{"data":"Zap","floor":10.0,"key":"SMITH"},{"floor":13.0,"key":"REST"},{"data":"The Bomb","floor":15.0,"key":"SMITH"},{"floor":23,"key":"REST"}],"circlet_count":0,"master_deck":["AscendersBane","Strike_B","Defend_B","Defend_B","Defend_B","Zap+1","Dualcast","The Bomb+1","Leap","Sweeping Beam","Conserve Battery","Turbo","Turbo","Compile Driver","Tempest","Thunder Strike","Skim","Defragment","Hologram","Ball Lightning+1","Aggregate"],"relics":["Cracked Core","Bottled Lightning","Regal Pillow","Empty Cage"],"acts_visited":["Exordium","TheCity"],"potions_floor_usage":[16,21],"damage_taken":[{"damage":16.0,"enemies":"Small Slimes","floor":1.0,"turns":3.0},{"damage":1.0,"enemies":"Cultist","floor":2.0,"turns":4.0},{"damage":0.0,"enemies":"2 Louse","floor":3.0,"turns":3.0},{"damage":23.0,"enemies":"Exordium Thugs","floor":4.0,"turns":4.0},{"damage":23.0,"enemies":"Lagavulin","floor":11.0,"turns":8.0},{"damage":6.0,"enemies":"Looter","floor":12.0,"turns":3.0},{"damage":15.0,"enemies":"Exordium Wildlife","floor":14.0,"turns":3.0},{"damage":19,"enemies":"Slime Boss","floor":16,"turns":8},{"damage":25,"enemies":"2 Thieves","floor":18,"turns":3},{"damage":24,"enemies":"Shell Parasite","floor":20,"turns":5},{"damage":1,"enemies":"3 Cultists","floor":21,"turns":3},{"damage":0,"enemies":"Centurion and Healer","floor":24,"turns":1}],"seed_played":"4750235207291835873","potions_obtained":[{"floor":2.0,"key":"CultistPotion"},{"floor":4.0,"key":"PowerPotion"},{"floor":20,"key":"GamblersBrew"}],"is_trial":false,"path_per_floor":["M","M","M","M","?","R","?","$","T","R","E","M","R","M","R","B",null,"M","$","M","M","?","R","M"],"character_chosen":"DEFECT","items_purchased":["Turbo","Defragment","Hologram"],"campfire_rested":3,"item_purchase_floors":[8,19,19],"current_hp_per_floor":[48,47,47,24,24,43,43,43,43,43,20,14,48,33,33,14,52,27,27,3,2,2,36,36,36],"gold":0,"neow_bonus":"RANDOM_COLORLESS_2","is_daily":false,"chose_seed":false,"campfire_upgraded":2,"win_rate":0.0,"timestamp":1610798579,"path_taken":["M","M","M","M","?","R","?","$","T","R","E","M","R","M","R","BOSS","M","$","M","?","?","R","M"],"items_purchased_type":["Card","Card","Card"],"build_version":"2020-12-22","purchased_purges":2,"victory":false,"max_hp_per_floor":[64,64,64,64,64,64,64,64,64,64,64,64,64,64,64,64,64,64,64,64,64,64,64,64,64],"card_choices":[{"not_picked":["Panache","Mayhem"],"picked":"The Bomb","floor":0.0},{"not_picked":["Streamline","Force Field"],"picked":"Leap","floor":1.0},{"not_picked":["Steam","Streamline"],"picked":"Sweeping Beam","floor":2.0},{"not_picked":["Creative AI","Rebound"],"picked":"Conserve Battery","floor":3.0},{"not_picked":["Beam Cell","Redo"],"picked":"Turbo","floor":4.0},{"not_picked":["Loop","Ball Lightning"],"picked":"Compile Driver","floor":11.0},{"not_picked":["Scrape","Chaos","Sweeping Beam"],"picked":"SKIP","floor":12.0},{"not_picked":["Gash","Compile Driver"],"picked":"Tempest","floor":14.0},{"not_picked":["Reboot","Rainbow"],"picked":"Thunder Strike","floor":16},{"not_picked":["Stack","Sweeping Beam"],"picked":"Skim","floor":18},{"not_picked":["Streamline","Turbo"],"picked":"Ball Lightning+1","floor":20},{"not_picked":["Double Energy","Chill+1"],"picked":"Aggregate","floor":21}],"player_experience":207332,"relics_obtained":[{"floor":9.0,"key":"Bottled Lightning"},{"floor":11.0,"key":"Regal Pillow"}],"event_choices":[{"damage_healed":0.0,"max_hp_gain":0.0,"max_hp_loss":0.0,"gold_gain":0.0,"event_name":"Liars Game","player_choice":"Ignored","floor":5.0,"gold_loss":0.0,"damage_taken":0.0},{"damage_healed":0.0,"max_hp_gain":0.0,"max_hp_loss":0.0,"gold_gain":0.0,"event_name":"Match and Keep!","player_choice":"0 cards matched","floor":7.0,"gold_loss":0.0,"damage_taken":0.0,"cards_obtained":[]},{"damage_healed":0,"gold_gain":0,"player_choice":"Paid Fearfully","damage_taken":0,"max_hp_gain":0,"max_hp_loss":0,"event_name":"Masked Bandits","floor":22,"gold_loss":30}],"is_beta":false,"boss_relics":[{"not_picked":["Coffee Dripper","Busted Crown"],"picked":"Empty Cage"}],"items_purged_floors":[8,19],"is_endless":false,"potions_floor_spawned":[2,4,12,20],"killed_by":"Centurion and Healer","ascension_level":18}}