{"host":"sum4dy402bbv9y4o","time":1610798990,"event":{"mods":["Aspiration","BaseMod","Conspire","Highlight Path","Minty Spire (QoL Compilation)","StSLib"],"gold_per_floor":[114,29,179,196,196,196,222,30,76,109,109,120,120,134,134,134,134],"floor_reached":16,"language":"ENG","playtime":499,"items_purged":["Doubt"],"score":216,"play_id":"f05ae737-dd06-4b7a-973b-636c561825ea","local_time":"20210116150950","is_ascension_mode":true,"campfire_choices":[{"data":"Eruption","floor":6,"key":"SMITH"},{"data":"LessonLearned","floor":11,"key":"SMITH"},{"data":"CrushJoints","floor":15,"key":"SMITH"}],"circlet_count":0,"master_deck":["AscendersBane","Strike_P","Strike_P+1","Strike_P","Defend_P","Defend_P","Defend_P","Defend_P","Eruption+1","Vigilance","BowlingBash","FearNoEvil+1","CrushJoints+1","CutThroughFate","LessonLearned+1","Adaptation","Protect","Protect","FlurryOfBlows","CarveReality"],"relics":["PureWater","aspiration:Nostalgia","Burning Blood","aspiration:HiddenCompartment","Anchor","Oddly Smooth Stone"],"acts_visited":["Exordium"],"potions_floor_usage":[10,16],"damage_taken":[{"damage":2,"enemies":"Small Slimes","floor":1,"turns":4},{"damage":2,"enemies":"2 Louse","floor":4,"turns":3},{"damage":32,"enemies":"3 Sentries","floor":7,"turns":8},{"damage":37,"enemies":"Lagavulin","floor":10,"turns":5},{"damage":0,"enemies":"Cultist","floor":12,"turns":3},{"damage":0,"enemies":"Blue Slaver","floor":14,"turns":4},{"damage":27,"enemies":"The Guardian","floor":16,"turns":7}],"seed_played":"-5362802814702896296","potions_obtained":[{"floor":7,"key":"SpeedPotion"},{"floor":10,"key":"Block Potion"},{"floor":12,"key":"Fire Potion"}],"is_trial":false,"path_per_floor":["M","$","?","M","?","R","E","$","T","E","R","M","?","M","R","B"],"character_chosen":"WATCHER","items_purchased":["FearNoEvil","Adaptation","Protect"],"campfire_rested":0,"item_purchase_floors":[2,8,8],"current_hp_per_floor":[65,65,65,68,68,68,42,42,42,11,11,17,17,23,23,0,0],"gold":134,"neow_bonus":"NOSTALGIA","is_daily":false,"chose_seed":false,"campfire_upgraded":3,"win_rate":0.0,"timestamp":1610798990,"path_taken":["M","$","?","M","?","R","E","$","T","E","R","?","?","M","R","BOSS"],"items_purchased_type":["Card","Card","Card"],"build_version":"2020-12-22","purchased_purges":1,"victory":false,"max_hp_per_floor":[68,68,68,68,68,68,68,68,68,68,68,68,68,68,68,68,68],"card_choices":[{"not_picked":["FlyingSleeves","DeceiveReality"],"picked":"BowlingBash","floor":1},{"not_picked":["Evaluate","PathToVictory"],"picked":"CrushJoints","floor":4},{"not_picked":["FollowUp","Tantrum"],"picked":"LessonLearned","floor":7},{"not_picked":["LessonLearned","CutThroughFate"],"picked":"Protect","floor":10},{"not_picked":["PathToVictory","Wallop"],"picked":"FlurryOfBlows","floor":12},{"not_picked":["Study","SignatureMove"],"picked":"CarveReality","floor":14}],"player_experience":2945435,"relics_obtained":[{"floor":7,"key":"aspiration:HiddenCompartment"},{"floor":9,"key":"Anchor"},{"floor":10,"key":"Oddly Smooth Stone"}],"event_choices":[{"damage_healed":0,"gold_gain":150,"player_choice":"AGREE","damage_taken":0,"max_hp_gain":0,"max_hp_loss":0,"event_name":"Liars Game","floor":3,"gold_loss":0,"cards_obtained":["Doubt"]},{"damage_healed":0,"gold_gain":0,"cards_transformed":["Strike_P"],"player_choice":"Transformed","damage_taken":0,"max_hp_gain":0,"max_hp_loss":0,"event_name":"Transmorgrifier","floor":5,"gold_loss":0,"cards_obtained":["CutThroughFate"]},{"damage_healed":0,"gold_gain":0,"player_choice":"Ignored","damage_taken":0,"max_hp_gain":0,"max_hp_loss":0,"event_name":"Golden Idol","floor":13,"gold_loss":0}],"is_beta":false,"boss_relics":[],"items_purged_floors":[8],"is_endless":false,"potions_floor_spawned":[7,10,12],"killed_by":"The Guardian","ascension_level":20}}