{"host":"jpcy2bclvs7juczu","time":1610786097,"event":{"mods":["AchievementEnabler","BaseMod","Block Reminder","Colored Map","Colored Powertips","Curses Come First","Dark Map","Minty Spire (QoL Compilation)","Quick Restart","Relic Stats","StSLib","ojb\u0027s Better Paths Mod","ojb\u0027s Info Mod","slay the spire mod where everything is the same but ironclad has a cowboy hat"],"gold_per_floor":[12,27,37,37,49,49,61,61,61],"floor_reached":8,"language":"ENG","playtime":282,"items_purged":[],"score":100,"play_id":"3bf35c07-1cf7-4597-9393-57226972e8ea","local_time":"20210116083457","is_ascension_mode":true,"campfire_choices":[{"data":"Sword Boomerang","floor":6,"key":"SMITH"}],"circlet_count":0,"master_deck":["AscendersBane","Strike_R","Strike_R","Strike_R","Strike_R","Strike_R","Defend_R","Defend_R","Defend_R","Defend_R","Bash","Corruption","Pommel Strike","Sword Boomerang+1","Dark Embrace","Feel No Pain"],"relics":["Burning Blood"],"acts_visited":["Exordium"],"potions_floor_usage":[7],"damage_taken":[{"damage":4.0,"enemies":"Small Slimes","floor":1.0,"turns":4.0},{"damage":12.0,"enemies":"Cultist","floor":2.0,"turns":4.0},{"damage":2.0,"enemies":"Jaw Worm","floor":3.0,"turns":3.0},{"damage":19,"enemies":"Blue Slaver","floor":5,"turns":4},{"damage":54,"enemies":"Exordium Wildlife","floor":7,"turns":7},{"damage":8,"enemies":"Gremlin Nob","floor":8,"turns":2}],"seed_played":"8022276323479852247","potions_obtained":[{"floor":2.0,"key":"SteroidPotion"}],"is_trial":false,"path_per_floor":["M","M","M","?","M","R","M","E"],"character_chosen":"IRONCLAD","items_purchased":[],"campfire_rested":0,"item_purchase_floors":[],"current_hp_per_floor":[70,64,68,68,55,55,7,0,0],"gold":61,"neow_bonus":"THREE_RARE_CARDS","is_daily":false,"chose_seed":false,"campfire_upgraded":1,"win_rate":0.0,"timestamp":1610786097,"path_taken":["M","M","M","?","M","R","M","E"],"items_purchased_type":[],"build_version":"2020-12-22","purchased_purges":0,"victory":false,"max_hp_per_floor":[75,75,75,75,75,75,75,75,75],"relic_stats":{"counters":[6,24],"obtain_stats":[{"Burning Blood":0},{"Burning Blood":0},{"Burning Blood":0}],"Burning Blood":30},"card_choices":[{"not_picked":["Double Tap","Brutality"],"picked":"Corruption","floor":0.0},{"not_picked":["Warcry","Sword Boomerang"],"picked":"Pommel Strike","floor":1.0},{"not_picked":["Warcry","Rage"],"picked":"Sword Boomerang","floor":2.0},{"not_picked":["Dual Wield","Sentinel"],"picked":"Dark Embrace","floor":3.0},{"not_picked":["Body Slam","Havoc","Rupture"],"picked":"SKIP","floor":5},{"not_picked":["Carnage","Second Wind"],"picked":"Feel No Pain","floor":7}],"player_experience":407464,"relics_obtained":[],"event_choices":[{"damage_healed":0,"gold_gain":0,"player_choice":"0 cards matched","damage_taken":0,"max_hp_gain":0,"max_hp_loss":0,"event_name":"Match and Keep!","floor":4,"gold_loss":0,"cards_obtained":[]}],"is_beta":false,"boss_relics":[],"items_purged_floors":[],"is_endless":false,"potions_floor_spawned":[2],"killed_by":"Gremlin Nob","ascension_level":20}}