{"host":"b3acx0fd85ri4t7i","time":1610787782,"event":{"mods":["BaseMod","Colored Powertips","Minty Spire (QoL Compilation)","Quick Restart","Relic Stats","Replay The Spire","StSLib","[功能]功能增强和修复MOD"],"gold_per_floor":[114,4,154,204,221,221,221],"floor_reached":6,"language":"ZHS","playtime":220,"items_purged":["Strike_B","Strike_B"],"score":68,"play_id":"36a4cb15-d1ac-4ca8-a0ca-85a04e91b1b5","local_time":"20210116170302","is_ascension_mode":true,"campfire_choices":[],"circlet_count":0,"master_deck":["AscendersBane","Strike_B","Strike_B","Defend_B","Defend_B","Defend_B","Defend_B","Zap","Dualcast","Loop","Doubt","Self Repair","Defragment"],"relics":["Nuclear Battery","Mango","Sling","HornCleat"],"acts_visited":["Exordium"],"potions_floor_usage":[6],"damage_taken":[{"damage":17,"enemies":"Small Slimes","floor":1,"turns":5},{"damage":21,"enemies":"Jaw Worm","floor":5,"turns":6},{"damage":15,"enemies":"3 Sentries","floor":6,"turns":4}],"seed_played":"-4068617328889988537","potions_obtained":[{"floor":1,"key":"Weak Potion"},{"floor":1,"key":"FairyPotion"},{"floor":4,"key":"SneckoOil"},{"floor":5,"key":"Milkshake"}],"is_trial":false,"path_per_floor":["M","$","?","?","M","E"],"character_chosen":"DEFECT","items_purchased":["Mango","Sling"],"campfire_rested":0,"item_purchase_floors":[2,2],"current_hp_per_floor":[47,61,61,61,47,32,32],"gold":221,"neow_bonus":"BOSS_RELIC","is_daily":false,"chose_seed":false,"campfire_upgraded":0,"win_rate":0.0,"timestamp":1610787782,"path_taken":["M","$","?","?","M","E"],"items_purchased_type":["Relic","Relic"],"build_version":"2020-12-22","purchased_purges":2,"victory":false,"max_hp_per_floor":[71,85,85,85,85,85,85],"relic_stats":{"counters":[3,15],"obtain_stats":[{"HornCleat":4,"Mango":2,"Cracked Core":0,"Sling":2,"Nuclear Battery":0},{"HornCleat":1,"Mango":1,"Cracked Core":0,"Sling":1,"Nuclear Battery":0},{"HornCleat":5,"Mango":5,"Cracked Core":0,"Sling":5,"Nuclear Battery":0}]},"card_choices":[{"not_picked":["Streamline","Panic Button"],"picked":"Loop","floor":1},{"not_picked":["Leap","Go for the Eyes","Turbo"],"picked":"SKIP","floor":1},{"not_picked":["Gash","Lockon","ReplayTheSpireMod:System Scan"],"picked":"SKIP","floor":1},{"not_picked":["Coolheaded","Conserve Battery"],"picked":"Self Repair","floor":4},{"not_picked":["Coolheaded","Sweeping Beam"],"picked":"Defragment","floor":5},{"not_picked":["Steam","Gash","Compile Driver"],"picked":"SKIP","floor":5},{"not_picked":["Loop","Melter","Conserve Battery"],"picked":"SKIP","floor":5}],"player_experience":301358,"relics_obtained":[{"floor":4,"key":"HornCleat"}],"event_choices":[{"damage_healed":0,"gold_gain":150,"player_choice":"AGREE","damage_taken":0,"max_hp_gain":0,"max_hp_loss":0,"event_name":"Liars Game","floor":3,"gold_loss":0,"cards_obtained":["Doubt"]}],"is_beta":false,"boss_relics":[],"items_purged_floors":[2,2],"is_endless":false,"potions_floor_spawned":[1,1,5],"killed_by":"3 Sentries","ascension_level":20}}