{"host":"2c1pg2m9wpz3w4c0","time":1610838155,"event":{"mods":["AchievementEnabler","Act Like it!","Aspiration","BaseMod","Better Note","BetterRewards","Curses Come First","Disable Question Mark Monsters","Halation","Hubris","Infinite Spire","Lotus Mark","Marisa????????","Minty Spire (QoL Compilation)","Replay The Spire","StSLib","SuperFastMode","The Clintock","The Jungle","The Marked","The Runesmith","Transform Curses"],"gold_per_floor":[112,6,6,6,20,20,34,48,100,100,110,110,138,13,13,111,111,131,142,157,127,177,177,24,24,24,24,35,46,46,24,24,128,128,128],"floor_reached":34,"language":"ENG","playtime":909,"items_purged":[],"score":490,"play_id":"8db96629-7f45-4e70-920b-ca00065ea1de","local_time":"20210116160235","is_ascension_mode":false,"campfire_choices":[{"data":"Infernal Blade","floor":6,"key":"SMITH"},{"data":"Armaments","floor":10,"key":"SMITH"},{"data":"Impervious","floor":15,"key":"SMITH"},{"floor":23,"key":"REST"},{"data":"Exhume","floor":25,"key":"SMITH"},{"data":"Inflame","floor":30,"key":"SMITH"},{"floor":32,"key":"REST"}],"circlet_count":0,"master_deck":["Strike_R","Strike_R","Strike_R","Defend_R","Defend_R","Defend_R+1","Defend_R","Bash","Trip","Cleave","Flex","Shockwave+1","Hemogenesis+1","Infernal Blade+1","Armaments+1","Uppercut","Sentinel","Warcry","Impervious+1","Body Slam","Feed","Entrench","hubris:ReadiedAction","Twin Strike+1","Dropkick","Exhume+1","Clash","Whirlwind","Inflame+1","Twin Strike","Demon Form"],"relics":["Burning Blood","Another Sword","infinitespire:Lucky Rock","Odd Mushroom","hubris:HollowSoul","Tiny House","hubris:DisguiseKit","Ooze Armor"],"acts_visited":["Exordium","theJungle:Jungle"],"potions_floor_usage":[13,16,16,19,28,29,29,33],"damage_taken":[{"damage":0,"enemies":"2 Louse","floor":1,"turns":3},{"damage":0,"enemies":"Small Slimes","floor":5,"turns":3},{"damage":4,"enemies":"Jaw Worm","floor":7,"turns":4},{"damage":2,"enemies":"Blue Slaver","floor":8,"turns":3},{"damage":0,"enemies":"Red Slaver","floor":11,"turns":2},{"damage":14,"enemies":"The Mushroom Lair","floor":13,"turns":4},{"damage":23,"enemies":"Hexaghost","floor":16,"turns":8},{"damage":10,"enemies":"theJungle:MUSHROOMGANG","floor":18,"turns":5},{"damage":22,"enemies":"theJungle:GiantWrat","floor":19,"turns":7},{"damage":41,"enemies":"theJungle:SlimyTreeVines","floor":20,"turns":12},{"damage":3,"enemies":"theJungle:Snecko_Cultist_And_Trap","floor":28,"turns":5},{"damage":7,"enemies":"theJungle:JungleHuntersEncounter","floor":29,"turns":3},{"damage":26,"enemies":"theJungle:QueenSpyder","floor":33,"turns":14}],"seed_played":"6315652820793006717","potions_obtained":[{"floor":1,"key":"Flashbang"},{"floor":7,"key":"BloodPotion"},{"floor":11,"key":"Cursed Concoction"},{"floor":18,"key":"Explosive Potion"},{"floor":20,"key":"Explosive Potion"},{"floor":21,"key":"Toxic Potion"},{"floor":21,"key":"EssenceOfSteel"},{"floor":22,"key":"DistilledChaos"},{"floor":28,"key":"Explosive Potion"}],"is_trial":false,"path_per_floor":["M","$","?","?","M","R","M","M","T","R","M","$","?","$","R","B",null,"M","M","M","?","AVR","R","$","R","T","?","M","M","R","$","R","B",null],"character_chosen":"IRONCLAD","items_purchased":["Trip","Flex","Shockwave+1","Impervious","Body Slam","Exhume","Twin Strike"],"campfire_rested":2,"item_purchase_floors":[0,2,2,14,14,24,31],"current_hp_per_floor":[66,66,66,66,80,80,80,80,80,80,80,80,72,72,72,79,80,83,67,38,38,43,69,69,69,69,69,75,74,74,74,91,82,82,82],"gold":128,"neow_bonus":"","is_daily":false,"chose_seed":false,"campfire_upgraded":5,"win_rate":0.0,"timestamp":1610838155,"path_taken":["M","$","?","?","M","R","M","M","T","R","M","$","?","?","R","BOSS","M","M","?","?","AVR","R","?","R","T","?","M","?","R","$","R","BOSS"],"items_purchased_type":["Card","Card","Card","Card","Card","Card","Card"],"build_version":"2020-12-22","purchased_purges":0,"victory":false,"max_hp_per_floor":[80,80,80,80,80,80,80,80,80,80,80,80,80,80,80,80,80,83,83,83,83,88,88,88,88,88,88,91,91,91,91,91,91,91,91],"card_choices":[{"not_picked":["Sword Boomerang","Second Wind"],"picked":"Cleave","floor":1},{"not_picked":["Replay:Undeath\u0027s Touch","Reckless Charge"],"picked":"Infernal Blade","floor":5},{"not_picked":["Sever Soul","Run Through"],"picked":"Armaments","floor":7},{"not_picked":["Dropkick","Wild Strike"],"picked":"Uppercut","floor":8},{"not_picked":["Dark Embrace","Havoc"],"picked":"Sentinel","floor":11},{"not_picked":["Bloodletting","Wild Strike"],"picked":"Warcry","floor":13},{"not_picked":["Immolate","Barricade"],"picked":"Feed","floor":16},{"not_picked":["Cleave","Body Slam"],"picked":"Entrench","floor":18},{"not_picked":["Pummel","Life Link"],"picked":"hubris:ReadiedAction","floor":19},{"not_picked":["Battle Trance","ReplayReversal"],"picked":"Twin Strike+1","floor":20},{"not_picked":["Clash+1","Berserk"],"picked":"Dropkick","floor":22},{"not_picked":["Warcry","Defy Death+1","Runesmith:CraftProtectio"],"picked":"Whirlwind","floor":28},{"not_picked":["Fire Breathing","Defy Death","Runesmith:HammerThrow"],"picked":"Inflame","floor":29},{"not_picked":["Eclipse","Demonic Infusion","Runesmith:LightningRod"],"picked":"Demon Form","floor":33}],"player_experience":1188904,"relics_obtained":[{"floor":9,"key":"infinitespire:Lucky Rock"},{"floor":13,"key":"Odd Mushroom"},{"floor":26,"key":"hubris:DisguiseKit"}],"event_choices":[{"damage_healed":0,"gold_gain":0,"player_choice":"Fought Mushrooms","damage_taken":0,"max_hp_gain":0,"max_hp_loss":0,"event_name":"Mushrooms","floor":13,"gold_loss":0},{"damage_healed":0,"gold_gain":0,"player_choice":"Bought 2 Potions","damage_taken":0,"max_hp_gain":0,"max_hp_loss":0,"event_name":"The Woman in Blue","floor":21,"gold_loss":0},{"damage_healed":0,"gold_gain":0,"cards_transformed":["Strike_R"],"player_choice":"Transformed","damage_taken":0,"max_hp_gain":0,"max_hp_loss":0,"event_name":"Transmorgrifier","floor":27,"gold_loss":0,"cards_obtained":["Clash"]}],"is_beta":false,"boss_relics":[{"not_picked":["aspiration:PoetsPen_weak","halation:Prosthetics"],"picked":"hubris:HollowSoul"},{"not_picked":["Runic Dome","halation:SmartPhone"],"picked":"Ooze Armor"}],"items_purged_floors":[],"is_endless":false,"potions_floor_spawned":[1,7,11,18,20,28],"ascension_level":0}}