{"host":"y193d0agu1dp5x1y","time":1610775634,"event":{"mods":["AchievementEnabler","BaseMod","Googly Eyes","Minty Spire (QoL Compilation)"],"gold_per_floor":[114,114,14,14,14,14,24,24,75,124,136,36,65,77,77,180,180,190,289,214,17,17,51,51,51,51,66,66,66,79,95,95,95,95],"floor_reached":33,"language":"ENG","playtime":1034,"items_purged":["Dualcast","Strike_B"],"score":286,"play_id":"2fa72585-bfff-46d1-8c5e-912ff927ff82","local_time":"20210115234034","is_ascension_mode":false,"campfire_choices":[{"data":"Zap","floor":6,"key":"SMITH"},{"data":"Gash","floor":8,"key":"SMITH"},{"floor":15,"key":"REST"},{"data":"Electrodynamics","floor":25,"key":"SMITH"},{"data":"Melter","floor":28,"key":"SMITH"},{"floor":32,"key":"REST"}],"circlet_count":0,"master_deck":["Strike_B+1","Strike_B+1","Defend_B","Defend_B","Defend_B+1","Zap+1","Gash+1","Conserve Battery+1","Melter+1","Electrodynamics+1","Go for the Eyes","Darkness","Thunder Strike","Storm"],"relics":["SacredBark","Symbiotic Virus","Happy Flower","Lantern","Bronze Scales","Inserter","War Paint","Mango","Boot","Eternal Feather"],"acts_visited":["Exordium","TheCity"],"potions_floor_usage":[13,16,30],"damage_taken":[{"damage":3,"enemies":"Jaw Worm","floor":1,"turns":4},{"damage":4,"enemies":"2 Louse","floor":7,"turns":3},{"damage":5,"enemies":"Small Slimes","floor":11,"turns":3},{"damage":8,"enemies":"Lagavulin","floor":13,"turns":5},{"damage":0,"enemies":"Looter","floor":14,"turns":3},{"damage":28,"enemies":"Hexaghost","floor":16,"turns":9},{"damage":0,"enemies":"Spheric Guardian","floor":18,"turns":2},{"damage":46,"enemies":"Slavers","floor":23,"turns":5},{"damage":5,"enemies":"3 Byrds","floor":27,"turns":3},{"damage":6,"enemies":"Centurion and Healer","floor":30,"turns":5},{"damage":31,"enemies":"Shelled Parasite and Fungi","floor":31,"turns":4},{"damage":77,"enemies":"Champ","floor":33,"turns":10}],"seed_played":"2894368810420567994","potions_obtained":[{"floor":7,"key":"SkillPotion"},{"floor":14,"key":"SkillPotion"},{"floor":18,"key":"Energy Potion"}],"is_trial":false,"path_per_floor":["M","?","$","?","?","R","M","R","T","T","M","$","E","M","R","B",null,"M","?","?","$","?","E","?","R","T","M","R","?","M","M","R","B"],"character_chosen":"DEFECT","items_purchased":["Conserve Battery","Go for the Eyes","War Paint"],"campfire_rested":2,"item_purchase_floors":[3,21,21],"current_hp_per_floor":[72,57,57,62,59,59,55,55,55,55,50,50,42,42,66,38,80,80,80,80,80,94,48,48,48,48,43,49,80,74,43,77,0,0],"gold":95,"neow_bonus":"BOSS_RELIC","is_daily":false,"chose_seed":false,"campfire_upgraded":4,"win_rate":0.0,"timestamp":1610775634,"path_taken":["M","?","$","?","?","R","M","R","T","?","M","?","E","M","R","BOSS","M","?","?","?","?","E","?","R","T","M","R","?","M","?","R","BOSS"],"items_purchased_type":["Card","Card","Relic"],"build_version":"2020-12-22","purchased_purges":2,"victory":false,"max_hp_per_floor":[75,75,75,80,80,80,80,80,80,80,80,80,80,80,80,80,80,80,80,80,80,94,94,94,94,94,94,94,94,94,94,94,94,94],"card_choices":[{"not_picked":["Compile Driver","Beam Cell"],"picked":"Gash","floor":1},{"not_picked":["Stack","Static Discharge","Beam Cell"],"picked":"SKIP","floor":7},{"not_picked":["Force Field","Beam Cell"],"picked":"Melter","floor":11},{"not_picked":["Rebound","Double Energy","Chaos"],"picked":"SKIP","floor":13},{"not_picked":["Leap","Hologram","Undo"],"picked":"SKIP","floor":14},{"not_picked":["Hyperbeam","Echo Form"],"picked":"Electrodynamics","floor":16},{"not_picked":["Melter+1","Ball Lightning","Go for the Eyes"],"picked":"SKIP","floor":18},{"not_picked":["Steam Power","Tempest"],"picked":"Redo","floor":23},{"not_picked":["Redo","Amplify","Chaos+1"],"picked":"SKIP","floor":27},{"not_picked":["Recycle","Consume"],"picked":"Storm","floor":30},{"not_picked":["Ball Lightning","Turbo","Reprogram"],"picked":"SKIP","floor":31}],"player_experience":105342,"relics_obtained":[{"floor":9,"key":"Happy Flower"},{"floor":10,"key":"Lantern"},{"floor":13,"key":"Bronze Scales"},{"floor":23,"key":"Boot"},{"floor":26,"key":"Eternal Feather"}],"event_choices":[{"damage_healed":0,"gold_gain":0,"player_choice":"Entered Light","damage_taken":15,"max_hp_gain":0,"max_hp_loss":0,"event_name":"Shining Light","floor":2,"gold_loss":0,"cards_upgraded":["Strike_B","Strike_B"]},{"damage_healed":0,"gold_gain":0,"player_choice":"Donut","damage_taken":0,"max_hp_gain":5,"max_hp_loss":0,"event_name":"Big Fish","floor":4,"gold_loss":0},{"damage_healed":0,"gold_gain":0,"player_choice":"Success","damage_taken":3,"relics_obtained":["Symbiotic Virus"],"max_hp_gain":0,"max_hp_loss":0,"event_name":"Scrap Ooze","floor":5,"gold_loss":0},{"damage_healed":0,"gold_gain":99,"player_choice":"Stole From Cult","damage_taken":0,"max_hp_gain":0,"max_hp_loss":0,"event_name":"Nest","floor":19,"gold_loss":0},{"cards_removed":["Strike_B"],"damage_healed":0,"gold_gain":0,"player_choice":"Gave Gold","damage_taken":0,"max_hp_gain":0,"max_hp_loss":0,"event_name":"Beggar","floor":20,"gold_loss":75},{"damage_healed":0,"gold_gain":0,"player_choice":"Opened","damage_taken":0,"relics_obtained":["Mango"],"max_hp_gain":0,"max_hp_loss":0,"event_name":"The Mausoleum","floor":22,"gold_loss":0},{"damage_healed":0,"gold_gain":0,"cards_transformed":["Redo","Defend_B"],"player_choice":"Became Test Subject","damage_taken":0,"max_hp_gain":0,"max_hp_loss":0,"event_name":"Drug Dealer","floor":24,"gold_loss":0,"cards_obtained":["Darkness","Thunder Strike"]},{"damage_healed":31,"gold_gain":0,"player_choice":"Heal","damage_taken":0,"max_hp_gain":0,"max_hp_loss":0,"event_name":"The Library","floor":29,"gold_loss":0}],"is_beta":false,"boss_relics":[{"not_picked":["Ectoplasm","Sozu"],"picked":"Inserter"}],"items_purged_floors":[3,12],"is_endless":false,"potions_floor_spawned":[7,14,18],"killed_by":"Champ","ascension_level":0}}