{"host":"sav7uxregyirlf69","time":1610760765,"event":{"mods":["AchievementEnabler","BaseMod","Colored Map","DeckTracker","Keyboard Shortcuts","Minty Spire (QoL Compilation)","READ ME - Guardian Mod","StSLib","SuperFastMode"],"gold_per_floor":[114,114,130,55,66,86,86,118,143,143,163,163,163,198,198,269,269,285,210,225,235,77,77,109,109,154,167,167,167,178,228,228,304,304,320,62,76,76,76,76,94,127,127,159,159,84,104,104,104,104,104,104,104,104,133,133],"floor_reached":57,"language":"KOR","playtime":1519,"items_purged":["Strike_G","Defend_G"],"score":3276,"play_id":"d546fda4-ae52-4ee7-899d-cbe9ed2695be","local_time":"20210116103245","is_ascension_mode":true,"campfire_choices":[{"data":"Choke","floor":7,"key":"SMITH"},{"data":"Blade Dance","floor":10,"key":"SMITH"},{"data":"Neutralize","floor":13,"key":"SMITH"},{"data":"Adrenaline","floor":15,"key":"SMITH"},{"data":"Malaise","floor":23,"key":"SMITH"},{"data":"Prepared","floor":29,"key":"SMITH"},{"data":"Reflex","floor":32,"key":"SMITH"},{"data":"Purity","floor":40,"key":"SMITH"},{"data":"Wraith Form v2","floor":45,"key":"SMITH"},{"floor":49,"key":"RECALL"},{"data":"Escape Plan","floor":53,"key":"SMITH"}],"circlet_count":0,"master_deck":["AscendersBane","Defend_G","Defend_G","Defend_G","Survivor","Neutralize+1","Blade Dance+1","Choke+1","Flying Knee","Adrenaline+1","Malaise+1","PiercingWail+1","Acrobatics+1","Prepared+1","Tactician+1","Reflex+1","Wraith Form v2+1","Purity+1","Escape Plan+1"],"relics":["Ring of the Snake","NeowsBlessing","Akabeko","Potion Belt","Ancient Tea Set","Runic Pyramid","Medical Kit","Bronze Scales","Happy Flower","Sozu","TheAbacus","Gambling Chip","Pear","Toy Ornithopter"],"acts_visited":["Exordium","TheCity","TheBeyond","TheEnding"],"potions_floor_usage":[14,24,56,56],"damage_taken":[{"damage":0,"enemies":"2 Louse","floor":1,"turns":1},{"damage":0,"enemies":"Cultist","floor":3,"turns":1},{"damage":0,"enemies":"Jaw Worm","floor":5,"turns":1},{"damage":6,"enemies":"Exordium Wildlife","floor":6,"turns":8},{"damage":15,"enemies":"3 Sentries","floor":8,"turns":12},{"damage":3,"enemies":"Looter","floor":11,"turns":2},{"damage":0,"enemies":"Gremlin Nob","floor":14,"turns":3},{"damage":51,"enemies":"Slime Boss","floor":16,"turns":8},{"damage":7,"enemies":"2 Thieves","floor":18,"turns":3},{"damage":0,"enemies":"3 Byrds","floor":20,"turns":5},{"damage":9,"enemies":"Cultist and Chosen","floor":21,"turns":6},{"damage":6,"enemies":"Slavers","floor":24,"turns":6},{"damage":0,"enemies":"Snecko","floor":27,"turns":4},{"damage":0,"enemies":"3 Cultists","floor":30,"turns":3},{"damage":0,"enemies":"Automaton","floor":33,"turns":5},{"damage":2,"enemies":"Orb Walker","floor":35,"turns":2},{"damage":0,"enemies":"3 Shapes","floor":37,"turns":3},{"damage":0,"enemies":"Maw","floor":41,"turns":2},{"damage":9,"enemies":"Reptomancer","floor":42,"turns":4},{"damage":6,"enemies":"Nemesis","floor":44,"turns":3},{"damage":0,"enemies":"Jaw Worm Horde","floor":47,"turns":2},{"damage":0,"enemies":"Awakened One","floor":50,"turns":3},{"damage":0,"enemies":"Donu and Deca","floor":51,"turns":1},{"damage":0,"enemies":"Shield and Spear","floor":55,"turns":2},{"damage":0,"enemies":"The Heart","floor":56,"turns":6}],"seed_played":"1954840603211378046","potions_obtained":[{"floor":5,"key":"Explosive Potion"},{"floor":14,"key":"FairyPotion"},{"floor":21,"key":"ColorlessPotion"},{"floor":27,"key":"SteroidPotion"},{"floor":33,"key":"Dexterity Potion"}],"is_trial":false,"path_per_floor":["M","?","M","$","M","M","R","E","T","R","M","?","R","E","R","B",null,"M","?","M","M","$","R","E","?","T","M","?","R","M","?","R","B",null,"M","$","M","?","$","R","M","E","T","E","R","?","M","?","R","B","B",null,"R","$","E","B",null],"character_chosen":"THE_SILENT","items_purchased":["Medical Kit","TheAbacus"],"campfire_rested":0,"item_purchase_floors":[22,36],"current_hp_per_floor":[59,59,59,59,59,53,53,38,38,38,35,35,35,35,35,7,51,44,44,44,35,35,35,29,29,29,29,29,29,29,29,29,29,57,55,55,55,55,55,55,55,46,46,50,50,50,50,50,50,50,50,67,67,67,67,72],"gold":133,"neow_bonus":"THREE_ENEMY_KILL","is_daily":false,"chose_seed":false,"campfire_upgraded":10,"win_rate":0.0,"timestamp":1610760765,"path_taken":["M","?","?","$","M","M","R","E","T","R","M","?","R","E","R","BOSS","M","?","M","M","$","R","E","?","T","?","?","R","M","?","R","BOSS","M","$","M","?","?","R","?","E","T","E","R","?","?","?","R","BOSS","BOSS","R","$","E","BOSS"],"items_purchased_type":["Relic","Relic"],"build_version":"2020-12-22","purchased_purges":2,"victory":true,"max_hp_per_floor":[66,66,66,66,66,66,66,66,66,66,66,66,66,66,66,66,66,66,66,66,66,66,66,66,66,66,66,66,66,66,66,66,66,66,66,66,66,66,66,66,66,66,66,76,76,76,76,72,72,72,72,72,72,72,72,72],"card_choices":[{"not_picked":["Slice","Heel Hook"],"picked":"Blade Dance","floor":1},{"not_picked":["Dodge and Roll","Poisoned Stab","Leg Sweep"],"picked":"SKIP","floor":3},{"not_picked":["PiercingWail","Caltrops","Acrobatics"],"picked":"SKIP","floor":5},{"not_picked":["Masterful Stab","Deflect"],"picked":"Choke","floor":6},{"not_picked":["Expertise","Poisoned Stab"],"picked":"Flying Knee","floor":8},{"not_picked":["Choke","Outmaneuver","Underhanded Strike"],"picked":"SKIP","floor":11},{"not_picked":["Crippling Poison","Predator"],"picked":"Adrenaline","floor":14},{"not_picked":["Envenom","Glass Knife"],"picked":"Malaise","floor":16},{"not_picked":["Flying Knee","Endless Agony"],"picked":"PiercingWail+1","floor":18},{"not_picked":["Flying Knee","Dodge and Roll"],"picked":"Acrobatics+1","floor":20},{"not_picked":["PiercingWail","Sucker Punch"],"picked":"Prepared","floor":21},{"not_picked":["PiercingWail+1","Backstab"],"picked":"Tactician+1","floor":24},{"not_picked":["Expertise","Blade Dance","Doppelganger"],"picked":"SKIP","floor":27},{"not_picked":["Blade Dance","Sucker Punch"],"picked":"Reflex","floor":30},{"not_picked":["Doppelganger","Envenom"],"picked":"Wraith Form v2","floor":33},{"not_picked":["Bane+1","Deflect","Expertise"],"picked":"SKIP","floor":35},{"not_picked":["Underhanded Strike","Dodge and Roll","Deflect"],"picked":"SKIP","floor":37},{"not_picked":["Deep Breath","Bandage Up"],"picked":"Purity","floor":38},{"not_picked":["Quick Slash+1","Cloak And Dagger+1","Dagger Spray"],"picked":"SKIP","floor":41},{"not_picked":["Quick Slash","Unload","Acrobatics"],"picked":"SKIP","floor":42},{"not_picked":["Catalyst","Deadly Poison","Noxious Fumes"],"picked":"SKIP","floor":44},{"not_picked":["Catalyst","Deadly Poison","Noxious Fumes"],"picked":"SKIP","floor":44},{"not_picked":["Backflip","Heel Hook"],"picked":"Escape Plan","floor":47},{"not_picked":["Prepared","Noxious Fumes","Escape Plan+1"],"picked":"SKIP","floor":55}],"player_experience":1289512,"relics_obtained":[{"floor":8,"key":"Akabeko"},{"floor":9,"key":"Potion Belt"},{"floor":14,"key":"Ancient Tea Set"},{"floor":24,"key":"Bronze Scales"},{"floor":26,"key":"Happy Flower"},{"floor":42,"key":"Gambling Chip"},{"floor":44,"key":"Pear"},{"floor":55,"key":"Toy Ornithopter"}],"event_choices":[{"cards_removed":["Strike_G"],"damage_healed":0,"gold_gain":0,"player_choice":"Purged","damage_taken":0,"max_hp_gain":0,"max_hp_loss":0,"event_name":"Purifier","floor":2,"gold_loss":0},{"cards_removed":["Strike_G"],"damage_healed":0,"gold_gain":0,"player_choice":"Forget","damage_taken":0,"max_hp_gain":0,"max_hp_loss":0,"event_name":"Living Wall","floor":12,"gold_loss":0},{"cards_removed":["Strike_G"],"damage_healed":0,"gold_gain":0,"player_choice":"Gave Gold","damage_taken":0,"max_hp_gain":0,"max_hp_loss":0,"event_name":"Beggar","floor":19,"gold_loss":75},{"cards_removed":["Strike_G"],"damage_healed":0,"gold_gain":0,"player_choice":"Elegance","damage_taken":0,"max_hp_gain":0,"max_hp_loss":0,"event_name":"Back to Basics","floor":25,"gold_loss":0},{"damage_healed":0,"gold_gain":0,"player_choice":"Ignored","damage_taken":0,"max_hp_gain":0,"max_hp_loss":0,"event_name":"Vampires","floor":28,"gold_loss":0},{"damage_healed":0,"gold_gain":50,"player_choice":"Stole From Cult","damage_taken":0,"max_hp_gain":0,"max_hp_loss":0,"event_name":"Nest","floor":31,"gold_loss":0},{"damage_healed":0,"gold_gain":0,"player_choice":"Memory 1","damage_taken":0,"max_hp_gain":0,"max_hp_loss":0,"event_name":"SensoryStone","floor":38,"gold_loss":0},{"cards_removed":["Defend_G"],"damage_healed":0,"gold_gain":0,"player_choice":"Single Remove","damage_taken":0,"max_hp_gain":0,"max_hp_loss":0,"event_name":"Designer","floor":46,"gold_loss":75},{"damage_healed":0,"gold_gain":0,"player_choice":"Max HP","damage_taken":0,"max_hp_gain":0,"max_hp_loss":4,"event_name":"Winding Halls","floor":48,"gold_loss":0}],"is_beta":false,"boss_relics":[{"not_picked":["HoveringKite","Fusion Hammer"],"picked":"Runic Pyramid"},{"not_picked":["Velvet Choker","Ring of the Serpent"],"picked":"Sozu"}],"items_purged_floors":[4,36],"is_endless":false,"potions_floor_spawned":[5,14,21,27,33,37,44,47],"ascension_level":20}}