{"host":"1ecbliur7lfoj0sl","time":1610758655,"event":{"mods":["BaseMod","Library of Ruina","Library of Ruina Extra","Minty Spire (QoL Compilation)","StSLib","Waifu the Spire"],"gold_per_floor":[113,127,127,141,154,154,197,232,255,294,294,294,47,65,65,190,190,206,256,156,172,195,234,234,267,267,47,47,60,80,123,123,251,251,276,299,357,357,381,419,419,460,460,481,519,538,569,914,926,938,950],"floor_reached":52,"language":"ZHS","playtime":3520,"items_purged":["LightAttack","LightAttack","LightDefense"],"score":1290,"play_id":"057ee8f5-9874-469c-b963-37c88e38a254","local_time":"20210116085735","is_ascension_mode":true,"campfire_choices":[{"data":"FrontalAssault","floor":6.0,"key":"SMITH"},{"data":"ToOvercomeCrisis","floor":11.0,"key":"SMITH"},{"data":"Marionette","floor":15.0,"key":"SMITH"},{"data":"WillOfThePrescript","floor":24.0,"key":"SMITH"},{"data":"Sadistic Nature","floor":28.0,"key":"SMITH"},{"data":"MindCrush","floor":32.0,"key":"SMITH"},{"data":"DarkCloud","floor":41.0,"key":"SMITH"},{"data":"CleanUp","floor":49,"key":"SMITH"}],"circlet_count":0,"master_deck":["Dodge","LightDefense","LightDefense","LightDefense","ChargeAndCover","FocusedStrikes+1","FrontalAssault+1","GoinFirst","GatherIntel","Marionette+1","Parry2","ToOvercomeCrisis+1","Sadistic Nature+1","GrazeTheGrass","Commandeering","ReadyUp","ClassAndRespect+1","WillOfThePrescript+1","Fence+1","ScatteringSlash","MindCrush+1","CleanUp+1","ForTheFamily","SerpentSwordTechnique+1","DarkCloud+1","Observe","UnavoidableGaze+1","EnergyBeam","YouOnlyLiveOnce+1","RulesOfTheBackstreets"],"relics":["PageOfLibrarian","Pen Nib","Bronze Scales","Odd Mushroom","PageOfBloodbath","Strawberry","Black Star","Lantern","PageOfPinocchio","PageOfSpiderBud","Whetstone","Incense Burner","Membership Card","PageOfLittleHelper","Ancient Tea Set","Sozu","Calipers","Bag of Marbles","Anchor","Ginger","PageOfTheSilentOrchestra","Letter Opener","Regal Pillow","Vajra","MawBank","PageOfFairyFestival"],"acts_visited":["Exordium","TheCity","TheBeyond"],"potions_floor_usage":[],"damage_taken":[{"damage":0.0,"enemies":"Jaw Worm","floor":1.0,"turns":3.0},{"damage":0.0,"enemies":"Small Slimes","floor":2.0,"turns":2.0},{"damage":7.0,"enemies":"2 Louse","floor":4.0,"turns":2.0},{"damage":0.0,"enemies":"2 Fungi Beasts","floor":5.0,"turns":3.0},{"damage":15.0,"enemies":"3 Sentries","floor":7.0,"turns":9.0},{"damage":1.0,"enemies":"The Mushroom Lair","floor":8.0,"turns":4.0},{"damage":7.0,"enemies":"Lagavulin","floor":10.0,"turns":6.0},{"damage":0.0,"enemies":"Gremlin Gang","floor":14.0,"turns":4.0},{"damage":18.0,"enemies":"Hexaghost","floor":16.0,"turns":8.0},{"damage":23.0,"enemies":"Chosen","floor":18.0,"turns":5.0},{"damage":0.0,"enemies":"Spheric Guardian","floor":21.0,"turns":6.0},{"damage":0.0,"enemies":"Chosen and Byrds","floor":22.0,"turns":3.0},{"damage":6.0,"enemies":"Slavers","floor":23.0,"turns":5.0},{"damage":0.0,"enemies":"Book of Stabbing","floor":25.0,"turns":4.0},{"damage":0.0,"enemies":"Snake Plant","floor":29.0,"turns":3.0},{"damage":0.0,"enemies":"Shelled Parasite and Fungi","floor":30.0,"turns":3.0},{"damage":0.0,"enemies":"Gremlin Leader","floor":31.0,"turns":5.0},{"damage":57.0,"enemies":"Automaton","floor":33.0,"turns":14.0},{"damage":0.0,"enemies":"3 Darklings","floor":35.0,"turns":1.0},{"damage":0.0,"enemies":"Orb Walker","floor":36.0,"turns":1.0},{"damage":0.0,"enemies":"2 Orb Walkers","floor":37.0,"turns":1.0},{"damage":0.0,"enemies":"4 Shapes","floor":39.0,"turns":1.0},{"damage":14.0,"enemies":"Nemesis","floor":40.0,"turns":3.0},{"damage":0.0,"enemies":"Reptomancer","floor":42.0,"turns":4.0},{"damage":0.0,"enemies":"Spire Growth","floor":44.0,"turns":3.0},{"damage":0.0,"enemies":"Giant Head","floor":45.0,"turns":6.0},{"damage":0.0,"enemies":"Writhing Mass","floor":46.0,"turns":2.0},{"damage":0.0,"enemies":"Reptomancer","floor":47.0,"turns":3.0},{"damage":0,"enemies":"Donu and Deca","floor":50,"turns":5}],"seed_played":"-9217593340875356424","potions_obtained":[{"floor":1.0,"key":"Energy Potion"},{"floor":5.0,"key":"Fire Potion"},{"floor":8.0,"key":"Weak Potion"},{"floor":16.0,"key":"EssenceOfSteel"},{"floor":18.0,"key":"ColorlessPotion"},{"floor":33.0,"key":"DistilledChaos"}],"is_trial":false,"path_per_floor":["M","M","?","M","M","R","E","?","T","E","R","?","$","M","R","B",null,"M","?","$","M","M","E","R","E","T","$","R","M","M","E","R","B",null,"M","M","?","T","M","E","R","E","T","M","E","M","E","?","R","B",null,null],"character_chosen":"Librarian","items_purchased":["Sadistic Nature","Membership Card"],"campfire_rested":0,"item_purchase_floors":[13,27],"current_hp_per_floor":[60,60,41,39,47,47,59,71,71,83,83,76,76,83,83,65,96,73,73,73,73,73,82,82,82,82,82,82,82,82,82,82,25,96,96,96,96,96,96,82,82,82,82,82,82,82,82,82,82,82,96],"gold":962,"neow_bonus":"RANDOM_COMMON_RELIC","is_daily":false,"chose_seed":false,"campfire_upgraded":8,"win_rate":0.0,"timestamp":1610758655,"path_taken":["M","M","?","M","M","R","E","?","T","E","R","?","$","M","R","BOSS","M","?","$","?","M","E","R","E","T","$","R","M","M","E","R","BOSS","M","M","?","?","M","E","R","E","T","?","E","M","E","?","R","BOSS"],"items_purchased_type":["Card","Relic"],"build_version":"2020-12-22","purchased_purges":3,"victory":true,"max_hp_per_floor":[84,76,76,76,76,76,76,76,76,83,83,83,83,96,96,96,96,89,89,89,89,89,89,96,96,96,96,96,96,96,96,96,96,96,96,96,96,96,96,96,96,96,96,96,96,96,96,96,96,96,96],"card_choices":[{"not_picked":["SilentNight","ForcefulGesture","DesperateStruggle","Outburst","UnavoidableGaze","Struggle","EndlessBattle","TheRedNotes"],"picked":"FrontalAssault","floor":1.0},{"not_picked":["HighKick","QuickAttack","HardRehearsal","Gigigig","AsThePrescriptOrders","ButterflySlash","UncannyStrike","SmokingPipe","BackAttack"],"picked":"SKIP","floor":2.0},{"not_picked":["FierceOnslaught","ReadyUp","SnakeSlit","QuickSuppression","FleetEdge","DefenseOrder","HighKick","Decapitation"],"picked":"GoinFirst","floor":4.0},{"not_picked":["AsThePrescriptOrders","EnergyShield","SilentMist","UncannyStrike","Retaliate","Collision","NonstopAssault","AssaultOrder"],"picked":"GatherIntel","floor":5.0},{"not_picked":["GuidanceOfTheGears","SerpentSwordTechnique","EnergyBeam","Diversion","TasteMyFlamingBat","FleetEdge","StayCalm","SharpSwipe"],"picked":"Marionette","floor":7.0},{"not_picked":["Reload","Multislash","ConcentratedFire","RatsGuideToSurvival","Mutilate","Diversion","Outburst","EnergyCycle"],"picked":"Parry2","floor":8.0},{"not_picked":["GuardingStance","SunsetBlade","ChopItOff","DarkCloud","SnakesPrey","BayonetCombat","Rewind","QuickSuppression"],"picked":"ToOvercomeCrisis","floor":10.0},{"not_picked":["Tttonst","VenomousFangs","UnavoidableGaze","PreemptiveStrike","Wallop_lor","DevastatingThrash","Reload","WrathOfTorment"],"picked":"GrazeTheGrass","floor":14.0},{"not_picked":["RepressedFlesh","Eradication"],"picked":"Commandeering","floor":16.0},{"not_picked":["Unlock1","BackAttack+1","EnergyCycle+1","WillBeTasty","StructuralAnalysis","MindWhip+1","SmokingPipe","StrongStrike"],"picked":"ReadyUp","floor":18.0},{"not_picked":["PinpointShot+1","DeepDrag+1","TendonChords","PreemptiveStrike","TimeForALittleTest","LossOfSenses","SunsetBlade","TasteMyFlamingBat"],"picked":"ClassAndRespect","floor":21.0},{"not_picked":["HighKick","Multislash","Faith+1","BoundaryOfDeath","StayCalm","SpearedSweep","SerpentSwordTechnique","HiddenBlade+1"],"picked":"WillOfThePrescript","floor":22.0},{"not_picked":["NightInTheBackstreets","GreatSerpentsImpact+1","SerpentSwordTechnique","Reload","StrongStrike","EnergyCycle+1","SilentNight","SteelKnuckles+1","GuidanceOfTheGears"],"picked":"SKIP","floor":23.0},{"not_picked":["Punishment","UncannyStrike","Laceration","FrontalAssault","Parry2","Quickness","Faith+1","Observe"],"picked":"Fence+1","floor":25.0},{"not_picked":["NightInTheBackstreets+1","SmokingPipe","Multislash","Parry+1","DimensionalRift+1","Reload","FormingStorm","PreemptiveStrike","QuickSuppression"],"picked":"SKIP","floor":29.0},{"not_picked":["SnakesPrey","GroundSmash","WrathOfTorment","Bvapour+1","DestructiveImpact","SerpentSwordTechnique","UpbeatPerformance+1","Faith+1"],"picked":"ScatteringSlash","floor":30.0},{"not_picked":["MultiBlock","Unlock1+1","Parry2","QuickSuppression","MultiHit","ConcentratedFire","GrazeTheGrass","HiddenBlade"],"picked":"MindCrush","floor":31.0},{"not_picked":["Disposal","TieShanKao"],"picked":"CleanUp","floor":33.0},{"not_picked":["Brawl+1","Thrust","AsThePrescriptOrders","NonstopAssault+1","SuppressingShot+1","Parry2+1","ProselytesBlade","Rewind"],"picked":"ForTheFamily","floor":35.0},{"not_picked":["PreemptiveStrike","Faith","Rewind+1","EnergyShield","DesperateStruggle+1","EndlessBattle+1","GuidanceOfTheGears","BackAttack"],"picked":"SerpentSwordTechnique+1","floor":36.0},{"not_picked":["Parry","FaintMemories+1","SharpenedBlade+1","GaleKick+1","BurningFlash+1","DimensionalRift+1","Slice_lor+1","SnakesPrey"],"picked":"DarkCloud","floor":37.0},{"not_picked":["UpbeatPerformance+1","StayCalm","ScatteringSlash","GuidanceOfTheGears+1","FierceCharge","BackAttack+1","SharpSwipe+1","Parry2"],"picked":"Observe","floor":39.0},{"not_picked":["RhinoRam+1","GutHarvesting","Parry2","SteelKnuckles","YoureAHindrance+1","PreparedMind","HiddenBlade+1","FleetEdge","FaintMemories+1"],"picked":"SKIP","floor":40.0},{"not_picked":["Gamble","Preparation+1","BladeWhirl","FleetFootsteps+1","WildCard","MindWhip","StrikeDown+1","Bvapour"],"picked":"UnavoidableGaze+1","floor":42.0},{"not_picked":["StructuralAnalysis","BladeWhirl","SpearedSweep","SummaryJudgment","InnerArdor+1","AutonomousRush+1","SuppressingShot+1","Track+1"],"picked":"EnergyBeam","floor":44.0},{"not_picked":["GaleKick","Bvapour+1","SharpNails","FleetFootsteps+1","HeavyPeaks","DaringDecision","DefenseOrder+1","GreatSerpentsImpact+1"],"picked":"YouOnlyLiveOnce+1","floor":45.0},{"not_picked":["SunsetBlade+1","HiddenBlade+1","RepressedFlesh","Thrust+1","Leap_lor+1","LoosenUp+1","EndlessBattle","EnergyStrike"],"picked":"RulesOfTheBackstreets","floor":46.0},{"not_picked":["Parry2+1","EnergyStrike","Reload","WillOfThePrescript+1","GuidanceOfTheGears+1","CleanUp","UpbeatPerformance+1","GuardingStance+1","EnergyCycle"],"picked":"SKIP","floor":47.0}],"player_experience":7869,"relics_obtained":[{"floor":7.0,"key":"Bronze Scales"},{"floor":8.0,"key":"Odd Mushroom"},{"floor":9.0,"key":"PageOfBloodbath"},{"floor":10.0,"key":"Strawberry"},{"floor":23.0,"key":"Lantern"},{"floor":23.0,"key":"PageOfPinocchio"},{"floor":25.0,"key":"PageOfSpiderBud"},{"floor":25.0,"key":"Whetstone"},{"floor":26.0,"key":"Incense Burner"},{"floor":31.0,"key":"PageOfLittleHelper"},{"floor":31.0,"key":"Ancient Tea Set"},{"floor":37.0,"key":"Calipers"},{"floor":40.0,"key":"Bag of Marbles"},{"floor":40.0,"key":"Anchor"},{"floor":42.0,"key":"Ginger"},{"floor":42.0,"key":"PageOfTheSilentOrchestra"},{"floor":43.0,"key":"Letter Opener"},{"floor":45.0,"key":"Regal Pillow"},{"floor":45.0,"key":"Vajra"},{"floor":47.0,"key":"MawBank"},{"floor":47.0,"key":"PageOfFairyFestival"}],"event_choices":[{"damage_healed":0.0,"max_hp_gain":0.0,"max_hp_loss":0.0,"gold_gain":0.0,"event_name":"Golden Idol","player_choice":"Take Damage","floor":3.0,"gold_loss":0.0,"damage_taken":19.0,"relics_obtained":["Golden Idol"]},{"damage_healed":0.0,"max_hp_gain":0.0,"max_hp_loss":0.0,"gold_gain":0.0,"event_name":"Mushrooms","player_choice":"Fought Mushrooms","floor":8.0,"gold_loss":0.0,"damage_taken":0.0},{"cards_removed":["LightAttack"],"damage_healed":0.0,"max_hp_gain":0.0,"max_hp_loss":0.0,"gold_gain":0.0,"event_name":"Golden Wing","player_choice":"Card Removal","floor":12.0,"gold_loss":0.0,"damage_taken":7.0},{"damage_healed":0.0,"max_hp_gain":0.0,"max_hp_loss":0.0,"gold_gain":100.0,"event_name":"The Joust","player_choice":"Bet on Murderer","floor":19.0,"gold_loss":50.0,"damage_taken":0.0},{"damage_healed":0.0,"max_hp_gain":0.0,"max_hp_loss":0.0,"gold_gain":0.0,"event_name":"Mysterious Sphere","player_choice":"Fight","floor":37.0,"gold_loss":0.0,"damage_taken":0.0},{"damage_healed":0.0,"max_hp_gain":0.0,"max_hp_loss":0.0,"gold_gain":333.0,"event_name":"The Moai Head","player_choice":"Gave Idol","floor":48.0,"relics_lost":["Golden Idol"],"gold_loss":0.0,"damage_taken":0.0}],"is_beta":false,"boss_relics":[{"not_picked":["Velvet Choker","Fusion Hammer"],"picked":"Black Star"},{"not_picked":["Runic Dome","SacredBark"],"picked":"Sozu"}],"items_purged_floors":[13,20,27],"is_endless":false,"potions_floor_spawned":[1,5,8,16,18,23,30,31,33,37,40,45,46],"ascension_level":1}}