{"host":"d8hh7rr4yzitjeuj","time":1610773658,"event":{"mods":["2.2 Compatiblity","AchievementEnabler","Act Like it!","BaseMod","Colored Map","Colored Powertips","Highlight Path","Keyboard Shortcuts","Minty Spire (QoL Compilation)","Permanent Neow","Quick Restart","StSLib","SuperFastMode"],"gold_per_floor":[118,138,148,423,16,16,16,34,59,92,109,129,129,146,146,221,221,234,246,246,263,213,213,239,239,239],"floor_reached":25,"language":"KOR","playtime":818,"items_purged":["Regret"],"score":475,"play_id":"2d30ff09-5c04-4835-bed0-95caf6f4dff5","local_time":"20210116140738","is_ascension_mode":true,"campfire_choices":[{"data":"Enlightenment","floor":6,"key":"SMITH"},{"floor":13,"key":"REST"},{"floor":15,"key":"REST"},{"floor":23,"key":"REST"}],"circlet_count":0,"master_deck":["AscendersBane","Defend_B","Defend_B","Defend_B","Defend_B+1","Zap","Dualcast","Melter","Streamline","Undo","Enlightenment+1","Beam Cell","Leap+1","Compile Driver","Streamline","Sweeping Beam","Reprogram+1","Aggregate","Hello World","Meteor Strike","Beam Cell","Rebound","Bite","Bite","Bite","Bite","Bite","Go for the Eyes","Hologram","Steam"],"relics":["Cracked Core","Dream Catcher","PreservedInsect","MealTicket","War Paint","Sozu","Oddly Smooth Stone"],"acts_visited":["Exordium","TheCity"],"potions_floor_usage":[10,11,16,18],"damage_taken":[{"damage":7,"enemies":"Small Slimes","floor":1,"turns":4},{"damage":1,"enemies":"Cultist","floor":2,"turns":3},{"damage":2,"enemies":"2 Louse","floor":3,"turns":2},{"damage":7,"enemies":"2 Fungi Beasts","floor":8,"turns":4},{"damage":22,"enemies":"Lagavulin","floor":10,"turns":5},{"damage":18,"enemies":"Exordium Thugs","floor":11,"turns":4},{"damage":0,"enemies":"Looter","floor":12,"turns":3},{"damage":8,"enemies":"3 Louse","floor":14,"turns":3},{"damage":28,"enemies":"The Guardian","floor":16,"turns":13},{"damage":18,"enemies":"Shell Parasite","floor":18,"turns":6},{"damage":5,"enemies":"Chosen","floor":19,"turns":5},{"damage":24,"enemies":"Snake Plant","floor":21,"turns":5},{"damage":39,"enemies":"Slavers","floor":24,"turns":5},{"damage":9,"enemies":"Snecko","floor":25,"turns":4}],"seed_played":"4283863916191356007","potions_obtained":[{"floor":2,"key":"Swift Potion"},{"floor":3,"key":"Weak Potion"},{"floor":12,"key":"SpeedPotion"},{"floor":16,"key":"Block Potion"}],"is_trial":false,"path_per_floor":["M","M","M","?","$","R","?","M","T","E","M","M","R","M","R","B",null,"M","M","?","M","?","R","E","M"],"character_chosen":"DEFECT","items_purchased":["PreservedInsect","Enlightenment","Beam Cell","Leap"],"campfire_rested":3,"item_purchase_floors":[5,5,5,5],"current_hp_per_floor":[57,56,54,54,54,54,59,52,52,30,12,12,34,26,48,20,62,44,39,39,21,21,36,3,0,0],"gold":239,"neow_bonus":"RANDOM_COMMON_RELIC","is_daily":false,"chose_seed":false,"campfire_upgraded":1,"win_rate":0.0,"timestamp":1610773658,"path_taken":["M","M","M","?","?","R","?","M","T","E","M","M","R","M","R","BOSS","M","M","?","M","?","R","E","?"],"items_purchased_type":["Relic","Card","Card","Card"],"build_version":"2020-12-22","purchased_purges":1,"victory":false,"max_hp_per_floor":[71,71,71,71,71,71,76,76,76,76,76,76,76,76,76,76,76,76,76,53,53,53,53,53,53,53],"card_choices":[{"not_picked":["Coolheaded","Redo"],"picked":"Melter","floor":1},{"not_picked":["Beam Cell","Consume"],"picked":"Streamline","floor":2},{"not_picked":["Scrape","Conserve Battery"],"picked":"Undo","floor":3},{"not_picked":["Genetic Algorithm","Capacitor"],"picked":"Compile Driver","floor":8},{"not_picked":["Chaos","Steam"],"picked":"Streamline","floor":10},{"not_picked":["Cold Snap","Steam"],"picked":"Sweeping Beam","floor":11},{"not_picked":["Barrage","Beam Cell"],"picked":"Reprogram","floor":12},{"not_picked":["BootSequence","Beam Cell"],"picked":"Aggregate","floor":13},{"not_picked":["Scrape","Streamline","Gash"],"picked":"SKIP","floor":14},{"not_picked":["Gash","FTL"],"picked":"Hello World","floor":15},{"not_picked":["Thunder Strike","Seek"],"picked":"Meteor Strike","floor":16},{"not_picked":["Scrape","Cold Snap"],"picked":"Beam Cell","floor":18},{"not_picked":["Recycle","Chaos"],"picked":"Rebound","floor":19},{"not_picked":["White Noise","Tempest+1"],"picked":"Go for the Eyes","floor":21},{"not_picked":["Beam Cell","Recycle+1"],"picked":"Hologram","floor":23},{"not_picked":["Darkness","Multi-Cast"],"picked":"Steam","floor":24}],"player_experience":1438159,"relics_obtained":[{"floor":9,"key":"MealTicket"},{"floor":10,"key":"War Paint"},{"floor":24,"key":"Oddly Smooth Stone"}],"event_choices":[{"damage_healed":0,"gold_gain":275,"player_choice":"Desecrate","damage_taken":0,"max_hp_gain":0,"max_hp_loss":0,"event_name":"Golden Shrine","floor":4,"gold_loss":0,"cards_obtained":["Regret"]},{"damage_healed":0,"gold_gain":0,"player_choice":"Donut","damage_taken":0,"max_hp_gain":5,"max_hp_loss":0,"event_name":"Big Fish","floor":7,"gold_loss":0},{"damage_healed":0,"gold_gain":0,"player_choice":"Became a vampire","damage_taken":0,"max_hp_gain":0,"max_hp_loss":23,"event_name":"Vampires","floor":20,"gold_loss":0,"cards_obtained":["Bite","Bite","Bite","Bite","Bite"]},{"damage_healed":0,"gold_gain":0,"player_choice":"Upgrade","damage_taken":0,"max_hp_gain":0,"max_hp_loss":0,"event_name":"Designer","floor":22,"gold_loss":50,"cards_upgraded":["Reprogram"]}],"is_beta":false,"boss_relics":[{"not_picked":["Inserter","Tiny House"],"picked":"Sozu"}],"items_purged_floors":[5],"is_endless":false,"potions_floor_spawned":[2,3,8,12,16,18],"killed_by":"Snecko","ascension_level":20}}