{"host":"2lo6hma6kymb0g9i","time":1610777592,"event":{"mods":["BaseMod","Colored Map","DeckTracker","Minty Spire (QoL Compilation)"],"gold_per_floor":[111,121,121,136,60,60,60,60,60,78,103,103,103,62,62,135,135,145,155,155,155],"floor_reached":20,"language":"JPN","playtime":742,"items_purged":[],"score":335,"play_id":"82c939b2-0b7f-4973-ab45-06f399a0217e","local_time":"20210116151312","is_ascension_mode":true,"campfire_choices":[{"data":"Defragment","floor":6,"key":"SMITH"},{"data":"Zap","floor":8,"key":"SMITH"},{"data":"Doom and Gloom","floor":12,"key":"SMITH"},{"data":"Defragment","floor":15,"key":"SMITH"}],"circlet_count":0,"master_deck":["AscendersBane","Strike_B","Strike_B","Defend_B","Defend_B","Defend_B+1","Defend_B+1","Zap+1","Dualcast","Doom and Gloom+1","Conserve Battery","Conserve Battery","Defragment+1","Coolheaded","Rainbow","Defragment+1","Biased Cognition","Coolheaded","Cold Snap"],"relics":["Cracked Core","Torii","Question Card","War Paint","Inserter"],"acts_visited":["Exordium","TheCity"],"potions_floor_usage":[11,20],"damage_taken":[{"damage":2,"enemies":"Small Slimes","floor":1,"turns":4},{"damage":7,"enemies":"Cultist","floor":2,"turns":4},{"damage":0,"enemies":"Jaw Worm","floor":4,"turns":3},{"damage":7,"enemies":"Red Slaver","floor":10,"turns":3},{"damage":3,"enemies":"3 Sentries","floor":11,"turns":4},{"damage":8,"enemies":"Slime Boss","floor":16,"turns":6},{"damage":32,"enemies":"2 Thieves","floor":18,"turns":4},{"damage":1,"enemies":"Spheric Guardian","floor":19,"turns":6},{"damage":28,"enemies":"Shelled Parasite and Fungi","floor":20,"turns":3}],"seed_played":"9182102480378854417","potions_obtained":[{"floor":7,"key":"SmokeBomb"},{"floor":7,"key":"Swift Potion"},{"floor":10,"key":"Fire Potion"},{"floor":18,"key":"FocusPotion"}],"is_trial":false,"path_per_floor":["M","M","?","M","$","R","?","R","T","M","E","R","?","$","R","B",null,"M","M","M"],"character_chosen":"DEFECT","items_purchased":["Defragment","Defragment"],"campfire_rested":0,"item_purchase_floors":[5,14],"current_hp_per_floor":[44,37,37,37,37,37,37,37,37,30,27,27,27,27,27,19,58,26,25,0,0],"gold":155,"neow_bonus":"ONE_RARE_RELIC","is_daily":false,"chose_seed":false,"campfire_upgraded":4,"win_rate":0.0,"timestamp":1610777592,"path_taken":["M","M","?","?","?","R","?","R","T","?","E","R","?","$","R","BOSS","M","M","?"],"items_purchased_type":["Card","Card"],"build_version":"2020-12-22","purchased_purges":0,"victory":false,"max_hp_per_floor":[71,71,71,71,71,71,71,71,71,71,71,71,71,71,71,71,71,71,71,71,71],"card_choices":[{"not_picked":["Hologram","Sweeping Beam"],"picked":"Doom and Gloom","floor":1},{"not_picked":["Go for the Eyes","Stack"],"picked":"Conserve Battery","floor":2},{"not_picked":["Compile Driver","Hello World"],"picked":"Conserve Battery","floor":4},{"not_picked":["Reprogram","Beam Cell","Conserve Battery","Gash"],"picked":"SKIP","floor":10},{"not_picked":["Gash","Meteor Strike","Go for the Eyes"],"picked":"Coolheaded","floor":11},{"not_picked":["Core Surge","Thunder Strike","Fission"],"picked":"Biased Cognition","floor":16},{"not_picked":["Go for the Eyes","Streamline+1","Scrape"],"picked":"Coolheaded","floor":18},{"not_picked":["Double Energy","Reprogram","Compile Driver"],"picked":"Cold Snap","floor":19}],"player_experience":1075414,"relics_obtained":[{"floor":9,"key":"Question Card"},{"floor":11,"key":"War Paint"}],"event_choices":[{"cards_removed":["Strike_B"],"damage_healed":0,"gold_gain":0,"player_choice":"Purged","damage_taken":0,"max_hp_gain":0,"max_hp_loss":0,"event_name":"Purifier","floor":3,"gold_loss":0},{"damage_healed":0,"gold_gain":0,"player_choice":"Got Potions","damage_taken":0,"max_hp_gain":0,"max_hp_loss":0,"event_name":"Lab","floor":7,"gold_loss":0},{"damage_healed":0,"gold_gain":0,"cards_transformed":["Strike_B"],"player_choice":"Transformed","damage_taken":0,"max_hp_gain":0,"max_hp_loss":0,"event_name":"Transmorgrifier","floor":13,"gold_loss":0,"cards_obtained":["Rainbow"]}],"is_beta":false,"boss_relics":[{"not_picked":["Nuclear Battery","Coffee Dripper"],"picked":"Inserter"}],"items_purged_floors":[],"is_endless":false,"potions_floor_spawned":[10,18],"killed_by":"Shelled Parasite and Fungi","ascension_level":19}}