{"host":"v1m5rkjj38qutr02","time":1610778712,"event":{"mods":["Act Like it!","BaseMod","Challenge The Spire","Conspire","Gensokyo","GungeonMod","Hallownest","Minty Spire (QoL Compilation)","Replay The Spire","StSLib","The Bug Knight","Youmu£®ªÍ∆«—˝√Œ£©"],"gold_per_floor":[112,112,112,58,58,58,102,127,199,223,223,125,125,169,169,294,294,315,315,66,66,80,80,99,135,135,58,157,175,175,213,213,213,213],"floor_reached":33,"language":"ZHS","playtime":1159,"items_purged":["Injury"],"score":509,"play_id":"f58c0aa3-3b0b-4f0a-b6b1-1c85acf5337a","local_time":"20210116143152","is_ascension_mode":true,"campfire_choices":[{"data":"Turbo","floor":6.0,"key":"SMITH"},{"floor":15.0,"key":"REST"},{"floor":23.0,"key":"REST"},{"floor":32,"key":"REST"}],"circlet_count":0,"master_deck":["AscendersBane","Strike_B","Strike_B","Strike_B","Strike_B","Defend_B","Defend_B","Defend_B","Defend_B+1","Zap","Dualcast","Turbo+1","White Noise+1","Coolheaded","Ball Lightning","Skim","Biased Cognition","Steam Power+1","Turbo","ReplayTheSpireMod:Calculation Training","Heatsinks+1"],"relics":["Cracked Core","NeowsBlessing","Golden Idol","Vajra","Mirror","conspire:DecoderRing","DemoMod:PartiallyEatenCheese","Philosopher\u0027s Stone","DemoMod:PinkGuonStone","Enchiridion","DemoMod:WhiteGuonStone","Singing Bowl","Replay:Baseball"],"acts_visited":["Exordium","TheCity"],"potions_floor_usage":[33],"damage_taken":[{"damage":0.0,"enemies":"2 Louse","floor":1.0,"turns":1.0},{"damage":0.0,"enemies":"3 Sentries","floor":7.0,"turns":1.0},{"damage":0.0,"enemies":"Small Slimes","floor":8.0,"turns":1.0},{"damage":3.0,"enemies":"Jaw Worm","floor":10.0,"turns":4.0},{"damage":36.0,"enemies":"Gremlin Nob","floor":14.0,"turns":4.0},{"damage":17.0,"enemies":"The Guardian","floor":16.0,"turns":11.0},{"damage":10.0,"enemies":"Spheric Guardian","floor":18.0,"turns":4.0},{"damage":20.0,"enemies":"conspire:FuzzyDice","floor":22.0,"turns":5.0},{"damage":14.0,"enemies":"Sentry and Sphere","floor":24.0,"turns":6.0},{"damage":20.0,"enemies":"Gremlin Leader","floor":25.0,"turns":6.0},{"damage":9.0,"enemies":"Snecko","floor":29.0,"turns":5.0},{"damage":0,"enemies":"conspire:SneckoGhost","floor":31,"turns":1},{"damage":47,"enemies":"Automaton","floor":33,"turns":6}],"seed_played":"4115958906785832196","potions_obtained":[{"floor":1.0,"key":"Adrenaline Potion"},{"floor":7.0,"key":"LiquidBronze"},{"floor":16.0,"key":"LiquidBronze"},{"floor":29.0,"key":"SkillPotion"}],"is_trial":false,"path_per_floor":["M","?","?","$","?","R","E","M","T","M","?","$","T","E","R","B",null,"M","?","$","?","M","R","M","E","T","$","?","M","?","E","R","B"],"character_chosen":"DEFECT","items_purchased":["Turbo","Ball Lightning","DemoMod:PinkGuonStone","ReplayTheSpireMod:Calculation Training"],"campfire_rested":3,"item_purchase_floors":[4,12,20,27],"current_hp_per_floor":[68,68,68,68,68,68,68,68,68,65,65,65,65,29,51,34,65,55,55,62,46,26,50,36,16,16,16,16,9,9,9,34,0,0],"gold":213,"neow_bonus":"THREE_ENEMY_KILL","is_daily":false,"chose_seed":false,"campfire_upgraded":1,"win_rate":0.0,"timestamp":1610778712,"path_taken":["M","?","?","$","?","R","E","M","T","?","?","?","?","E","R","BOSS","M","?","$","?","M","R","M","E","T","$","?","M","?","E","R","BOSS"],"items_purchased_type":["Card","Card","Relic","Card"],"build_version":"2020-12-22","purchased_purges":1,"victory":false,"max_hp_per_floor":[75,75,75,75,75,75,75,75,75,75,75,75,75,75,75,75,75,75,75,82,82,82,82,82,82,82,82,82,84,84,84,84,84,84],"card_choices":[{"not_picked":["Undo","Chaos","Chill"],"picked":"SKIP","floor":1.0},{"not_picked":["Undo","Leap"],"picked":"White Noise","floor":7.0},{"not_picked":["BasicCrystalCard","Streamline"],"picked":"Coolheaded","floor":8.0},{"not_picked":["BasicCrystalCard","ReplaySort","Rainbow"],"picked":"SKIP","floor":10.0},{"not_picked":["Gash","White Noise"],"picked":"Skim","floor":14.0},{"not_picked":["Core Surge","Fission"],"picked":"Biased Cognition","floor":16.0},{"not_picked":["Panic Button","Glacier+1"],"picked":"Steam Power+1","floor":18.0},{"not_picked":["Compile Driver+1","Coolheaded","Sweeping Beam+1"],"picked":"SKIP","floor":22.0},{"not_picked":["Go for the Eyes","Auto Shields","ReplayTheSpireMod:GoodbyeWorld"],"picked":"SKIP","floor":24.0},{"not_picked":["Steam+1","Undo","Redo"],"picked":"SKIP","floor":25.0},{"not_picked":["BasicCrystalCard","Compile Driver","ReplayTheSpireMod:Dual Polarity"],"picked":"Singing Bowl","floor":29.0},{"not_picked":["Crystallizer","ReplaySolidLightProjector"],"picked":"Heatsinks+1","floor":31}],"player_experience":410204,"relics_obtained":[{"floor":7.0,"key":"Vajra"},{"floor":9.0,"key":"Mirror"},{"floor":13.0,"key":"conspire:DecoderRing"},{"floor":14.0,"key":"DemoMod:PartiallyEatenCheese"},{"floor":21.0,"key":"Enchiridion"},{"floor":25.0,"key":"DemoMod:WhiteGuonStone"},{"floor":26.0,"key":"Singing Bowl"},{"floor":31,"key":"Replay:Baseball"}],"event_choices":[{"damage_healed":0.0,"max_hp_gain":0.0,"max_hp_loss":0.0,"gold_gain":0.0,"event_name":"Shining Light","player_choice":"Ignored","floor":2.0,"gold_loss":0.0,"damage_taken":0.0},{"damage_healed":0.0,"max_hp_gain":0.0,"max_hp_loss":0.0,"gold_gain":0.0,"event_name":"Golden Idol","player_choice":"Take Wound","floor":3.0,"gold_loss":0.0,"damage_taken":0.0,"relics_obtained":["Golden Idol"],"cards_obtained":["Injury"]},{"damage_healed":0.0,"max_hp_gain":0.0,"max_hp_loss":0.0,"gold_gain":0.0,"event_name":"Living Wall","player_choice":"Grow","floor":11.0,"gold_loss":0.0,"damage_taken":0.0,"cards_upgraded":["White Noise"]},{"damage_healed":0.0,"max_hp_gain":0.0,"max_hp_loss":0.0,"gold_gain":0.0,"event_name":"The Library","player_choice":"Read","floor":19.0,"gold_loss":0.0,"damage_taken":0.0,"cards_obtained":["Turbo"]},{"damage_healed":0.0,"max_hp_gain":0.0,"max_hp_loss":0.0,"gold_gain":0.0,"event_name":"Cursed Tome","player_choice":"Obtained Book","floor":21.0,"gold_loss":0.0,"damage_taken":16.0},{"damage_healed":0.0,"max_hp_gain":0.0,"max_hp_loss":0.0,"gold_gain":99.0,"event_name":"Nest","player_choice":"Stole From Cult","floor":28.0,"gold_loss":0.0,"damage_taken":0.0},{"damage_healed":0,"gold_gain":0,"player_choice":"Ignored","damage_taken":0,"max_hp_gain":0,"max_hp_loss":0,"event_name":"The Mausoleum","floor":30,"gold_loss":0}],"is_beta":false,"boss_relics":[{"not_picked":["Runic Pyramid","Replay:Wanted Poster"],"picked":"Philosopher\u0027s Stone"}],"items_purged_floors":[12],"is_endless":false,"potions_floor_spawned":[1,7,16,29],"killed_by":"Automaton","ascension_level":10}}