{"host":"0009l0kk6tb2u2kt","time":1610810974,"event":{"mods":["BaseMod","Downfall","Hubris","Minty Spire (QoL Compilation)","StSLib"],"gold_per_floor":[99,115,115,125,142,155,182,196,223,238,268,168,180,180,190,289,289,289,300,317,327,327,277,277,20,20,20,20],"floor_reached":26,"language":"ENG","playtime":1693,"items_purged":[],"score":222,"play_id":"8786ea8b-cc29-4704-9a65-208b561fc721","local_time":"20210116162934","is_ascension_mode":false,"campfire_choices":[{"data":"Slimebound:CorrosiveSpit","floor":1,"key":"SMITH"},{"floor":12,"key":"REST"},{"data":"Slimebound:CheckThePlaybook","floor":18,"key":"SMITH"}],"circlet_count":0,"master_deck":["Slimebound:Strike_Slimebound","Slimebound:Strike_Slimebound","Slimebound:Strike_Slimebound","Slimebound:Tackle+1","Slimebound:Defend_Slimebound","Slimebound:Defend_Slimebound","Slimebound:Defend_Slimebound","Slimebound:Defend_Slimebound","Slimebound:Split","Slimebound:CorrosiveSpit+1","Slimebound:AcidTongue+1","Writhe","Slimebound:MegaLick","Slimebound:FinishingTackle","Slimebound:RejuvenatingLick","Slimebound:FlameTackle","Slimebound:CheckThePlaybook+1","Slimebound:TongueLash","Slimebound:LeechEnergy","Slimebound:Repurpose","Slimebound:LivingWall","Slimebound:Chomp","Slimebound:Prepare+1","Slimebound:Grow"],"relics":["Slimebound:AbsorbEndCombat","Toy Ornithopter","Bag of Marbles","Kunai","Incense Burner","downfall:HeartBlessingGreen","Black Star","Omamori","Singing Bowl"],"acts_visited":["Exordium","TheCity"],"potions_floor_usage":[9,9,13,15,19,20,26],"damage_taken":[{"damage":12,"enemies":"Jaw Worm","floor":2,"turns":3},{"damage":3,"enemies":"Cultist","floor":4,"turns":5},{"damage":3,"enemies":"Small Slimes","floor":5,"turns":2},{"damage":3,"enemies":"3 Louse","floor":6,"turns":3},{"damage":3,"enemies":"Exordium Wildlife","floor":8,"turns":2},{"damage":24,"enemies":"3 Sentries","floor":9,"turns":4},{"damage":13,"enemies":"Lots of Slimes","floor":10,"turns":4},{"damage":25,"enemies":"Lagavulin","floor":11,"turns":4},{"damage":6,"enemies":"Exordium Wildlife","floor":13,"turns":2},{"damage":0,"enemies":"Blue Slaver","floor":15,"turns":1},{"damage":31,"enemies":"IC_STATUS_ARCHETYPE","floor":16,"turns":5},{"damage":9,"enemies":"Chosen","floor":19,"turns":5},{"damage":24,"enemies":"Shell Parasite","floor":20,"turns":5},{"damage":44,"enemies":"Snake Plant","floor":21,"turns":3},{"damage":20,"enemies":"downfall:FleeingMerchant","floor":25,"turns":4},{"damage":27,"enemies":"Gremlin Leader","floor":26,"turns":3}],"seed_played":"-8869383104493270189","potions_obtained":[{"floor":2,"key":"AttackPotion"},{"floor":5,"key":"Slimebound:SlimedPotion"},{"floor":11,"key":"Slimebound:SlimedPotion"},{"floor":13,"key":"SteroidPotion"},{"floor":15,"key":"Energy Potion"},{"floor":16,"key":"champ:CounterPotion"},{"floor":20,"key":"Fire Potion"}],"is_trial":false,"path_per_floor":["R","M","?","M","M","M","T","M","E","M","E","R","M","?","M","B",null,"R","M","M","M","?","?","T","$","E"],"character_chosen":"SLIMEBOUND","items_purchased":["Singing Bowl"],"campfire_rested":1,"item_purchase_floors":[25],"current_hp_per_floor":[65,53,53,51,50,50,50,49,40,32,11,30,31,36,42,14,70,70,63,47,5,5,33,33,14,0,0,0],"gold":20,"neow_bonus":"RANDOM_COMMON_RELIC","is_daily":false,"chose_seed":false,"campfire_upgraded":2,"win_rate":0.0,"timestamp":1610810974,"path_taken":["R","M","?","?","M","M","T","M","E","M","E","R","M","?","M","BOSS","R","M","M","M","?","?","T","$","E"],"items_purchased_type":["Relic"],"build_version":"2020-12-22","purchased_purges":0,"victory":false,"max_hp_per_floor":[65,65,65,65,65,65,65,65,65,65,65,65,65,70,70,70,70,70,70,70,70,70,70,70,70,70,70,70],"card_choices":[{"not_picked":["Slimebound:LeechEnergy","Slimebound:FlameTackle"],"picked":"Slimebound:AcidTongue","floor":2},{"not_picked":["Slimebound:PressTheAttack","Slimebound:LeechEnergy"],"picked":"Slimebound:MegaLick","floor":4},{"not_picked":["Slimebound:HauntingLick","Slimebound:RollThrough"],"picked":"Slimebound:FinishingTackle","floor":5},{"not_picked":["Slimebound:SplitAcid","Slimebound:Chomp"],"picked":"Slimebound:RejuvenatingLick","floor":6},{"not_picked":["Slimebound:LeechingTouch","Slimebound:FinishingTackle"],"picked":"Slimebound:FlameTackle","floor":8},{"not_picked":["Slimebound:FormOfPuddle","Slimebound:Teamwork"],"picked":"Slimebound:CheckThePlaybook","floor":9},{"not_picked":["Slimebound:RejuvenatingLick","Slimebound:SplitMire"],"picked":"Slimebound:TongueLash","floor":10},{"not_picked":["Slimebound:RallyTheTroops","Slimebound:MegaLick"],"picked":"Slimebound:LeechEnergy","floor":11},{"not_picked":["Slimebound:SplitLeeching","Slimebound:SplitBruiser"],"picked":"Slimebound:Repurpose","floor":13},{"not_picked":["Slimebound:SplitLeeching","Slimebound:LeadByExample"],"picked":"Slimebound:LivingWall","floor":15},{"not_picked":["Slimebound:GoopTackle+1","Slimebound:ForwardTackle"],"picked":"Slimebound:Chomp","floor":19},{"not_picked":["Slimebound:LeechEnergy","Slimebound:SamplingLick"],"picked":"Slimebound:Prepare+1","floor":20},{"not_picked":["Slimebound:DisruptingSlam","Slimebound:FinishingTackle","Slimebound:TongueLash"],"picked":"SKIP","floor":21},{"not_picked":["Slimebound:SplitLeeching","Slimebound:TongueLash"],"picked":"Slimebound:Grow","floor":25}],"player_experience":236181,"relics_obtained":[{"floor":7,"key":"Bag of Marbles"},{"floor":9,"key":"Kunai"},{"floor":11,"key":"Incense Burner"},{"floor":24,"key":"Omamori"}],"event_choices":[{"damage_healed":0,"gold_gain":0,"player_choice":"Donut","damage_taken":0,"max_hp_gain":5,"max_hp_loss":0,"event_name":"Big Fish","floor":14,"gold_loss":0}],"is_beta":false,"boss_relics":[{"not_picked":["hubris:BlackHole","bronze:MakeshiftBattery"],"picked":"Black Star"}],"items_purged_floors":[],"is_endless":false,"potions_floor_spawned":[2,5,11,13,15,16,20],"killed_by":"Gremlin Leader","ascension_level":0}}