{"host":"y4sghvfd0ewtcchd","time":1610793223,"event":{"mods":["Aspiration","BaseMod","Better Debug","Better Note","Better Third Choice","BetterRewards","Block Reminder","Colored Map","Colored Powertips","Highlight Path","Hubris","Infinite Spire","Minty Spire (QoL Compilation)","Relic Sorter","Relic Stats","Replay The Spire","Robot Space Explorer","Shop Mod","Spicy Shops","StSLib","The Jungle","The Saiyan"],"gold_per_floor":[116,96,111,129,7,7,19,19,19,89,105,116,128,158,158,232,232,245,257,269,283,79,109,121,153,179,189,189,189,200,235,235,307,307,323,323,342,354,354,389,402,402,402,429,59,59,59,79,79,79,79,79,79,379,408,408],"floor_reached":57,"language":"ENG","playtime":4308,"items_purged":["Strike_B","Apotheosis"],"score":4156,"play_id":"9b6ffc84-fef1-49d6-be25-5d8e62873c77","local_time":"20210116133343","is_ascension_mode":true,"campfire_choices":[{"floor":6.0,"key":"REST"},{"data":"Crystallizer","floor":8.0,"key":"SMITH"},{"data":"Chill","floor":15.0,"key":"SMITH"},{"data":"ReplayTheSpireMod:Fabricate Wheel","floor":32.0,"key":"SMITH"},{"data":"FIFO Queue","floor":42.0,"key":"SMITH"},{"floor":47,"key":"RECALL"},{"data":"hubris:PowerSurge","floor":49,"key":"SMITH"},{"data":"White Noise","floor":53,"key":"SMITH"}],"circlet_count":0,"master_deck":["AscendersBane","Strike_B","Strike_B","Strike_B","Defend_B","Defend_B","Defend_B","Defend_B","Zap","Dualcast","Hologram","Self Repair","hubris:EnhanceAbility+1","Sunder","Static Discharge+1","Steam","Rebound+1","Loop","hubris:EnhanceAbility+1","Turbo","Lockon","Crystallizer+1","White Noise","Cold Snap","Defragment","ReplayTheSpireMod:Repulse","Thunder Strike","Heatsinks","Panic Button","Chill+1","ReplayTheSpireMod:Omega Cannon","Static Discharge+1","Turbo","Barrage","Loop","Echo Form","Ball Lightning","Steam","Amplify+1","Leap+1","Biased Cognition","Turbo","Glacier","Steam Power","Steam","FIFO Queue+1","hubris:Ukulele","Sunder","Chill+1","Conserve Battery+1","Ball Lightning","Electrodynamics","ReplayRNGCard","ReplayTheSpireMod:Repulse","Conserve Battery+1","Force Field","Reinforced Body","Conserve Battery","Creative AI","ReplayTheSpireMod:System Scan+1","Melter","Turbo","hubris:PowerSurge+1","Barrage+1","Echo Form","Lockon","ReplaySort+1","Apotheosis","Parasite","Leap+1","ReplayTheSpireMod:Calculation Training","Lockon","White Noise+1","Turbo","Amplify+1","FIFO Queue","Barrage+1","Echo Form","Redo+1","Double Energy+1"],"relics":["Cracked Core","hubris:RGBLights","Art of War","hubris:Icosahedron","StoneCalendar","Prayer Wheel","Prayer Wheel","Prayer Wheel","Prayer Wheel","aspiration:HummingbirdHeart","ReplayTheSpireMod:Lightbulb","hubris:SphereOfDissonance","aspiration:EnhancedActuators","Counterbalance","ClockworkSouvenir","hubris:BallOfYels","hubris:NiceRug","Carrot","ReplayFunnel","infinitespire:BottledMercury","Membership Card","Calipers","hubris:PeanutButter","Cables","Replay:Rubber Ducky","HandDrill","aspiration:SeaSaltIceCream","DataDisk","DollysMirror","Runic Capacitor","hubris:TerracottaHorce","Blue Doll","Replay:Towering Pillar of Hats","Blood Vial","Pear","Smiling Mask","ChewingGum","Replay:WaspNest","hubris:Towel","Oddly Smooth Stone","Bottled Lightning","infinitespire:Golems Mask","hubris:SoftwareUpdate","TheAbacus","Strawberry","Replay:Bottled Eggs","Orrery","Replay:Bottled Eggs","Orrery","Replay:Bottled Eggs","Centennial Puzzle"],"acts_visited":["Exordium","TheCity","TheBeyond","TheEnding"],"potions_floor_usage":[],"damage_taken":[{"damage":0.0,"enemies":"Cultist","floor":1.0,"turns":3.0},{"damage":0.0,"enemies":"Small Slimes","floor":3.0,"turns":2.0},{"damage":0.0,"enemies":"Jaw Worm","floor":4.0,"turns":3.0},{"damage":0.0,"enemies":"Blue Slaver","floor":7.0,"turns":2.0},{"damage":0.0,"enemies":"Red Slaver","floor":11.0,"turns":3.0},{"damage":0.0,"enemies":"2 Fungi Beasts","floor":12.0,"turns":2.0},{"damage":0.0,"enemies":"3 Louse","floor":13.0,"turns":2.0},{"damage":0.0,"enemies":"Gremlin Nob","floor":14.0,"turns":4.0},{"damage":0.0,"enemies":"Slime Boss","floor":16.0,"turns":5.0},{"damage":0.0,"enemies":"Chosen","floor":18.0,"turns":2.0},{"damage":0.0,"enemies":"Shell Parasite","floor":19.0,"turns":4.0},{"damage":0.0,"enemies":"Snake Plant","floor":20.0,"turns":3.0},{"damage":0.0,"enemies":"3 Cultists","floor":21.0,"turns":3.0},{"damage":0.0,"enemies":"Slavers","floor":23.0,"turns":3.0},{"damage":0.0,"enemies":"Snecko","floor":24.0,"turns":3.0},{"damage":0.0,"enemies":"Gremlin Leader","floor":25.0,"turns":5.0},{"damage":0.0,"enemies":"Shelled Parasite and Fungi","floor":27.0,"turns":5.0},{"damage":0.0,"enemies":"Centurion and Healer","floor":30.0,"turns":5.0},{"damage":0.0,"enemies":"Book of Stabbing","floor":31.0,"turns":4.0},{"damage":0.0,"enemies":"Collector","floor":33.0,"turns":9.0},{"damage":0.0,"enemies":"3 Shapes","floor":35.0,"turns":3.0},{"damage":0.0,"enemies":"3 Darklings","floor":37.0,"turns":4.0},{"damage":0.0,"enemies":"4 Shapes","floor":38.0,"turns":7.0},{"damage":0.0,"enemies":"Reptomancer","floor":40.0,"turns":4.0},{"damage":0.0,"enemies":"Sphere and 2 Shapes","floor":41.0,"turns":5.0},{"damage":0.0,"enemies":"Giant Head","floor":44.0,"turns":7.0},{"damage":0,"enemies":"Writhing Mass","floor":48,"turns":4},{"damage":13,"enemies":"infinitespire:MassOfShapes","floor":50,"turns":6},{"damage":0,"enemies":"Donu and Deca","floor":51,"turns":6},{"damage":0,"enemies":"hubris:Merchant","floor":54,"turns":2},{"damage":0,"enemies":"Shield and Spear","floor":55,"turns":5},{"damage":0,"enemies":"The Heart","floor":56,"turns":6}],"seed_played":"2235663282404107874","potions_obtained":[{"floor":3.0,"key":"Regen Potion"},{"floor":30.0,"key":"Energy Potion"},{"floor":35.0,"key":"Strength Potion"},{"floor":37.0,"key":"Toxic Potion"}],"is_trial":false,"path_per_floor":["M","$","M","M","$","R","M","R","T","?","M","M","M","E","R","B",null,"M","M","M","M","$","E","M","E","T","M","R","?","M","E","R","B",null,"M","T","M","M","?","E","M","R","T","E","$","?","R","M","R","B","B",null,"R","$","E","B",null],"character_chosen":"DEFECT","items_purchased":["Hologram","Carrot","Self Repair","ReplayFunnel","hubris:EnhanceAbility","hubris:RGBLights","infinitespire:BottledMercury","Sunder","Membership Card","Calipers","hubris:PeanutButter","Cables","Replay:Rubber Ducky","Static Discharge","Steam","Rebound+1","HandDrill","aspiration:SeaSaltIceCream","Loop","DataDisk","DollysMirror","Turbo","Lockon","Prayer Wheel","Runic Capacitor","Crystallizer","Counterbalance","Defragment","ClockworkSouvenir","Heatsinks","Blue Doll","Replay:Towering Pillar of Hats","aspiration:EnhancedActuators","hubris:SphereOfDissonance","Apotheosis","StoneCalendar"],"campfire_rested":1,"item_purchase_floors":[0,0,0,0,0,0,0,0,0,0,0,0,0,0,0,0,0,0,0,0,0,0,0,0,0,0,2,2,5,5,22,22,45,45,45,45],"current_hp_per_floor":[29,29,36,36,36,57,57,57,57,57,64,64,71,71,71,71,71,71,71,71,71,71,71,71,81,81,81,81,81,81,81,81,81,81,81,81,81,81,81,81,81,81,81,81,81,81,81,81,81,68,70,78,78,87,88,88],"gold":408,"neow_bonus":"","is_daily":false,"chose_seed":false,"campfire_upgraded":6,"win_rate":0.0,"timestamp":1610793223,"path_taken":["M","?","M","M","$","R","M","R","T","?","M","M","M","E","R","BOSS","M","M","M","M","$","E","M","E","T","M","R","?","M","E","R","BOSS","M","?","M","M","?","E","M","R","T","E","$","?","R","M","R","BOSS","BOSS","R","$","E","BOSS"],"items_purchased_type":["Card","Relic","Card","Relic","Card","Relic","Relic","Card","Relic","Relic","Relic","Relic","Relic","Card","Card","Card","Relic","Relic","Card","Relic","Relic","Card","Card","Relic","Relic","Card","Relic","Card","Relic","Card","Relic","Relic","Relic","Relic","Card","Relic"],"build_version":"2020-12-22","purchased_purges":2,"victory":true,"max_hp_per_floor":[71,71,71,71,71,71,71,71,71,71,71,71,71,71,71,71,71,71,71,71,71,71,71,71,81,81,81,81,81,81,81,81,81,81,81,81,81,81,81,81,81,81,81,81,81,81,81,81,81,81,81,81,81,88,88,88],"relic_stats":{"Blood Vial":5,"Centennial Puzzle":[0],"TheAbacus":[6],"counters":[369,1265],"StoneCalendar":[0],"Prayer Wheel":21,"Art of War":[24],"HandDrill":[76],"Smiling Mask":0,"obtain_stats":[{"Replay:Accelerometer":49,"aspiration:PoetsPen_weak":17,"hubris:MysteriousPyramids":44,"Sling":45,"Blood Vial":0,"hubris:AstralHammer":38,"Replay:Bronze Core":17,"Fusion Hammer":34,"HandDrill":0,"hubris:RGBLights":12,"Replay:Bottled Steam":23,"aspiration:FaultyCoupler":12,"Velvet Choker":34,"Eternal Feather":20,"ReplayTheSpireMod:SealedPack":20,"Pen Nib":53,"Cables":44,"infinitespire:EvilPickle":33,"infinitespire:Lychee Nut":0,"Bird Faced Urn":30,"aspiration:MysteriousAuxiliaryCore":38,"Unceasing Top":0,"hubris:Reverence":24,"Solar Panel":0,"Carrot":0,"Singing Bowl":26,"Torii":0,"hubris:EmptyBottle":38,"Smiling Mask":31,"Pet Ghost":50,"hubris:BlackHole":17,"hubris:Backtick":17,"Toolbox":54,"infinitespire:Eraser":54,"Replay:Bottled Eggs":17,"InkBottle":54,"aspiration:ChemicalBlood":0,"Potion Belt":29,"Lee\u0027s Waffle":0,"NeowsBlessing":0,"Golden Idol":7,"PreservedInsect":0,"infinitespire:Lucky Rock":54,"hubris:Towel":13,"Replay:Arrowhead":23,"Ornamental Fan":47,"Garlic":16,"Art of War":48,"hubris:BottledRain":26,"Ice Cream":31,"Tiny House":44,"Calipers":0,"Gremlin Horn":40,"aspiration:Stabinomicon":25,"Runic Capacitor":50,"Raider\u0027s Mask":0,"hubris:TerracottaHorce":17,"Sozu":12,"Centennial Puzzle":27,"infinitespire:SolderingIron":43,"Philosopher\u0027s Stone":17,"Prayer Wheel":37,"Iron Hammer":29,"Girya":26,"hubris:DuctTape":34,"ReplayTheSpireMod:CursedCoin":0,"hubris:SoftwareUpdate":41,"Replay:Grab Bag":17,"aspiration:HiddenCompartment":53,"Du-Vu Doll":24,"hubris:PeanutButter":0,"Onion Ring":26,"Mirror":0,"Symbiotic Virus":43,"aspiration:TomeofQuesting":10,"Juzu Bracelet":47,"Replay:Mystery Machine":7,"aspiration:StickyExplosives_weak":30,"Nunchaku":25,"Emotion Chip":38,"Dream Catcher":42,"Chameleon Ring":45,"hubris:Icosahedron":48,"TheAbacus":53,"hubris:Stopwatch":17,"Replay:Bottled Snecko":9,"Replay:Antivirus Software":7,"Guide Book":53,"aspiration:RunicSpoon":34,"RobotSpaceExplorer:RoboCore":0,"Replay:WaspNest":53,"infinitespire:FocusingShard":0,"Odd Mushroom":13,"Calling Bell":17,"Strange Spoon":46,"Cauldron":56,"DataDisk":27,"Pondfish Scales":43,"infinitespire:Satchel":17,"hubris:BundleOfHerbs":0,"Bag of Marbles":0,"Membership Card":0,"ReplayTheSpireMod:ShopPack":21,"infinitespire:BottledMercury":11,"hubris:BallOfYels":29,"Golden Egg":11,"Whetstone":27,"Ginger":17,"Bottled Tornado":0,"Boot":54,"Old Coin":45,"Replay:Ringing Soul":40,"aspiration:EnhancedActuators":53,"MealTicket":0,"hubris:DeckOfHolding":53,"infinitespire:Golems Mask":54,"Kunai":40,"hubris:TinFlute":23,"Pear":43,"Counterbalance":2,"hubris:SphereOfDissonance":0,"aspiration:IroncladSkillbook":34,"Runic Dome":17,"Pandora\u0027s Box":17,"hubris:TenFootPole":0,"infinitespire:PuzzleCube":28,"aspiration:Lifesprig":9,"hubris:Metronome":17,"Lantern":19,"Blue Doll":46,"Painkiller Herb":17,"StoneCalendar":45,"Replay:Multitool":41,"Bag of Preparation":45,"Replay:Rubber Ducky":53,"BranchBurnRelic":30,"Matryoshka":0,"WingedGreaves":20,"hubris:FunFungus":46,"Inserter":48,"The Courier":24,"infinitespire:Joker Card":44,"Geode":30,"Omamori":46,"Frozen Egg 2":13,"Busted Crown":17,"Orrery":48,"Turnip":45,"Bottled Lightning":12,"ReplayTheSpireMod:Lightbulb":40,"Toy Ornithopter":31,"infinitespire:Freezer":55,"Lizard Tail":8,"Replay:Frozen Program":0,"DollysMirror":53,"Strawberry":14,"aspiration:ArtOfWarUpgrade":52,"Toxic Egg 2":5,"Happy Flower":0,"aspiration:Nostalgia":53,"Astrolabe":34,"Dead Branch":25,"Oddly Smooth Stone":0,"infinitespire:Beetle Shell":48,"Replay:Kaleidoscope":43,"aspiration:SeaSaltIceCream":0,"Question Card":47,"Replay:Baseball":45,"ReplayTheSpireMod:Shallot":48,"Shuriken":43,"Bronze Scales":0,"Simple Rune":9,"Molten Egg 2":43,"ReplayTheSpireMod:TigerMarble":23,"Black Star":22,"hubris:ToyBattleship":31,"Meat on the Bone":0,"ReplayFunnel":44,"Darkstone Periapt":10,"SacredBark":17,"hubris:SlimyHat":43,"Incense Burner":34,"ClockworkSouvenir":23,"Replay:Bandana":0,"Tiny Chest":7,"Cracked Core":0,"Replay:Drink Me":21,"hubris:DisguiseKit":46,"BargainBundle":0,"Replay:Towering Pillar of Hats":30,"aspiration:FetidBarrel":47,"aspiration:HummingbirdHeart":0,"Orichalcum":56,"White Beast Statue":20,"CaptainsWheel":0,"Anchor":0,"infinitespire:WardingShard":42,"ChewingGum":34,"hubris:GrandSneckoEye":36,"Snack Pack":31,"PureWater":53,"hubris:Potato":31,"TungstenRod":17,"hubris:NiceRug":53},{"Replay:Accelerometer":97,"aspiration:PoetsPen_weak":194,"hubris:MysteriousPyramids":178,"Sling":153,"Blood Vial":0,"hubris:AstralHammer":294,"Replay:Bronze Core":7,"Fusion Hammer":42,"HandDrill":337,"hubris:RGBLights":248,"Replay:Bottled Steam":114,"aspiration:FaultyCoupler":164,"Velvet Choker":14,"Eternal Feather":8,"ReplayTheSpireMod:SealedPack":32,"Pen Nib":132,"Cables":95,"infinitespire:EvilPickle":62,"infinitespire:Lychee Nut":273,"Bird Faced Urn":40,"aspiration:MysteriousAuxiliaryCore":65,"Unceasing Top":306,"hubris:Reverence":288,"Solar Panel":22,"Carrot":0,"Singing Bowl":59,"Torii":273,"hubris:EmptyBottle":232,"Smiling Mask":356,"Pet Ghost":332,"hubris:BlackHole":219,"hubris:Backtick":139,"Toolbox":304,"infinitespire:Eraser":133,"Replay:Bottled Eggs":251,"InkBottle":304,"aspiration:ChemicalBlood":46,"Potion Belt":227,"Lee\u0027s Waffle":0,"NeowsBlessing":0,"Golden Idol":50,"PreservedInsect":134,"infinitespire:Lucky Rock":72,"hubris:Towel":138,"Replay:Arrowhead":170,"Ornamental Fan":96,"Garlic":80,"Art of War":269,"hubris:BottledRain":9,"Ice Cream":228,"Tiny House":95,"Calipers":159,"Gremlin Horn":325,"aspiration:Stabinomicon":35,"Runic Capacitor":97,"Raider\u0027s Mask":306,"hubris:TerracottaHorce":283,"Sozu":280,"Centennial Puzzle":10,"infinitespire:SolderingIron":68,"Philosopher\u0027s Stone":7,"Prayer Wheel":44,"Iron Hammer":199,"Girya":197,"hubris:DuctTape":172,"ReplayTheSpireMod:CursedCoin":46,"hubris:SoftwareUpdate":67,"Replay:Grab Bag":7,"aspiration:HiddenCompartment":132,"Du-Vu Doll":9,"hubris:PeanutButter":73,"Onion Ring":116,"Mirror":185,"Symbiotic Virus":266,"aspiration:TomeofQuesting":5,"Juzu Bracelet":300,"Replay:Mystery Machine":4,"aspiration:StickyExplosives_weak":40,"Nunchaku":116,"Emotion Chip":149,"Dream Catcher":235,"Chameleon Ring":19,"hubris:Icosahedron":69,"TheAbacus":271,"hubris:Stopwatch":283,"Replay:Bottled Snecko":309,"Replay:Antivirus Software":279,"Guide Book":157,"aspiration:RunicSpoon":321,"RobotSpaceExplorer:RoboCore":273,"Replay:WaspNest":211,"infinitespire:FocusingShard":273,"Odd Mushroom":249,"Calling Bell":166,"Strange Spoon":268,"Cauldron":335,"DataDisk":86,"Pondfish Scales":206,"infinitespire:Satchel":166,"hubris:BundleOfHerbs":159,"Bag of Marbles":213,"Membership Card":100,"ReplayTheSpireMod:ShopPack":8,"infinitespire:BottledMercury":105,"hubris:BallOfYels":118,"Golden Egg":247,"Whetstone":36,"Ginger":166,"Bottled Tornado":100,"Boot":184,"Old Coin":298,"Replay:Ringing Soul":234,"aspiration:EnhancedActuators":71,"MealTicket":22,"hubris:DeckOfHolding":71,"infinitespire:Golems Mask":367,"Kunai":125,"hubris:TinFlute":142,"Pear":126,"Counterbalance":338,"hubris:SphereOfDissonance":306,"aspiration:IroncladSkillbook":147,"Runic Dome":313,"Pandora\u0027s Box":30,"hubris:TenFootPole":100,"infinitespire:PuzzleCube":86,"aspiration:Lifesprig":26,"hubris:Metronome":166,"Lantern":167,"Blue Doll":268,"Painkiller Herb":283,"StoneCalendar":363,"Replay:Multitool":45,"Bag of Preparation":95,"Replay:Rubber Ducky":157,"BranchBurnRelic":289,"Matryoshka":100,"WingedGreaves":32,"hubris:FunFungus":268,"Inserter":21,"The Courier":170,"infinitespire:Joker Card":207,"Geode":12,"Omamori":237,"Frozen Egg 2":53,"Busted Crown":109,"Orrery":21,"Turnip":127,"Bottled Lightning":28,"ReplayTheSpireMod:Lightbulb":44,"Toy Ornithopter":41,"infinitespire:Freezer":98,"Lizard Tail":309,"Replay:Frozen Program":306,"DollysMirror":71,"Strawberry":79,"aspiration:ArtOfWarUpgrade":270,"Toxic Egg 2":3,"Happy Flower":46,"aspiration:Nostalgia":211,"Astrolabe":120,"Dead Branch":288,"Oddly Smooth Stone":22,"infinitespire:Beetle Shell":181,"Replay:Kaleidoscope":178,"aspiration:SeaSaltIceCream":337,"Question Card":21,"Replay:Baseball":153,"ReplayTheSpireMod:Shallot":155,"Shuriken":152,"Bronze Scales":46,"Simple Rune":104,"Molten Egg 2":235,"ReplayTheSpireMod:TigerMarble":59,"Black Star":223,"hubris:ToyBattleship":320,"Meat on the Bone":134,"ReplayFunnel":178,"Darkstone Periapt":247,"SacredBark":7,"hubris:SlimyHat":17,"Incense Burner":291,"ClockworkSouvenir":9,"Replay:Bandana":46,"Tiny Chest":162,"Cracked Core":0,"Replay:Drink Me":8,"hubris:DisguiseKit":128,"BargainBundle":22,"Replay:Towering Pillar of Hats":259,"aspiration:FetidBarrel":269,"aspiration:HummingbirdHeart":273,"Orichalcum":99,"White Beast Statue":196,"CaptainsWheel":46,"Anchor":241,"infinitespire:WardingShard":126,"ChewingGum":62,"hubris:GrandSneckoEye":90,"Snack Pack":290,"PureWater":211,"hubris:Potato":61,"TungstenRod":251,"hubris:NiceRug":71},{"Replay:Accelerometer":396,"aspiration:PoetsPen_weak":711,"hubris:MysteriousPyramids":659,"Sling":564,"Blood Vial":0,"hubris:AstralHammer":1035,"Replay:Bronze Core":30,"Fusion Hammer":182,"HandDrill":1135,"hubris:RGBLights":878,"Replay:Bottled Steam":441,"aspiration:FaultyCoupler":609,"Velvet Choker":72,"Eternal Feather":33,"ReplayTheSpireMod:SealedPack":147,"Pen Nib":481,"Cables":384,"infinitespire:EvilPickle":245,"infinitespire:Lychee Nut":972,"Bird Faced Urn":173,"aspiration:MysteriousAuxiliaryCore":252,"Unceasing Top":1067,"hubris:Reverence":1017,"Solar Panel":111,"Carrot":0,"Singing Bowl":235,"Torii":972,"hubris:EmptyBottle":835,"Smiling Mask":1197,"Pet Ghost":1121,"hubris:BlackHole":796,"hubris:Backtick":507,"Toolbox":1061,"infinitespire:Eraser":482,"Replay:Bottled Eggs":895,"InkBottle":1061,"aspiration:ChemicalBlood":195,"Potion Belt":822,"Lee\u0027s Waffle":0,"NeowsBlessing":0,"Golden Idol":205,"PreservedInsect":485,"infinitespire:Lucky Rock":276,"hubris:Towel":497,"Replay:Arrowhead":636,"Ornamental Fan":391,"Garlic":302,"Art of War":955,"hubris:BottledRain":37,"Ice Cream":825,"Tiny House":384,"Calipers":592,"Gremlin Horn":1106,"aspiration:Stabinomicon":156,"Runic Capacitor":396,"Raider\u0027s Mask":1067,"hubris:TerracottaHorce":1002,"Sozu":991,"Centennial Puzzle":42,"infinitespire:SolderingIron":262,"Philosopher\u0027s Stone":30,"Prayer Wheel":188,"Iron Hammer":728,"Girya":720,"hubris:DuctTape":646,"ReplayTheSpireMod:CursedCoin":195,"hubris:SoftwareUpdate":260,"Replay:Grab Bag":30,"aspiration:HiddenCompartment":481,"Du-Vu Doll":37,"hubris:PeanutButter":281,"Onion Ring":447,"Mirror":684,"Symbiotic Virus":942,"aspiration:TomeofQuesting":17,"Juzu Bracelet":1051,"Replay:Mystery Machine":13,"aspiration:StickyExplosives_weak":173,"Nunchaku":447,"Emotion Chip":545,"Dream Catcher":843,"Chameleon Ring":98,"hubris:Icosahedron":265,"TheAbacus":962,"hubris:Stopwatch":1002,"Replay:Bottled Snecko":1072,"Replay:Antivirus Software":989,"Guide Book":582,"aspiration:RunicSpoon":1100,"RobotSpaceExplorer:RoboCore":972,"Replay:WaspNest":767,"infinitespire:FocusingShard":972,"Odd Mushroom":881,"Calling Bell":622,"Strange Spoon":950,"Cauldron":1129,"DataDisk":338,"Pondfish Scales":752,"infinitespire:Satchel":622,"hubris:BundleOfHerbs":592,"Bag of Marbles":773,"Membership Card":415,"ReplayTheSpireMod:ShopPack":33,"infinitespire:BottledMercury":423,"hubris:BallOfYels":451,"Golden Egg":876,"Whetstone":160,"Ginger":622,"Bottled Tornado":415,"Boot":680,"Old Coin":1045,"Replay:Ringing Soul":841,"aspiration:EnhancedActuators":274,"MealTicket":111,"hubris:DeckOfHolding":274,"infinitespire:Golems Mask":1254,"Kunai":462,"hubris:TinFlute":518,"Pear":466,"Counterbalance":1138,"hubris:SphereOfDissonance":1067,"aspiration:IroncladSkillbook":539,"Runic Dome":1082,"Pandora\u0027s Box":140,"hubris:TenFootPole":415,"infinitespire:PuzzleCube":338,"aspiration:Lifesprig":124,"hubris:Metronome":622,"Lantern":627,"Blue Doll":950,"Painkiller Herb":1002,"StoneCalendar":1236,"Replay:Multitool":193,"Bag of Preparation":384,"Replay:Rubber Ducky":582,"BranchBurnRelic":1018,"Matryoshka":415,"WingedGreaves":147,"hubris:FunFungus":950,"Inserter":104,"The Courier":636,"infinitespire:Joker Card":755,"Geode":57,"Omamori":850,"Frozen Egg 2":214,"Busted Crown":433,"Orrery":104,"Turnip":468,"Bottled Lightning":131,"ReplayTheSpireMod:Lightbulb":189,"Toy Ornithopter":176,"infinitespire:Freezer":404,"Lizard Tail":1072,"Replay:Frozen Program":1067,"DollysMirror":274,"Strawberry":299,"aspiration:ArtOfWarUpgrade":959,"Toxic Egg 2":7,"Happy Flower":195,"aspiration:Nostalgia":767,"Astrolabe":454,"Dead Branch":1017,"Oddly Smooth Stone":111,"infinitespire:Beetle Shell":669,"Replay:Kaleidoscope":659,"aspiration:SeaSaltIceCream":1135,"Question Card":104,"Replay:Baseball":564,"ReplayTheSpireMod:Shallot":573,"Shuriken":560,"Bronze Scales":195,"Simple Rune":422,"Molten Egg 2":843,"ReplayTheSpireMod:TigerMarble":235,"Black Star":810,"hubris:ToyBattleship":1097,"Meat on the Bone":485,"ReplayFunnel":659,"Darkstone Periapt":876,"SacredBark":30,"hubris:SlimyHat":85,"Incense Burner":1026,"ClockworkSouvenir":37,"Replay:Bandana":195,"Tiny Chest":603,"Cracked Core":0,"Replay:Drink Me":33,"hubris:DisguiseKit":471,"BargainBundle":111,"Replay:Towering Pillar of Hats":917,"aspiration:FetidBarrel":955,"aspiration:HummingbirdHeart":972,"Orichalcum":408,"White Beast Statue":717,"CaptainsWheel":195,"Anchor":861,"infinitespire:WardingShard":466,"ChewingGum":245,"hubris:GrandSneckoEye":356,"Snack Pack":1021,"PureWater":767,"hubris:Potato":241,"TungstenRod":895,"hubris:NiceRug":274}],"Cables":[154,129,25,0,0]},"card_choices":[{"not_picked":["Redo","Stack"],"picked":"White Noise","floor":1.0},{"not_picked":["BasicCrystalCard","Rebound"],"picked":"Cold Snap","floor":1.0},{"not_picked":["Stack","Beam Cell"],"picked":"ReplayTheSpireMod:Repulse","floor":3.0},{"not_picked":["Redo","Genetic Algorithm"],"picked":"Thunder Strike","floor":3.0},{"not_picked":["Doom and Gloom","BasicCrystalCard","Beam Cell"],"picked":"SKIP","floor":4.0},{"not_picked":["Chaos","Compile Driver","Redo"],"picked":"SKIP","floor":4.0},{"not_picked":["Hologram","Go for the Eyes"],"picked":"Panic Button","floor":7.0},{"not_picked":["Beam Cell","Stack","Hologram"],"picked":"SKIP","floor":7.0},{"not_picked":["Streamline","Chaos"],"picked":"Chill","floor":11.0},{"not_picked":["Genetic Algorithm","Compile Driver","Reprogram"],"picked":"SKIP","floor":11.0},{"not_picked":["Rebound","Ball Lightning"],"picked":"ReplayTheSpireMod:Omega Cannon","floor":12.0},{"not_picked":["Gash","Go for the Eyes"],"picked":"Static Discharge","floor":12.0},{"not_picked":["Leap","Stack"],"picked":"Turbo","floor":13.0},{"not_picked":["Cold Snap","Steam"],"picked":"Barrage","floor":13.0},{"not_picked":["Steam","Ball Lightning"],"picked":"Loop","floor":14.0},{"not_picked":["Reboot","ReplayTheSpireMod:Omega Cannon"],"picked":"Echo Form","floor":16.0},{"not_picked":["Hologram","Blizzard"],"picked":"Ball Lightning","floor":18.0},{"not_picked":["Chaos","Gash"],"picked":"Steam","floor":18.0},{"not_picked":["Redo","Stack"],"picked":"Amplify","floor":19.0},{"not_picked":["Coolheaded","Go for the Eyes","ReplayTheSpireMod:GoodbyeWorld"],"picked":"SKIP","floor":19.0},{"not_picked":["Go for the Eyes","Beam Cell"],"picked":"Leap+1","floor":20.0},{"not_picked":["Self Repair","ReplaySort"],"picked":"Biased Cognition","floor":20.0},{"not_picked":["Consume","Streamline"],"picked":"Turbo","floor":21.0},{"not_picked":["Rebound","Leap"],"picked":"Glacier","floor":21.0},{"not_picked":["Ball Lightning+1","Turbo"],"picked":"Steam Power","floor":23.0},{"not_picked":["ReplayTheSpireMod:System Scan","Turbo"],"picked":"Steam","floor":24.0},{"not_picked":["Sweeping Beam","FTL","Scrape"],"picked":"SKIP","floor":24.0},{"not_picked":["ReplaySolidLightProjector","Scrape"],"picked":"FIFO Queue","floor":25.0},{"not_picked":["Streamline","ReplaySolidLightProjector"],"picked":"hubris:Ukulele","floor":27.0},{"not_picked":["Leap","Darkness"],"picked":"Sunder","floor":27.0},{"not_picked":["Hologram","Stack"],"picked":"Conserve Battery+1","floor":30.0},{"not_picked":["Compile Driver","ReplayTheSpireMod:Reroute Power"],"picked":"Ball Lightning","floor":30.0},{"not_picked":["Leap","Rebound"],"picked":"ReplayTheSpireMod:Fabricate Wheel","floor":31.0},{"not_picked":["Mirror Shield","Creative AI"],"picked":"Electrodynamics","floor":33.0},{"not_picked":["Panic Button","Coolheaded"],"picked":"ReplayRNGCard","floor":35.0},{"not_picked":["Cold Snap","Gash"],"picked":"ReplayTheSpireMod:Repulse","floor":35.0},{"not_picked":["Auto Shields+1","Barrage"],"picked":"Conserve Battery+1","floor":35.0},{"not_picked":["Go for the Eyes","Barrage","Cold Snap+1"],"picked":"SKIP","floor":35.0},{"not_picked":["Darkness","Cold Snap+1","Crystallizer+1"],"picked":"SKIP","floor":35.0},{"not_picked":["Cold Snap","Go for the Eyes"],"picked":"Force Field","floor":37.0},{"not_picked":["Darkness+1","Hologram"],"picked":"Reinforced Body","floor":37.0},{"not_picked":["Stack","BasicCrystalCard"],"picked":"Conserve Battery","floor":37.0},{"not_picked":["Redo","Coolheaded"],"picked":"Creative AI","floor":37.0},{"not_picked":["Hologram","Compile Driver","Self Repair"],"picked":"SKIP","floor":37.0},{"not_picked":["FIFO Queue","Steam"],"picked":"ReplayTheSpireMod:System Scan+1","floor":38.0},{"not_picked":["Blizzard","BasicCrystalCard"],"picked":"Melter","floor":38.0},{"not_picked":["Beam Cell","Redo"],"picked":"Turbo","floor":38.0},{"not_picked":["Coolheaded","Double Energy+1"],"picked":"hubris:PowerSurge","floor":38.0},{"not_picked":["Panic Button","BasicCrystalCard"],"picked":"Barrage+1","floor":38.0},{"not_picked":["Panic Button","Steam+1"],"picked":"Echo Form","floor":40.0},{"not_picked":["Streamline","Sweeping Beam"],"picked":"Lockon","floor":41.0},{"not_picked":["Reprogram","Cold Snap"],"picked":"ReplaySort+1","floor":41.0},{"not_picked":["All For One","Gash","Melter+1"],"picked":"SKIP","floor":41.0},{"not_picked":["Beam Cell","Lockon","Coolheaded"],"picked":"SKIP","floor":41.0},{"not_picked":["Melter","Go for the Eyes","Barrage"],"picked":"SKIP","floor":41.0},{"not_picked":["Go for the Eyes","Barrage","BootSequence"],"picked":"SKIP","floor":44.0},{"not_picked":["Beam Cell","Barrage"],"picked":"Leap+1","floor":48},{"not_picked":["Streamline","Compile Driver"],"picked":"ReplayTheSpireMod:Calculation Training","floor":48},{"not_picked":["Sweeping Beam","Rebound+1"],"picked":"Lockon","floor":48},{"not_picked":["Static Discharge","Coolheaded"],"picked":"White Noise","floor":48},{"not_picked":["Hologram","Go for the Eyes"],"picked":"Turbo","floor":48},{"not_picked":[],"picked":"Amplify+1","floor":54},{"not_picked":[],"picked":"FIFO Queue","floor":54},{"not_picked":["Streamline","Sweeping Beam+1"],"picked":"Barrage+1","floor":54},{"not_picked":["Hyperbeam","Panic Button"],"picked":"Echo Form","floor":54},{"not_picked":["Undo+1","Meteor Strike"],"picked":"Redo+1","floor":54},{"not_picked":["BasicCrystalCard","Hologram"],"picked":"Double Energy+1","floor":54},{"not_picked":["Hologram+1","Conserve Battery","Chill"],"picked":"SKIP","floor":55}],"player_experience":611357,"relics_obtained":[{"floor":14.0,"key":"hubris:BallOfYels"},{"floor":23.0,"key":"Blood Vial"},{"floor":25.0,"key":"Pear"},{"floor":26.0,"key":"Art of War"},{"floor":31.0,"key":"Smiling Mask"},{"floor":36.0,"key":"Replay:WaspNest"},{"floor":40.0,"key":"Oddly Smooth Stone"},{"floor":43.0,"key":"ReplayTheSpireMod:Lightbulb"},{"floor":44.0,"key":"Bottled Lightning"},{"floor":54,"key":"infinitespire:Golems Mask"},{"floor":54,"key":"hubris:SoftwareUpdate"},{"floor":54,"key":"TheAbacus"},{"floor":54,"key":"Strawberry"},{"floor":54,"key":"Replay:Bottled Eggs"},{"floor":54,"key":"Orrery"},{"floor":54,"key":"Replay:Bottled Eggs"},{"floor":54,"key":"Orrery"},{"floor":54,"key":"Replay:Bottled Eggs"},{"floor":55,"key":"Centennial Puzzle"}],"event_choices":[{"damage_healed":0.0,"max_hp_gain":0.0,"max_hp_loss":0.0,"gold_gain":70.0,"event_name":"Golden Wing","player_choice":"Gained Gold","floor":10.0,"gold_loss":0.0,"damage_taken":0.0},{"damage_healed":0.0,"max_hp_gain":0.0,"max_hp_loss":0.0,"gold_gain":0.0,"event_name":"Duplicator","player_choice":"Copied","floor":29.0,"gold_loss":0.0,"damage_taken":0.0,"cards_obtained":["Chill"]}],"is_beta":false,"boss_relics":[{"not_picked":["Replay:Drink Me","Replay:Wanted Poster"],"picked":"hubris:TerracottaHorce"},{"not_picked":["Cursed Key","hubris:ScarierMask"],"picked":"ChewingGum"}],"items_purged_floors":[0,45],"is_endless":false,"potions_floor_spawned":[3,11,12,14,16,20,21,24,30,31,35,37,40,41,44,55],"ascension_level":20}}