{"host":"FirstDane","time":1610775136,"event":{"mods":["BaseMod","Bestiary","Highlight Path","Minty Spire (QoL Compilation)","Relic Stats","Slay the Relics Exporter"],"gold_per_floor":[14,33,46,65,82,82,82],"floor_reached":6,"language":"ENG","playtime":441,"items_purged":[],"score":80,"play_id":"318d8156-73da-4356-b3d4-54d95fc75590","local_time":"20210115233216","is_ascension_mode":true,"campfire_choices":[],"circlet_count":0,"master_deck":["AscendersBane","Strike_G","Strike_G","Strike_G","Strike_G","Strike_G","Defend_G","Defend_G","Defend_G","Defend_G","Defend_G","Survivor","Neutralize","Dagger Throw","Slice","Blade Dance","Terror","All Out Attack"],"relics":["Ring of the Snake","CaptainsWheel"],"acts_visited":["Exordium"],"potions_floor_usage":[5],"damage_taken":[{"damage":0,"enemies":"Jaw Worm","floor":1,"turns":6},{"damage":8,"enemies":"2 Louse","floor":2,"turns":3},{"damage":0,"enemies":"Cultist","floor":3,"turns":3},{"damage":13,"enemies":"Lots of Slimes","floor":4,"turns":5},{"damage":11,"enemies":"Exordium Wildlife","floor":5,"turns":4},{"damage":27,"enemies":"3 Sentries","floor":6,"turns":5}],"seed_played":"-7144329591352306602","potions_obtained":[{"floor":2,"key":"Ancient Potion"},{"floor":4,"key":"Energy Potion"}],"is_trial":false,"path_per_floor":["M","M","M","M","M","E"],"character_chosen":"THE_SILENT","items_purchased":[],"campfire_rested":0,"item_purchase_floors":[],"current_hp_per_floor":[59,51,51,38,27,0,0],"gold":82,"neow_bonus":"ONE_RARE_RELIC","is_daily":false,"chose_seed":false,"campfire_upgraded":0,"win_rate":0.0,"timestamp":1610775136,"path_taken":["M","M","M","M","M","E"],"items_purchased_type":[],"build_version":"2020-12-18","purchased_purges":0,"victory":false,"max_hp_per_floor":[66,66,66,66,66,66,66],"relic_stats":{"counters":[6,26],"obtain_stats":[{"CaptainsWheel":0,"Ring of the Snake":0},{"CaptainsWheel":0,"Ring of the Snake":0},{"CaptainsWheel":0,"Ring of the Snake":0}],"Ring of the Snake":[12]},"card_choices":[{"not_picked":["Sucker Punch","PiercingWail"],"picked":"Dagger Throw","floor":1},{"not_picked":["Concentrate","Deflect"],"picked":"Slice","floor":2},{"not_picked":["Reflex","Bane"],"picked":"Blade Dance","floor":3},{"not_picked":["Bane","Reflex"],"picked":"Terror","floor":4},{"not_picked":["Outmaneuver","Cloak And Dagger"],"picked":"All Out Attack","floor":5}],"player_experience":3930274,"relics_obtained":[],"event_choices":[],"is_beta":true,"boss_relics":[],"items_purged_floors":[],"is_endless":false,"potions_floor_spawned":[2,4],"killed_by":"3 Sentries","ascension_level":20}}