{"host":"4ds5yl49ymgfvnyz","time":1610829487,"event":{"mods":["BaseMod","Hubris","Infinite Spire","Minty Spire (QoL Compilation)","Replay The Spire","StSLib","The Construct","The Disciple"],"gold_per_floor":[109,109,0,20,20,45,45,45,45,45,45,45,93,105,122,122,122,217,217,234,234,250,275,293,293,311,311,337,349,261,261,277,304,304,304,304],"floor_reached":35,"language":"ENG","playtime":1397,"items_purged":["Strike_Br","SwitchThreat","Sickly"],"score":298,"play_id":"8626018d-0525-4635-92dd-d0433c8014a0","local_time":"20210116153807","is_ascension_mode":false,"campfire_choices":[{"data":"Vivace","floor":7,"key":"SMITH"},{"data":"hubris:DuctTapeCard","floor":10,"key":"SMITH"},{"floor":17,"key":"REST"},{"floor":25,"key":"REST"},{"floor":27,"key":"REST"},{"floor":29,"key":"REST"},{"data":"hubris:InfiniteBlow+7","floor":31,"key":"SMITH"},{"floor":34,"key":"REST"}],"circlet_count":0,"master_deck":["Strike_Br","Defend_Br","SecondHand","PatternShift","Trip","ReapSow","Vivace+1","Engulf","hubris:DuctTapeCard+2","BiteCommand","hubris:InfiniteBlow+8","BlueShift","Allargando+1"],"relics":["Chronometer","Pen Nib","hubris:DuctTape","Oddly Smooth Stone","PreservedInsect","Kintsugi","Red Mask","MawBank","Strawberry"],"acts_visited":["TheCity"],"potions_floor_usage":[24,33,33],"damage_taken":[{"damage":0,"enemies":"2 Louse","floor":1,"turns":4},{"damage":12,"enemies":"infinitespire:Voidling","floor":4,"turns":4},{"damage":22,"enemies":"Replay:BlueRogue","floor":6,"turns":5},{"damage":0,"enemies":"Jaw Worm","floor":14,"turns":2},{"damage":5,"enemies":"Exordium Wildlife","floor":15,"turns":3},{"damage":19,"enemies":"Slime Boss","floor":18,"turns":10},{"damage":14,"enemies":"Chosen","floor":20,"turns":4},{"damage":17,"enemies":"2 Thieves","floor":22,"turns":3},{"damage":29,"enemies":"Masked Bandits","floor":23,"turns":4},{"damage":0,"enemies":"Chosen and Byrds","floor":24,"turns":6},{"damage":17,"enemies":"Shelled Parasite and Fungi","floor":26,"turns":4},{"damage":0,"enemies":"Cultist and Chosen","floor":32,"turns":4},{"damage":39,"enemies":"Slavers","floor":33,"turns":4},{"damage":34,"enemies":"Pondfish","floor":35,"turns":5}],"seed_played":"-8195608162047132088","potions_obtained":[{"floor":1,"key":"EssenceOfSteel"},{"floor":4,"key":"Block Potion"},{"floor":15,"key":"Block Potion"}],"is_trial":false,"path_per_floor":["M","?","$","M","$","E","R","?","T","R","PTL","PTL","T","M","M","?","R","B",null,"M","AVR","M","?","M","R","M","R","T","R","$","R","M","E","R","B"],"character_chosen":"CHRONO_CLASS","items_purchased":["HandsUpC"],"campfire_rested":5,"item_purchase_floors":[3],"current_hp_per_floor":[65,65,65,57,57,35,35,28,28,28,28,28,28,28,23,23,42,23,65,51,51,34,5,5,24,7,26,26,45,45,45,45,13,34,0,0],"gold":304,"neow_bonus":"RANDOM_COLORLESS","is_daily":false,"chose_seed":false,"campfire_upgraded":3,"win_rate":0.0,"timestamp":1610829487,"path_taken":["M","?","$","?","$","E","R","?","T","R","PTL","PTL","?","M","M","?","R","BOSS","M","AVR","M","?","M","R","M","R","T","R","$","R","M","E","R","BOSS"],"items_purchased_type":["Card"],"build_version":"2020-12-22","purchased_purges":3,"victory":false,"max_hp_per_floor":[65,65,65,65,65,65,65,65,65,65,65,65,65,65,65,65,65,65,65,65,65,65,65,65,65,65,65,65,65,65,65,65,72,72,72,72],"card_choices":[{"not_picked":["hubris:Ssssneak","Replay:BasicMightCard"],"picked":"Trip","floor":0.0},{"not_picked":["LockedScales","Analog"],"picked":"ReapSow","floor":1},{"not_picked":["EscortCommand","CrunchTime"],"picked":"Tempo","floor":4},{"not_picked":["LockedBell","ReapSow"],"picked":"Engulf","floor":6},{"not_picked":["ResonantCall","ShortSighted","VestedLegacy"],"picked":"SKIP","floor":14},{"not_picked":["HandsUpB","Stagnate"],"picked":"BiteCommand","floor":15},{"not_picked":["LockedBlood","LockedTornado","ExoVibe+1"],"picked":"SKIP","floor":20},{"not_picked":["HandsUpC","Backlash"],"picked":"BlueShift","floor":22},{"not_picked":["WindUp","HandsUpB","BlueShift+1"],"picked":"SKIP","floor":24},{"not_picked":["Stagnate","ExoVibe"],"picked":"Tempo+1","floor":26},{"not_picked":["LockedOrichalcum","LockedScales","LockedUrn+1"],"picked":"SKIP","floor":32},{"not_picked":["BlueShift","LockedMedicine","LockedPlans+1"],"picked":"SKIP","floor":33}],"player_experience":52409,"relics_obtained":[{"floor":6,"key":"Pen Nib"},{"floor":9,"key":"Oddly Smooth Stone"},{"floor":13,"key":"PreservedInsect"},{"floor":23,"key":"Red Mask"},{"floor":28,"key":"MawBank"},{"floor":33,"key":"Strawberry"}],"event_choices":[{"cards_removed":["Strike_Br"],"damage_healed":0,"gold_gain":0,"player_choice":"Took Card","damage_taken":0,"max_hp_gain":0,"max_hp_loss":0,"event_name":"NoteForYourself","floor":2,"gold_loss":0,"cards_obtained":["Strike_B"]},{"damage_healed":0,"gold_gain":0,"player_choice":"Success","damage_taken":7,"relics_obtained":["hubris:DuctTape"],"max_hp_gain":0,"max_hp_loss":0,"event_name":"Scrap Ooze","floor":8,"gold_loss":0},{"damage_healed":0,"gold_gain":0,"cards_transformed":["Defend_Br"],"player_choice":"Transformed","damage_taken":0,"max_hp_gain":0,"max_hp_loss":0,"event_name":"Transmorgrifier","floor":16,"gold_loss":0,"cards_obtained":["LockedUrn"]},{"damage_healed":0,"gold_gain":0,"player_choice":"Fought Bandits","damage_taken":0,"max_hp_gain":0,"max_hp_loss":0,"event_name":"Masked Bandits","floor":23,"gold_loss":0}],"is_beta":false,"boss_relics":[{"not_picked":["Replay:Drink Me","Philosopher\u0027s Stone"],"picked":"Kintsugi"}],"items_purged_floors":[3,21,30],"is_endless":false,"potions_floor_spawned":[1,4,15,18,22,24],"killed_by":"Pondfish","ascension_level":0}}