{"host":"t6r1isv2bex5ovch","time":1610799264,"event":{"mods":["AchievementEnabler","Act Like it!","Aspiration","BaseMod","Better Altar","Better Match","Better Note","Better Sensory Stone","Better Skull","Better Third Choice","Better Vampires","Colored Powertips","Displayed Cursed Tome","Downfall","Energized Spire","Evolution","Fox Events","Hubris","Minty Spire (QoL Compilation)","StSLib","The Bug Knight","The Disciple","The Factory","The Jungle","The Runesmith"],"gold_per_floor":[115,125,225,225,225,255,267,267,267],"floor_reached":8,"language":"ENG","playtime":608,"items_purged":[],"score":87,"play_id":"65e56e32-6e44-4ed4-9209-8101f5472f24","local_time":"20210116221424","is_ascension_mode":true,"campfire_choices":[],"circlet_count":0,"master_deck":["HollowMod:PogoStrike","HollowMod:QuickDashStart","HollowMod:QuickDashStart","HollowMod:QuickDashStart","HollowMod:QuickDashStart","HollowMod:FocusHealStart","HollowMod:PogoStrike","hubris:Wrath","downfall:Haunted","Shame","Injury","HollowMod:InfectedAttack","HollowMod:InfectedAttack","HollowMod:InfectedAttack","HollowMod:InfectedAttack","HollowMod:NewGlowingWomb"],"relics":["HollowMod:VesselMask","EVO:Axolotl","aspiration:DSix","Cursed Key","Toy Ornithopter"],"acts_visited":["Exordium"],"potions_floor_usage":[],"damage_taken":[{"damage":2,"enemies":"Small Slimes","floor":1,"turns":4},{"damage":3,"enemies":"2 Louse","floor":2,"turns":3},{"damage":42,"enemies":"Lagavulin","floor":6,"turns":5},{"damage":16,"enemies":"Jaw Worm","floor":7,"turns":3},{"damage":40,"enemies":"3 Sentries","floor":8,"turns":2}],"seed_played":"-2404292578751567830","potions_obtained":[],"is_trial":false,"path_per_floor":["M","M","?","?","?","E","M","E"],"character_chosen":"THE_BUGKNIGHT","items_purchased":[],"campfire_rested":0,"item_purchase_floors":[],"current_hp_per_floor":[75,75,75,75,75,39,29,0,0],"gold":267,"neow_bonus":"DSIX","is_daily":false,"chose_seed":false,"campfire_upgraded":0,"win_rate":0.0,"timestamp":1610799264,"path_taken":["M","M","?","?","?","E","M","E"],"items_purchased_type":[],"build_version":"2020-12-22","purchased_purges":0,"victory":false,"max_hp_per_floor":[75,75,75,75,75,75,75,75,75],"card_choices":[{"not_picked":["HollowMod:DashSlash","HollowMod:DoubleDash","HollowMod:SoulSplash"],"picked":"SKIP","floor":1},{"not_picked":["HollowMod:GoodIntentions","HollowMod:DoubleDash","HollowMod:MonomonsArchive"],"picked":"SKIP","floor":2},{"not_picked":["HollowMod:SharpenedNail","HollowMod:SiblingsSouls"],"picked":"HollowMod:NewGlowingWomb","floor":6},{"not_picked":["HollowMod:CycloneSlash","HollowMod:InfectedCysts","HollowMod:LifebloodCocoon"],"picked":"SKIP","floor":7}],"player_experience":473467,"relics_obtained":[{"floor":6,"key":"Toy Ornithopter"}],"event_choices":[{"cards_removed":["downfall:Bewildered"],"damage_healed":0,"gold_gain":0,"player_choice":"Forget","damage_taken":0,"max_hp_gain":0,"max_hp_loss":0,"event_name":"Living Wall","floor":4,"gold_loss":0}],"is_beta":false,"boss_relics":[],"items_purged_floors":[],"is_endless":false,"potions_floor_spawned":[],"killed_by":"3 Sentries","ascension_level":2}}