{"host":"lxgv1wbl12oya7hr","time":1610827024,"event":{"mods":["BaseMod","Minty Spire (QoL Compilation)","Permanent Neow","StSLib"],"gold_per_floor":[109,34,34,34,49,384,384,411,437,453,453,473,648,262,262,360,360,380,395,407,126,146,146,173,173,173,173,173,23,23,51,51,148,148,166,19,19,19,31,31,62,86,109,135,154,154,187,9,9,9,9,9,9,35,35,35],"floor_reached":55,"language":"ENG","playtime":2293,"items_purged":["Strike_R","Doubt","Strike_R","Strike_R"],"score":886,"play_id":"45e6a54c-4f1c-424c-8d64-0b723575077a","local_time":"20210116115704","is_ascension_mode":true,"campfire_choices":[{"data":"Searing Blow","floor":7.0,"key":"SMITH"},{"data":"Searing Blow+1","floor":11.0,"key":"SMITH"},{"data":"Searing Blow+2","floor":15.0,"key":"SMITH"},{"data":"Searing Blow+3","floor":23.0,"key":"SMITH"},{"data":"Searing Blow+4","floor":25.0,"key":"SMITH"},{"data":"Searing Blow+5","floor":27.0,"key":"SMITH"},{"data":"Searing Blow+6","floor":32.0,"key":"SMITH"},{"data":"Berserk","floor":40.0,"key":"SMITH"},{"floor":46,"key":"RECALL"},{"data":"Magnetism","floor":49,"key":"SMITH"},{"data":"Searing Blow+8","floor":52,"key":"SMITH"}],"circlet_count":0,"master_deck":["Strike_R","Strike_R","Defend_R+1","Defend_R","Defend_R+1","Defend_R","Bash+1","Searing Blow+9","Anger+1","Flex","Ghostly Armor","Cleave","Shrug It Off","Berserk+1","Flex+1","Flex+1","Magnetism+1","Limit Break"],"relics":["Burning Blood","Regal Pillow","Pen Nib","Old Coin","Letter Opener","Lantern","Vajra","Black Star","Sling","Shuriken","CaptainsWheel","Art of War","PreservedInsect","War Paint","SlaversCollar","Membership Card","Orichalcum","Boot","Omamori","Whetstone","Ancient Tea Set","Sundial","HornCleat","Dream Catcher","Bottled Tornado","Pear"],"acts_visited":["Exordium","TheCity","TheBeyond","TheEnding"],"potions_floor_usage":[47,47,48,55],"damage_taken":[{"damage":0.0,"enemies":"Small Slimes","floor":1.0,"turns":3.0},{"damage":0.0,"enemies":"Jaw Worm","floor":5.0,"turns":3.0},{"damage":28.0,"enemies":"Gremlin Nob","floor":6.0,"turns":4.0},{"damage":27.0,"enemies":"Lagavulin","floor":8.0,"turns":5.0},{"damage":0.0,"enemies":"2 Louse","floor":10.0,"turns":2.0},{"damage":6.0,"enemies":"Exordium Wildlife","floor":12.0,"turns":3.0},{"damage":22.0,"enemies":"Hexaghost","floor":16.0,"turns":9.0},{"damage":15.0,"enemies":"Shell Parasite","floor":18.0,"turns":5.0},{"damage":0.0,"enemies":"Chosen","floor":19.0,"turns":4.0},{"damage":2.0,"enemies":"3 Cultists","floor":20.0,"turns":4.0},{"damage":19.0,"enemies":"Snake Plant","floor":22.0,"turns":4.0},{"damage":21.0,"enemies":"Gremlin Leader","floor":24.0,"turns":6.0},{"damage":8.0,"enemies":"Slavers","floor":31.0,"turns":5.0},{"damage":14.0,"enemies":"Collector","floor":33.0,"turns":4.0},{"damage":8.0,"enemies":"3 Darklings","floor":35.0,"turns":4.0},{"damage":14.0,"enemies":"3 Shapes","floor":39.0,"turns":3.0},{"damage":13.0,"enemies":"Giant Head","floor":41.0,"turns":3.0},{"damage":1.0,"enemies":"Nemesis","floor":44.0,"turns":5.0},{"damage":3,"enemies":"Sphere and 2 Shapes","floor":45,"turns":5},{"damage":22,"enemies":"Reptomancer","floor":47,"turns":3},{"damage":55,"enemies":"Donu and Deca","floor":50,"turns":8},{"damage":12,"enemies":"Shield and Spear","floor":54,"turns":4},{"damage":97,"enemies":"The Heart","floor":55,"turns":5}],"seed_played":"6291922204113164751","potions_obtained":[{"floor":1.0,"key":"LiquidBronze"},{"floor":6.0,"key":"Strength Potion"},{"floor":8.0,"key":"LiquidMemories"},{"floor":16.0,"key":"Fire Potion"},{"floor":18.0,"key":"DistilledChaos"},{"floor":22.0,"key":"AttackPotion"},{"floor":31.0,"key":"GamblersBrew"},{"floor":33.0,"key":"GamblersBrew"},{"floor":38.0,"key":"DuplicationPotion"},{"floor":38.0,"key":"DistilledChaos"},{"floor":41.0,"key":"Explosive Potion"},{"floor":44,"key":"Block Potion"}],"is_trial":false,"path_per_floor":["M","$","?","?","M","E","R","E","T","M","R","M","?","$","R","B",null,"M","M","M","$","M","R","E","R","T","R","?","$","?","E","R","B",null,"M","$","?","?","M","R","E","T","T","E","M","R","E","$","R","B",null,"R","$","E","B"],"character_chosen":"IRONCLAD","items_purchased":["Lantern","Vajra","Sling","Membership Card","Magnetism","Fruit Juice","Regen Potion"],"campfire_rested":0,"item_purchase_floors":[14,14,21,36,48,48,48],"current_hp_per_floor":[80,80,64,61,67,45,45,24,24,30,30,30,30,30,30,14,80,71,77,80,80,67,67,52,52,52,52,52,52,52,50,50,42,80,78,78,76,76,68,68,61,61,61,66,69,69,53,58,58,9,81,81,81,85,0,0],"gold":35,"neow_bonus":"RANDOM_COMMON_RELIC","is_daily":false,"chose_seed":false,"campfire_upgraded":10,"win_rate":0.0,"timestamp":1610827024,"path_taken":["M","$","?","?","M","E","R","E","T","?","R","M","?","$","R","BOSS","M","M","M","$","M","R","E","R","T","R","?","$","?","E","R","BOSS","M","$","?","?","?","R","E","?","T","E","M","R","E","$","R","BOSS","R","$","E","BOSS"],"items_purchased_type":["Relic","Relic","Relic","Relic","Card","Potion","Potion"],"build_version":"2020-12-22","purchased_purges":4,"victory":false,"max_hp_per_floor":[80,80,80,80,80,80,80,80,80,80,80,80,80,80,80,80,80,80,80,80,80,80,80,80,80,80,80,80,80,80,80,80,80,80,80,80,76,76,76,76,76,76,76,76,76,76,76,81,81,81,81,81,81,91,91,91],"card_choices":[{"not_picked":["Perfected Strike","Ghostly Armor"],"picked":"Searing Blow","floor":1.0},{"not_picked":["Dark Embrace","Warcry"],"picked":"Anger","floor":5.0},{"not_picked":["Twin Strike","Havoc"],"picked":"Flex","floor":6.0},{"not_picked":["Thunderclap","Dropkick"],"picked":"Ghostly Armor","floor":8.0},{"not_picked":["Pommel Strike","Disarm"],"picked":"Cleave","floor":10.0},{"not_picked":["Metallicize","Rampage"],"picked":"Shrug It Off","floor":12.0},{"not_picked":["Reaper","Juggernaut"],"picked":"Berserk","floor":16.0},{"not_picked":["Clash+1","Cleave","Havoc"],"picked":"SKIP","floor":18.0},{"not_picked":["Armaments","True Grit","Clash"],"picked":"SKIP","floor":19.0},{"not_picked":["Clothesline","Combust","Wild Strike"],"picked":"SKIP","floor":20.0},{"not_picked":["Armaments","Heavy Blade","Headbutt"],"picked":"SKIP","floor":22.0},{"not_picked":["Sword Boomerang","Body Slam","Shrug It Off"],"picked":"SKIP","floor":24.0},{"not_picked":["Body Slam","Rupture","Headbutt"],"picked":"SKIP","floor":31.0},{"not_picked":["Pummel","Perfected Strike+1","Body Slam+1"],"picked":"SKIP","floor":35.0},{"not_picked":["Feel No Pain+1","Headbutt+1","Perfected Strike+1"],"picked":"SKIP","floor":39.0},{"not_picked":["Body Slam+1","Second Wind+1","Sword Boomerang+1"],"picked":"SKIP","floor":41.0},{"not_picked":["Feed","Shockwave+1"],"picked":"Flex+1","floor":44},{"not_picked":["Fire Breathing+1","Perfected Strike","Heavy Blade"],"picked":"SKIP","floor":45},{"not_picked":["Iron Wave","Flex","Sword Boomerang"],"picked":"SKIP","floor":47},{"not_picked":["Dark Embrace+1","Clothesline"],"picked":"Limit Break","floor":54}],"player_experience":2278243,"relics_obtained":[{"floor":6.0,"key":"Old Coin"},{"floor":8.0,"key":"Letter Opener"},{"floor":24.0,"key":"Shuriken"},{"floor":24.0,"key":"CaptainsWheel"},{"floor":26.0,"key":"Art of War"},{"floor":31.0,"key":"PreservedInsect"},{"floor":31.0,"key":"War Paint"},{"floor":41.0,"key":"Orichalcum"},{"floor":41.0,"key":"Boot"},{"floor":42.0,"key":"Omamori"},{"floor":43.0,"key":"Whetstone"},{"floor":44,"key":"Ancient Tea Set"},{"floor":44,"key":"Sundial"},{"floor":47,"key":"HornCleat"},{"floor":47,"key":"Dream Catcher"},{"floor":54,"key":"Bottled Tornado"},{"floor":54,"key":"Pear"}],"event_choices":[{"damage_healed":0.0,"max_hp_gain":0.0,"max_hp_loss":0.0,"gold_gain":0.0,"event_name":"Shining Light","player_choice":"Entered Light","floor":3.0,"gold_loss":0.0,"damage_taken":16.0,"cards_upgraded":["Defend_R","Bash"]},{"damage_healed":0.0,"max_hp_gain":0.0,"max_hp_loss":0.0,"gold_gain":0.0,"event_name":"Scrap Ooze","player_choice":"Success","floor":4.0,"gold_loss":0.0,"damage_taken":3.0,"relics_obtained":["Pen Nib"]},{"damage_healed":0.0,"max_hp_gain":0.0,"max_hp_loss":0.0,"gold_gain":175.0,"event_name":"Liars Game","player_choice":"AGREE","floor":13.0,"gold_loss":0.0,"damage_taken":0.0,"cards_obtained":["Doubt"]},{"damage_healed":0.0,"max_hp_gain":0.0,"max_hp_loss":0.0,"gold_gain":0.0,"event_name":"The Library","player_choice":"Read","floor":28.0,"gold_loss":0.0,"damage_taken":0.0,"cards_obtained":["Flex"]},{"damage_healed":0.0,"max_hp_gain":0.0,"max_hp_loss":0.0,"gold_gain":0.0,"event_name":"Ghosts","player_choice":"Ignored","floor":30.0,"gold_loss":0.0,"damage_taken":0.0},{"damage_healed":0.0,"max_hp_gain":0.0,"max_hp_loss":4.0,"gold_gain":0.0,"event_name":"Winding Halls","player_choice":"Max HP","floor":37.0,"gold_loss":0.0,"damage_taken":0.0},{"damage_healed":0.0,"max_hp_gain":0.0,"max_hp_loss":0.0,"gold_gain":0.0,"event_name":"Lab","player_choice":"Got Potions","floor":38.0,"gold_loss":0.0,"damage_taken":0.0}],"is_beta":false,"boss_relics":[{"not_picked":["SacredBark","Snecko Eye"],"picked":"Black Star"},{"not_picked":["Mark of Pain","Runic Pyramid"],"picked":"SlaversCollar"}],"items_purged_floors":[2,14,21,29],"is_endless":false,"potions_floor_spawned":[1,6,8,16,18,22,31,33,41,44],"killed_by":"The Heart","ascension_level":1}}