{"host":"i0m9g0siyue4991n","time":1610797199,"event":{"mods":["100% Spire Juice","ATMod(°¢èªMod)","Act Like it!","BaseMod","BetterRewards","CapriCore","Challenge The Spire","Custom Start","Friendly Minions","Gensokyo","Marisa£¨ìFÓê¡¡Ä§ÀíÉ³£©","Minty Spire (QoL Compilation)","Quick Restart","Reimu£¨²©ÀöÁéÃÎ£©","RumiaBox-Â¶Ã×æ«µÄÉñÃØºÐ×Ó","StSLib","The Administrix","The Immortal","The Servant 0.9.4","Yakumo Yukari mod"],"gold_per_floor":[166,6,47,47,86,138,175,175,198,241,8,8,8,168,168,372,372,426,521,588,650,662,939,951,1138,1150,1231,1409,901,945,990,990,1625,1625,1714,1714,1714,1306,1343,1597,1597,1752,1752,1904,1946,1946,1946,2148,2148,2273,2273,2273,1927,2225,2350],"floor_reached":56,"language":"ZHS","playtime":2815,"items_purged":["Strike_MRS","Strike_MRS","Defend_MRS","Strike_MRS","Defend_MRS","UpSweep","OpenUniverse"],"score":2894,"play_id":"c3f6cf76-ae6d-4f2d-8114-763934a93005","local_time":"20210116193959","is_ascension_mode":true,"campfire_choices":[{"data":"Gensokyo:MarisaTwilightSpark","floor":12,"key":"SMITH"},{"floor":15,"key":"RECALL"},{"data":"MagicChant","floor":32,"key":"SMITH"},{"data":"EscapeVelocity","floor":41,"key":"SMITH"},{"data":"EarthLightRay","floor":47,"key":"SMITH"},{"data":"StarDustReverie","floor":49,"key":"SMITH"},{"data":"ChargingUp","floor":52,"key":"SMITH"}],"circlet_count":0,"master_deck":["AscendersBane","Defend_MRS","TreasureHunter","GalacticHalo","Acceleration","Gensokyo:MarisaTwilightSpark+1","Parasite","Parasite","StarDustReverie+1","CurseOfTheBell","WitchOfGreed","ChargingUp+1","MagicAbsorber","CollectingQuirk+1","ManaRampage+1","EnergyFlow","MagicChant+1","Acceleration","EscapeVelocity+1","Gensokyo:Taser","EarthLightRay+1","Orbital","PulseMagic+1"],"relics":["MiniHakkero","AT_ATBox","AT_ImmortalShieldbow","Anchor","SproutingBranch","AT_MibuBalloonWealth","Incense Burner","Membership Card","Singing Bowl","Peace Pipe","Gensokyo:BookOfSpecters","PreservedInsect","MealTicket","Gensokyo:OccultBall","ShroomBag","AT_TheCollector","AT_ChloranthyRing","Calling Bell","PureWhite:ReiMu","Kunai","MawBank","AT_DeathDance","AT_RedTearstoneRing","Matryoshka","Molten Egg 2","Pen Nib","LastBattle","MagicDraw2","Bottled Flame","AT_EbonyIvory","Toolbox","Runic Dome","AT_Manta","Orrery","War Paint","PlanX","Regal Pillow","Ornamental Fan","AT_ArchangelStaff","GodSword6","Letter Opener","Gambling Chip","MagicDraw4","OrangePellets","Vajra","Orichalcum"],"acts_visited":["Exordium","Gensokyo:Gensokyo","Gensokyo:Gensokyoer","TheEnding"],"potions_floor_usage":[1,20,55,55,55,55],"damage_taken":[{"damage":8,"enemies":"Gensokyo:2_Kodama","floor":1,"turns":8},{"damage":0,"enemies":"Gensokyo:Gryphon","floor":3,"turns":3},{"damage":0,"enemies":"Gensokyo:Python","floor":5,"turns":2},{"damage":0,"enemies":"Gensokyo:Mamizou","floor":6,"turns":5},{"damage":0,"enemies":"Gensokyo:VengefulSpirit","floor":7,"turns":4},{"damage":0,"enemies":"Gensokyo:LivingMonolith","floor":10,"turns":2},{"damage":0,"enemies":"Gensokyo:Aya","floor":14,"turns":4},{"damage":13,"enemies":"Gensokyo:Kokoro","floor":16,"turns":7},{"damage":0,"enemies":"Gensokyo:Chomper","floor":18,"turns":2},{"damage":0,"enemies":"Gensokyo:2_Gloops","floor":19,"turns":2},{"damage":0,"enemies":"Gensokyo:Swordslinger","floor":20,"turns":4},{"damage":4,"enemies":"Gensokyo:Wraith","floor":21,"turns":3},{"damage":10,"enemies":"Gensokyo:Reisen","floor":23,"turns":4},{"damage":44,"enemies":"Gensokyo:Tenshi","floor":25,"turns":7},{"damage":3,"enemies":"Gensokyo:Slime_Group","floor":27,"turns":4},{"damage":26,"enemies":"Gensokyo:Koishi","floor":28,"turns":7},{"damage":5,"enemies":"Gensokyo:Swordslinger","floor":30,"turns":3},{"damage":1,"enemies":"Gensokyo:Wraith","floor":31,"turns":1},{"damage":61,"enemies":"Gensokyo:Eiki","floor":33,"turns":3},{"damage":0,"enemies":"Gensokyo:3_Bats","floor":35,"turns":1},{"damage":0,"enemies":"Gensokyo:AncientGuardian","floor":39,"turns":1},{"damage":0,"enemies":"Gensokyo:Kasen","floor":40,"turns":3},{"damage":0,"enemies":"Gensokyo:Marisa","floor":42,"turns":1},{"damage":0,"enemies":"Gensokyo:Doremy","floor":44,"turns":1},{"damage":0,"enemies":"Gensokyo:Sharpion","floor":45,"turns":1},{"damage":0,"enemies":"Gensokyo:Kasen","floor":48,"turns":1},{"damage":0,"enemies":"Gensokyo:Scarlet_Devils","floor":50,"turns":2},{"damage":0,"enemies":"Shield and Spear","floor":54,"turns":1},{"damage":0,"enemies":"The Heart","floor":55,"turns":2}],"seed_played":"-8602612620019409686","potions_obtained":[{"floor":1,"key":"GamblersBrew"},{"floor":14,"key":"Energy Potion"},{"floor":20,"key":"BlessingOfTheForge"},{"floor":21,"key":"EntropicBrew"},{"floor":28,"key":"StarNLove"}],"is_trial":false,"path_per_floor":["M","?","M","?","M","E","M","?","T","M","$","R","?","E","R","B",null,"M","M","M","M","?","E","?","E","T","M","E","$","M","M","R","B",null,"M","?","?","$","M","E","R","E","T","E","M","T","R","E","R","B",null,"R","$","E","B",null],"character_chosen":"MARISA","items_purchased":["AT_ImmortalShieldbow","Anchor","AT_MibuBalloonWealth","Regen Potion","TreasureHunter","Membership Card","Singing Bowl","GalacticHalo","BlessingOfTheForge","AT_TheCollector","CollectingQuirk+1","Bottled Flame","ManaRampage","EnergyFlow","AT_EbonyIvory","Toolbox","Orrery","War Paint","PlanX","OrangePellets","Vajra","Orichalcum"],"campfire_rested":0,"item_purchase_floors":[0,0,0,0,0,0,0,0,0,11,29,29,29,29,29,29,38,38,38,53,53,53],"current_hp_per_floor":[61,61,72,72,79,81,83,83,83,85,85,85,51,69,69,74,84,87,87,87,89,82,74,74,53,53,66,61,76,84,83,83,35,76,80,80,57,76,82,98,98,100,100,102,104,104,104,106,106,106,106,106,106,108,108],"gold":2350,"neow_bonus":"","is_daily":false,"chose_seed":false,"campfire_upgraded":6,"win_rate":0.0,"timestamp":1610797199,"path_taken":["M","?","M","?","M","E","?","?","T","?","?","R","?","E","R","BOSS","M","M","?","M","?","E","?","E","T","?","E","$","M","M","R","BOSS","M","?","?","$","M","E","R","E","T","E","M","?","R","E","R","BOSS","R","$","E","BOSS"],"items_purchased_type":["Relic","Relic","Relic","Potion","Card","Relic","Relic","Card","Potion","Relic","Card","Relic","Card","Card","Relic","Relic","Relic","Relic","Relic","Relic","Relic","Relic"],"build_version":"2020-12-22","purchased_purges":7,"victory":true,"max_hp_per_floor":[75,75,77,77,79,81,83,83,83,85,85,85,85,87,87,87,87,87,87,87,89,82,84,84,86,86,88,90,90,90,90,90,90,90,92,92,92,96,98,98,98,100,100,102,104,104,104,106,106,106,106,106,106,108,108],"card_choices":[{"not_picked":["GrandCross","OrrerysSun"],"picked":"Acceleration","floor":1},{"not_picked":["FairyDestructionRay","GravityBeat","EnergyFlow"],"picked":"Singing Bowl","floor":3},{"not_picked":["DC","MilkyWay","DeepEcoloBomb"],"picked":"Singing Bowl","floor":5},{"not_picked":["TreasureHunter","UnstableBomb","FairyDestructionRay"],"picked":"Singing Bowl","floor":6},{"not_picked":["UnstableBomb","MeteoricShower","NonDirectionalLaser"],"picked":"Singing Bowl","floor":7},{"not_picked":["GravityBeat","SporeBomb","Singularity"],"picked":"Singing Bowl","floor":10},{"not_picked":["AsteroidBelt","DC","SporeBomb"],"picked":"Singing Bowl","floor":14},{"not_picked":["MaximisePower","TreasureHunter"],"picked":"StarDustReverie","floor":16},{"not_picked":["ChargeUpSpray","SporeBomb"],"picked":"WitchOfGreed","floor":18},{"not_picked":["StarlightTyphoon","6A"],"picked":"OpenUniverse","floor":19},{"not_picked":["MeteoricShower","IllusionStar"],"picked":"ChargingUp","floor":20},{"not_picked":["ShootingEcho","DoubleSpark","GrandCross"],"picked":"Singing Bowl","floor":21},{"not_picked":["WitchOfGreed","PowerUp","BigCrunch"],"picked":"Singing Bowl","floor":23},{"not_picked":["WitchLeyline+1","SporeBomb","GrandCross+1"],"picked":"Singing Bowl","floor":25},{"not_picked":["Singularity","MilkyWay","ShootTheMoon+1"],"picked":"Singing Bowl","floor":27},{"not_picked":["DC+1","MilkyWay","NonDirectionalLaser+1"],"picked":"Singing Bowl","floor":28},{"not_picked":["MagicAbsorber","MysteriousBeam+1"],"picked":"MagicChant","floor":30},{"not_picked":["DoubleSpark+1","WitchOfGreed"],"picked":"Acceleration","floor":31},{"not_picked":["FinalSpark+1","BlazingStar+1"],"picked":"EscapeVelocity","floor":33},{"not_picked":["ShootingEcho+1","PowerUp","StarBarrage+1"],"picked":"Singing Bowl","floor":35},{"not_picked":["6A+1","MilkyWay","OrrerysSun"],"picked":"Singing Bowl","floor":38},{"not_picked":["DoubleSpark+1","6A+1"],"picked":"EarthLightRay","floor":38},{"not_picked":["Occultation+1","NonDirectionalLaser+1"],"picked":"MagicChant","floor":38},{"not_picked":["GalacticHalo+1","PowerUp","6A+1"],"picked":"Singing Bowl","floor":38},{"not_picked":["PowerUp","FinalSpark+1"],"picked":"Orbital","floor":38},{"not_picked":["Acceleration","DarkSpark+1","GrandCross+1"],"picked":"Singing Bowl","floor":39},{"not_picked":["GravityBeat+1","NonDirectionalLaser+1"],"picked":"PulseMagic+1","floor":40},{"not_picked":["TreasureHunter+1","MysteriousBeam+1","6A+1"],"picked":"Singing Bowl","floor":42},{"not_picked":["TreasureHunter+1","MaximisePower","UnstableBomb+1"],"picked":"Singing Bowl","floor":44},{"not_picked":["ShootTheMoon+1","GravityBeat+1","MachineGunSpark+1"],"picked":"Singing Bowl","floor":45},{"not_picked":["StarlightTyphoon","SporeBomb+1","NonDirectionalLaser+1"],"picked":"Singing Bowl","floor":48},{"not_picked":["UnstableBomb+1","AsteroidBelt","MysteriousBeam+1"],"picked":"Singing Bowl","floor":54}],"player_experience":520884,"relics_obtained":[{"floor":6,"key":"PreservedInsect"},{"floor":6,"key":"MealTicket"},{"floor":9,"key":"ShroomBag"},{"floor":14,"key":"AT_ChloranthyRing"},{"floor":16,"key":"Gensokyo:OccultBall"},{"floor":17,"key":"PureWhite:ReiMu"},{"floor":17,"key":"Kunai"},{"floor":17,"key":"MawBank"},{"floor":23,"key":"AT_RedTearstoneRing"},{"floor":23,"key":"Matryoshka"},{"floor":25,"key":"Molten Egg 2"},{"floor":25,"key":"Pen Nib"},{"floor":26,"key":"LastBattle"},{"floor":28,"key":"MagicDraw2"},{"floor":33,"key":"Gensokyo:OccultBall"},{"floor":40,"key":"Regal Pillow"},{"floor":42,"key":"Ornamental Fan"},{"floor":43,"key":"AT_ArchangelStaff"},{"floor":43,"key":"GodSword6"},{"floor":44,"key":"Gensokyo:OccultBall"},{"floor":44,"key":"Letter Opener"},{"floor":46,"key":"Gambling Chip"},{"floor":48,"key":"MagicDraw4"}],"event_choices":[],"is_beta":false,"boss_relics":[{"not_picked":["Pandora\u0027s Box","EasyGame_NEW"],"picked":"Calling Bell"},{"not_picked":["Empty Cage","AT_MortalBlade"],"picked":"Runic Dome"}],"items_purged_floors":[0,0,0,11,29,38,53],"is_endless":false,"potions_floor_spawned":[1,6,14,18,21,25,30,35,42,45,48,54],"ascension_level":13}}