{"host":"gzsdmyo07u314vug","time":1610839798,"event":{"mods":["2.2 Compatiblity","Bard","BaseMod","GifTheSpireLib","Minty Spire (QoL Compilation)","Quick Restart","Rare Cards Sparkle","Relic Stats","Replay The Spire","Robot Space Explorer","Shop Mod","StSLib","The Bug Knight","The Construct","The Elementalist","The IronCluck","The Marked","The Servant 0.9.4","Unceasing Turn Reminder","everything is the same but u backflip on backflip","slay the spire mod where everything is the same but ironclad has a cowboy hat","vexMod"],"gold_per_floor":[116,191,206,221,66,66,77,77,77,150,170,185,216,216,216,322,349,371,85,106,128,152,187,207,207,207,207,218,118,118,118,118,224,224,239,264,112,112,132,132,169,25,25,58,83,83,5,24,24,24],"floor_reached":51,"language":"ENG","playtime":5984,"items_purged":["ReplayTheSpireMod:Doomed","bard:Strike"],"score":1001,"play_id":"fb65d792-e6d9-4355-bac3-4520f631d2ae","local_time":"20210116202958","is_ascension_mode":true,"campfire_choices":[{"data":"bard:FeastOnFear","floor":6,"key":"SMITH"},{"data":"bard:InspiringSong","floor":8,"key":"SMITH"},{"floor":15,"key":"DIG"},{"data":"Injury","floor":25,"key":"PURGE"},{"data":"ReplayTheSpireMod:Splinters","floor":27,"key":"PURGE"},{"data":"bard:SplendidForm","floor":30,"key":"SMITH"},{"data":"bard:HarmoniousVoice","floor":32,"key":"SMITH"},{"floor":40,"key":"REST"},{"data":"bard:Strike","floor":49,"key":"PURGE"}],"circlet_count":0,"master_deck":["bard:Strike","bard:Strike","bard:Defend","bard:Defend","bard:Defend","bard:Defend","bard:Riposte+1","bard:Inspire","bard:FeastOnFear+1","bard:ViciousMockery","bard:InspiringSong+1","bard:FeastOnFear","bard:Heroism","bard:LifeDrain","bard:SplendidForm+1","bard:Thunderwave","bard:GlyphOfWarding","bard:GreaterMagicWeapon+1","bard:Balestra","bard:HarmoniousVoice+1","bard:Blink","bard:Sonata","bard:Parry","bard:Parry","bard:SongBolt+1","bard:Parry+1","bard:TinyHut"],"relics":["bard:PitchPipe","bard:BagPipes","vexMod:TimeEaterHat","Onion Ring","Nunchaku","vexMod:Dragonfruit","CeramicFish","Replay:Ancient Bell","Oddly Smooth Stone","Mirror","Peace Pipe","bard:ConductorsBaton","Iron Hammer","Omamori","vexMod:BigBerry","Sling","Regal Pillow","Lee\u0027s Waffle","ReplayTheSpireMod:Lightbulb","vexMod:ScavengeHelm"],"acts_visited":["Exordium","TheCity","TheBeyond"],"potions_floor_usage":[23,31,33,33,38,39,39,41,50,50,50],"damage_taken":[{"damage":0.0,"enemies":"Jaw Worm","floor":1.0,"turns":3.0},{"damage":0,"enemies":"Cultist","floor":3,"turns":3},{"damage":0,"enemies":"2 Louse","floor":4,"turns":3},{"damage":0,"enemies":"Large Slime","floor":7,"turns":4},{"damage":0,"enemies":"3 Louse","floor":11,"turns":2},{"damage":0,"enemies":"Exordium Thugs","floor":12,"turns":4},{"damage":5,"enemies":"Lagavulin","floor":13,"turns":9},{"damage":8,"enemies":"The Guardian","floor":16,"turns":12},{"damage":7,"enemies":"Shell Parasite","floor":18,"turns":7},{"damage":6,"enemies":"2 Thieves","floor":20,"turns":4},{"damage":15,"enemies":"Sentry and Sphere","floor":21,"turns":6},{"damage":6,"enemies":"Snake Plant","floor":22,"turns":5},{"damage":0,"enemies":"HollowMod:Nosk","floor":23,"turns":11},{"damage":0,"enemies":"Cultist and Chosen","floor":24,"turns":6},{"damage":1,"enemies":"Snecko","floor":28,"turns":5},{"damage":0,"enemies":"Centurion and Healer","floor":31,"turns":1},{"damage":32,"enemies":"Pondfish","floor":33,"turns":11},{"damage":25,"enemies":"Orb Walker","floor":35,"turns":5},{"damage":13,"enemies":"3 Darklings","floor":36,"turns":9},{"damage":58,"enemies":"Transient","floor":39,"turns":5},{"damage":24,"enemies":"HollowMod:StalkingDevout","floor":41,"turns":11},{"damage":12,"enemies":"Giant Head","floor":44,"turns":11},{"damage":0,"enemies":"Spire Growth","floor":45,"turns":12},{"damage":0,"enemies":"Maw","floor":48,"turns":9},{"damage":27,"enemies":"Awakened One","floor":50,"turns":18}],"seed_played":"1842918010291276894","potions_obtained":[{"floor":1.0,"key":"FearPotion"},{"floor":10,"key":"SmokeBomb"},{"floor":10,"key":"construct:ShiftPotion"},{"floor":12,"key":"Dexterity Potion"},{"floor":24,"key":"DuplicationPotion"},{"floor":36,"key":"Fire Potion"},{"floor":38,"key":"Fruit Juice"},{"floor":38,"key":"Languid Potion"},{"floor":38,"key":"ColorlessPotion"},{"floor":44,"key":"Fire Potion"},{"floor":48,"key":"Block Potion"}],"is_trial":false,"path_per_floor":["M","?","M","M","$","R","M","R","T","?","M","M","E","?","R","B",null,"M","$","M","M","M","E","M","R","T","R","M","$","R","M","R","B",null,"M","M","$","?","M","R","E","$","T","E","M","?","$","M","R","B",null],"character_chosen":"BARD","items_purchased":["vexMod:TimeEaterHat","bard:ConductorsBaton","bard:GlyphOfWarding","Sling","Lee\u0027s Waffle","DistilledChaos"],"campfire_rested":1,"item_purchase_floors":[5,19,19,37,42,47],"current_hp_per_floor":[70,63,63,63,63,63,63,63,63,46,46,46,46,46,46,38,75,68,68,62,47,41,41,41,41,41,41,40,40,40,40,40,8,105,80,67,67,72,14,47,23,117,117,105,105,105,105,105,105,78],"gold":24,"neow_bonus":"RANDOM_EVENT","is_daily":false,"chose_seed":false,"campfire_upgraded":4,"win_rate":0.0,"timestamp":1610839798,"path_taken":["M","?","M","?","$","R","?","R","T","?","M","M","E","?","R","BOSS","M","$","M","M","M","E","M","R","T","R","M","$","R","M","R","BOSS","M","M","$","?","M","R","E","?","T","E","M","?","$","M","R","BOSS"],"items_purchased_type":["Relic","Relic","Card","Relic","Relic","Potion"],"build_version":"2020-12-22","purchased_purges":2,"victory":true,"max_hp_per_floor":[70,70,70,70,70,70,70,70,70,70,70,70,75,75,75,75,75,75,75,75,75,75,75,75,75,75,75,75,75,75,75,75,75,105,105,105,105,110,110,110,110,117,117,117,117,117,117,117,117,117],"relic_stats":{"Peace Pipe":3,"Nunchaku":[18],"Regal Pillow":0,"Lee\u0027s Waffle":94,"counters":[25,176],"CeramicFish":144,"obtain_stats":[{"bard:BagPipes":0,"Regal Pillow":41,"Lee\u0027s Waffle":42,"bard:PitchPipe":0,"vexMod:ScavengeHelm":44,"CeramicFish":15,"Oddly Smooth Stone":17,"vexMod:TimeEaterHat":5,"Replay:Ancient Bell":17,"Omamori":26,"Sling":37,"vexMod:Dragonfruit":13,"Peace Pipe":17,"bard:ConductorsBaton":19,"Nunchaku":10,"Onion Ring":9,"Iron Hammer":23,"Mirror":17,"ReplayTheSpireMod:Lightbulb":43,"vexMod:BigBerry":34},{"bard:BagPipes":0,"Regal Pillow":21,"Lee\u0027s Waffle":21,"bard:PitchPipe":0,"vexMod:ScavengeHelm":22,"CeramicFish":7,"Oddly Smooth Stone":8,"vexMod:TimeEaterHat":3,"Replay:Ancient Bell":8,"Omamori":14,"Sling":19,"vexMod:Dragonfruit":7,"Peace Pipe":8,"bard:ConductorsBaton":9,"Nunchaku":4,"Onion Ring":4,"Iron Hammer":13,"Mirror":8,"ReplayTheSpireMod:Lightbulb":21,"vexMod:BigBerry":17},{"bard:BagPipes":0,"Regal Pillow":126,"Lee\u0027s Waffle":126,"bard:PitchPipe":0,"vexMod:ScavengeHelm":137,"CeramicFish":28,"Oddly Smooth Stone":40,"vexMod:TimeEaterHat":9,"Replay:Ancient Bell":40,"Omamori":79,"Sling":110,"vexMod:Dragonfruit":28,"Peace Pipe":40,"bard:ConductorsBaton":47,"Nunchaku":13,"Onion Ring":13,"Iron Hammer":73,"Mirror":40,"ReplayTheSpireMod:Lightbulb":126,"vexMod:BigBerry":96}]},"card_choices":[{"not_picked":["bard:CuttingWords","bard:BucklerBash"],"picked":"bard:FeastOnFear","floor":1.0},{"not_picked":["bard:BucklerBash","bard:Gamble"],"picked":"bard:ViciousMockery","floor":3},{"not_picked":["bard:Sift","bard:EchoEcho","bard:ViciousMockery"],"picked":"SKIP","floor":4},{"not_picked":["bard:Gamble","bard:ReverseGravity"],"picked":"bard:InspiringSong","floor":7},{"not_picked":["bard:Demoralize","bard:Balestra"],"picked":"bard:FeastOnFear","floor":11},{"not_picked":["bard:InspiringSong","bard:TinyHut"],"picked":"bard:Heroism","floor":12},{"not_picked":["bard:Rest","bard:PhantasmalForce"],"picked":"bard:LifeDrain","floor":13},{"not_picked":["bard:MnemonicVestments","bard:CovetousAura"],"picked":"bard:SplendidForm","floor":16},{"not_picked":["ReplayTheSpireMod:Restless Dread","CommonCold"],"picked":"ReplayTheSpireMod:Doomed","floor":17},{"not_picked":["Shame","Replay:Hysterical Blindness"],"picked":"Injury","floor":17},{"not_picked":["ReplayTheSpireMod:Faulty Equipment","Hallucinations"],"picked":"ReplayTheSpireMod:Splinters","floor":17},{"not_picked":["bard:ViciousMockery","bard:DervishDance"],"picked":"bard:Thunderwave","floor":18},{"not_picked":["bard:FaerieFire","bard:DiscordantVoice"],"picked":"bard:GreaterMagicWeapon+1","floor":20},{"not_picked":["bard:FeastOnFear","bard:EchoEcho","bard:Balestra"],"picked":"SKIP","floor":21},{"not_picked":["bard:FeastOnFear","bard:EchoEcho"],"picked":"bard:Balestra","floor":21},{"not_picked":["bard:InspiringSong","bard:StudiedStrike"],"picked":"bard:HarmoniousVoice","floor":22},{"not_picked":["bard:SixFourTime","bard:StudiedStrike"],"picked":"bard:Blink","floor":23},{"not_picked":["bard:Doot","bard:LingeringEcho","bard:PowerWordStun"],"picked":"SKIP","floor":24},{"not_picked":["bard:LifeDrain","bard:Greatness+1","bard:BucklerBash+1"],"picked":"SKIP","floor":28},{"not_picked":["bard:BottledSong","bard:CovetousAura"],"picked":"bard:Sonata","floor":33},{"not_picked":["bard:LingeringPerformance+1","bard:StudiedStrike","bard:Fermata"],"picked":"SKIP","floor":35},{"not_picked":["bard:StudiedStrike","bard:Silence"],"picked":"bard:Parry","floor":36},{"not_picked":["bard:ViciousMockery","bard:Fermata"],"picked":"bard:Parry","floor":39},{"not_picked":["bard:LingeringPerformance+1","bard:ThickOfTheFight+1"],"picked":"bard:SongBolt+1","floor":41},{"not_picked":["bard:Flourish","bard:Wish","bard:Thunderwave"],"picked":"SKIP","floor":44},{"not_picked":["bard:TinyHut+1","bard:HideousLaughter"],"picked":"bard:Parry+1","floor":45},{"not_picked":["bard:Parry+1","bard:Thunderwave+1"],"picked":"bard:TinyHut","floor":48}],"player_experience":665832,"relics_obtained":[{"floor":9,"key":"Onion Ring"},{"floor":10,"key":"Nunchaku"},{"floor":13,"key":"vexMod:Dragonfruit"},{"floor":15,"key":"CeramicFish"},{"floor":23,"key":"Iron Hammer"},{"floor":26,"key":"Omamori"},{"floor":41,"key":"Regal Pillow"},{"floor":43,"key":"ReplayTheSpireMod:Lightbulb"},{"floor":44,"key":"vexMod:ScavengeHelm"}],"event_choices":[{"damage_healed":0,"gold_gain":75,"player_choice":"Touch","damage_taken":7,"max_hp_gain":0,"max_hp_loss":0,"event_name":"FaceTrader","floor":2,"gold_loss":0},{"damage_healed":0,"gold_gain":0,"player_choice":"Ignored","damage_taken":0,"max_hp_gain":0,"max_hp_loss":0,"event_name":"Liars Game","floor":14,"gold_loss":0},{"damage_healed":0,"gold_gain":0,"player_choice":"Got Potions","damage_taken":0,"max_hp_gain":0,"max_hp_loss":0,"event_name":"Lab","floor":38,"gold_loss":0},{"damage_healed":0,"gold_gain":0,"player_choice":"Bought 0 Potions","damage_taken":0,"max_hp_gain":0,"max_hp_loss":0,"event_name":"The Woman in Blue","floor":46,"gold_loss":0}],"is_beta":false,"boss_relics":[{"not_picked":["vexMod:FluxCapacitor","construct:WeddingRing"],"picked":"Replay:Ancient Bell"},{"not_picked":["Grinning Jar","Dream Catcher"],"picked":"Oddly Smooth Stone"},{"not_picked":["construct:FoamFinger","Replay:Bottled Flurry"],"picked":"Mirror"},{"not_picked":["Lizard Tail","Calipers"],"picked":"Peace Pipe"},{"not_picked":["ChewingGum","SacredBark"],"picked":"vexMod:BigBerry"}],"items_purged_floors":[19,29],"is_endless":false,"potions_floor_spawned":[1,12,13,18,22,24,36,44,48],"ascension_level":1}}