{"host":"7zdktqb5xjtif29d","time":1610757100,"event":{"mods":["AchievementEnabler","BaseMod","Colored Map","Colored Powertips","Highlight Path","Minty Spire (QoL Compilation)","Rare Cards Sparkle","SuperFastMode","Waifu the Spire","everything is the same but u backflip on backflip"],"gold_per_floor":[110,125,142,142,142,176,176,193,193,193,219,229,248,262,262,262,262],"floor_reached":16,"language":"ENG","playtime":602,"items_purged":[],"score":125,"play_id":"c176d082-9d06-4e67-811d-c49903ee7838","local_time":"20210116003140","is_ascension_mode":true,"campfire_choices":[{"floor":7,"key":"REST"},{"floor":10,"key":"REST"},{"floor":15,"key":"REST"}],"circlet_count":0,"master_deck":["Strike_G","Strike_G","Strike_G","Strike_G","Defend_G","Defend_G","Defend_G","Defend_G","Defend_G","Survivor","Neutralize","PiercingWail","Noxious Fumes","Flying Knee","Bane+1","Poisoned Stab+1"],"relics":["Ring of the Snake","Frozen Egg 2","Molten Egg 2","Bottled Tornado"],"acts_visited":["Exordium"],"potions_floor_usage":[12,16],"damage_taken":[{"damage":2,"enemies":"Jaw Worm","floor":1,"turns":5},{"damage":3,"enemies":"Small Slimes","floor":2,"turns":6},{"damage":0,"enemies":"Cultist","floor":3,"turns":5},{"damage":54,"enemies":"Gremlin Nob","floor":6,"turns":6},{"damage":0,"enemies":"Looter","floor":8,"turns":5},{"damage":27,"enemies":"Lagavulin","floor":11,"turns":9},{"damage":26,"enemies":"Large Slime","floor":12,"turns":9},{"damage":0,"enemies":"Red Slaver","floor":13,"turns":4},{"damage":4,"enemies":"3 Louse","floor":14,"turns":4},{"damage":35,"enemies":"Slime Boss","floor":16,"turns":3}],"seed_played":"6052873419782455568","potions_obtained":[{"floor":3,"key":"BlessingOfTheForge"},{"floor":8,"key":"Poison Potion"},{"floor":11,"key":"ColorlessPotion"},{"floor":12,"key":"BlessingOfTheForge"}],"is_trial":false,"path_per_floor":["M","M","M","?","?","E","R","M","T","R","E","M","M","M","R","B"],"character_chosen":"THE_SILENT","items_purchased":[],"campfire_rested":3,"item_purchase_floors":[],"current_hp_per_floor":[75,72,72,72,72,18,41,41,41,64,37,11,11,7,30,0,0],"gold":262,"neow_bonus":"TEN_PERCENT_HP_BONUS","is_daily":false,"chose_seed":false,"campfire_upgraded":0,"win_rate":0.0,"timestamp":1610757100,"path_taken":["M","M","M","?","?","E","R","?","T","R","E","M","M","M","R","BOSS"],"items_purchased_type":[],"build_version":"2020-12-22","purchased_purges":0,"victory":false,"max_hp_per_floor":[77,77,77,77,77,77,77,77,77,77,77,77,77,77,77,77,77],"card_choices":[{"not_picked":["Blade Dance","Quick Slash"],"picked":"PiercingWail","floor":1},{"not_picked":["Flechettes","Slice","Dagger Spray"],"picked":"SKIP","floor":2},{"not_picked":["Choke","Concentrate"],"picked":"Noxious Fumes","floor":3},{"not_picked":["Heel Hook","Footwork+1"],"picked":"Flying Knee","floor":6},{"not_picked":["Dodge and Roll","Deflect","Cloak And Dagger"],"picked":"SKIP","floor":8},{"not_picked":["Riddle With Holes+1","Dagger Spray+1","Caltrops+1"],"picked":"SKIP","floor":11},{"not_picked":["Finisher+1","Blur"],"picked":"Bane+1","floor":12},{"not_picked":["Terror","Infinite Blades+1","Underhanded Strike+1"],"picked":"SKIP","floor":13},{"not_picked":["Dagger Spray+1","Acrobatics"],"picked":"Poisoned Stab+1","floor":14}],"player_experience":225312,"relics_obtained":[{"floor":6,"key":"Frozen Egg 2"},{"floor":9,"key":"Molten Egg 2"},{"floor":11,"key":"Bottled Tornado"}],"event_choices":[{"cards_removed":["Strike_G"],"damage_healed":0,"gold_gain":0,"player_choice":"Forget","damage_taken":0,"max_hp_gain":0,"max_hp_loss":0,"event_name":"Living Wall","floor":4,"gold_loss":0},{"damage_healed":0,"gold_gain":0,"player_choice":"Bought 0 Potions","damage_taken":0,"max_hp_gain":0,"max_hp_loss":0,"event_name":"The Woman in Blue","floor":5,"gold_loss":0}],"is_beta":false,"boss_relics":[],"items_purged_floors":[],"is_endless":false,"potions_floor_spawned":[3,8,11,12,14],"killed_by":"Slime Boss","ascension_level":2}}