{"host":"0ulgfg5uyx5zlmwg","time":1610769379,"event":{"mods":["Act Like it!","BaseMod","BetterRewards","Challenge The Spire","Custom Start","Grow up Mod","Marked Mod","Minty Spire (QoL Compilation)","RumiaBox-露米娅的神秘盒子","Spicy Shops","StSLib","TestMod","vexMod","【功能Mod】混沌之环修复补丁","【遗物卡牌】REMEMod","篝火指南"],"gold_per_floor":[15,15,15,15,65,65,82,100,100,10,25,25,48,76,76,175,175,185,200,122,135,135,135,147,50,76,76,93,68,87,87,87,190,190,206,206,253,271,271,305,123,137,137,137,152,152,181,201,201,201,201,20,20,50,50],"floor_reached":56,"language":"ZHS","playtime":3450,"items_purged":["Strike_R"],"score":1615,"play_id":"55e949c7-6e14-455a-aa57-fb519dd35e31","local_time":"20210116115619","is_ascension_mode":true,"campfire_choices":[{"data":"testmod-FightingIntention","floor":6.0,"key":"SMITH"},{"data":"Shrug It Off","floor":15.0,"key":"SMITH"},{"data":"Metallicize","floor":23.0,"key":"SMITH"},{"data":"Discovery","floor":32.0,"key":"SMITH"},{"data":"Rage","floor":44.0,"key":"SMITH"},{"floor":49,"key":"RECALL"}],"circlet_count":0,"master_deck":["Strike_R","Strike_R","Strike_R","Strike_R","Defend_R","Defend_R","Defend_R","Defend_R","Bash","testmod-FightingIntention+1","Shrug It Off+1","Heavy Blade+1","Cleave","Heavy Blade","Sword Boomerang","Cleave","Shrug It Off","Metallicize+1","Seeing Red","Discovery+1","Intimidate+1","Impervious","Armaments+1","Deep Breath","Rage+1","Pummel+1","testmod-ComboMaster","Rage+1","Seeing Red+1","Second Wind","Spot Weakness"],"relics":["Burning Blood","testmod-TestBox","REME_ComplimentaryCards","testmod-Register","testmod-CrystalShield","SecretRecord","SecretRecord","SecretRecord","SecretRecord","SecretRecord","SecretRecord","SecretRecord","Anchor","Bag of Preparation","SecretRecord","Brimstone","testmod-IndustrialRevolution"],"acts_visited":["Exordium","TheCity","TheBeyond","TheEnding"],"potions_floor_usage":[45,55],"damage_taken":[{"damage":6.0,"enemies":"Cultist","floor":1.0,"turns":3.0},{"damage":10.0,"enemies":"Small Slimes","floor":7.0,"turns":4.0},{"damage":6.0,"enemies":"Jaw Worm","floor":8.0,"turns":3.0},{"damage":8.0,"enemies":"Blue Slaver","floor":11.0,"turns":3.0},{"damage":0.0,"enemies":"The Mushroom Lair","floor":13.0,"turns":2.0},{"damage":0.0,"enemies":"Gremlin Nob","floor":14.0,"turns":2.0},{"damage":0.0,"enemies":"The Guardian","floor":16.0,"turns":5.0},{"damage":0.0,"enemies":"Spheric Guardian","floor":18.0,"turns":2.0},{"damage":0.0,"enemies":"Shell Parasite","floor":19.0,"turns":3.0},{"damage":0.0,"enemies":"Shelled Parasite and Fungi","floor":21.0,"turns":3.0},{"damage":2.0,"enemies":"Cultist and Chosen","floor":24.0,"turns":3.0},{"damage":0.0,"enemies":"Centurion and Healer","floor":28.0,"turns":4.0},{"damage":0.0,"enemies":"Snecko","floor":30.0,"turns":2.0},{"damage":0.0,"enemies":"Champ","floor":33.0,"turns":3.0},{"damage":0.0,"enemies":"3 Shapes","floor":35.0,"turns":6.0},{"damage":6.0,"enemies":"3 Darklings","floor":38.0,"turns":3.0},{"damage":0.0,"enemies":"Giant Head","floor":40.0,"turns":5.0},{"damage":0.0,"enemies":"Jaw Worm Horde","floor":42.0,"turns":2.0},{"damage":5,"enemies":"Writhing Mass","floor":45,"turns":2},{"damage":0,"enemies":"Nemesis","floor":47,"turns":7},{"damage":0,"enemies":"3 Darklings","floor":48,"turns":4},{"damage":0,"enemies":"Donu and Deca","floor":50,"turns":4},{"damage":0,"enemies":"Shield and Spear","floor":54,"turns":2},{"damage":48,"enemies":"The Heart","floor":55,"turns":7}],"seed_played":"-8737219258739799399","potions_obtained":[{"floor":8.0,"key":"LiquidMemories"},{"floor":11.0,"key":"Ancient Potion"},{"floor":13.0,"key":"AttackPotion"},{"floor":19.0,"key":"Strength Potion"},{"floor":30.0,"key":"BlessingOfTheForge"},{"floor":38.0,"key":"Energy Potion"},{"floor":40.0,"key":"BloodPotion"},{"floor":54,"key":"BloodPotion"}],"is_trial":false,"path_per_floor":["M","$","$","?","T","R","M","M","T","$","M","?","?","E","R","B",null,"M","M","$","M","?","R","M","$","T","T","M","?","M","?","R","B",null,"M","?","T","M","?","E","R","M","T","R","M","?","E","M","R","B",null,"R","$","E","B",null],"character_chosen":"IRONCLAD","items_purchased":["Heavy Blade","Cleave","Metallicize","Discovery","testmod-ComboMaster","Brimstone","Second Wind"],"campfire_rested":0,"item_purchase_floors":[10,10,20,25,41,52,52],"current_hp_per_floor":[100,110,120,130,140,150,156,166,176,186,194,204,220,230,240,250,260,270,280,290,300,310,320,330,340,350,360,370,380,390,400,410,420,430,440,450,460,470,480,490,500,510,520,530,540,523,533,543,553,563,573,583,593,603,623],"gold":50,"neow_bonus":"ONE_RARE_RELIC","is_daily":false,"chose_seed":false,"campfire_upgraded":5,"win_rate":0.0,"timestamp":1610769379,"path_taken":["M","?","$","?","?","R","M","M","T","?","?","?","?","E","R","BOSS","M","M","$","M","?","R","?","?","T","?","?","?","M","?","R","BOSS","M","?","?","M","?","E","R","?","T","R","M","?","E","M","R","BOSS","R","$","E","BOSS"],"items_purchased_type":["Card","Card","Card","Card","Card","Relic","Card"],"build_version":"2020-12-22","purchased_purges":1,"victory":true,"max_hp_per_floor":[100,110,120,130,140,150,160,170,180,190,200,210,220,230,240,250,260,270,280,290,300,310,320,330,340,350,360,370,380,390,400,410,420,430,440,450,460,470,480,490,500,510,520,530,540,523,533,543,553,563,573,583,593,603,623],"card_choices":[{"not_picked":["Warcry","Burning Pact","Shockwave"],"picked":"SKIP","floor":1.0},{"not_picked":["Power Through","Body Slam","Searing Blow"],"picked":"SKIP","floor":7.0},{"not_picked":["Rampage","Anger"],"picked":"Shrug It Off","floor":8.0},{"not_picked":["Twin Strike","Havoc"],"picked":"Heavy Blade","floor":11.0},{"not_picked":["Headbutt","Clothesline"],"picked":"Sword Boomerang","floor":13.0},{"not_picked":["Pommel Strike","Carnage"],"picked":"Cleave","floor":14.0},{"not_picked":["Sever Soul","Warcry","Wild Strike"],"picked":"SKIP","floor":18.0},{"not_picked":["Wild Strike","Havoc"],"picked":"Shrug It Off","floor":19.0},{"not_picked":["Twin Strike","True Grit","Headbutt"],"picked":"SKIP","floor":21.0},{"not_picked":["Combust+1","Pommel Strike"],"picked":"Seeing Red","floor":24.0},{"not_picked":["Anger","Heavy Blade+1","Shockwave"],"picked":"SKIP","floor":28.0},{"not_picked":["Battle Trance+1","REME_SingleHolding"],"picked":"Intimidate+1","floor":30.0},{"not_picked":["Reaper","Corruption"],"picked":"Impervious","floor":33.0},{"not_picked":["True Grit","Dual Wield+1"],"picked":"Armaments+1","floor":35.0},{"not_picked":["Bandage Up","REME_ProfessionalPlagiarism"],"picked":"Deep Breath","floor":36.0},{"not_picked":["Havoc+1","Wild Strike+1"],"picked":"Rage","floor":38.0},{"not_picked":["REME_ACTH","Cleave+1"],"picked":"Pummel+1","floor":40.0},{"not_picked":["Cleave+1","Anger+1","Havoc"],"picked":"SKIP","floor":42.0},{"not_picked":["Anger+1","Heavy Blade+1"],"picked":"Rage+1","floor":45},{"not_picked":["Headbutt+1","Blood for Blood+1","Power Through+1"],"picked":"SKIP","floor":47},{"not_picked":["Twin Strike","Armaments+1"],"picked":"Seeing Red+1","floor":48},{"not_picked":["Blood for Blood","Heavy Blade+1"],"picked":"Spot Weakness","floor":54}],"player_experience":496056,"relics_obtained":[{"floor":1.0,"key":"AddBug"},{"floor":9.0,"key":"Pantograph"},{"floor":11.0,"key":"SecretRecord"},{"floor":13.0,"key":"SecretRecord"},{"floor":13.0,"key":"Odd Mushroom"},{"floor":14.0,"key":"SecretRecord"},{"floor":14.0,"key":"Lantern"},{"floor":19.0,"key":"SecretRecord"},{"floor":26.0,"key":"Potion Belt"},{"floor":27.0,"key":"Thread and Needle"},{"floor":28.0,"key":"SecretRecord"},{"floor":37.0,"key":"Dream Catcher"},{"floor":38.0,"key":"SecretRecord"},{"floor":40.0,"key":"Anchor"},{"floor":43.0,"key":"Bag of Preparation"},{"floor":47,"key":"SecretRecord"},{"floor":54,"key":"testmod-IndustrialRevolution"}],"event_choices":[{"damage_healed":0.0,"max_hp_gain":0.0,"max_hp_loss":0.0,"gold_gain":0.0,"event_name":"Golden Wing","player_choice":"Ignored","floor":4.0,"gold_loss":0.0,"damage_taken":0.0},{"damage_healed":0.0,"max_hp_gain":0.0,"max_hp_loss":0.0,"gold_gain":0.0,"event_name":"Living Wall","player_choice":"Grow","floor":12.0,"gold_loss":0.0,"damage_taken":0.0,"cards_upgraded":["Heavy Blade"]},{"damage_healed":0.0,"max_hp_gain":0.0,"max_hp_loss":0.0,"gold_gain":0.0,"event_name":"Mushrooms","player_choice":"Fought Mushrooms","floor":13.0,"gold_loss":0.0,"damage_taken":0.0},{"damage_healed":0.0,"max_hp_gain":0.0,"max_hp_loss":0.0,"gold_gain":0.0,"event_name":"The Woman in Blue","player_choice":"Bought 0 Potions","floor":22.0,"gold_loss":0.0,"damage_taken":0.0},{"damage_healed":0.0,"max_hp_gain":0.0,"max_hp_loss":0.0,"gold_gain":0.0,"event_name":"Ghosts","player_choice":"Ignored","floor":31.0,"gold_loss":0.0,"damage_taken":0.0},{"damage_healed":0.0,"max_hp_gain":0.0,"max_hp_loss":0.0,"gold_gain":0.0,"event_name":"SensoryStone","player_choice":"Memory 1","floor":36.0,"gold_loss":0.0,"damage_taken":0.0},{"damage_healed":0.0,"max_hp_gain":0.0,"max_hp_loss":0.0,"gold_gain":0.0,"event_name":"给自己的盒子","player_choice":"Swap Relic","floor":39.0,"relics_lost":["AddBug"],"gold_loss":0.0,"damage_taken":0.0,"relics_obtained":["testmod-TestBox"]},{"damage_healed":0,"gold_gain":0,"player_choice":"Max HP","damage_taken":0,"max_hp_gain":0,"max_hp_loss":27,"event_name":"Winding Halls","floor":46,"gold_loss":0}],"is_beta":false,"boss_relics":[{"not_picked":["Philosopher\u0027s Stone","REME_LowDesire"],"picked":"REME_ChargedStone"},{"not_picked":["REME_DuelDisc","testmod-Fanaticism"],"picked":"SacredBark"}],"items_purged_floors":[41],"is_endless":false,"potions_floor_spawned":[8,11,13,19,21,30,38,40,45,54],"ascension_level":1}}