{"host":"fghh6uc8siqeqraf","time":1610808013,"event":{"mods":["AchievementEnabler","BaseMod","Colored Powertips","Googly Eyes","Hermit","Lobotomy","Minty Spire (QoL Compilation)","Replay The Spire","Shop Mod","StSLib","The Cursed","The Hierophant"],"gold_per_floor":[111,129,148,73,86,86,121,121,146,146,157,176,176,126,126,228,228,247,222,242,258,258,284,284,284,284,284,296,296,296,296,308,308,308,404,404,419,225,239,259,271,290,301,301,301,251,251,251,251,251,251,251],"floor_reached":53,"language":"ZHS","playtime":5585,"items_purged":["Strike_R","Bash","Defend_R"],"score":731,"play_id":"d2ce37e7-320b-4e03-8930-1d7c47ee7f0b","local_time":"20210116224013","is_ascension_mode":false,"campfire_choices":[{"data":"Iron Wave","floor":6.0,"key":"SMITH"},{"data":"Heavy Blade","floor":8.0,"key":"SMITH"},{"data":"Spot Weakness","floor":10.0,"key":"SMITH"},{"data":"Armaments","floor":15.0,"key":"SMITH"},{"data":"Iron Wave","floor":27,"key":"SMITH"},{"data":"ReplayTheSpireMod:Stacked","floor":31,"key":"SMITH"},{"floor":34,"key":"REST"},{"data":"Juggernaut","floor":44,"key":"SMITH"},{"floor":47,"key":"REST"},{"data":"Cleave","floor":49,"key":"SMITH"},{"floor":51,"key":"DIG"}],"circlet_count":0,"master_deck":["Apo_Pray","Apo_SoulSlash","Apo_Charge","Apo_Charge","Apo_Charge","Apo_Charge","Apo_Beam","Apo_Beam","Apo_Beam","Apo_Execute","Apo_Slash","Apo_Slash","Apo_SoulSlash"],"relics":["Burning Blood","CogitoBucket","Oddly Smooth Stone","Smiling Mask","BehaviorAdjustment","ReplayTheSpireMod:Ring of Collecting","Ring of Misfortune","Sozu","AspirationHeart","ReplayTheSpireMod:Lightbulb","Ring of Searing","Shuriken","Ring of Hypnosis","Bottled Lightning","Velvet Choker","SkinProphecy","Happy Flower","Ring of Panic","Lantern","ApostleMask","Replay:WaspNest"],"acts_visited":["Exordium","TheCity","TheBeyond"],"potions_floor_usage":[],"damage_taken":[{"damage":7.0,"enemies":"2 Louse","floor":1.0,"turns":4.0},{"damage":11.0,"enemies":"Small Slimes","floor":2.0,"turns":3.0},{"damage":6.0,"enemies":"Jaw Worm","floor":3.0,"turns":3.0},{"damage":18.0,"enemies":"2 Fungi Beasts","floor":5.0,"turns":5.0},{"damage":21.0,"enemies":"3 Sentries","floor":7.0,"turns":6.0},{"damage":16.0,"enemies":"Large Slime","floor":11.0,"turns":6.0},{"damage":10.0,"enemies":"Looter","floor":12.0,"turns":2.0},{"damage":36.0,"enemies":"Fading Forest","floor":16.0,"turns":11.0},{"damage":1.0,"enemies":"3 Byrds","floor":18.0,"turns":6.0},{"damage":1.0,"enemies":"2 Thieves","floor":19.0,"turns":5.0},{"damage":48,"enemies":"Cultist and Chosen","floor":20,"turns":8},{"damage":21,"enemies":"Snake Plant","floor":21,"turns":6},{"damage":38,"enemies":"Gremlin Leader","floor":23,"turns":10},{"damage":15,"enemies":"Sentry and Sphere","floor":28,"turns":5},{"damage":1,"enemies":"Cultist and Chosen","floor":32,"turns":4},{"damage":57,"enemies":"Collector","floor":35,"turns":8},{"damage":49,"enemies":"3 Darklings","floor":37,"turns":13},{"damage":18,"enemies":"3 Shapes","floor":39,"turns":4},{"damage":52,"enemies":"Sphere and 2 Shapes","floor":40,"turns":5},{"damage":1,"enemies":"Transient","floor":41,"turns":5},{"damage":4,"enemies":"Spire Growth","floor":42,"turns":5},{"damage":42,"enemies":"3 Darklings","floor":43,"turns":4},{"damage":43,"enemies":"Donu and Deca","floor":52,"turns":3}],"seed_played":"-7748028919801754288","potions_obtained":[{"floor":1.0,"key":"Weak Potion"},{"floor":2.0,"key":"PowerPotion"}],"is_trial":false,"path_per_floor":["M","M","M","$","M","R","E","R","T","R","M","M","?","?","R","B",null,"M","M","M","M","?","E","?","?","T","R","M","PTL","PTL","R","M","T","R","B",null,"M","$","M","M","M","M","M","R","T","$","R","?","R","M","R","B",null],"character_chosen":"IRONCLAD","items_purchased":["Happy Flower"],"campfire_rested":2,"item_purchase_floors":[38],"current_hp_per_floor":[79,75,78,78,68,68,55,55,55,55,48,45,45,45,45,28,80,80,80,52,38,38,32,21,21,21,21,24,24,24,24,35,35,55,17,67,56,56,49,24,35,45,41,41,41,41,64,64,64,63,63,16],"gold":251,"neow_bonus":"","is_daily":false,"chose_seed":false,"campfire_upgraded":8,"win_rate":0.0,"timestamp":1610808013,"path_taken":["M","M","M","$","M","R","E","R","T","R","M","M","?","?","R","BOSS","M","M","M","M","?","E","?","?","T","R","M","PTL","PTL","R","M","?","R","BOSS","M","$","?","M","M","M","M","R","T","$","R","?","R","M","R","BOSS"],"items_purchased_type":["Relic"],"build_version":"2020-12-22","purchased_purges":3,"victory":true,"max_hp_per_floor":[80,80,80,80,80,80,80,80,80,80,80,80,80,80,80,80,80,80,80,90,90,62,62,67,67,67,67,67,67,67,67,67,67,67,67,67,67,67,69,71,73,75,77,77,77,77,77,77,77,79,79,81],"card_choices":[{"not_picked":["OSAHOGD","FairyFestival","MHz"],"picked":"Singing Bowl","floor":1.0},{"not_picked":["Scorched","VoidDream"],"picked":"Funeral","floor":1.0},{"not_picked":["Perfected Strike","ReplayTheSpireMod:Strike From Hell"],"picked":"Headbutt","floor":1.0},{"not_picked":["CherryBlossoms","BeautyBeast","Mercenary"],"picked":"Singing Bowl","floor":2.0},{"not_picked":["MHz","RedShoes"],"picked":"Bloodbath","floor":2.0},{"not_picked":["Sword Boomerang","Spot Weakness"],"picked":"Iron Wave","floor":2.0},{"not_picked":["UniverseFragment","Wellcheers","PunishingBird"],"picked":"Singing Bowl","floor":3.0},{"not_picked":["Wild Strike","Blood for Blood"],"picked":"ReplayReversal","floor":3.0},{"not_picked":["Mercenary","UniverseFragment","RedShoes"],"picked":"Singing Bowl","floor":5.0},{"not_picked":["Warcry","Dark Embrace"],"picked":"Spot Weakness","floor":5.0},{"not_picked":["VoidDream","MHz","BlackSwan"],"picked":"Singing Bowl","floor":7.0},{"not_picked":["Rampage","Wild Strike"],"picked":"Heavy Blade","floor":7.0},{"not_picked":["PunishingBird","Wellcheers","SpiderBud"],"picked":"Singing Bowl","floor":11.0},{"not_picked":["Flex","Anger"],"picked":"Armaments","floor":11.0},{"not_picked":["SpiderBud","CrumblingArmor"],"picked":"LongBird","floor":12.0},{"not_picked":["ReplayReversal","Abandon"],"picked":"Iron Wave","floor":12.0},{"not_picked":["ShyLook","SpiderBud"],"picked":"MeatLantern","floor":16.0},{"not_picked":["Porccubus","DreamingCurrent","FairyFestival"],"picked":"Singing Bowl","floor":18.0},{"not_picked":["CherryBlossoms","CENSORED"],"picked":"SnowQueen","floor":18.0},{"not_picked":["Body Slam","Infernal Blade"],"picked":"True Grit+1","floor":18.0},{"not_picked":["Freischutz","BigBadWolf","OSAHOGD"],"picked":"Singing Bowl","floor":19.0},{"not_picked":["Run Through","Armaments"],"picked":"Cleave","floor":19.0},{"not_picked":["MHz","Woodsman","UniverseFragment"],"picked":"Singing Bowl","floor":20},{"not_picked":["Cleave","Replay:Undeath\u0027s Touch"],"picked":"ReplayTheSpireMod:Strike From Hell","floor":20},{"not_picked":["BeautyBeast","ShyLook"],"picked":"FieryBird","floor":21},{"not_picked":["Defy Death","Thunderclap","Perfected Strike"],"picked":"SKIP","floor":21},{"not_picked":["Defy Death","Thunderclap","Perfected Strike"],"picked":"SKIP","floor":21},{"not_picked":["QueenBee","Porccubus","OSAHOGD"],"picked":"Singing Bowl","floor":23},{"not_picked":["Clash","Cleave+1"],"picked":"Clothesline+1","floor":23},{"not_picked":["Rudolta","RedShoes","WallGazer"],"picked":"Singing Bowl","floor":28},{"not_picked":["Twin Strike","Sword Boomerang+1"],"picked":"ReplayTheSpireMod:Stacked","floor":28},{"not_picked":["GreedKing","WallGazer"],"picked":"Yin","floor":32},{"not_picked":["Fire Breathing+1","Hemokinesis","Wild Strike+1"],"picked":"SKIP","floor":32},{"not_picked":["Limit Break","Impervious"],"picked":"Juggernaut","floor":35},{"not_picked":["Hemokinesis","Rampage"],"picked":"Shrug It Off","floor":37},{"not_picked":["LittleHelper","CherryBlossoms"],"picked":"PlagueDoctor","floor":37},{"not_picked":["HappyTeddy","QueenBee"],"picked":"MeltingLove","floor":39},{"not_picked":["Reckless Charge","Pommel Strike"],"picked":"Armaments+1","floor":39},{"not_picked":["Rudolta","NakedNest"],"picked":"CENSORED","floor":40},{"not_picked":["Perfected Strike","Spot Weakness+1","Dual Wield"],"picked":"SKIP","floor":40},{"not_picked":["Perfected Strike","Spot Weakness+1","Dual Wield"],"picked":"SKIP","floor":40},{"not_picked":["BigBird","CrumblingArmor","Porccubus"],"picked":"Singing Bowl","floor":41},{"not_picked":["OldLady","QueenBee"],"picked":"BlueStar","floor":41},{"not_picked":["Body Slam","Dual Wield+1","Wild Strike"],"picked":"SKIP","floor":41},{"not_picked":["Body Slam","Dual Wield+1","Wild Strike"],"picked":"SKIP","floor":41},{"not_picked":["Scarecrow","SnowQueen","Alriune"],"picked":"Singing Bowl","floor":42},{"not_picked":["FairyFestival","LittleHelper"],"picked":"WhitesApple","floor":42},{"not_picked":["Immolate","Fire Breathing+1"],"picked":"True Grit+1","floor":42},{"not_picked":["GalaxyChild","Wellcheers"],"picked":"BodiesMountain","floor":43},{"not_picked":["Body Slam+1","Iron Wave+1"],"picked":"Armaments+1","floor":43}],"player_experience":116344,"relics_obtained":[{"floor":7.0,"key":"Oddly Smooth Stone"},{"floor":9.0,"key":"Smiling Mask"},{"floor":13.0,"key":"ReplayTheSpireMod:Ring of Collecting"},{"floor":13.0,"key":"Ring of Misfortune"},{"floor":23,"key":"ReplayTheSpireMod:Lightbulb"},{"floor":26,"key":"Ring of Searing"},{"floor":26,"key":"Shuriken"},{"floor":33,"key":"Ring of Hypnosis"},{"floor":33,"key":"Bottled Lightning"},{"floor":45,"key":"Ring of Panic"},{"floor":45,"key":"Lantern"},{"floor":51,"key":"Replay:WaspNest"}],"event_choices":[{"cards_removed":["ReplayReversal"],"damage_healed":0.0,"max_hp_gain":0.0,"max_hp_loss":0.0,"gold_gain":0.0,"event_name":"The Cleric","player_choice":"Card Removal","floor":14.0,"gold_loss":50.0,"damage_taken":0.0},{"damage_healed":0,"gold_gain":0,"player_choice":"Became a vampire","damage_taken":0,"max_hp_gain":0,"max_hp_loss":28,"event_name":"Vampires","floor":22,"gold_loss":0,"cards_obtained":["Bite","Bite","Bite","Bite","Bite"]},{"damage_healed":0,"gold_gain":0,"player_choice":"Shed Blood","damage_taken":16,"max_hp_gain":5,"max_hp_loss":0,"event_name":"Forgotten Altar","floor":24,"gold_loss":0},{"damage_healed":0,"gold_gain":0,"player_choice":"Obtain J.A.X.","damage_taken":0,"max_hp_gain":0,"max_hp_loss":0,"event_name":"Drug Dealer","floor":25,"gold_loss":0,"cards_obtained":["J.A.X."]},{"damage_healed":0,"gold_gain":0,"cards_transformed":["BodiesMountain"],"player_choice":"Transformed","damage_taken":0,"max_hp_gain":0,"max_hp_loss":0,"event_name":"Transmorgrifier","floor":48,"gold_loss":0,"cards_obtained":["Power Through"]}],"is_beta":false,"boss_relics":[{"not_picked":["Ooze Armor","Replay:Grab Bag"],"picked":"Sozu"},{"not_picked":["Black Star","ChewingGum"],"picked":"Velvet Choker"}],"items_purged_floors":[4,38,46],"is_endless":false,"potions_floor_spawned":[1,2,20,23,32,35,37,39,42],"ascension_level":0}}