{"host":"ok3pmhc1fiz31noj","time":1610803936,"event":{"mods":["AchievementEnabler","BaseMod","Colored Map","Colored Powertips","Minty Spire (QoL Compilation)","Quick Restart","Relic Stats","Replay The Spire","StSLib"],"gold_per_floor":[111,386,404,418,418,418,418],"floor_reached":6,"language":"ZHS","playtime":186,"items_purged":[],"score":36,"play_id":"12a19cf3-f667-465f-99d2-a445152324a5","local_time":"20210116213216","is_ascension_mode":false,"campfire_choices":[],"circlet_count":0,"master_deck":["Strike_B","Strike_B","Strike_B","Strike_B","Defend_B","Defend_B","Defend_B","Defend_B","Zap","Dualcast","Mirror Shield","Streamline","Regret","Beam Cell","Fission"],"relics":["Cracked Core","Golden Idol"],"acts_visited":["Exordium"],"potions_floor_usage":[],"damage_taken":[{"damage":0,"enemies":"Cultist","floor":1,"turns":4},{"damage":7,"enemies":"Small Slimes","floor":3,"turns":3},{"damage":2,"enemies":"2 Louse","floor":4,"turns":2},{"damage":54,"enemies":"Gremlin Nob","floor":6,"turns":6}],"seed_played":"-7645303902235607849","potions_obtained":[],"is_trial":false,"path_per_floor":["M","?","M","M","?","E"],"character_chosen":"DEFECT","items_purchased":[],"campfire_rested":0,"item_purchase_floors":[],"current_hp_per_floor":[75,75,68,66,66,12,12],"gold":418,"neow_bonus":"ONE_RANDOM_RARE_CARD","is_daily":false,"chose_seed":false,"campfire_upgraded":0,"win_rate":0.0,"timestamp":1610803936,"path_taken":["M","?","?","M","?","E"],"items_purchased_type":[],"build_version":"2020-12-22","purchased_purges":0,"victory":false,"max_hp_per_floor":[75,75,75,75,69,69,69],"relic_stats":{"counters":[4,15],"Golden Idol":0,"obtain_stats":[{"Golden Idol":5,"Cracked Core":0},{"Golden Idol":3,"Cracked Core":0},{"Golden Idol":9,"Cracked Core":0}]},"card_choices":[{"not_picked":["Coolheaded","ReplayTheSpireMod:Calculation Training"],"picked":"Streamline","floor":1},{"not_picked":["Gash","ReplaySort"],"picked":"Beam Cell","floor":3},{"not_picked":["ReplayGash","Redo"],"picked":"Fission","floor":4}],"player_experience":146281,"relics_obtained":[],"event_choices":[{"damage_healed":0,"gold_gain":275,"player_choice":"Desecrate","damage_taken":0,"max_hp_gain":0,"max_hp_loss":0,"event_name":"Golden Shrine","floor":2,"gold_loss":0,"cards_obtained":["Regret"]},{"damage_healed":0,"gold_gain":0,"player_choice":"Lose Max HP","damage_taken":0,"relics_obtained":["Golden Idol"],"max_hp_gain":0,"max_hp_loss":6,"event_name":"Golden Idol","floor":5,"gold_loss":0}],"is_beta":false,"boss_relics":[],"items_purged_floors":[],"is_endless":false,"potions_floor_spawned":[],"killed_by":"Gremlin Nob","ascension_level":0}}