{"host":"3rixevx6n8b56xaj","time":1610771238,"event":{"mods":["2.2 Compatiblity","AchievementEnabler","Arknights The Spire","BaseMod","Colored Map","DeckTracker","Friendly Minions","Minty Spire (QoL Compilation)","Poor People Problems","StSLib","SuperFastMode"],"gold_per_floor":[119,119,44,44,44,76,94,94,94,108,119,131,141,159,159,262,262,281,294,305,305,54,84,102,102,102],"floor_reached":25,"language":"KOR","playtime":664,"items_purged":["Defend_B","Strike_B"],"score":252,"play_id":"4f3b1adb-3426-4eee-9b39-27febb3ad440","local_time":"20210116132718","is_ascension_mode":false,"campfire_choices":[{"data":"Defragment","floor":8,"key":"SMITH"},{"data":"Loop","floor":15,"key":"SMITH"}],"circlet_count":0,"master_deck":["Strike_B+1","Strike_B","Defend_B","Defend_B","Defend_B","Zap","Dualcast+1","Sweeping Beam","Skim","Defragment+1","Ball Lightning","Compile Driver","Conserve Battery","Loop+1","Heatsinks","Seek","Chaos","Sunder","Echo Form","Capacitor+1"],"relics":["Cracked Core","NeowsBlessing","DataDisk","Du-Vu Doll","FossilizedHelix","Runic Pyramid","CultistMask","Bag of Preparation","Sundial"],"acts_visited":["Exordium","TheCity"],"potions_floor_usage":[16,19,23,25,25],"damage_taken":[{"damage":0,"enemies":"2 Louse","floor":1,"turns":1},{"damage":0,"enemies":"Gremlin Nob","floor":6,"turns":1},{"damage":0,"enemies":"Jaw Worm","floor":7,"turns":1},{"damage":0,"enemies":"Cultist","floor":10,"turns":2},{"damage":0,"enemies":"Exordium Wildlife","floor":11,"turns":3},{"damage":0,"enemies":"Exordium Thugs","floor":12,"turns":3},{"damage":0,"enemies":"3 Louse","floor":13,"turns":2},{"damage":0,"enemies":"2 Fungi Beasts","floor":14,"turns":2},{"damage":18,"enemies":"Slime Boss","floor":16,"turns":7},{"damage":0,"enemies":"Shell Parasite","floor":18,"turns":5},{"damage":0,"enemies":"2 Thieves","floor":19,"turns":4},{"damage":0,"enemies":"Sentry and Sphere","floor":20,"turns":3},{"damage":46,"enemies":"Slavers","floor":23,"turns":6},{"damage":28,"enemies":"Snake Plant","floor":24,"turns":4},{"damage":4,"enemies":"Book of Stabbing","floor":25,"turns":2}],"seed_played":"-8363471606161534656","potions_obtained":[{"floor":6,"key":"AttackPotion"},{"floor":10,"key":"Weak Potion"},{"floor":11,"key":"Explosive Potion"},{"floor":12,"key":"Dexterity Potion"},{"floor":18,"key":"Block Potion"},{"floor":23,"key":"Explosive Potion"},{"floor":24,"key":"SkillPotion"}],"is_trial":false,"path_per_floor":["M","?","$","?","?","E","M","R","T","M","M","M","M","M","R","B",null,"M","M","M","?","$","E","M","E"],"character_chosen":"DEFECT","items_purchased":["Bag of Preparation"],"campfire_rested":0,"item_purchase_floors":[22],"current_hp_per_floor":[75,75,75,60,35,35,35,35,35,35,35,35,35,35,35,17,75,75,75,75,75,75,29,1,0,0],"gold":102,"neow_bonus":"THREE_ENEMY_KILL","is_daily":false,"chose_seed":false,"campfire_upgraded":2,"win_rate":0.0,"timestamp":1610771238,"path_taken":["M","?","$","?","?","E","M","R","T","M","M","M","M","?","R","BOSS","M","M","M","?","?","E","?","E"],"items_purchased_type":["Relic"],"build_version":"2020-12-22","purchased_purges":2,"victory":false,"max_hp_per_floor":[75,75,75,75,75,75,75,75,75,75,75,75,75,75,75,75,75,75,75,75,75,75,75,75,75,75],"card_choices":[{"not_picked":["Rebound","Darkness"],"picked":"Sweeping Beam","floor":1},{"not_picked":["Blizzard","Static Discharge"],"picked":"Defragment","floor":6},{"not_picked":["Scrape","Darkness"],"picked":"Ball Lightning","floor":7},{"not_picked":["White Noise","Conserve Battery"],"picked":"Compile Driver","floor":10},{"not_picked":["Cold Snap","Ball Lightning"],"picked":"Conserve Battery","floor":11},{"not_picked":["Genetic Algorithm","Melter","Redo"],"picked":"SKIP","floor":12},{"not_picked":["Beam Cell","Force Field"],"picked":"Loop","floor":13},{"not_picked":["Leap","Turbo"],"picked":"Heatsinks","floor":14},{"not_picked":["Rainbow","Multi-Cast"],"picked":"Seek","floor":16},{"not_picked":["Go for the Eyes","FTL+1"],"picked":"Chaos","floor":18},{"not_picked":["Beam Cell","BootSequence"],"picked":"Sunder","floor":19},{"not_picked":["Redo","Sweeping Beam","Compile Driver"],"picked":"SKIP","floor":20},{"not_picked":["Conserve Battery+1","Coolheaded"],"picked":"Echo Form","floor":23},{"not_picked":["Streamline+1","Steam Power+1"],"picked":"Capacitor+1","floor":24}],"player_experience":622467,"relics_obtained":[{"floor":6,"key":"Du-Vu Doll"},{"floor":9,"key":"FossilizedHelix"},{"floor":23,"key":"Sundial"}],"event_choices":[{"damage_healed":0,"gold_gain":0,"cards_transformed":["Strike_B"],"player_choice":"Change","damage_taken":0,"max_hp_gain":0,"max_hp_loss":0,"event_name":"Living Wall","floor":2,"gold_loss":0,"cards_obtained":["Skim"]},{"damage_healed":0,"gold_gain":0,"player_choice":"Entered Light","damage_taken":15,"max_hp_gain":0,"max_hp_loss":0,"event_name":"Shining Light","floor":4,"gold_loss":0,"cards_upgraded":["Strike_B","Dualcast"]},{"damage_healed":0,"gold_gain":0,"player_choice":"Success","damage_taken":25,"relics_obtained":["DataDisk"],"max_hp_gain":0,"max_hp_loss":0,"event_name":"Scrap Ooze","floor":5,"gold_loss":0},{"damage_healed":0,"gold_gain":0,"player_choice":"Trade","damage_taken":0,"relics_obtained":["CultistMask"],"max_hp_gain":0,"max_hp_loss":0,"event_name":"FaceTrader","floor":21,"gold_loss":0}],"is_beta":false,"boss_relics":[{"not_picked":["SacredBark","Ectoplasm"],"picked":"Runic Pyramid"}],"items_purged_floors":[3,22],"is_endless":false,"potions_floor_spawned":[6,10,11,12,18,23,24],"killed_by":"Book of Stabbing","ascension_level":0}}