{"host":"bw00wb7p5bw58om7","time":1610815227,"event":{"mods":["Act Like it!","BaseMod","Better Third Choice","CapriCore","Chen","Downfall","Gensokyo","Koishi","KomeijiMod","Marisa????????","Minty Spire (QoL Compilation)","Onozuka Komachi Mod","Permanent Neow","Prisma Mod","Reimu??????","Remilia??????","StSLib","The Administrix","The Immortal","The Senshi","The Servant 0.9.4","Yakumo Yukari mod"],"gold_per_floor":[111,126,136,148,166,166,166,201,201,228,228,228,228,220,220,305,305,321,312,312,312],"floor_reached":20,"language":"ENG","playtime":843,"items_purged":[],"score":194,"play_id":"fd4855fc-f335-4b8e-8a2d-d8a10b759dff","local_time":"20210116164027","is_ascension_mode":true,"campfire_choices":[{"data":"Koishi:ImGoingToCallYouNow","floor":6,"key":"SMITH"},{"floor":11,"key":"REST"},{"data":"Koishi:RacingHeart","floor":13,"key":"SMITH"},{"data":"Koishi:GhostParty","floor":15,"key":"SMITH"}],"circlet_count":0,"master_deck":["Koishi:BasicStrike","Koishi:BasicStrike","Koishi:BasicStrike","Koishi:BasicStrike","Koishi:BasicDefend","Koishi:BasicDefend","Koishi:BasicDefend","Koishi:BasicDefend","Koishi:Provoke","Koishi:HauntingSlash","Koishi:ImGoingToCallYouNow+1","Koishi:DanmakuParanoia","Koishi:RacingHeart+1","Koishi:Catatonia","Koishi:SubconsciousSweep","Koishi:DNAsFlaw","Clumsy","Koishi:BramblyRoseGarden","Koishi:GhostParty+1","Koishi:PhantomBarrier","Koishi:HeartStoppingHorror","Koishi:ParalyzingFear","Koishi:VengefulSpirit"],"relics":["Koishi:ImaginaryFriend","Gensokyo:NagashiBinaDoll","AntiCross","theSenshi:SpiralHeartMoonRodRelic","White Beast Statue","Nunchaku","Sozu"],"acts_visited":["Gensokyo:Gensokyo","Gensokyo:Gensokyoer"],"potions_floor_usage":[],"damage_taken":[{"damage":4,"enemies":"Gensokyo:3_Fairies","floor":1,"turns":6},{"damage":9,"enemies":"Gensokyo:Python","floor":2,"turns":5},{"damage":14,"enemies":"Gensokyo:Gryphon","floor":3,"turns":6},{"damage":10,"enemies":"Gensokyo:Kitsune","floor":4,"turns":5},{"damage":15,"enemies":"Gensokyo:CorruptedTreant","floor":5,"turns":4},{"damage":43,"enemies":"Gensokyo:Aya","floor":8,"turns":7},{"damage":13,"enemies":"Gensokyo:Mamizou","floor":10,"turns":6},{"damage":4,"enemies":"Gensokyo:VengefulSpirit","floor":14,"turns":6},{"damage":28,"enemies":"Gensokyo:Kokoro","floor":16,"turns":10},{"damage":1,"enemies":"Gensokyo:Chomper","floor":18,"turns":2},{"damage":17,"enemies":"Gensokyo:AngelMirror","floor":19,"turns":3},{"damage":28,"enemies":"Gensokyo:Slime_Group","floor":20,"turns":4}],"seed_played":"-4280460061990731306","potions_obtained":[{"floor":1,"key":"GrandPatriotsElixir:ReiMu"},{"floor":4,"key":"FairyPotion"},{"floor":10,"key":"LiquidMemories"}],"is_trial":false,"path_per_floor":["M","M","M","M","M","R","?","E","T","E","R","T","R","M","R","B",null,"M","M","M"],"character_chosen":"KOISHI","items_purchased":[],"campfire_rested":1,"item_purchase_floors":[],"current_hp_per_floor":[57,56,50,52,49,49,49,16,16,6,24,24,24,52,52,54,60,60,45,17,17],"gold":312,"neow_bonus":"ONE_RANDOM_RARE_CARD","is_daily":false,"chose_seed":false,"campfire_upgraded":3,"win_rate":0.0,"timestamp":1610815227,"path_taken":["M","M","M","M","M","R","?","E","T","E","R","?","R","?","R","BOSS","M","M","M"],"items_purchased_type":[],"build_version":"2020-12-22","purchased_purges":0,"victory":false,"max_hp_per_floor":[60,60,60,60,60,60,60,60,60,60,60,60,60,60,60,60,60,60,60,60,60],"card_choices":[{"not_picked":["Koishi:Untouchable","Koishi:Jaunt"],"picked":"Koishi:DanmakuParanoia","floor":1},{"not_picked":["Koishi:TraumaticStroke","Koishi:SprinkleStarAndHeart"],"picked":"Koishi:RacingHeart","floor":2},{"not_picked":["Koishi:IdleWhim","Koishi:JumpScare"],"picked":"Koishi:Catatonia","floor":3},{"not_picked":["Koishi:Prune","Koishi:FreudianInstinct"],"picked":"Koishi:SubconsciousSweep","floor":4},{"not_picked":["Koishi:UnansweredLove","Koishi:SprinkleStarAndHeart"],"picked":"Koishi:DNAsFlaw","floor":5},{"not_picked":["Koishi:SprinkleStarAndHeart","Koishi:RoseHell"],"picked":"Koishi:BramblyRoseGarden","floor":8},{"not_picked":["Koishi:FidgetySnatcher","Koishi:HeartfeltFancy"],"picked":"Koishi:GhostParty","floor":10},{"not_picked":["Koishi:PhantomStrike","Koishi:UnansweredLove"],"picked":"Koishi:PhantomBarrier","floor":14},{"not_picked":["Koishi:SuperEgo","Koishi:ImGoingToCallYouNow"],"picked":"Koishi:HeartStoppingHorror","floor":16},{"not_picked":["Koishi:SprinkleStarAndHeart+1","Koishi:PhilosophyOfTheDespised"],"picked":"Koishi:ParalyzingFear","floor":18},{"not_picked":["Koishi:BramblyRoseGarden","Koishi:GeneticsOfTheUnconscious"],"picked":"Koishi:VengefulSpirit","floor":19}],"player_experience":254993,"relics_obtained":[{"floor":8,"key":"AntiCross"},{"floor":9,"key":"theSenshi:SpiralHeartMoonRodRelic"},{"floor":10,"key":"White Beast Statue"},{"floor":12,"key":"Nunchaku"}],"event_choices":[],"is_beta":false,"boss_relics":[{"not_picked":["Coffee Dripper","Runic Dome"],"picked":"Sozu"}],"items_purged_floors":[],"is_endless":false,"potions_floor_spawned":[1,4,10,14,16,18,19],"killed_by":"Gensokyo:Slime_Group","ascension_level":1}}