{"host":"0ueeacaatm8t6jyh","time":1610781060,"event":{"mods":["AchievementEnabler","BaseMod","Colored Powertips","Minty Spire (QoL Compilation)","Quick Restart","Rare Cards Sparkle","StSLib"],"gold_per_floor":[119,119,294,141,141,171,171,171,243,243,269,284,284,301,301,401,401,420,420,420,7,7,34,44,69,151,151,151,51,82,93,93,198,198,210,85,130,130,130,130,146,176,176,26,26,43,57,57,57,57],"floor_reached":51,"language":"ZHS","playtime":2253,"items_purged":["Doubt","Strike_P","Defend_P+1","Defend_P+1"],"score":1196,"play_id":"900917e4-e57b-46d5-9f5b-dd02b802822c","local_time":"20210116151100","is_ascension_mode":true,"campfire_choices":[{"data":"Adaptation","floor":7.0,"key":"SMITH"},{"data":"WheelKick","floor":10.0,"key":"SMITH"},{"data":"Eruption","floor":13.0,"key":"SMITH"},{"data":"Indignation","floor":15.0,"key":"SMITH"},{"floor":28.0,"key":"REST"},{"floor":32.0,"key":"DIG"},{"data":"Strike_P+1","floor":40.0,"key":"PURGE"},{"floor":45,"key":"RECALL"},{"floor":49,"key":"REST"}],"circlet_count":0,"master_deck":["Defend_P+1","Defend_P+1","Eruption+1","Vigilance+1","MentalFortress+1","WheelKick+1","Adaptation+1","Indignation+1","LessonLearned+1","CurseOfTheBell","Tantrum+1","InnerPeace+1","Inflame+1","Fusion+1","Offering+1","Deep Breath+1","Double Energy+1"],"relics":["PureWater","NeowsBlessing","Bronze Scales","Yang","Bottled Tornado","Lantern","Calling Bell","War Paint","Toxic Egg 2","GoldenEye","Nilry\u0027s Codex","PrismaticShard","Question Card","Ornamental Fan","Dream Catcher","Pear","Shovel","Damaru","WingedGreaves","VioletLotus","Mango","Peace Pipe","CeramicFish","Letter Opener"],"acts_visited":["Exordium","TheCity","TheBeyond"],"potions_floor_usage":[50,50,50],"damage_taken":[{"damage":0.0,"enemies":"Cultist","floor":1.0,"turns":1.0},{"damage":0.0,"enemies":"Lagavulin","floor":6.0,"turns":1.0},{"damage":0.0,"enemies":"Gremlin Nob","floor":11.0,"turns":1.0},{"damage":0.0,"enemies":"2 Louse","floor":12.0,"turns":1.0},{"damage":0.0,"enemies":"Jaw Worm","floor":14.0,"turns":2.0},{"damage":2.0,"enemies":"Slime Boss","floor":16.0,"turns":4.0},{"damage":0.0,"enemies":"Spheric Guardian","floor":18.0,"turns":2.0},{"damage":8.0,"enemies":"Gremlin Leader","floor":23.0,"turns":4.0},{"damage":0.0,"enemies":"Chosen","floor":24.0,"turns":2.0},{"damage":18.0,"enemies":"Book of Stabbing","floor":25.0,"turns":4.0},{"damage":12.0,"enemies":"Gremlin Leader","floor":30.0,"turns":3.0},{"damage":22.0,"enemies":"Snake Plant","floor":31.0,"turns":5.0},{"damage":25.0,"enemies":"Collector","floor":33.0,"turns":7.0},{"damage":6.0,"enemies":"Orb Walker","floor":35.0,"turns":1.0},{"damage":7.0,"enemies":"2 Orb Walkers","floor":37.0,"turns":4.0},{"damage":23.0,"enemies":"3 Shapes","floor":41.0,"turns":3.0},{"damage":6.0,"enemies":"Giant Head","floor":42.0,"turns":2.0},{"damage":12,"enemies":"Maw","floor":46,"turns":3},{"damage":12,"enemies":"4 Shapes","floor":47,"turns":2},{"damage":8,"enemies":"Donu and Deca","floor":50,"turns":2}],"seed_played":"3702076354672971760","potions_obtained":[{"floor":1.0,"key":"Explosive Potion"},{"floor":6.0,"key":"StancePotion"},{"floor":11.0,"key":"Energy Potion"},{"floor":18.0,"key":"SpeedPotion"},{"floor":31.0,"key":"Ancient Potion"},{"floor":33.0,"key":"EssenceOfSteel"},{"floor":37.0,"key":"Strength Potion"},{"floor":41.0,"key":"CultistPotion"},{"floor":47,"key":"Regen Potion"}],"is_trial":false,"path_per_floor":["M","?","?","$","?","E","R","T","T","R","E","M","R","M","R","B",null,"M","?","?","$","?","E","M","E","T","T","R","$","E","M","R","B",null,"M","$","?","?","?","R","M","E","T","$","R","M","M","?","R","B",null],"character_chosen":"WATCHER","items_purchased":["WheelKick","PrismaticShard","Question Card"],"campfire_rested":2,"item_purchase_floors":[4,21,21],"current_hp_per_floor":[65,58,58,58,44,44,44,44,44,44,44,44,44,44,44,42,65,65,49,49,49,72,64,64,46,56,56,80,80,68,46,46,21,67,61,61,68,68,68,68,45,39,39,39,39,27,15,15,43,40],"gold":57,"neow_bonus":"THREE_ENEMY_KILL","is_daily":false,"chose_seed":false,"campfire_upgraded":4,"win_rate":0.0,"timestamp":1610781060,"path_taken":["M","?","?","$","?","E","R","?","T","R","E","M","R","M","R","BOSS","M","?","?","?","?","E","M","E","T","?","R","$","E","M","R","BOSS","M","$","?","?","?","R","?","E","T","$","R","M","M","?","R","BOSS"],"items_purchased_type":["Card","Relic","Relic"],"build_version":"2020-12-22","purchased_purges":4,"victory":true,"max_hp_per_floor":[72,72,72,72,72,72,72,72,72,72,72,72,72,72,72,72,72,72,72,72,72,72,72,72,72,82,82,82,82,82,82,82,82,82,82,82,96,96,96,96,96,96,96,96,96,96,96,96,96,96],"card_choices":[{"not_picked":["BowlingBash","EmptyBody"],"picked":"MentalFortress","floor":1.0},{"not_picked":["EmptyFist","SashWhip"],"picked":"Adaptation","floor":6.0},{"not_picked":["Crescendo","FollowUp","ForeignInfluence"],"picked":"SKIP","floor":11.0},{"not_picked":["WindmillStrike","Protect","SignatureMove"],"picked":"SKIP","floor":12.0},{"not_picked":["FollowUp","Adaptation"],"picked":"Indignation","floor":14.0},{"not_picked":["Scrawl","ConjureBlade"],"picked":"LessonLearned","floor":16.0},{"not_picked":["CutThroughFate+1","TalkToTheHand"],"picked":"Tantrum+1","floor":18.0},{"not_picked":["Crescendo+1","EmptyFist+1","Wallop","Weave"],"picked":"SKIP","floor":23.0},{"not_picked":["All Out Attack","Tempest+1","Streamline"],"picked":"InnerPeace+1","floor":24.0},{"not_picked":["Go for the Eyes","All For One","PathToVictory+1"],"picked":"Inflame","floor":25.0},{"not_picked":["Finisher","Escape Plan+1","Hologram+1"],"picked":"Fusion+1","floor":28.0},{"not_picked":["Battle Trance+1","Meditate+1","Cloak And Dagger+1","Melter"],"picked":"SKIP","floor":30.0},{"not_picked":["Dagger Spray+1","EmptyMind+1","Sucker Punch","Aggregate+1"],"picked":"SKIP","floor":31.0},{"not_picked":["Buffer","Judgement+1","Thunder Strike"],"picked":"Offering+1","floor":33.0},{"not_picked":["Barrage+1","Protect+1","Study+1","Prepared+1"],"picked":"SKIP","floor":35.0},{"not_picked":["Backflip+1","Body Slam","Sword Boomerang"],"picked":"Deep Breath+1","floor":37.0},{"not_picked":["PathToVictory+1","Carnage","Armaments+1"],"picked":"Double Energy+1","floor":41.0},{"not_picked":["Force Field+1","Halt+1","Blasphemy+1","Shrug It Off+1"],"picked":"SKIP","floor":42.0},{"not_picked":["Reinforced Body+1","InnerPeace+1","Flex+1","Skewer"],"picked":"SKIP","floor":46},{"not_picked":["Force Field+1","Acrobatics+1","Deadly Poison+1","Skewer"],"picked":"SKIP","floor":47}],"player_experience":372797,"relics_obtained":[{"floor":6.0,"key":"Bronze Scales"},{"floor":8.0,"key":"Yang"},{"floor":9.0,"key":"Bottled Tornado"},{"floor":11.0,"key":"Lantern"},{"floor":17.0,"key":"War Paint"},{"floor":17.0,"key":"Toxic Egg 2"},{"floor":17.0,"key":"GoldenEye"},{"floor":19.0,"key":"Nilry\u0027s Codex"},{"floor":23.0,"key":"Ornamental Fan"},{"floor":25.0,"key":"Dream Catcher"},{"floor":26.0,"key":"Pear"},{"floor":27.0,"key":"Shovel"},{"floor":30.0,"key":"Damaru"},{"floor":32.0,"key":"WingedGreaves"},{"floor":37.0,"key":"Mango"},{"floor":42.0,"key":"CeramicFish"},{"floor":43.0,"key":"Letter Opener"}],"event_choices":[{"cards_removed":["Strike_P"],"damage_healed":0.0,"max_hp_gain":0.0,"max_hp_loss":0.0,"gold_gain":0.0,"event_name":"Golden Wing","player_choice":"Card Removal","floor":2.0,"gold_loss":0.0,"damage_taken":7.0},{"damage_healed":0.0,"max_hp_gain":0.0,"max_hp_loss":0.0,"gold_gain":175.0,"event_name":"Liars Game","player_choice":"AGREE","floor":3.0,"gold_loss":0.0,"damage_taken":0.0,"cards_obtained":["Doubt"]},{"damage_healed":0.0,"max_hp_gain":0.0,"max_hp_loss":0.0,"gold_gain":0.0,"event_name":"Shining Light","player_choice":"Entered Light","floor":5.0,"gold_loss":0.0,"damage_taken":14.0,"cards_upgraded":["Vigilance","Strike_P"]},{"damage_healed":0.0,"max_hp_gain":0.0,"max_hp_loss":0.0,"gold_gain":0.0,"event_name":"Cursed Tome","player_choice":"Obtained Book","floor":19.0,"gold_loss":0.0,"damage_taken":16.0},{"cards_removed":["Strike_P"],"damage_healed":0.0,"max_hp_gain":0.0,"max_hp_loss":0.0,"gold_gain":0.0,"event_name":"Back to Basics","player_choice":"Elegance","floor":20.0,"gold_loss":0.0,"damage_taken":0.0},{"damage_healed":24.0,"max_hp_gain":0.0,"max_hp_loss":0.0,"gold_gain":0.0,"event_name":"The Library","player_choice":"Heal","floor":22.0,"gold_loss":0.0,"damage_taken":0.0},{"damage_healed":0.0,"max_hp_gain":0.0,"max_hp_loss":0.0,"gold_gain":0.0,"event_name":"Mysterious Sphere","player_choice":"Fight","floor":37.0,"gold_loss":0.0,"damage_taken":0.0},{"damage_healed":0.0,"max_hp_gain":0.0,"max_hp_loss":0.0,"gold_gain":0.0,"event_name":"SensoryStone","player_choice":"Memory 1","floor":38.0,"gold_loss":0.0,"damage_taken":0.0},{"damage_healed":0.0,"max_hp_gain":0.0,"max_hp_loss":0.0,"gold_gain":0.0,"event_name":"WeMeetAgain","player_choice":"Gave Potion","floor":39.0,"gold_loss":0.0,"damage_taken":0.0,"relics_obtained":["Peace Pipe"]},{"damage_healed":0,"gold_gain":0,"player_choice":"Got Potions","damage_taken":0,"max_hp_gain":0,"max_hp_loss":0,"event_name":"Lab","floor":48,"gold_loss":0}],"is_beta":false,"boss_relics":[{"not_picked":["Philosopher\u0027s Stone","Empty Cage"],"picked":"Calling Bell"},{"not_picked":["Runic Pyramid","Velvet Choker"],"picked":"VioletLotus"}],"items_purged_floors":[4,29,36,44],"is_endless":false,"potions_floor_spawned":[1,6,11,18,31,33,37,41,47],"ascension_level":6}}