{"host":"4jpe1m3cviuzvkch","time":1610803828,"event":{"mods":["BaseMod","Decade(王小明)","Marisa（F雨　魔理沙）","Minty Spire (QoL Compilation)","Remilia（蕾米莉亚）","StSLib","The Servant 0.9.4","Youmu（魂魄妖梦）"],"gold_per_floor":[114,114,130,146,165,195,195,207,262,262,262,274,274,284,284,380,380,397,397,408,251,277,304,320,320],"floor_reached":24,"language":"ZHS","playtime":2878,"items_purged":[],"score":295,"play_id":"4e614fcc-b696-4808-a38b-9026edeb6799","local_time":"20210116213028","is_ascension_mode":false,"campfire_choices":[{"floor":7,"key":"REST"},{"data":"Decade_SpecialSkill","floor":10,"key":"SMITH"},{"data":"PrometheusPower","floor":13,"key":"SMITH"},{"data":"Decade_Defend2","floor":15,"key":"SMITH"}],"circlet_count":0,"master_deck":["Decade_Attack","Decade_Attack","Decade_Attack","KamenRide+1","Decade_SpecialSkill+1","Decade_Defend","Decade_Defend","Decade_Defend","Decade_Defend","Decade_Defend2+1","FormRideStorm+9","Decade_Dash1","PrometheusPower+1","RideBooker","Kiva_Bats"],"relics":["Decadriver","TOEIDeficitBill","Orichalcum","Anchor","SlaversCollar","Red Mask","Ornamental Fan"],"acts_visited":["Exordium","TheCity"],"potions_floor_usage":[1,16],"damage_taken":[{"damage":0,"enemies":"Small Slimes","floor":1,"turns":3},{"damage":0,"enemies":"2 Louse","floor":3,"turns":5},{"damage":3,"enemies":"Jaw Worm","floor":4,"turns":7},{"damage":10,"enemies":"Large Slime","floor":5,"turns":13},{"damage":15,"enemies":"Lagavulin","floor":6,"turns":7},{"damage":0,"enemies":"Exordium Wildlife","floor":8,"turns":3},{"damage":0,"enemies":"Blue Slaver","floor":12,"turns":6},{"damage":0,"enemies":"Large Slime","floor":14,"turns":6},{"damage":0,"enemies":"The Guardian","floor":16,"turns":6},{"damage":0,"enemies":"Chosen","floor":18,"turns":3},{"damage":0,"enemies":"Spheric Guardian","floor":20,"turns":3},{"damage":32,"enemies":"Masked Bandits","floor":22,"turns":4},{"damage":5,"enemies":"Gremlin Leader","floor":23,"turns":2},{"damage":0,"enemies":"Snake Plant","floor":24,"turns":10}],"seed_played":"2663239904330314768","potions_obtained":[{"floor":1,"key":"Fruit Juice"},{"floor":3,"key":"SpeedPotion"},{"floor":8,"key":"Energy Potion"},{"floor":12,"key":"ColorlessPotion"},{"floor":16,"key":"CultistPotion"}],"is_trial":false,"path_per_floor":["M","?","M","M","M","E","R","M","T","R","?","M","R","M","R","B",null,"M","?","M","$","?","E","M"],"character_chosen":"Decade","items_purchased":["KamenRideRyuki","Kiva_Frozen","UnarmedAttack7"],"campfire_rested":1,"item_purchase_floors":[21,21,21],"current_hp_per_floor":[75,68,68,65,55,50,75,75,75,75,80,80,80,80,80,80,90,90,90,90,90,61,56,56,56],"gold":320,"neow_bonus":"UPGRADE_CARD","is_daily":false,"chose_seed":false,"campfire_upgraded":3,"win_rate":0.0,"timestamp":1610803828,"path_taken":["M","?","M","M","M","E","R","M","T","R","?","?","R","M","R","BOSS","M","?","M","$","?","E","M"],"items_purchased_type":["Card","Card","Card"],"build_version":"2020-12-22","purchased_purges":0,"victory":false,"max_hp_per_floor":[75,75,75,75,75,85,85,85,85,85,90,90,90,90,90,90,90,90,90,90,90,90,90,90,90],"card_choices":[{"not_picked":["KamenRideBlade","DenO_Sword"],"picked":"Decade_Defend2","floor":1},{"not_picked":["DenO_Ax","AutoVajin"],"picked":"FormRideStorm","floor":1},{"not_picked":["KamenRideHibiki","Blade_Kick"],"picked":"Decade_Dash1","floor":3},{"not_picked":["Kiva_Bats","UnarmedAttack3"],"picked":"PrometheusPower","floor":12},{"not_picked":["MirrorWorld","RideBooker_Skill_2"],"picked":"RideBooker","floor":20},{"not_picked":["Decade_Dash2","FormRideDogga+1"],"picked":"Kiva_Bats","floor":20}],"player_experience":282912,"relics_obtained":[{"floor":6,"key":"Orichalcum"},{"floor":9,"key":"Anchor"},{"floor":22,"key":"Red Mask"},{"floor":23,"key":"Ornamental Fan"}],"event_choices":[{"cards_removed":["Decade_Attack"],"damage_healed":0,"gold_gain":0,"player_choice":"Card Removal","damage_taken":7,"max_hp_gain":0,"max_hp_loss":0,"event_name":"Golden Wing","floor":2,"gold_loss":0},{"damage_healed":0,"gold_gain":0,"player_choice":"Donut","damage_taken":0,"max_hp_gain":5,"max_hp_loss":0,"event_name":"Big Fish","floor":11,"gold_loss":0},{"damage_healed":0,"gold_gain":0,"player_choice":"Ignored","damage_taken":0,"max_hp_gain":0,"max_hp_loss":0,"event_name":"Vampires","floor":19,"gold_loss":0},{"damage_healed":0,"gold_gain":0,"player_choice":"Fought Bandits","damage_taken":0,"max_hp_gain":0,"max_hp_loss":0,"event_name":"Masked Bandits","floor":22,"gold_loss":0}],"is_beta":false,"boss_relics":[{"not_picked":["Philosopher\u0027s Stone","Astrolabe"],"picked":"SlaversCollar"}],"items_purged_floors":[],"is_endless":false,"potions_floor_spawned":[1,3,8,12,16,18,20,22],"killed_by":"Snake Plant","ascension_level":0}}