{"host":"r8wnwrggzw8t210b","time":1610778808,"event":{"mods":["BaseMod","Colored Powertips","Minty Spire (QoL Compilation)","StSLib"],"gold_per_floor":[117,117,130,148,73,111,127,127,151,151,189,189,189,213,213,213,213],"floor_reached":16,"language":"ZHS","playtime":459,"items_purged":["Strike_P"],"score":143,"play_id":"bc426400-5c10-41f9-a116-f1ca5af15999","local_time":"20210116143328","is_ascension_mode":true,"campfire_choices":[{"data":"Eruption","floor":8.0,"key":"SMITH"},{"floor":10.0,"key":"REST"},{"floor":13,"key":"REST"},{"floor":15,"key":"REST"}],"circlet_count":0,"master_deck":["Strike_P","Strike_P","Strike_P","Defend_P","Defend_P","Defend_P","Defend_P","Eruption+1","Vigilance","EmptyFist","BowlingBash","Crescendo","ThirdEye"],"relics":["PureWater","NeowsBlessing","Golden Idol","Akabeko","Dream Catcher","Omamori"],"acts_visited":["Exordium"],"potions_floor_usage":[16,16],"damage_taken":[{"damage":0.0,"enemies":"2 Louse","floor":1.0,"turns":1.0},{"damage":0.0,"enemies":"Jaw Worm","floor":3.0,"turns":1.0},{"damage":0.0,"enemies":"Cultist","floor":4.0,"turns":1.0},{"damage":28.0,"enemies":"Gremlin Nob","floor":6.0,"turns":4.0},{"damage":8.0,"enemies":"Blue Slaver","floor":7.0,"turns":3.0},{"damage":28.0,"enemies":"Lagavulin","floor":11.0,"turns":6.0},{"damage":6,"enemies":"Red Slaver","floor":14,"turns":2},{"damage":37,"enemies":"Hexaghost","floor":16,"turns":9}],"seed_played":"-5120361103667965172","potions_obtained":[{"floor":1.0,"key":"LiquidMemories"},{"floor":11.0,"key":"StancePotion"},{"floor":14,"key":"BlessingOfTheForge"}],"is_trial":false,"path_per_floor":["M","?","M","M","$","E","M","R","T","R","E","?","R","M","R","B"],"character_chosen":"WATCHER","items_purchased":[],"campfire_rested":3,"item_purchase_floors":[],"current_hp_per_floor":[65,47,47,47,47,19,11,11,11,32,4,4,25,19,40,3,3],"gold":213,"neow_bonus":"THREE_ENEMY_KILL","is_daily":false,"chose_seed":false,"campfire_upgraded":1,"win_rate":0.0,"timestamp":1610778808,"path_taken":["M","?","M","M","$","E","M","R","T","R","E","?","R","?","R","BOSS"],"items_purchased_type":[],"build_version":"2020-12-22","purchased_purges":1,"victory":false,"max_hp_per_floor":[72,72,72,72,72,72,72,72,72,72,72,72,72,72,72,72,72],"card_choices":[{"not_picked":["CrushJoints","Prostrate","EmptyFist"],"picked":"SKIP","floor":1.0},{"not_picked":["ThirdEye","FlyingSleeves"],"picked":"EmptyFist","floor":3.0},{"not_picked":["EmptyFist","BowlingBash","Vault"],"picked":"SKIP","floor":4.0},{"not_picked":["FollowUp","Pray","WindmillStrike"],"picked":"SKIP","floor":6.0},{"not_picked":["JustLucky","Vengeance"],"picked":"BowlingBash","floor":7.0},{"not_picked":["ThirdEye","PathToVictory"],"picked":"Crescendo","floor":11.0},{"not_picked":["DeceiveReality","FlyingSleeves","Indignation"],"picked":"SKIP","floor":14},{"not_picked":["CutThroughFate","Protect"],"picked":"ThirdEye","floor":15}],"player_experience":95514,"relics_obtained":[{"floor":6.0,"key":"Akabeko"},{"floor":9.0,"key":"Dream Catcher"},{"floor":11.0,"key":"Omamori"}],"event_choices":[{"damage_healed":0.0,"max_hp_gain":0.0,"max_hp_loss":0.0,"gold_gain":0.0,"event_name":"Golden Idol","player_choice":"Take Damage","floor":2.0,"gold_loss":0.0,"damage_taken":18.0,"relics_obtained":["Golden Idol"]},{"damage_healed":0,"gold_gain":0,"player_choice":"Ignored","damage_taken":0,"max_hp_gain":0,"max_hp_loss":0,"event_name":"Transmorgrifier","floor":12,"gold_loss":0}],"is_beta":false,"boss_relics":[],"items_purged_floors":[5],"is_endless":false,"potions_floor_spawned":[1,11,14],"killed_by":"Hexaghost","ascension_level":6}}