{"host":"08t08ld674si40tv","time":1610768781,"event":{"mods":["AchievementEnabler","BaseMod","Colored Map","Minty Spire (QoL Compilation)","StSLib","SuperFastMode"],"gold_per_floor":[117,17,17,29,49,49,49,49,49,49,49,68,68,17,17,17,17],"floor_reached":16,"language":"KOR","playtime":223,"items_purged":["Strike_R"],"score":176,"play_id":"7b571a87-7f21-48e6-941e-5435bfd80373","local_time":"20210116124621","is_ascension_mode":true,"campfire_choices":[{"data":"Blood for Blood","floor":6.0,"key":"SMITH"},{"floor":8.0,"key":"REST"},{"data":"Dual Wield","floor":10.0,"key":"SMITH"},{"data":"True Grit","floor":15.0,"key":"SMITH"}],"circlet_count":0,"master_deck":["AscendersBane","Strike_R","Strike_R","Strike_R","Defend_R","Defend_R","Defend_R+1","Defend_R","Bash","Flash of Steel","Wild Strike","Pommel Strike+1","Dual Wield+1","Blood for Blood+1","True Grit+1"],"relics":["Burning Blood","Mercury Hourglass"],"acts_visited":["Exordium"],"potions_floor_usage":[16,16],"damage_taken":[{"damage":6.0,"enemies":"Cultist","floor":1.0,"turns":3.0},{"damage":12.0,"enemies":"Jaw Worm","floor":4.0,"turns":2.0},{"damage":20.0,"enemies":"Small Slimes","floor":5.0,"turns":4.0},{"damage":3.0,"enemies":"Looter","floor":12.0,"turns":2.0},{"damage":70,"enemies":"Slime Boss","floor":16,"turns":7}],"seed_played":"5738651755290325021","potions_obtained":[{"floor":1.0,"key":"LiquidBronze"},{"floor":4.0,"key":"Swift Potion"},{"floor":12.0,"key":"Fruit Juice"}],"is_trial":false,"path_per_floor":["M","$","?","M","M","R","?","R","T","R","$","M","?","$","R","B"],"character_chosen":"IRONCLAD","items_purchased":["Pommel Strike","True Grit"],"campfire_rested":1,"item_purchase_floors":[2,14],"current_hp_per_floor":[68,68,68,62,48,48,25,47,47,47,47,50,55,55,55,0,0],"gold":17,"neow_bonus":"RANDOM_COLORLESS","is_daily":false,"chose_seed":false,"campfire_upgraded":3,"win_rate":0.0,"timestamp":1610768781,"path_taken":["M","$","?","M","M","R","?","R","T","R","$","M","?","$","R","BOSS"],"items_purchased_type":["Card","Card"],"build_version":"2020-12-22","purchased_purges":1,"victory":false,"max_hp_per_floor":[75,75,75,75,75,75,75,75,75,75,75,75,80,80,80,85,85],"card_choices":[{"not_picked":["Trip","Purity"],"picked":"Flash of Steel","floor":0.0},{"not_picked":["Anger","Perfected Strike"],"picked":"Wild Strike","floor":1.0},{"not_picked":["Iron Wave","Body Slam"],"picked":"Dual Wield","floor":4.0},{"not_picked":["Sever Soul","Clothesline"],"picked":"Blood for Blood","floor":5.0},{"not_picked":["Wild Strike","Havoc","Cleave"],"picked":"SKIP","floor":12.0}],"player_experience":223497,"relics_obtained":[{"floor":9.0,"key":"Mercury Hourglass"}],"event_choices":[{"cards_removed":["Strike_R"],"damage_healed":0.0,"max_hp_gain":0.0,"max_hp_loss":0.0,"gold_gain":0.0,"event_name":"Living Wall","player_choice":"Forget","floor":3.0,"gold_loss":0.0,"damage_taken":0.0},{"damage_healed":0.0,"max_hp_gain":0.0,"max_hp_loss":0.0,"gold_gain":0.0,"event_name":"Shining Light","player_choice":"Entered Light","floor":7.0,"gold_loss":0.0,"damage_taken":23.0,"cards_upgraded":["Defend_R","Pommel Strike"]},{"damage_healed":0.0,"max_hp_gain":5.0,"max_hp_loss":0.0,"gold_gain":0.0,"event_name":"Big Fish","player_choice":"Donut","floor":13.0,"gold_loss":0.0,"damage_taken":0.0}],"is_beta":false,"boss_relics":[],"items_purged_floors":[2],"is_endless":false,"potions_floor_spawned":[1,4,12],"killed_by":"Slime Boss","ascension_level":20}}