{"host":"wg29woj1pduqw9vg","time":1610823133,"event":{"mods":["BaseMod","Bestiary","Better Third Choice","Colored Map","Downfall","Highlight Path","Minty Spire (QoL Compilation)","Quick Restart","StSLib"],"gold_per_floor":[99,112,128,140,154,154,180,208,221,253,14,14,14,46,61,61,61,61],"floor_reached":16,"language":"ENG","playtime":1676,"items_purged":[],"score":128,"play_id":"5d5bf83f-de36-4f5b-8176-c82cc0728f1d","local_time":"20210116105213","is_ascension_mode":true,"campfire_choices":[{"data":"Slimebound:Tackle","floor":1.0,"key":"SMITH"},{"data":"Slimebound:LivingWall","floor":6,"key":"SMITH"}],"circlet_count":0,"master_deck":["Slimebound:Strike_Slimebound+1","Slimebound:Strike_Slimebound","Slimebound:Strike_Slimebound","Slimebound:Tackle+1","Slimebound:Defend_Slimebound","Slimebound:Defend_Slimebound","Slimebound:Defend_Slimebound","Slimebound:Defend_Slimebound","Slimebound:Split","Slimebound:CorrosiveSpit","Slimebound:SplitSpecialist","Slimebound:LeechLife","Slimebound:ComboTackle+1","Slimebound:LivingWall+1","Slimebound:SamplingLick","Slimebound:RollThrough","Slimebound:Schlurp","expansioncontent:DashGenerateEvil","Slimebound:BestDefense","Slimebound:Prepare"],"relics":["Slimebound:AbsorbEndCombat","Lantern","Pen Nib","Whetstone","Matryoshka","Molten Egg 2"],"acts_visited":["Exordium"],"potions_floor_usage":[8,8,16],"damage_taken":[{"damage":0.0,"enemies":"2 Louse","floor":2.0,"turns":2.0},{"damage":12.0,"enemies":"Jaw Worm","floor":3.0,"turns":4.0},{"damage":0.0,"enemies":"Small Slimes","floor":4.0,"turns":2.0},{"damage":17.0,"enemies":"Red Slaver","floor":5.0,"turns":4.0},{"damage":15,"enemies":"Gremlin Nob","floor":8,"turns":4},{"damage":0,"enemies":"3 Louse","floor":9,"turns":3},{"damage":23,"enemies":"3 Sentries","floor":10,"turns":6},{"damage":0,"enemies":"downfall:FleeingMerchant","floor":11,"turns":4},{"damage":36,"enemies":"Gremlin Nob","floor":14,"turns":5},{"damage":3,"enemies":"Blue Slaver","floor":15,"turns":2},{"damage":43,"enemies":"WA_ARCHETYPE_RETAIN","floor":16,"turns":7}],"seed_played":"3857324121457265055","potions_obtained":[{"floor":0.0,"key":"Fruit Juice"},{"floor":0.0,"key":"Fire Potion"},{"floor":0.0,"key":"Energy Potion"},{"floor":3.0,"key":"Energy Potion"},{"floor":8,"key":"Strength Potion"},{"floor":14,"key":"SteroidPotion"}],"is_trial":false,"path_per_floor":["R","M","M","M","M","R","T","E","M","E","$","?","?","E","M","B"],"character_chosen":"SLIMEBOUND","items_purchased":["expansioncontent:DashGenerateEvil","Slimebound:BestDefense"],"campfire_rested":0,"item_purchase_floors":[11,11],"current_hp_per_floor":[65,65,64,65,58,58,58,50,62,40,51,51,56,22,20,0,0,0],"gold":61,"neow_bonus":"THREE_SMALL_POTIONS","is_daily":false,"chose_seed":false,"campfire_upgraded":2,"win_rate":0.0,"timestamp":1610823133,"path_taken":["R","M","M","M","M","R","T","E","M","E","$","?","?","E","M","BOSS"],"items_purchased_type":["Card","Card"],"build_version":"2020-12-22","purchased_purges":0,"victory":false,"max_hp_per_floor":[65,65,65,65,65,65,65,65,65,65,65,65,70,70,70,70,70,70],"card_choices":[{"not_picked":["Slimebound:Replication","Slimebound:LeechEnergy"],"picked":"Slimebound:SplitSpecialist","floor":2.0},{"not_picked":["Slimebound:LeechEnergy","Slimebound:SplitMire"],"picked":"Slimebound:LeechLife","floor":3.0},{"not_picked":["Slimebound:LivingWall","Slimebound:Gluttony"],"picked":"Slimebound:ComboTackle","floor":4.0},{"not_picked":["Slimebound:SplitMire","Slimebound:LeadByExample"],"picked":"Slimebound:LivingWall","floor":5},{"not_picked":["Slimebound:GrowthPunch","Slimebound:GoopTackle"],"picked":"Slimebound:SamplingLick","floor":8},{"not_picked":["Slimebound:Nibble","Slimebound:LeechingTouch"],"picked":"Slimebound:RollThrough","floor":9},{"not_picked":["Slimebound:ComboTackle","Slimebound:SlimeTap"],"picked":"Slimebound:Schlurp","floor":10},{"not_picked":["Slimebound:ServeAndProtect","Slimebound:SplitSpecialist","Slimebound:SlimeTap"],"picked":"SKIP","floor":11},{"not_picked":["Slimebound:ComboTackle+1","Slimebound:Replication","Slimebound:SlimeTap"],"picked":"SKIP","floor":14},{"not_picked":["Slimebound:MassRepurpose","Slimebound:SplitAcid"],"picked":"Slimebound:Prepare","floor":15}],"player_experience":46295,"relics_obtained":[{"floor":7,"key":"Lantern"},{"floor":8,"key":"Pen Nib"},{"floor":10,"key":"Whetstone"},{"floor":14,"key":"Molten Egg 2"}],"event_choices":[{"damage_healed":0,"gold_gain":0,"player_choice":"Donut","damage_taken":0,"max_hp_gain":5,"max_hp_loss":0,"event_name":"Big Fish","floor":13,"gold_loss":0}],"is_beta":false,"boss_relics":[],"items_purged_floors":[],"is_endless":false,"potions_floor_spawned":[3,8,14],"killed_by":"WA_ARCHETYPE_RETAIN","ascension_level":1}}