{"host":"rq33ss4gawu1dric","time":1610811389,"event":{"mods":["BaseMod","Colored Map","Colored Powertips","Good Game Mod","Minty Spire (QoL Compilation)"],"gold_per_floor":[109,128,141,156,171,171,171,191,270,270,296,327,58,58,58,58,58],"floor_reached":16,"language":"ZHS","playtime":663,"items_purged":["Body Slam"],"score":137,"play_id":"bd3391eb-a14d-425e-b8da-e6389aaab314","local_time":"20210116233629","daily_mods":["Heirloom","Time Dilation","Flight"],"is_ascension_mode":false,"campfire_choices":[{"data":"Omniscience","floor":6,"key":"SMITH"},{"data":"Blood for Blood","floor":7,"key":"SMITH"},{"data":"Entrench","floor":10,"key":"SMITH"},{"floor":15,"key":"REST"}],"circlet_count":0,"master_deck":["Strike_R","Strike_R","Strike_R","Strike_R","Strike_R","Defend_R","Defend_R","Defend_R","Defend_R","Bash","Omniscience+1","Pommel Strike","Sword Boomerang","Entrench+1","Blood for Blood+1","Shrug It Off","Limit Break","Flex","Injury"],"relics":["Burning Blood","REME:ComplimentaryCards","Dead Branch","StrikeDummy","Tiny Chest","Incense Burner","Golden Idol"],"acts_visited":["Exordium"],"potions_floor_usage":[11,11,16],"damage_taken":[{"damage":2,"enemies":"2 Louse","floor":1,"turns":2},{"damage":11,"enemies":"Jaw Worm","floor":2,"turns":3},{"damage":1,"enemies":"Cultist","floor":3,"turns":3},{"damage":18,"enemies":"2 Fungi Beasts","floor":4,"turns":3},{"damage":24,"enemies":"Lots of Slimes","floor":5,"turns":5},{"damage":12,"enemies":"3 Louse","floor":8,"turns":3},{"damage":0,"enemies":"Gremlin Nob","floor":11,"turns":2},{"damage":44,"enemies":"Lagavulin","floor":12,"turns":6},{"damage":38,"enemies":"The Guardian","floor":16,"turns":13}],"seed_played":"495678721370912855","potions_obtained":[{"floor":5,"key":"BlessingOfTheForge"},{"floor":8,"key":"AttackPotion"},{"floor":12,"key":"Block Potion"}],"is_trial":true,"path_per_floor":["M","M","M","M","M","R","R","M","T","R","E","E","$","?","R","B"],"character_chosen":"IRONCLAD","items_purchased":["Limit Break","Flex"],"campfire_rested":1,"item_purchase_floors":[13,13],"current_hp_per_floor":[80,75,80,68,50,50,50,44,44,44,50,12,12,12,36,0,0],"gold":58,"neow_bonus":"","is_daily":false,"chose_seed":false,"campfire_upgraded":3,"win_rate":0.0,"timestamp":1610811389,"path_taken":["M","M","M","M","M","R","R","M","T","R","E","E","$","?","R","BOSS"],"items_purchased_type":["Card","Card"],"build_version":"2020-12-22","purchased_purges":1,"victory":false,"max_hp_per_floor":[80,80,80,80,80,80,80,80,80,80,80,80,80,80,80,80,80],"card_choices":[{"not_picked":["Anger","Battle Trance"],"picked":"Pommel Strike","floor":1},{"not_picked":["Uppercut","Clothesline","Disarm"],"picked":"SKIP","floor":2},{"not_picked":["Headbutt","Pommel Strike"],"picked":"Sword Boomerang","floor":3},{"not_picked":["Sword Boomerang","Pummel"],"picked":"Entrench","floor":4},{"not_picked":["Flex","Anger"],"picked":"Blood for Blood","floor":5},{"not_picked":["Reckless Charge","Heavy Blade","Pommel Strike"],"picked":"SKIP","floor":8},{"not_picked":["Carnage","Feel No Pain"],"picked":"Body Slam","floor":11},{"not_picked":["Searing Blow","Pommel Strike"],"picked":"Shrug It Off","floor":12}],"player_experience":20591,"relics_obtained":[{"floor":9,"key":"StrikeDummy"},{"floor":11,"key":"Tiny Chest"},{"floor":12,"key":"Incense Burner"}],"event_choices":[{"damage_healed":0,"gold_gain":0,"player_choice":"Take Wound","damage_taken":0,"relics_obtained":["Golden Idol"],"max_hp_gain":0,"max_hp_loss":0,"event_name":"Golden Idol","floor":14,"gold_loss":0,"cards_obtained":["Injury"]}],"is_beta":false,"boss_relics":[],"items_purged_floors":[13],"is_endless":false,"potions_floor_spawned":[5,8,12],"killed_by":"The Guardian","ascension_level":0}}