{"host":"81h68oe4mr04pk3r","time":1610772562,"event":{"mods":["Act Like it!","Aspiration","BaseMod","BetterRewards","Colored Map","Colored Powertips","Conspire","Downfall","Gensokyo","Hallownest","Hermit","Hubris","Infinite Spire","Jorbs\u0027s Wanderer Trilogy","Koishi","Lobotomy","LobotomyExtend","Marisa????????","Minty Spire (QoL Compilation)","Quick Restart","Reimu??????","Remilia??????","StSLib","The Bug Knight","The Construct","The Cursed","The Disciple","The Servant 0.9.4"],"gold_per_floor":[118,37,37,52,69,69,89,89,89,89,100,100,118,118,118,223,223,241,201,219,219,219,219],"floor_reached":22,"language":"ENG","playtime":1104,"items_purged":[],"score":176,"play_id":"2012c81b-8062-4c1e-a1e9-0dd79a143281","local_time":"20210115204922","is_ascension_mode":false,"campfire_choices":[{"data":"HollowMod:LifebloodCocoon","floor":6,"key":"SMITH"},{"floor":8,"key":"REST"},{"floor":12,"key":"REST"},{"floor":15,"key":"REST"}],"circlet_count":0,"master_deck":["HollowMod:NailStrikeStart","HollowMod:NailStrikeStart","HollowMod:NailStrikeStart","HollowMod:NailStrikeStart","HollowMod:QuickDashStart","HollowMod:QuickDashStart","HollowMod:QuickDashStart","HollowMod:QuickDashStart","HollowMod:FocusHealStart","HollowMod:PogoStrike","HollowMod:SoulEater+1","HollowMod:Grubsong","HollowMod:ShadowDash+1","HollowMod:LifebloodCocoon+1","HollowMod:WraithStrike","HollowMod:MantisMark","HollowMod:RecoilStrike","HollowMod:VengefulVoid","HollowMod:SlysStrikes","HollowMod:ChannelNail","HollowMod:SiblingsSouls"],"relics":["HollowMod:VesselMask","aspiration:Nostalgia","Slimebound:AbsorbEndCombat","LetterFromLob","Dead Branch","aspiration:ChemicalBlood","SacredBark","hubris:Towel"],"acts_visited":["Exordium","Gensokyo:Gensokyoer"],"potions_floor_usage":[13,16,16,16,16,16,16,20,20],"damage_taken":[{"damage":1,"enemies":"2 Louse","floor":1,"turns":2},{"damage":9,"enemies":"Jaw Worm","floor":4,"turns":7},{"damage":3,"enemies":"Small Slimes","floor":5,"turns":5},{"damage":40,"enemies":"Red Slaver","floor":7,"turns":8},{"damage":11,"enemies":"Looter","floor":11,"turns":3},{"damage":14,"enemies":"Exordium Thugs","floor":13,"turns":3},{"damage":71,"enemies":"HollowMod:FalseKnight","floor":16,"turns":10},{"damage":33,"enemies":"Gensokyo:Chomper","floor":18,"turns":6},{"damage":33,"enemies":"Gensokyo:AngelMirror","floor":20,"turns":5},{"damage":10,"enemies":"Gensokyo:Chomper_and_Gloop","floor":22,"turns":2}],"seed_played":"-9043296908071942902","potions_obtained":[{"floor":5,"key":"Dexterity Potion"},{"floor":11,"key":"Explosive Potion"}],"is_trial":false,"path_per_floor":["M","$","?","M","M","R","M","R","T","T","M","R","M","M","R","B",null,"M","?","M","?","M"],"character_chosen":"THE_BUGKNIGHT","items_purchased":["HollowMod:Grubsong","HollowMod:ShadowDash"],"campfire_rested":3,"item_purchase_floors":[2,2],"current_hp_per_floor":[74,74,74,65,68,68,34,56,56,56,45,67,53,53,75,4,75,42,42,9,9,0,0],"gold":219,"neow_bonus":"NOSTALGIA","is_daily":false,"chose_seed":false,"campfire_upgraded":1,"win_rate":0.0,"timestamp":1610772562,"path_taken":["M","$","?","M","M","R","M","R","T","?","M","R","M","M","R","BOSS","M","?","?","?","M"],"items_purchased_type":["Card","Card"],"build_version":"2020-12-22","purchased_purges":0,"victory":false,"max_hp_per_floor":[75,75,75,75,75,75,75,75,75,75,75,75,75,75,75,75,75,75,75,75,75,75,75],"card_choices":[{"not_picked":["HollowMod:HeavyBlow","HollowMod:VengefulSpirit"],"picked":"HollowMod:SoulEater","floor":1},{"not_picked":["HollowMod:NewLittleFool","HollowMod:SoulVessel"],"picked":"HollowMod:LifebloodCocoon","floor":4},{"not_picked":["HollowMod:TaintedHusks","HollowMod:ChannelNail"],"picked":"HollowMod:WraithStrike","floor":5},{"not_picked":["HollowMod:MothsMistake","HollowMod:LifebloodCocoon"],"picked":"HollowMod:MantisMark","floor":7},{"not_picked":["HollowMod:DoubleDash","HollowMod:GreatSlash"],"picked":"HollowMod:RecoilStrike","floor":11},{"not_picked":["HollowMod:WraithStrike","HollowMod:NewLittleFool"],"picked":"HollowMod:VengefulVoid","floor":13},{"not_picked":["HollowMod:HornetsHelp","HollowMod:SoulMaster"],"picked":"HollowMod:SlysStrikes","floor":16},{"not_picked":["HollowMod:GreatSlash+1","HollowMod:GoodIntentions"],"picked":"HollowMod:ChannelNail","floor":18},{"not_picked":["HollowMod:TaintedHusks","HollowMod:LifebloodCocoon+1"],"picked":"HollowMod:SiblingsSouls","floor":20}],"player_experience":196441,"relics_obtained":[{"floor":1,"key":"LetterFromLob"},{"floor":9,"key":"Dead Branch"},{"floor":10,"key":"aspiration:ChemicalBlood"}],"event_choices":[{"damage_healed":0,"gold_gain":0,"player_choice":"Grow","damage_taken":0,"max_hp_gain":0,"max_hp_loss":0,"event_name":"Living Wall","floor":3,"gold_loss":0,"cards_upgraded":["HollowMod:ShadowDash"]}],"is_beta":false,"boss_relics":[{"not_picked":["Tiny House","Sozu"],"picked":"SacredBark"}],"items_purged_floors":[],"is_endless":false,"potions_floor_spawned":[5,11],"killed_by":"Gensokyo:Chomper_and_Gloop","ascension_level":0}}