{"host":"y7sd46uq4xlni546","time":1610811944,"event":{"mods":["AchievementEnabler","BaseMod","Colored Map","Colored Powertips","Curses Come First","Filter the Spire","Minty Spire (QoL Compilation)","Quick Restart","Random Character Button","Rare Cards Sparkle","StSLib"],"gold_per_floor":[111,111,286,299,239,239,250,282,294,317,329,341,370,393,405,514,526,538,538],"floor_reached":18,"language":"ENG","playtime":711,"items_purged":[],"score":227,"play_id":"4d087b6e-ef71-45d8-ba3d-f346b1aec3eb","local_time":"20210116164544","is_ascension_mode":true,"campfire_choices":[{"data":"Searing Blow+1","floor":6,"key":"SMITH"},{"floor":12,"key":"REST"},{"floor":15,"key":"REST"}],"circlet_count":0,"master_deck":["Bash+1","Perfected Strike+1","Infernal Blade+1","Searing Blow+2","Bloodletting","Doubt","Warcry","Pummel","Fire Breathing","Uppercut","Thunderclap","Juggernaut","Juggernaut","Perfected Strike","Corruption","Disarm","Entrench","Juggernaut"],"relics":["Astrolabe","Thread and Needle","MawBank","Gambling Chip","Pandora\u0027s Box"],"acts_visited":["Exordium","TheCity"],"potions_floor_usage":[8,16],"damage_taken":[{"damage":2,"enemies":"Cultist","floor":1,"turns":2},{"damage":5,"enemies":"Jaw Worm","floor":4,"turns":3},{"damage":0,"enemies":"2 Louse","floor":7,"turns":2},{"damage":17,"enemies":"Gremlin Nob","floor":8,"turns":4},{"damage":12,"enemies":"Gremlin Gang","floor":10,"turns":5},{"damage":12,"enemies":"Lots of Slimes","floor":13,"turns":2},{"damage":0,"enemies":"2 Fungi Beasts","floor":14,"turns":1},{"damage":68,"enemies":"The Guardian","floor":16,"turns":10},{"damage":38,"enemies":"Shell Parasite","floor":18,"turns":5}],"seed_played":"-1507723003868199179","potions_obtained":[{"floor":4,"key":"PowerPotion"},{"floor":10,"key":"ColorlessPotion"},{"floor":13,"key":"HeartOfIron"},{"floor":14,"key":"Strength Potion"}],"is_trial":false,"path_per_floor":["M","?","?","M","?","R","M","E","T","M","$","R","M","M","R","B",null,"M"],"character_chosen":"IRONCLAD","items_purchased":[],"campfire_rested":2,"item_purchase_floors":[],"current_hp_per_floor":[70,70,70,65,65,65,65,48,48,36,36,60,48,48,72,4,61,23,23],"gold":538,"neow_bonus":"BOSS_RELIC","is_daily":false,"chose_seed":false,"campfire_upgraded":1,"win_rate":0.0,"timestamp":1610811944,"path_taken":["M","?","?","M","?","R","?","E","T","M","?","R","M","M","R","BOSS","M"],"items_purchased_type":[],"build_version":"2020-12-22","purchased_purges":0,"victory":false,"max_hp_per_floor":[80,80,80,80,80,80,80,80,80,80,80,80,80,80,80,80,80,80,80],"card_choices":[{"not_picked":["Havoc","Body Slam"],"picked":"Bloodletting","floor":1},{"not_picked":["Sentinel","Searing Blow"],"picked":"Warcry","floor":4},{"not_picked":["Reckless Charge","Body Slam"],"picked":"Pummel","floor":7},{"not_picked":["Warcry","Dark Embrace"],"picked":"Fire Breathing","floor":8},{"not_picked":["Anger","Pommel Strike"],"picked":"Uppercut","floor":10},{"not_picked":["Perfected Strike","Sword Boomerang","Wild Strike"],"picked":"SKIP","floor":13},{"not_picked":["Rampage","Flex"],"picked":"Thunderclap","floor":14},{"not_picked":["Impervious","Exhume"],"picked":"Juggernaut","floor":16}],"player_experience":647448,"relics_obtained":[{"floor":8,"key":"MawBank"},{"floor":9,"key":"Gambling Chip"}],"event_choices":[{"damage_healed":0,"gold_gain":0,"player_choice":"Grow","damage_taken":0,"max_hp_gain":0,"max_hp_loss":0,"event_name":"Living Wall","floor":2,"gold_loss":0,"cards_upgraded":["Bash"]},{"damage_healed":0,"gold_gain":175,"player_choice":"AGREE","damage_taken":0,"max_hp_gain":0,"max_hp_loss":0,"event_name":"Liars Game","floor":3,"gold_loss":0,"cards_obtained":["Doubt"]},{"damage_healed":0,"gold_gain":0,"player_choice":"Paid Gold","damage_taken":0,"relics_obtained":["Thread and Needle"],"max_hp_gain":0,"max_hp_loss":0,"event_name":"WeMeetAgain","floor":5,"gold_loss":60}],"is_beta":false,"boss_relics":[{"not_picked":["Philosopher\u0027s Stone","Cursed Key"],"picked":"Pandora\u0027s Box"}],"items_purged_floors":[],"is_endless":false,"potions_floor_spawned":[4,10,13,14],"killed_by":"Shell Parasite","ascension_level":8}}