{"host":"TheHustler","time":1610791450,"event":{"mods":["BaseMod","Block Reminder","Colored Map","Colored Powertips","Minty Spire (QoL Compilation)","Quick Restart","StSLib","SuperFastMode","Unceasing Turn Reminder"],"gold_per_floor":[114,189,7,7,22,22,52,52,77,107,137,137,63,93,105,217,229,226,253,265,27,27,27,57,87,137,152,152,167,50,65,65,165,165,180,195,245,264,264,294,294,324,374,334,334,349,152,152,152,152],"floor_reached":51,"language":"ENG","playtime":1717,"items_purged":[],"score":890,"play_id":"ca3bcbdc-3896-490d-a74a-0920b8e00cb9","local_time":"20210116110410","daily_mods":["Allstar","Flight","Night Terrors"],"is_ascension_mode":false,"campfire_choices":[{"data":"Apotheosis","floor":6,"key":"SMITH"},{"data":"Mayhem","floor":8,"key":"SMITH"},{"floor":12,"key":"REST"},{"floor":15,"key":"REST"},{"data":"Wraith Form v2","floor":23,"key":"SMITH"},{"data":"Footwork","floor":32,"key":"SMITH"},{"floor":49,"key":"REST"}],"circlet_count":0,"master_deck":["Defend_G","Defend_G","Defend_G","Defend_G","Defend_G","Survivor","Neutralize+1","Impatience","Dark Shackles","Panacea","Mayhem+1","PanicButton","Noxious Fumes","Apotheosis+1","Catalyst","Poisoned Stab","Wraith Form v2+1","Leg Sweep","Noxious Fumes","Riddle With Holes","Infinite Blades","Bite","Bite","Bite","Bite","Bite","Tools of the Trade","Footwork+1","Wraith Form v2+1","Deadly Poison","Footwork","Calculated Gamble","Flechettes","Envenom","Acrobatics+1","Footwork+1","Reflex+1","Madness","Madness","Accuracy+1","Prepared"],"relics":["Ring of the Snake","PreservedInsect","Orichalcum","HornCleat","MawBank","Runic Dome","Eternal Feather","Letter Opener","Bottled Lightning","Smiling Mask","Busted Crown","Thread and Needle","Mango","Bottled Tornado","Oddly Smooth Stone","Potion Belt","Nunchaku"],"acts_visited":["Exordium","TheCity","TheBeyond"],"potions_floor_usage":[7,33,38,38,40,40,50,50],"damage_taken":[{"damage":1,"enemies":"2 Louse","floor":1,"turns":4},{"damage":4,"enemies":"Small Slimes","floor":5,"turns":4},{"damage":7,"enemies":"Gremlin Nob","floor":7,"turns":5},{"damage":10,"enemies":"Lagavulin","floor":10,"turns":6},{"damage":3,"enemies":"3 Sentries","floor":11,"turns":6},{"damage":0,"enemies":"Lagavulin","floor":14,"turns":5},{"damage":20,"enemies":"Slime Boss","floor":16,"turns":11},{"damage":0,"enemies":"2 Thieves","floor":18,"turns":4},{"damage":0,"enemies":"Spheric Guardian","floor":19,"turns":4},{"damage":9,"enemies":"Gremlin Leader","floor":24,"turns":6},{"damage":0,"enemies":"Book of Stabbing","floor":25,"turns":4},{"damage":9,"enemies":"3 Cultists","floor":27,"turns":6},{"damage":18,"enemies":"Cultist and Chosen","floor":29,"turns":5},{"damage":0,"enemies":"Centurion and Healer","floor":31,"turns":7},{"damage":31,"enemies":"Collector","floor":33,"turns":8},{"damage":0,"enemies":"3 Darklings","floor":35,"turns":6},{"damage":4,"enemies":"Orb Walker","floor":36,"turns":3},{"damage":0,"enemies":"Mind Bloom Boss Battle","floor":37,"turns":7},{"damage":35,"enemies":"2 Orb Walkers","floor":38,"turns":5},{"damage":21,"enemies":"Reptomancer","floor":40,"turns":5},{"damage":12,"enemies":"Giant Head","floor":42,"turns":8},{"damage":21,"enemies":"Jaw Worm Horde","floor":46,"turns":7},{"damage":29,"enemies":"Time Eater","floor":50,"turns":12}],"seed_played":"2700428786693623746","potions_obtained":[{"floor":5,"key":"Strength Potion"},{"floor":11,"key":"DistilledChaos"},{"floor":18,"key":"DistilledChaos"},{"floor":19,"key":"LiquidMemories"},{"floor":37,"key":"Fire Potion"},{"floor":38,"key":"SkillPotion"},{"floor":42,"key":"DuplicationPotion"},{"floor":44,"key":"BlessingOfTheForge"},{"floor":44,"key":"SteroidPotion"},{"floor":44,"key":"Energy Potion"}],"is_trial":false,"path_per_floor":["M","?","$","?","M","R","E","R","T","E","E","R","$","E","R","B",null,"M","M","?","$","$","R","E","E","T","M","?","M","$","M","R","B",null,"M","M","?","?","?","E","?","E","T","?","$","M","$","?","R","B",null],"character_chosen":"THE_SILENT","items_purchased":["Apotheosis","Noxious Fumes","Eternal Feather","Footwork","Calculated Gamble","Prepared","Nunchaku"],"campfire_rested":3,"item_purchase_floors":[3,13,21,30,30,47,47],"current_hp_per_floor":[69,58,58,44,40,40,33,33,33,23,20,65,65,65,60,40,60,60,60,60,60,60,60,58,60,60,60,60,46,46,60,60,41,60,60,60,60,42,33,21,21,30,30,30,30,27,27,27,69,69],"gold":152,"neow_bonus":"","is_daily":true,"chose_seed":false,"campfire_upgraded":4,"win_rate":0.0,"timestamp":1610791450,"path_taken":["M","?","$","?","M","R","E","R","T","E","E","R","?","E","R","BOSS","M","M","?","$","$","R","E","E","T","M","?","M","$","?","R","BOSS","M","M","?","?","?","E","?","E","T","?","$","?","$","?","R","BOSS"],"items_purchased_type":["Card","Card","Relic","Card","Card","Card","Relic"],"build_version":"2020-12-18","purchased_purges":0,"victory":true,"max_hp_per_floor":[70,70,70,70,70,70,70,70,70,70,70,65,65,65,60,60,60,60,60,60,60,60,60,60,60,60,60,60,60,60,60,60,60,60,60,60,60,74,74,74,74,74,74,74,74,74,74,74,69,69],"card_choices":[{"not_picked":["Deadly Poison","Blade Dance"],"picked":"Noxious Fumes","floor":1},{"not_picked":["Acrobatics","Deflect"],"picked":"Catalyst","floor":5},{"not_picked":["Dodge and Roll","Outmaneuver"],"picked":"Poisoned Stab","floor":7},{"not_picked":["Reflex","Dodge and Roll"],"picked":"Wraith Form v2","floor":10},{"not_picked":["Sucker Punch","Prepared"],"picked":"Leg Sweep","floor":11},{"not_picked":["Poisoned Stab","Outmaneuver","Deadly Poison"],"picked":"SKIP","floor":14},{"not_picked":["Dagger Spray","Slice+1"],"picked":"Riddle With Holes","floor":18},{"not_picked":["Flying Knee","Dagger Throw"],"picked":"Infinite Blades","floor":19},{"not_picked":["Dagger Throw+1","Flechettes"],"picked":"Tools of the Trade","floor":24},{"not_picked":["Blade Dance+1","Prepared"],"picked":"Footwork","floor":25},{"not_picked":["Riddle With Holes","Blade Dance+1","Slice"],"picked":"SKIP","floor":27},{"not_picked":["Prepared","Masterful Stab"],"picked":"Deadly Poison","floor":29},{"not_picked":["Slice","Finisher"],"picked":"Flechettes","floor":31},{"not_picked":["Grand Finale","Doppelganger"],"picked":"Envenom","floor":33},{"not_picked":["PiercingWail"],"picked":"SKIP","floor":35},{"not_picked":[],"picked":"Acrobatics+1","floor":36},{"not_picked":[],"picked":"Footwork+1","floor":37},{"not_picked":[],"picked":"Reflex+1","floor":38},{"not_picked":["Flying Knee+1"],"picked":"SKIP","floor":40},{"not_picked":["Choke+1"],"picked":"SKIP","floor":42},{"not_picked":[],"picked":"Accuracy+1","floor":46}],"player_experience":634429,"relics_obtained":[{"floor":7,"key":"PreservedInsect"},{"floor":9,"key":"Orichalcum"},{"floor":10,"key":"HornCleat"},{"floor":11,"key":"Blood Vial"},{"floor":14,"key":"MawBank"},{"floor":24,"key":"Letter Opener"},{"floor":25,"key":"Bottled Lightning"},{"floor":26,"key":"Smiling Mask"},{"floor":37,"key":"Thread and Needle"},{"floor":38,"key":"Mango"},{"floor":40,"key":"Bottled Tornado"},{"floor":42,"key":"Oddly Smooth Stone"},{"floor":43,"key":"Potion Belt"}],"event_choices":[{"damage_healed":0,"gold_gain":75,"player_choice":"Gather Gold","damage_taken":11,"max_hp_gain":0,"max_hp_loss":0,"event_name":"World of Goop","floor":2,"gold_loss":0},{"damage_healed":0,"gold_gain":0,"player_choice":"Entered Light","damage_taken":14,"max_hp_gain":0,"max_hp_loss":0,"event_name":"Shining Light","floor":4,"gold_loss":0,"cards_upgraded":["Neutralize","Strike_G"]},{"damage_healed":0,"gold_gain":0,"player_choice":"Became a vampire (Vial)","damage_taken":0,"max_hp_gain":0,"max_hp_loss":0,"event_name":"Vampires","floor":20,"relics_lost":["Blood Vial"],"gold_loss":0,"cards_obtained":["Bite","Bite","Bite","Bite","Bite"]},{"damage_healed":0,"gold_gain":0,"player_choice":"Copied","damage_taken":0,"max_hp_gain":0,"max_hp_loss":0,"event_name":"Duplicator","floor":28,"gold_loss":0,"cards_obtained":["Wraith Form v2"]},{"damage_healed":0,"gold_gain":0,"player_choice":"Fight","damage_taken":0,"max_hp_gain":0,"max_hp_loss":0,"event_name":"MindBloom","floor":37,"gold_loss":0},{"damage_healed":0,"gold_gain":0,"player_choice":"Fight","damage_taken":0,"max_hp_gain":0,"max_hp_loss":0,"event_name":"Mysterious Sphere","floor":38,"gold_loss":0},{"damage_healed":0,"gold_gain":0,"player_choice":"Embrace Madness","damage_taken":9,"max_hp_gain":0,"max_hp_loss":0,"event_name":"Winding Halls","floor":39,"gold_loss":0,"cards_obtained":["Madness","Madness"]},{"damage_healed":0,"gold_gain":0,"player_choice":"Ignored","damage_taken":0,"max_hp_gain":0,"max_hp_loss":0,"event_name":"Tomb of Lord Red Mask","floor":41,"gold_loss":0},{"damage_healed":0,"gold_gain":0,"player_choice":"Bought 3 Potions","damage_taken":0,"max_hp_gain":0,"max_hp_loss":0,"event_name":"The Woman in Blue","floor":44,"gold_loss":0},{"damage_healed":0,"gold_gain":0,"player_choice":"Ignored","damage_taken":0,"max_hp_gain":0,"max_hp_loss":0,"event_name":"The Moai Head","floor":48,"gold_loss":0}],"is_beta":true,"boss_relics":[{"not_picked":["Philosopher\u0027s Stone","Fusion Hammer"],"picked":"Runic Dome"},{"not_picked":["SlaversCollar","Runic Pyramid"],"picked":"Busted Crown"}],"items_purged_floors":[],"is_endless":false,"potions_floor_spawned":[5,11,18,19,25,29,37,38,42],"ascension_level":0}}