{"host":"56ghxnzsglgdq727","time":1610831727,"event":{"mods":["AchievementEnabler","BaseMod","Downfall","Duelist Mod","Minty Spire (QoL Compilation)","Rare Cards Sparkle","StSLib","The Bug Knight","The Exalted","The Senshi","The Wild Card"],"gold_per_floor":[142,152,152,152,171,171,200,200,223,223,223,252,264,281,281,386,386,397,397,416,433,131,143,143,170,170,186,200,200,231,245,245,348,348,365,265,315,333,65,65,100,100,100,114,137,158,187,37,37,37,37,37,37,37,37],"floor_reached":54,"language":"ENG","playtime":4291,"items_purged":["theDuelist:CastleWalls","theDuelist:CastleWalls+1","theDuelist:Sparks+1","Parasite"],"score":1142,"play_id":"7bbe7583-231b-4ea4-beea-757f446d76c0","local_time":"20210116161527","is_ascension_mode":true,"campfire_choices":[{"data":"theDuelist:BlasterDragonInfernos","floor":6.0,"key":"SMITH"},{"data":"theDuelist:EvilMind","floor":8.0,"key":"SMITH"},{"data":"theDuelist:DarkSparks","floor":10.0,"key":"SMITH"},{"data":"theDuelist:StardustDragon","floor":15.0,"key":"SMITH"},{"floor":24,"key":"RECALL"},{"floor":32,"key":"REST"},{"data":"theDuelist:CastleDragonSouls","floor":40,"key":"SMITH"},{"floor":42,"key":"REST"},{"floor":49,"key":"REST"},{"data":"theDuelist:Nameless:War:ForbiddenLance+2","floor":52,"key":"SMITH"}],"circlet_count":0,"master_deck":["theDuelist:SliferSky+1","theDuelist:MetalDragon+1","theDuelist:BlasterDragonInfernos+1","theDuelist:DarkSparks+1","theDuelist:CaveDragon+1","theDuelist:LesserDragon+1","theDuelist:Dracocension+1","theDuelist:CaveDragon+1","theDuelist:EvilMind+1","theDuelist:Nameless:Power:KamionTimelord+1","theDuelist:YamataDragon+1","theDuelist:FiveHeaded+1","theDuelist:StardustDragon+1","theDuelist:LesserDragon+1","theDuelist:BabyDragon+1","theDuelist:StardustDragon+1","theDuelist:CastleDragonSouls+1","theDuelist:Scapegoat+1","theDuelist:HourglassLife+1","theDuelist:Nameless:War:ForbiddenLance+3","theDuelist:ShardGreed","theDuelist:BlueEyesUltimate"],"relics":["theDuelist:MillenniumPuzzle","theDuelist:CardPoolRelic","theDuelist:CardPoolBasicRelic","theDuelist:BoosterPackPoolRelic","theDuelist:CardPoolAddRelic","theDuelist:CardPoolMinusRelic","theDuelist:CardPoolSaveRelic","theDuelist:CardPoolOptionsRelic","Whetstone","theDuelist:MillenniumArmor","HollowMod:PaleOreRelic","Bromod:ArcaneNullifier","Singing Bowl","Bromod:ArcaneGrace","theDuelist:MillenniumSymbol","Bromod:ArcaneFury","Thread and Needle","Bromod:ArcaneConsequence","Black Star","Bromod:ArcaneAegis","Bronze Scales","Happy Flower","MealTicket","Pantograph","Pear"],"acts_visited":["Exordium","TheCity","TheBeyond","TheEnding"],"potions_floor_usage":[23,23,25,25,31,37,37,46],"damage_taken":[{"damage":11.0,"enemies":"Small Slimes","floor":1.0,"turns":2.0},{"damage":0.0,"enemies":"Jaw Worm","floor":2.0,"turns":2.0},{"damage":0.0,"enemies":"2 Louse","floor":5.0,"turns":3.0},{"damage":2.0,"enemies":"HollowMod:MossKnight","floor":7.0,"turns":5.0},{"damage":11.0,"enemies":"Lagavulin","floor":12.0,"turns":5.0},{"damage":0.0,"enemies":"2 Fungi Beasts","floor":13.0,"turns":3.0},{"damage":0.0,"enemies":"Red Slaver","floor":14.0,"turns":2.0},{"damage":12.0,"enemies":"The Guardian","floor":16.0,"turns":9.0},{"damage":2.0,"enemies":"Chosen","floor":18.0,"turns":4.0},{"damage":9.0,"enemies":"Spheric Guardian","floor":20.0,"turns":4.0},{"damage":9.0,"enemies":"Chosen and Byrds","floor":21.0,"turns":6.0},{"damage":0,"enemies":"Centurion and Healer","floor":23,"turns":5},{"damage":0,"enemies":"theDuelist:KaibaA2","floor":25,"turns":5},{"damage":21,"enemies":"3 Cultists","floor":27,"turns":6},{"damage":0,"enemies":"Chosen and Byrds","floor":28,"turns":7},{"damage":64,"enemies":"Slavers","floor":30,"turns":9},{"damage":0,"enemies":"Snecko","floor":31,"turns":4},{"damage":4,"enemies":"Automaton","floor":33,"turns":6},{"damage":51,"enemies":"3 Darklings","floor":35,"turns":8},{"damage":0,"enemies":"Mind Bloom Boss Battle","floor":37,"turns":6},{"damage":6,"enemies":"Orb Walker","floor":38,"turns":3},{"damage":47,"enemies":"Reptomancer","floor":41,"turns":8},{"damage":38,"enemies":"Jaw Worm Horde","floor":44,"turns":5},{"damage":0,"enemies":"Writhing Mass","floor":46,"turns":6},{"damage":18,"enemies":"Giant Head","floor":47,"turns":7},{"damage":61,"enemies":"Awakened One","floor":50,"turns":9},{"damage":10,"enemies":"Shield and Spear","floor":54,"turns":2}],"seed_played":"8797976300248221197","potions_obtained":[{"floor":2.0,"key":"theDuelist:SealedPack"},{"floor":5.0,"key":"Strength Potion"},{"floor":12.0,"key":"PowerPotion"},{"floor":16.0,"key":"Energy Potion"},{"floor":20.0,"key":"theDuelist:WaterBottle"},{"floor":21,"key":"theDuelist:CoolBottle"},{"floor":23,"key":"ColorlessPotion"},{"floor":30,"key":"theDuelist:FireBottle"},{"floor":33,"key":"GamblersBrew"},{"floor":35,"key":"theDuelist:BabyPotion"},{"floor":44,"key":"Slimebound:ThreeZeroPotion"}],"is_trial":false,"path_per_floor":["M","M","?","?","M","R","E","R","T","R","?","E","M","M","R","B",null,"M","?","M","M","$","M","R","E","T","M","M","?","E","M","R","B",null,"M","$","?","M","$","R","E","R","T","M","T","M","E","$","R","B",null,"R","$","E"],"character_chosen":"THE_DUELIST","items_purchased":["theDuelist:MillenniumSymbol","theDuelist:MetalDragon","theDuelist:BlueEyesUltimate","theDuelist:CastleDragonSouls"],"campfire_rested":3,"item_purchase_floors":[22,22,39,39],"current_hp_per_floor":[61,61,61,61,61,61,59,59,59,59,80,71,73,75,75,63,80,81,73,66,64,64,66,66,68,68,53,53,67,38,40,74,76,105,70,70,72,67,67,67,27,63,63,29,29,40,46,61,100,95,122,122,131,121,121],"gold":37,"neow_bonus":"RANDOM_COMMON_RELIC","is_daily":false,"chose_seed":false,"campfire_upgraded":6,"win_rate":0.0,"timestamp":1610831727,"path_taken":["M","M","?","?","M","R","E","R","T","R","?","E","?","M","R","BOSS","M","?","?","M","$","M","R","E","T","M","?","?","E","M","R","BOSS","M","$","?","M","$","R","E","R","T","M","?","M","E","$","R","BOSS","R","$","E"],"items_purchased_type":["Relic","Card","Card","Card"],"build_version":"2020-12-22","purchased_purges":4,"victory":false,"max_hp_per_floor":[80,80,80,80,80,80,80,80,80,80,80,82,84,86,86,86,86,88,88,90,90,90,92,92,94,94,96,96,110,112,114,114,114,114,116,116,118,118,118,118,120,120,120,120,120,122,134,131,131,131,131,131,131,131,131],"card_choices":[{"not_picked":["theDuelist:TailSwipe","theDuelist:Scapegoat","theDuelist:DoomkaiserDragon","theDuelist:ChimeratechOverdragon"],"picked":"theDuelist:StardustDragon","floor":1.0},{"not_picked":["theDuelist:VeilDarkness","theDuelist:DarkHorus","theDuelist:DarkDriceratops","theDuelist:BlackTyranno"],"picked":"theDuelist:EvilMind","floor":2.0},{"not_picked":["theDuelist:VoidOgreDragon","theDuelist:TailSwipe"],"picked":"theDuelist:BlasterDragonInfernos","floor":5.0},{"not_picked":["theDuelist:BigFire","theDuelist:BigKoala","theDuelist:BigEye","theDuelist:Wiseman","theDuelist:FeatherPho"],"picked":"SKIP","floor":7.0},{"not_picked":["theDuelist:BattleguardKing","theDuelist:LightningDarts","theDuelist:RainbowOverdragon","theDuelist:ForbiddenLance","theDuelist:SmashingGround"],"picked":"Singing Bowl","floor":12.0},{"not_picked":["theDuelist:YamataDragon","theDuelist:Pyrorex","theDuelist:Hydrogeddon","theDuelist:BlackBrutdrago","theDuelist:BlacklandFireDragon"],"picked":"Singing Bowl","floor":13.0},{"not_picked":["theDuelist:BattleguardKing","theDuelist:BigFire","theDuelist:Hinotama","theDuelist:RainbowOverdragon","theDuelist:ForbiddenLance"],"picked":"Singing Bowl","floor":14.0},{"not_picked":["theDuelist:WaterDragon","theDuelist:Scapegoat","theDuelist:BSkullDragon","theDuelist:ArmageddonDragonEmp"],"picked":"theDuelist:SliferSky","floor":16.0},{"not_picked":["theDuelist:TrihornedDragon","theDuelist:DarkHorus+1","theDuelist:DarkDriceratops","theDuelist:DreadnoughtDreadnoid","theDuelist:BlackVeloci"],"picked":"Singing Bowl","floor":18.0},{"not_picked":["theDuelist:BlackStego","theDuelist:ScrapIronScarecrow+1","theDuelist:CurseDragon","theDuelist:Pyrorex+1","theDuelist:ArmedDragon5+1"],"picked":"Singing Bowl","floor":20.0},{"not_picked":["theDuelist:LightningDarts","theDuelist:BigEye","theDuelist:LabyrinthWall","theDuelist:ForbiddenChalice"],"picked":"theDuelist:ShardGreed","floor":21},{"not_picked":["theDuelist:BusterBlader","theDuelist:Earthquake","theDuelist:Kabazauls","theDuelist:MirageDragon+1","theDuelist:SpiralSpearStrike+1"],"picked":"Singing Bowl","floor":23},{"not_picked":["Deep Breath","Purity","Sadistic Nature+1","Secret Technique"],"picked":"Singing Bowl","floor":25},{"not_picked":["theDuelist:Beatraptor","theDuelist:Earthquake","theDuelist:Kabazauls","theDuelist:ViceDragon","theDuelist:MythicWaterDragon"],"picked":"Singing Bowl","floor":27},{"not_picked":["theDuelist:ArmedDragon3","theDuelist:BabyDragon+1","theDuelist:BackgroundDragon","theDuelist:BlueDuston"],"picked":"theDuelist:Dracocension+1","floor":28},{"not_picked":["theDuelist:CyberDinosaur+1","theDuelist:MaskedDragon","theDuelist:MirageDragon","theDuelist:YamataDragon+1","theDuelist:DarkHorus"],"picked":"Singing Bowl","floor":30},{"not_picked":["theDuelist:BigFire","theDuelist:RedMedicine","theDuelist:OrbMetronome","theDuelist:Solidarity","theDuelist:YamiForm"],"picked":"Singing Bowl","floor":31},{"not_picked":["theDuelist:BSkullDragon+1","theDuelist:DoomkaiserDragon","theDuelist:OceanDragonLord","theDuelist:WingedDragonRa+1"],"picked":"theDuelist:FiveHeaded+1","floor":33},{"not_picked":["theDuelist:BlackBrachios","theDuelist:BlackPtera","theDuelist:TrihornedDragon","theDuelist:BarrelDragon+1","theDuelist:CyberTwinDragon"],"picked":"Singing Bowl","floor":35},{"not_picked":["theDuelist:DarkHorus","theDuelist:CyberDragonVier+1","theDuelist:CurseDragon+1","theDuelist:MoltenDestruction","theDuelist:DefenseZone+1"],"picked":"Singing Bowl","floor":37},{"not_picked":["theDuelist:BlueDuston+1","theDuelist:ChimeratechOverdragon+1","theDuelist:FiveHeaded","theDuelist:Scapegoat"],"picked":"theDuelist:StardustDragon+1","floor":38},{"not_picked":["theDuelist:AncientGearGadjiltron","theDuelist:BabyDragon+1","theDuelist:FiendSkull","theDuelist:MirageDragon+1","theDuelist:OceanDragonLord+1"],"picked":"Singing Bowl","floor":41},{"not_picked":["theDuelist:CyberDragon","theDuelist:DarkstormDragon+1","theDuelist:TrihornedDragon","theDuelist:BoosterDragon+1"],"picked":"theDuelist:Scapegoat+1","floor":44},{"not_picked":["theDuelist:RainbowOverdragon+1","theDuelist:FeatherPho+1","theDuelist:PurplePainOni+1","theDuelist:RainbowBridge+1","theDuelist:StrayLambs"],"picked":"Singing Bowl","floor":46},{"not_picked":["theDuelist:Sabersaurus+1","theDuelist:Frostosaurus","theDuelist:DarkHorus+1","theDuelist:SilverWing+1","theDuelist:DarkDriceratops"],"picked":"Singing Bowl","floor":47}],"player_experience":266407,"relics_obtained":[{"floor":7.0,"key":"HollowMod:PaleOreRelic"},{"floor":9.0,"key":"Bromod:ArcaneNullifier"},{"floor":12.0,"key":"Singing Bowl"},{"floor":25,"key":"Bromod:ArcaneFury"},{"floor":26,"key":"Thread and Needle"},{"floor":30,"key":"Bromod:ArcaneConsequence"},{"floor":37,"key":"Bromod:ArcaneAegis"},{"floor":41,"key":"Bronze Scales"},{"floor":41,"key":"Happy Flower"},{"floor":45,"key":"MealTicket"},{"floor":47,"key":"Pantograph"},{"floor":47,"key":"Pear"}],"event_choices":[{"damage_healed":0.0,"max_hp_gain":0.0,"max_hp_loss":0.0,"gold_gain":0.0,"event_name":"Millennium Items","player_choice":"Took item - Received: Millennium Armor","duelist":true,"floor":3.0,"gold_loss":0.0,"damage_taken":0.0},{"cards_removed":["theDuelist:CurseAnubis"],"damage_healed":0.0,"max_hp_gain":0.0,"max_hp_loss":0.0,"gold_gain":0.0,"event_name":"Living Wall","player_choice":"Forget","floor":4.0,"gold_loss":0.0,"damage_taken":0.0},{"damage_healed":21.0,"max_hp_gain":0.0,"max_hp_loss":0.0,"gold_gain":0.0,"event_name":"Wheel of Change","player_choice":"Full Heal","floor":11.0,"gold_loss":0.0,"damage_taken":0.0},{"damage_healed":0.0,"max_hp_gain":0.0,"max_hp_loss":0.0,"gold_gain":0.0,"event_name":"Wheel of Change","player_choice":"Damaged","floor":19.0,"gold_loss":0.0,"damage_taken":8.0},{"power_reward":4,"total_magic_score":61,"gold_gain":0,"duelist":true,"damage_taken":0,"relics_obtained":[],"points":16,"war_reward":4,"max_hp_gain":14,"max_hp_loss":0,"spent_points":{"magic":4,"greed":0,"war":4,"power":4,"hunger":4},"event_name":"Nameless Tomb","hunger_reward":4,"floor":29,"gold_loss":0,"magic_reward":4,"cards_obtained":["theDuelist:HourglassLife","theDuelist:Nameless:Power:KamionTimelord","theDuelist:Nameless:War:ForbiddenLance"]},{"damage_healed":0,"gold_gain":0,"player_choice":"Fight","damage_taken":0,"max_hp_gain":0,"max_hp_loss":0,"event_name":"MindBloom","floor":37,"gold_loss":0}],"is_beta":false,"boss_relics":[{"not_picked":["theDuelist:GamblerChip","Fusion Hammer"],"picked":"Bromod:ArcaneGrace"},{"not_picked":["Runic Dome","Cursed Key"],"picked":"Black Star"}],"items_purged_floors":[22,36,39,48],"is_endless":false,"potions_floor_spawned":[2,5,12,16,20,21,23,30,33,35,44],"killed_by":"Shield and Spear","ascension_level":7}}