{"host":"vyjryxuuuxkt43k4","time":1610821330,"event":{"mods":["AchievementEnabler","BaseMod","Colored Map","DeckTracker","Minty Spire (QoL Compilation)","Permanent Neow","Quick Restart","StSLib","SuperFastMode","everything is the same but u backflip on backflip"],"gold_per_floor":[12,12,12,24,39,39,57,57,57,57,75,15,15,47,47,152,152,162,87,57,76,76,104,104,104,104,119,136,166,166,201,201,201,201],"floor_reached":33,"language":"KOR","playtime":1339,"items_purged":["Strike_R"],"score":459,"play_id":"2f91280e-0320-4754-a36f-df6ea501ba39","local_time":"20210117032210","is_ascension_mode":true,"campfire_choices":[{"data":"Metallicize","floor":6,"key":"SMITH"},{"data":"Second Wind","floor":10,"key":"SMITH"},{"data":"Corruption","floor":15,"key":"SMITH"},{"data":"Fiend Fire","floor":25,"key":"SMITH"},{"floor":30,"key":"REST"},{"floor":32,"key":"DIG"}],"circlet_count":0,"master_deck":["Strike_R+1","Strike_R","Strike_R","Defend_R","Defend_R","Defend_R","Defend_R","Bash","Barricade+1","Second Wind+1","Metallicize+1","Headbutt","Uppercut+1","Corruption+1","Juggernaut+1","Fiend Fire+1","Dark Embrace+1","Shrug It Off","Evolve+1","Necronomicurse","Warcry+1","Infernal Blade+1","Disarm"],"relics":["Burning Blood","The Courier","Thread and Needle","Frozen Egg 2","Snecko Eye","Eternal Feather","Necronomicon","Bottled Lightning","Ornamental Fan","Shovel","Letter Opener"],"acts_visited":["Exordium","TheCity"],"potions_floor_usage":[16,16,27,29],"damage_taken":[{"damage":1,"enemies":"Small Slimes","floor":1,"turns":4},{"damage":10,"enemies":"Jaw Worm","floor":4,"turns":7},{"damage":9,"enemies":"2 Louse","floor":5,"turns":5},{"damage":19,"enemies":"Exordium Wildlife","floor":7,"turns":6},{"damage":6,"enemies":"Red Slaver","floor":11,"turns":3},{"damage":0,"enemies":"Lagavulin","floor":14,"turns":8},{"damage":10,"enemies":"The Guardian","floor":16,"turns":9},{"damage":3,"enemies":"Shell Parasite","floor":18,"turns":3},{"damage":1,"enemies":"Chosen","floor":21,"turns":4},{"damage":28,"enemies":"Book of Stabbing","floor":23,"turns":4},{"damage":12,"enemies":"Centurion and Healer","floor":27,"turns":6},{"damage":2,"enemies":"Snake Plant","floor":28,"turns":3},{"damage":36,"enemies":"Gremlin Leader","floor":29,"turns":6},{"damage":11,"enemies":"Slavers","floor":31,"turns":4},{"damage":77,"enemies":"Collector","floor":33,"turns":5}],"seed_played":"-880243477272505221","potions_obtained":[{"floor":1,"key":"CultistPotion"},{"floor":4,"key":"Weak Potion"},{"floor":7,"key":"Swift Potion"},{"floor":21,"key":"SpeedPotion"},{"floor":23,"key":"Energy Potion"},{"floor":31,"key":"DuplicationPotion"}],"is_trial":false,"path_per_floor":["M","?","$","M","M","R","M","?","T","R","M","$","?","E","R","B",null,"M","?","$","M","?","E","?","R","T","M","M","E","R","E","R","B"],"character_chosen":"IRONCLAD","items_purchased":["Dark Embrace+1"],"campfire_rested":1,"item_purchase_floors":[20],"current_hp_per_floor":[77,77,77,73,70,70,57,41,41,41,41,41,29,35,35,31,68,71,71,71,76,76,54,38,50,50,44,48,18,54,49,61,0,0],"gold":201,"neow_bonus":"THREE_RARE_CARDS","is_daily":false,"chose_seed":false,"campfire_upgraded":4,"win_rate":0.0,"timestamp":1610821330,"path_taken":["M","?","?","M","?","R","M","?","T","R","M","$","?","E","R","BOSS","M","?","$","M","?","E","?","R","T","M","M","E","R","E","R","BOSS"],"items_purchased_type":["Card"],"build_version":"2020-12-22","purchased_purges":1,"victory":false,"max_hp_per_floor":[80,80,80,80,80,80,80,80,80,80,80,80,80,80,80,80,80,80,80,80,80,80,80,80,80,80,80,80,80,80,80,80,80,80],"card_choices":[{"not_picked":["Double Tap","Offering"],"picked":"Barricade","floor":0},{"not_picked":["Sword Boomerang","Thunderclap"],"picked":"Second Wind","floor":1},{"not_picked":["Hemokinesis","Warcry"],"picked":"Metallicize","floor":4},{"not_picked":["Thunderclap","Iron Wave"],"picked":"Headbutt","floor":5},{"not_picked":["Armaments","Dual Wield"],"picked":"Uppercut","floor":7},{"not_picked":["Dropkick","True Grit"],"picked":"Corruption","floor":11},{"not_picked":["Uppercut","Armaments"],"picked":"Juggernaut+1","floor":14},{"not_picked":["Corruption+1","Brutality+1"],"picked":"Fiend Fire","floor":16},{"not_picked":["Heavy Blade","Headbutt","Flex+1"],"picked":"SKIP","floor":18},{"not_picked":["Warcry+1","Pommel Strike"],"picked":"Shrug It Off","floor":21},{"not_picked":["Brutality+1","Body Slam+1"],"picked":"Evolve+1","floor":23},{"not_picked":["Whirlwind","Evolve+1","Pummel"],"picked":"SKIP","floor":27},{"not_picked":["Shrug It Off","Armaments"],"picked":"Warcry+1","floor":28},{"not_picked":["Havoc","Clothesline+1"],"picked":"Infernal Blade+1","floor":29},{"not_picked":["Dropkick+1","Sentinel"],"picked":"Disarm","floor":31}],"player_experience":381489,"relics_obtained":[{"floor":9,"key":"The Courier"},{"floor":14,"key":"Frozen Egg 2"},{"floor":23,"key":"Eternal Feather"},{"floor":24,"key":"Necronomicon"},{"floor":26,"key":"Bottled Lightning"},{"floor":29,"key":"Ornamental Fan"},{"floor":31,"key":"Shovel"},{"floor":32,"key":"Letter Opener"}],"event_choices":[{"damage_healed":0,"gold_gain":0,"player_choice":"Grow","damage_taken":0,"max_hp_gain":0,"max_hp_loss":0,"event_name":"Living Wall","floor":2,"gold_loss":0,"cards_upgraded":["Barricade"]},{"damage_healed":0,"gold_gain":0,"player_choice":"Entered Light","damage_taken":16,"max_hp_gain":0,"max_hp_loss":0,"event_name":"Shining Light","floor":8,"gold_loss":0,"cards_upgraded":["Strike_R","Uppercut"]},{"damage_healed":0,"gold_gain":0,"player_choice":"Success","damage_taken":12,"relics_obtained":["Thread and Needle"],"max_hp_gain":0,"max_hp_loss":0,"event_name":"Scrap Ooze","floor":13,"gold_loss":0},{"cards_removed":["Strike_R"],"damage_healed":0,"gold_gain":0,"player_choice":"Gave Gold","damage_taken":0,"max_hp_gain":0,"max_hp_loss":0,"event_name":"Beggar","floor":19,"gold_loss":75},{"damage_healed":0,"gold_gain":0,"player_choice":"Obtained Book","damage_taken":16,"max_hp_gain":0,"max_hp_loss":0,"event_name":"Cursed Tome","floor":24,"gold_loss":0}],"is_beta":false,"boss_relics":[{"not_picked":["Black Blood","Calling Bell"],"picked":"Snecko Eye"}],"items_purged_floors":[12],"is_endless":false,"potions_floor_spawned":[1,4,7,21,23,31],"killed_by":"Collector","ascension_level":8}}