{"host":"hjw1ay65n7jm40lc","time":1610764520,"event":{"mods":["AchievementEnabler","BaseMod","Block Reminder","Colored Map","Colored Powertips","Curses Come First","Downfall","Googly Eyes","Hermit","Highlight Path","Minty Spire (QoL Compilation)","Quick Restart","Relic Stats","StSLib"],"gold_per_floor":[99,118,131,281,281,292,319,333,333,362,377,377,377,401,423,536,548,560,584,596,627,639,677,734,646,643,687,381,381,396,425,442,546,546,546,560,578,578,347,362,444,471,482,126,146,46,73,83,97,97],"floor_reached":51,"language":"ENG","playtime":5912,"items_purged":["downfall:Icky","hexamod:Strike","hexamod:Strike"],"score":956,"play_id":"bc52517e-037b-4edf-a2f0-f7bf62f6cd65","local_time":"20210115213520","is_ascension_mode":true,"campfire_choices":[{"data":"hexamod:Float","floor":1.0,"key":"SMITH"},{"data":"hexamod:TimeWarp","floor":9.0,"key":"SMITH"},{"data":"hexamod:RadiantFlame","floor":12.0,"key":"SMITH"},{"floor":18.0,"key":"RECALL"},{"floor":25.0,"key":"REST"},{"floor":29.0,"key":"REST"},{"floor":35,"key":"REST"},{"floor":46,"key":"REST"}],"circlet_count":0,"master_deck":["hexamod:Strike","hexamod:Strike","hexamod:Defend","hexamod:Defend","hexamod:Defend","hexamod:Defend","hexamod:Sear","hexamod:Float+1","hexamod:SuperheatedStrike","hexamod:Incineration","hexamod:NightmareGuise","hexamod:TimeWarp+1","hexamod:RadiantFlame+1","hexamod:SwordOfDarkness","hexamod:ForkedFlame","hexamod:ChargedBarrage","hexamod:ForkedFlame","hexamod:ExtraCrispy","hexamod:SoulSteal","hexamod:TimeOfNeed","hexamod:GhostflameBarrier+1","hexamod:EmpoweredFlame+1","hexamod:ShieldOfDarkness+1","hexamod:StepThrough+1","hexamod:AdvancingGuard+1"],"relics":["hexamod:SpiritBrand","Nunchaku","Anchor","Matryoshka","MawBank","Kunai","Fusion Hammer","Enchiridion","Lizard Tail","Bottled Tornado","Pen Nib","downfall:HeartBlessingRed","Gremlin Horn","Frozen Egg 2","expansioncontent:StudyCardRelic","HandDrill","Molten Egg 2","Eternal Feather","Regal Pillow","Bag of Marbles","downfall:HeartBlessingGreen","Meat on the Bone"],"acts_visited":["Exordium","TheCity","TheBeyond"],"potions_floor_usage":[33,40,42,48,50,50,50],"damage_taken":[{"damage":0.0,"enemies":"Cultist","floor":2.0,"turns":3.0},{"damage":0.0,"enemies":"2 Louse","floor":3.0,"turns":4.0},{"damage":7.0,"enemies":"Jaw Worm","floor":6.0,"turns":3.0},{"damage":0.0,"enemies":"Large Slime","floor":8.0,"turns":3.0},{"damage":13.0,"enemies":"Lagavulin","floor":10.0,"turns":5.0},{"damage":0.0,"enemies":"2 Fungi Beasts","floor":11.0,"turns":3.0},{"damage":0.0,"enemies":"Blue Slaver","floor":14.0,"turns":3.0},{"damage":3.0,"enemies":"Lots of Slimes","floor":15.0,"turns":6.0},{"damage":13.0,"enemies":"SI_SHIV_ARCHETYPE","floor":16.0,"turns":5.0},{"damage":0.0,"enemies":"Shell Parasite","floor":19.0,"turns":3.0},{"damage":0.0,"enemies":"Chosen","floor":21.0,"turns":3.0},{"damage":10.0,"enemies":"Book of Stabbing","floor":23.0,"turns":4.0},{"damage":0.0,"enemies":"downfall:FleeingMerchant","floor":26.0,"turns":4.0},{"damage":19.0,"enemies":"Gremlin Leader","floor":27.0,"turns":5.0},{"damage":0.0,"enemies":"downfall:FleeingMerchant","floor":28.0,"turns":4.0},{"damage":0.0,"enemies":"3 Cultists","floor":30.0,"turns":4.0},{"damage":0,"enemies":"Book of Stabbing","floor":31,"turns":3},{"damage":0,"enemies":"Snake Plant","floor":32,"turns":3},{"damage":0,"enemies":"WA_ARCHETYPE_CALM","floor":33,"turns":5},{"damage":17,"enemies":"3 Darklings","floor":36,"turns":3},{"damage":7,"enemies":"3 Shapes","floor":37,"turns":3},{"damage":0,"enemies":"downfall:FleeingMerchant","floor":39,"turns":3},{"damage":20,"enemies":"3 Darklings","floor":40,"turns":4},{"damage":0,"enemies":"Nemesis","floor":42,"turns":3},{"damage":3,"enemies":"Spire Growth","floor":43,"turns":3},{"damage":14,"enemies":"Writhing Mass","floor":45,"turns":3},{"damage":5,"enemies":"Giant Head","floor":47,"turns":8},{"damage":17,"enemies":"Maw","floor":48,"turns":6},{"damage":0,"enemies":"Jaw Worm Horde","floor":49,"turns":4},{"damage":44,"enemies":"IC_BLOCK_ARCHETYPE","floor":50,"turns":8}],"seed_played":"-2482670916046521829","potions_obtained":[{"floor":6.0,"key":"Fire Potion"},{"floor":8.0,"key":"LiquidMemories"},{"floor":11.0,"key":"hexamod:SoulburnPotion"},{"floor":14.0,"key":"Explosive Potion"},{"floor":19.0,"key":"Swift Potion"},{"floor":22.0,"key":"CultistPotion"},{"floor":27.0,"key":"Guardian:BlockOnCardUsePotion"},{"floor":33,"key":"PowerPotion"},{"floor":38,"key":"Slimebound:ThreeZeroPotion"},{"floor":38,"key":"hexamod:InfernoChargePotion"},{"floor":40,"key":"Block Potion"},{"floor":43,"key":"LiquidBronze"},{"floor":49,"key":"Weak Potion"}],"is_trial":false,"path_per_floor":["R","M","M","?","?","M","T","M","R","E","M","R","T","M","M","B",null,"R","M","?","M","?","E","T","R","$","E","$","R","M","E","M","B",null,"R","M","M","?","$","M","T","E","M","$","M","R","E","M","M","B",null],"character_chosen":"THE_SPIRIT","items_purchased":["hexamod:ForkedFlame","hexamod:ExtraCrispy","hexamod:EmpoweredFlame+1","HandDrill","Molten Egg 2","hexamod:StepThrough+1","Bag of Marbles"],"campfire_rested":4,"item_purchase_floors":[28,28,39,39,39,44,44],"current_hp_per_floor":[70,70,70,70,70,63,63,63,63,50,50,50,50,50,47,34,70,70,70,54,54,54,44,44,65,65,46,46,67,67,67,67,67,70,70,53,46,46,46,26,26,26,23,23,9,57,52,47,47,15],"gold":97,"neow_bonus":"RANDOM_COMMON_RELIC","is_daily":false,"chose_seed":false,"campfire_upgraded":3,"win_rate":0.0,"timestamp":1610764520,"path_taken":["R","M","?","?","?","M","T","M","R","E","M","R","?","M","M","BOSS","R","M","?","M","?","E","T","R","$","E","?","R","M","E","M","BOSS","R","M","?","?","$","M","T","E","M","$","M","R","E","M","M","BOSS"],"items_purchased_type":["Card","Card","Card","Relic","Relic","Card","Relic"],"build_version":"2020-12-22","purchased_purges":3,"victory":true,"max_hp_per_floor":[70,70,70,70,70,70,70,70,70,70,70,70,70,70,70,70,70,70,70,70,70,70,70,70,70,70,70,70,70,70,70,70,70,70,70,70,70,70,70,70,70,70,70,70,70,70,70,70,70,70],"relic_stats":{"Nunchaku":[23],"Lizard Tail":0,"Regal Pillow":15,"Gremlin Horn":[9,9],"counters":[30,121],"Eternal Feather":12,"Pen Nib":[15],"HandDrill":[24],"Kunai":[32],"MawBank":180,"obtain_stats":[{"Regal Pillow":42,"downfall:HeartBlessingRed":25,"Gremlin Horn":27,"Enchiridion":20,"Eternal Feather":41,"downfall:HeartBlessingGreen":46,"Pen Nib":24,"expansioncontent:StudyCardRelic":34,"Bottled Tornado":24,"Frozen Egg 2":31,"MawBank":13,"Nunchaku":0,"Anchor":7,"Lizard Tail":23,"Matryoshka":10,"Molten Egg 2":39,"Fusion Hammer":17,"HandDrill":39,"Bag of Marbles":44,"Kunai":13,"hexamod:SpiritBrand":0,"Meat on the Bone":47},{"Regal Pillow":24,"downfall:HeartBlessingRed":12,"Gremlin Horn":14,"Enchiridion":10,"Eternal Feather":23,"downfall:HeartBlessingGreen":26,"Pen Nib":12,"expansioncontent:StudyCardRelic":19,"Bottled Tornado":12,"Frozen Egg 2":17,"MawBank":6,"Nunchaku":0,"Anchor":3,"Lizard Tail":12,"Matryoshka":5,"Molten Egg 2":22,"Fusion Hammer":9,"HandDrill":22,"Bag of Marbles":25,"Kunai":6,"hexamod:SpiritBrand":0,"Meat on the Bone":27},{"Regal Pillow":89,"downfall:HeartBlessingRed":45,"Gremlin Horn":54,"Enchiridion":38,"Eternal Feather":86,"downfall:HeartBlessingGreen":95,"Pen Nib":45,"expansioncontent:StudyCardRelic":73,"Bottled Tornado":45,"Frozen Egg 2":65,"MawBank":21,"Nunchaku":0,"Anchor":10,"Lizard Tail":45,"Matryoshka":18,"Molten Egg 2":82,"Fusion Hammer":35,"HandDrill":82,"Bag of Marbles":92,"Kunai":21,"hexamod:SpiritBrand":0,"Meat on the Bone":103}],"Meat on the Bone":24},"card_choices":[{"not_picked":["hexamod:GhostLash","hexamod:Firestarter"],"picked":"hexamod:SuperheatedStrike","floor":2.0},{"not_picked":["hexamod:GhostShield","hexamod:Firestarter"],"picked":"hexamod:Incineration","floor":3.0},{"not_picked":["hexamod:DynamicBlow","hexamod:Incineration"],"picked":"hexamod:NightmareGuise","floor":6.0},{"not_picked":["hexamod:PowerFromBeyond","hexamod:SpectersWail"],"picked":"hexamod:TimeWarp","floor":8.0},{"not_picked":["hexamod:ShieldOfDarkness","hexamod:InspiringFlames"],"picked":"hexamod:RadiantFlame","floor":10.0},{"not_picked":["hexamod:RadiantFlame","hexamod:RetreatToShadows","hexamod:ShieldOfDarkness"],"picked":"SKIP","floor":11.0},{"not_picked":["hexamod:HeatShield","hexamod:SecondSeal","hexamod:InspiringFlames"],"picked":"SKIP","floor":14.0},{"not_picked":["hexamod:FastForward","hexamod:BurningTouch"],"picked":"hexamod:SwordOfDarkness","floor":15.0},{"not_picked":["hexamod:SearingWound","hexamod:SixthSeal"],"picked":"hexamod:ForkedFlame","floor":16.0},{"not_picked":["hexamod:Firestarter","hexamod:Incineration","hexamod:Haunt+1"],"picked":"SKIP","floor":19.0},{"not_picked":["hexamod:RainOfEmbers","hexamod:BurningTouch"],"picked":"hexamod:ChargedBarrage","floor":21.0},{"not_picked":["hexamod:InspiringFlames","hexamod:SwordOfDarkness+1","hexamod:FlamesFromBeyond"],"picked":"SKIP","floor":23.0},{"not_picked":["hexamod:Again","hexamod:SpectralAdrenaline","hexamod:ThermalTransfer+1"],"picked":"SKIP","floor":26.0},{"not_picked":["hexamod:SecondSeal","hexamod:GhostShield","hexamod:SuperheatedStrike"],"picked":"SKIP","floor":27.0},{"not_picked":["hexamod:RecurringNightmare","hexamod:BurningTouch","hexamod:FirstSeal"],"picked":"SKIP","floor":28.0},{"not_picked":["hexamod:SpectralSpark","hexamod:ChargedBarrage","hexamod:PowerFromBeyond"],"picked":"SKIP","floor":30.0},{"not_picked":["hexamod:FourthSeal","hexamod:UnleashSpirits"],"picked":"hexamod:SoulSteal","floor":31},{"not_picked":["hexamod:AdvancingGuard","hexamod:GhostShield","hexamod:HauntingEcho"],"picked":"SKIP","floor":32},{"not_picked":["hexamod:SixthSeal","hexamod:ApocalypseNow"],"picked":"hexamod:TimeOfNeed","floor":33},{"not_picked":["hexamod:FastForward","hexamod:NightmareStrike+1","hexamod:HeatCrush"],"picked":"SKIP","floor":36},{"not_picked":["hexamod:ExtraCrispy+1","hexamod:HeatMetal","hexamod:ThermalTransfer+1"],"picked":"SKIP","floor":37},{"not_picked":["hexamod:BacktrackSmack+1","hexamod:CatchUp+1"],"picked":"hexamod:GhostflameBarrier+1","floor":39},{"not_picked":["hexamod:GhostOfSpireFuture+1","hexamod:SpectersWail+1","hexamod:FourthSeal"],"picked":"SKIP","floor":40},{"not_picked":["hexamod:FourthSeal","hexamod:HeatCrush+1","hexamod:TurnItUp"],"picked":"SKIP","floor":42},{"not_picked":["hexamod:HeatCrush+1","hexamod:SwordOfDarkness+1"],"picked":"hexamod:ShieldOfDarkness+1","floor":43},{"not_picked":["hexamod:ExtraCrispy+1","hexamod:ThirdSeal","hexamod:GhostLash+1"],"picked":"SKIP","floor":45},{"not_picked":["hexamod:Haunt+1","hexamod:SuperheatedStrike+1"],"picked":"hexamod:AdvancingGuard+1","floor":47},{"not_picked":["hexamod:NightmareStrike+1","hexamod:SwordOfDarkness+1","hexamod:BurningTouch"],"picked":"SKIP","floor":48},{"not_picked":["hexamod:SpectralAdrenaline+1","hexamod:RainOfEmbers+1","hexamod:ExtraCrispy+1"],"picked":"SKIP","floor":49}],"player_experience":877951,"relics_obtained":[{"floor":7.0,"key":"Anchor"},{"floor":10.0,"key":"Matryoshka"},{"floor":13.0,"key":"MawBank"},{"floor":13.0,"key":"Kunai"},{"floor":20.0,"key":"Enchiridion"},{"floor":23.0,"key":"Lizard Tail"},{"floor":24.0,"key":"Bottled Tornado"},{"floor":24.0,"key":"Pen Nib"},{"floor":27.0,"key":"Gremlin Horn"},{"floor":31,"key":"Frozen Egg 2"},{"floor":41,"key":"Eternal Feather"},{"floor":42,"key":"Regal Pillow"},{"floor":47,"key":"Meat on the Bone"}],"event_choices":[{"damage_healed":0,"gold_gain":0,"player_choice":"Got Potions","damage_taken":0,"max_hp_gain":0,"max_hp_loss":0,"event_name":"Lab","floor":38,"gold_loss":0}],"is_beta":false,"boss_relics":[{"not_picked":["SlaversCollar","Calling Bell"],"picked":"Fusion Hammer"},{"not_picked":["hexamod:UnbrokenSoul","Coffee Dripper"],"picked":"expansioncontent:StudyCardRelic"}],"items_purged_floors":[28,39,44],"is_endless":false,"potions_floor_spawned":[6,8,11,14,19,27,30,31,32,33,37,40,43,49],"ascension_level":2}}