{"host":"p08oqmr389b4tgxi","time":1610767821,"event":{"mods":["Act Like it!","BaseMod","CapriCore","Colored Powertips","Gensokyo","Hallownest","Luminous","Minty Spire (QoL Compilation)","Quick Restart","Relic Stats","StSLib","The Immortal","UnlockEverythingMod","Yakumo Yukari mod","¡¾ÒÅÎï¿¨ÅÆ¡¿REMEMod"],"gold_per_floor":[113,133,133,133,133,166,166,201,224,252,267,267,267,278,278,278,278,278],"floor_reached":16,"language":"ZHS","playtime":884,"items_purged":[],"score":127,"play_id":"a132dd74-2968-4ad8-bee3-dcf5a1636c99","local_time":"20210116113021","is_ascension_mode":true,"campfire_choices":[{"data":"MokouMod:InfernalWave","floor":7,"key":"SMITH"},{"data":"MokouMod:SpontaneousHumanCombustion","floor":12,"key":"SMITH"},{"data":"MokouMod:Sear","floor":15,"key":"SMITH"}],"circlet_count":0,"master_deck":["MokouMod:Strike","MokouMod:Strike","MokouMod:Strike","MokouMod:Strike","MokouMod:Defend","MokouMod:Defend","MokouMod:Defend","MokouMod:Defend","MokouMod:HeatSpark","MokouMod:SpontaneousHumanCombustion+1","MokouMod:InfernalWave+1","MokouMod:Trailblazer","MokouMod:WarmUp","MokouMod:PhoenixFeathers","MokouMod:ImperishableFlame","MokouMod:Burn","MokouMod:Sear+1"],"relics":["MokouMod:PhoenixFeather","REME_ComplimentaryCards","Hallownest:DreamNailRelic","Orichalcum","Bronze Scales","Art of War","Hallownest:TeacherSealRelic"],"acts_visited":["Exordium"],"potions_floor_usage":[6,10],"damage_taken":[{"damage":9,"enemies":"Hallownest:monsterHuskGuard","floor":1,"turns":4},{"damage":9,"enemies":"2_ Uuma","floor":2,"turns":5},{"damage":40,"enemies":"Hallownest:eliteVengeflyKing","floor":6,"turns":10},{"damage":22,"enemies":"Hallownest:eliteMossKnight","floor":8,"turns":10},{"damage":39,"enemies":"Hallownest:eliteCrystalGuardian","floor":10,"turns":6},{"damage":0,"enemies":"Hallownest:2_Baldur","floor":11,"turns":5},{"damage":18,"enemies":"Hallownest:1_Ooma_and_2_Uuma","floor":14,"turns":7},{"damage":27,"enemies":"Hallownest:BossBrokenVessel","floor":16,"turns":6}],"seed_played":"-2856631339264337780","potions_obtained":[{"floor":1,"key":"DuplicationPotion"},{"floor":8,"key":"Energy Potion"}],"is_trial":false,"path_per_floor":["M","M","?","?","?","E","R","E","T","E","M","R","?","M","R","B"],"character_chosen":"MKU","items_purchased":[],"campfire_rested":0,"item_purchase_floors":[],"current_hp_per_floor":[66,57,57,57,66,26,26,4,4,21,21,21,21,3,3,0,0,0],"gold":278,"neow_bonus":"ONE_RANDOM_RARE_CARD","is_daily":false,"chose_seed":false,"campfire_upgraded":3,"win_rate":0.0,"timestamp":1610767821,"path_taken":["M","M","?","?","?","E","R","E","T","E","M","R","?","M","R","BOSS"],"items_purchased_type":[],"build_version":"2020-12-22","purchased_purges":0,"victory":false,"max_hp_per_floor":[75,75,75,75,84,84,84,84,84,84,84,84,84,84,84,84,84,84],"relic_stats":{"counters":[8,53],"Bronze Scales":[63],"Art of War":[2],"Orichalcum":[60],"obtain_stats":[{"Bronze Scales":8,"MokouMod:PhoenixFeather":0,"Hallownest:DreamNailRelic":3,"Art of War":10,"Orichalcum":6,"Hallownest:TeacherSealRelic":13,"REME_ComplimentaryCards":0},{"Bronze Scales":4,"MokouMod:PhoenixFeather":0,"Hallownest:DreamNailRelic":2,"Art of War":5,"Orichalcum":3,"Hallownest:TeacherSealRelic":6,"REME_ComplimentaryCards":0},{"Bronze Scales":29,"MokouMod:PhoenixFeather":0,"Hallownest:DreamNailRelic":9,"Art of War":35,"Orichalcum":19,"Hallownest:TeacherSealRelic":40,"REME_ComplimentaryCards":0}]},"card_choices":[{"not_picked":["MokouMod:ScorchingColumn","MokouMod:UncontrollableSolarReaction"],"picked":"MokouMod:InfernalWave","floor":1},{"not_picked":["MokouMod:Sear","MokouMod:PhoenixFeathers"],"picked":"MokouMod:Trailblazer","floor":2},{"not_picked":["MokouMod:AdaptivePyromancy","MokouMod:TemporalFireSeal"],"picked":"MokouMod:PhoenixFeathers","floor":6},{"not_picked":["MokouMod:BurningDraft","MokouMod:ExplosiveFlame"],"picked":"MokouMod:ImperishableFlame","floor":8},{"not_picked":["MokouMod:FlamingFireTalons","MokouMod:Overheat"],"picked":"MokouMod:Burn","floor":10},{"not_picked":["MokouMod:Cataclysm","MokouMod:DanceofFlames","MokouMod:Overheat"],"picked":"SKIP","floor":11},{"not_picked":["MokouMod:Ember","MokouMod:FujiyamaVolcano"],"picked":"MokouMod:Sear","floor":14}],"player_experience":65310,"relics_obtained":[{"floor":6,"key":"Orichalcum"},{"floor":8,"key":"Bronze Scales"},{"floor":10,"key":"Art of War"}],"event_choices":[],"is_beta":false,"boss_relics":[],"items_purged_floors":[],"is_endless":false,"potions_floor_spawned":[1,8],"killed_by":"Hallownest:BossBrokenVessel","ascension_level":2}}