{"host":"sav7uxregyirlf69","time":1610807436,"event":{"mods":["AchievementEnabler","BaseMod","Colored Map","DeckTracker","Keyboard Shortcuts","Minty Spire (QoL Compilation)","READ ME - Guardian Mod","StSLib","SuperFastMode"],"gold_per_floor":[116,116,143,156,81,81,109,34,58,68,85,110,110,124,124,124,124],"floor_reached":16,"language":"KOR","playtime":188,"items_purged":["Strike_G"],"score":270,"play_id":"72efef83-4959-4c6c-a06c-ba89b1018404","local_time":"20210116233036","is_ascension_mode":true,"campfire_choices":[{"data":"Neutralize","floor":6,"key":"SMITH"},{"data":"Dash","floor":15,"key":"SMITH"}],"circlet_count":0,"master_deck":["AscendersBane","Strike_G","Strike_G","Strike_G","Defend_G","Defend_G","Defend_G","Defend_G","Survivor","Neutralize+1","Tactician","Flying Knee","Backstab","Infinite Blades","Dash+1","Die Die Die","Cloak And Dagger"],"relics":["Ring of the Snake","NeowsBlessing","MealTicket","Regal Pillow","Orichalcum","Nunchaku"],"acts_visited":["Exordium"],"potions_floor_usage":[16,16],"damage_taken":[{"damage":0,"enemies":"Jaw Worm","floor":1,"turns":1},{"damage":0,"enemies":"Cultist","floor":4,"turns":1},{"damage":0,"enemies":"Gremlin Nob","floor":7,"turns":1},{"damage":1,"enemies":"Small Slimes","floor":10,"turns":3},{"damage":3,"enemies":"Looter","floor":11,"turns":3},{"damage":27,"enemies":"Lagavulin","floor":12,"turns":9},{"damage":0,"enemies":"3 Louse","floor":14,"turns":1},{"damage":35,"enemies":"The Guardian","floor":16,"turns":12}],"seed_played":"5215416585955193484","potions_obtained":[{"floor":1,"key":"Block Potion"},{"floor":14,"key":"SneckoOil"}],"is_trial":false,"path_per_floor":["M","?","T","M","$","R","E","?","T","M","M","E","?","M","R","B"],"character_chosen":"THE_SILENT","items_purchased":[],"campfire_rested":0,"item_purchase_floors":[],"current_hp_per_floor":[59,64,64,64,71,71,71,71,71,70,67,40,33,33,33,0,0],"gold":124,"neow_bonus":"THREE_ENEMY_KILL","is_daily":false,"chose_seed":false,"campfire_upgraded":2,"win_rate":0.0,"timestamp":1610807436,"path_taken":["M","?","?","?","$","R","E","?","T","M","M","E","?","M","R","BOSS"],"items_purchased_type":[],"build_version":"2020-12-22","purchased_purges":1,"victory":false,"max_hp_per_floor":[66,71,71,71,71,71,71,71,71,71,71,71,71,71,71,71,71],"card_choices":[{"not_picked":["Prepared","Deadly Poison"],"picked":"Tactician","floor":1},{"not_picked":["Deflect","Sucker Punch"],"picked":"Flying Knee","floor":4},{"not_picked":["PiercingWail","Catalyst"],"picked":"Backstab","floor":7},{"not_picked":["Poisoned Stab","Sucker Punch"],"picked":"Infinite Blades","floor":10},{"not_picked":["Underhanded Strike","Poisoned Stab"],"picked":"Dash","floor":11},{"not_picked":["Flying Knee","Cloak And Dagger"],"picked":"Die Die Die","floor":12},{"not_picked":["All Out Attack","Predator"],"picked":"Cloak And Dagger","floor":14}],"player_experience":1294554,"relics_obtained":[{"floor":3,"key":"MealTicket"},{"floor":7,"key":"Regal Pillow"},{"floor":9,"key":"Orichalcum"},{"floor":12,"key":"Nunchaku"}],"event_choices":[{"damage_healed":0,"gold_gain":0,"player_choice":"Donut","damage_taken":0,"max_hp_gain":5,"max_hp_loss":0,"event_name":"Big Fish","floor":2,"gold_loss":0},{"cards_removed":["Strike_G"],"damage_healed":0,"gold_gain":0,"player_choice":"Card Removal","damage_taken":0,"max_hp_gain":0,"max_hp_loss":0,"event_name":"The Cleric","floor":8,"gold_loss":75},{"cards_removed":["Defend_G"],"damage_healed":0,"gold_gain":0,"player_choice":"Card Removal","damage_taken":7,"max_hp_gain":0,"max_hp_loss":0,"event_name":"Golden Wing","floor":13,"gold_loss":0}],"is_beta":false,"boss_relics":[],"items_purged_floors":[5],"is_endless":false,"potions_floor_spawned":[1,14],"killed_by":"The Guardian","ascension_level":20}}