{"host":"sc0o2qwpf9j16a4i","time":1610813222,"event":{"mods":["AchievementEnabler","BaseMod","BetterRewards","Block Reminder","Colored Map","Colored Powertips","Custom Start","Highlight Path","Minty Spire (QoL Compilation)","Relic Stats"],"gold_per_floor":[113,129,11,11,11,11,26,26,26,55,68,68,95,95,95,167,167,178,23,34,52,52,78,78,112,137,137,163,163,173,207,207,278,278,294,306,321,331,377,377,403,403,473,500,500,3,3,3,3,3,3,3,3,3,30,30],"floor_reached":57,"language":"ENG","playtime":2715,"items_purged":["Strike_R"],"score":3663,"play_id":"0915daf4-1686-4f83-bd93-a65ea1244478","local_time":"20210116180702","is_ascension_mode":true,"campfire_choices":[{"floor":6,"key":"REST"},{"floor":8,"key":"REST"},{"data":"Rupture","floor":12,"key":"SMITH"},{"data":"Heavy Blade","floor":15,"key":"SMITH"},{"floor":24,"key":"REST"},{"data":"Feel No Pain","floor":27,"key":"SMITH"},{"floor":29,"key":"DIG"},{"floor":32,"key":"DIG"},{"floor":40,"key":"RECALL"},{"floor":42,"key":"DIG"},{"floor":49,"key":"DIG"},{"floor":53,"key":"DIG"}],"circlet_count":0,"master_deck":["AscendersBane","Strike_R","Strike_R+1","Strike_R+1","Strike_R","Defend_R","Defend_R+1","Defend_R","Defend_R","Bash","Inflame+1","Flame Barrier+1","Combust","Heavy Blade+1","Rupture+1","Armaments+1","Disarm+1","Blood for Blood","Shockwave+1","Seeing Red+1","Exhume+1","Feel No Pain","Disarm+1","Ghostly Armor+1","Feed","Havoc+1","Disarm+1","True Grit+1","Feel No Pain+1","Spot Weakness+1","Power Through+1","True Grit+1","Shrug It Off+1","Shockwave+1","Warcry+1","Shockwave+1","Inflame","Disarm+1","Sentinel+1","Inflame+1","Disarm+1","Dark Shackles+1","Dark Shackles+1","Heavy Blade+1"],"relics":["Burning Blood","PreservedInsect","Centennial Puzzle","Bag of Preparation","Shovel","Turnip","Prayer Wheel","ClockworkSouvenir","Self Forming Clay","Toy Ornithopter","Medical Kit","Omamori","Orichalcum","Toxic Egg 2","StrikeDummy","Whetstone","Pantograph","Charon\u0027s Ashes","Runic Pyramid","Enchiridion","Dream Catcher","InkBottle","Juzu Bracelet","Anchor","Red Skull","Strawberry","Vajra","Philosopher\u0027s Stone","Peace Pipe","Pen Nib","Nunchaku","Pear","Membership Card","Bottled Tornado","Kunai","HornCleat","War Paint","Letter Opener","Mercury Hourglass"],"acts_visited":["Exordium","TheCity","TheBeyond","TheEnding"],"potions_floor_usage":[10,16,28,36],"damage_taken":[{"damage":1,"enemies":"Cultist","floor":1,"turns":3},{"damage":0,"enemies":"2 Louse","floor":2,"turns":2},{"damage":4,"enemies":"Jaw Worm","floor":7,"turns":4},{"damage":3,"enemies":"Lagavulin","floor":10,"turns":5},{"damage":2,"enemies":"2 Fungi Beasts","floor":11,"turns":3},{"damage":8,"enemies":"Gremlin Nob","floor":13,"turns":3},{"damage":24,"enemies":"The Guardian","floor":16,"turns":8},{"damage":10,"enemies":"Spheric Guardian","floor":18,"turns":5},{"damage":11,"enemies":"2 Thieves","floor":20,"turns":5},{"damage":0,"enemies":"Snake Plant","floor":21,"turns":3},{"damage":17,"enemies":"Slavers","floor":23,"turns":3},{"damage":0,"enemies":"Book of Stabbing","floor":25,"turns":7},{"damage":3,"enemies":"Slavers","floor":28,"turns":5},{"damage":2,"enemies":"Shelled Parasite and Fungi","floor":30,"turns":7},{"damage":10,"enemies":"Gremlin Leader","floor":31,"turns":7},{"damage":9,"enemies":"Collector","floor":33,"turns":8},{"damage":9,"enemies":"3 Shapes","floor":35,"turns":5},{"damage":3,"enemies":"3 Darklings","floor":36,"turns":4},{"damage":0,"enemies":"Writhing Mass","floor":37,"turns":8},{"damage":0,"enemies":"4 Shapes","floor":38,"turns":8},{"damage":16,"enemies":"2 Orb Walkers","floor":39,"turns":6},{"damage":14,"enemies":"Giant Head","floor":41,"turns":10},{"damage":0,"enemies":"Nemesis","floor":44,"turns":5},{"damage":35,"enemies":"Donu and Deca","floor":50,"turns":6},{"damage":16,"enemies":"Time Eater","floor":51,"turns":13},{"damage":43,"enemies":"Shield and Spear","floor":55,"turns":8},{"damage":71,"enemies":"The Heart","floor":56,"turns":12}],"seed_played":"8812490588857453279","potions_obtained":[{"floor":2,"key":"SpeedPotion"},{"floor":10,"key":"FearPotion"},{"floor":16,"key":"GamblersBrew"},{"floor":28,"key":"AttackPotion"},{"floor":37,"key":"LiquidMemories"}],"is_trial":false,"path_per_floor":["M","M","$","?","$","R","M","R","T","E","M","R","E","?","R","B",null,"M","$","M","M","?","E","R","E","T","R","E","R","M","E","R","B",null,"M","M","M","M","?","R","E","R","T","E","?","$","?","?","R","B","B",null,"R","$","E","B",null],"character_chosen":"IRONCLAD","items_purchased":["PreservedInsect","Centennial Puzzle","Inflame","Bag of Preparation","Shovel","Flame Barrier","Turnip","Prayer Wheel","ClockworkSouvenir","Self Forming Clay","Toy Ornithopter","Medical Kit","Omamori","Orichalcum","Toxic Egg 2","Combust","ColorlessPotion","Disarm+1","Blood for Blood","Disarm+1","Membership Card","Bottled Tornado","Disarm+1","Kunai"],"campfire_rested":3,"item_purchase_floors":[0,0,0,0,0,0,0,0,0,0,0,0,0,0,0,0,0,3,3,19,46,46,46,46],"current_hp_per_floor":[26,32,32,14,14,36,38,60,60,68,72,72,70,70,70,57,71,70,70,68,78,57,49,75,85,85,85,98,98,105,111,111,116,118,118,126,130,136,133,133,129,129,129,148,148,148,138,138,138,130,149,160,160,160,131,91],"gold":30,"neow_bonus":"","is_daily":false,"chose_seed":false,"campfire_upgraded":3,"win_rate":0.0,"timestamp":1610813222,"path_taken":["M","M","?","?","$","R","M","R","T","E","?","R","E","?","R","BOSS","M","$","M","?","?","E","R","E","T","R","E","R","M","E","R","BOSS","M","M","M","M","?","R","E","R","T","E","?","$","?","?","R","BOSS","BOSS","R","$","E","BOSS"],"items_purchased_type":["Relic","Relic","Card","Relic","Relic","Card","Relic","Relic","Relic","Relic","Relic","Relic","Relic","Relic","Relic","Card","Potion","Card","Card","Card","Relic","Relic","Card","Relic"],"build_version":"2020-12-22","purchased_purges":1,"victory":true,"max_hp_per_floor":[75,75,75,75,75,75,75,75,75,75,75,75,75,75,75,75,75,78,78,81,85,85,88,88,92,92,92,98,98,105,115,115,119,119,122,126,130,136,143,143,147,147,147,160,152,152,152,152,152,159,163,163,163,163,171,171],"relic_stats":{"Bag of Preparation":[54],"Juzu Bracelet":0,"Whetstone":["Strike_R","Strike_R"],"Burning Blood":365,"Centennial Puzzle":[61],"Dream Catcher":5,"Nunchaku":[13],"Shovel":5,"Pantograph":169,"Prayer Wheel":12,"Kunai":[16],"InkBottle":[40],"counters":[104,615],"Self Forming Clay":[276],"PreservedInsect":688,"Charon\u0027s Ashes":[994],"Pen Nib":[20],"Letter Opener":[40],"Orichalcum":[72],"War Paint":["Power Through","Defend_R","Defend_R","Flame Barrier"],"Medical Kit":[132],"Mercury Hourglass":[619],"Peace Pipe":7,"Turnip":[51],"obtain_stats":[{"Ice Cream":0,"Gremlin Horn":0,"Nilry\u0027s Codex":31,"CeramicFish":26,"Vajra":32,"Ginger":0,"Whetstone":41,"Bottled Tornado":46,"Sling":0,"Boot":48,"Blood Vial":28,"Centennial Puzzle":0,"HornCleat":29,"DollysMirror":8,"Strawberry":31,"MealTicket":44,"Prayer Wheel":0,"Philosopher\u0027s Stone":34,"Fusion Hammer":17,"Kunai":46,"Toxic Egg 2":0,"Girya":0,"Pear":29,"Happy Flower":55,"Eternal Feather":7,"Pen Nib":0,"Charon\u0027s Ashes":13,"Letter Opener":53,"War Paint":26,"WarpedTongs":5,"Runic Dome":17,"SlaversCollar":34,"Bottled Flame":43,"Shuriken":24,"Bronze Scales":12,"Bird Faced Urn":21,"Snecko Eye":17,"Pandora\u0027s Box":0,"StrikeDummy":4,"Unceasing Top":48,"Meat on the Bone":9,"Regal Pillow":12,"Lantern":0,"Enchiridion":22,"Mango":9,"Bag of Preparation":0,"Juzu Bracelet":39,"Smiling Mask":11,"Empty Cage":34,"Burning Blood":0,"ClockworkSouvenir":0,"Frozen Eye":36,"Dream Catcher":45,"Nunchaku":31,"Matryoshka":9,"Shovel":0,"Pantograph":10,"Tiny Chest":12,"Red Mask":47,"Chemical X":0,"Red Skull":30,"InkBottle":25,"Paper Frog":27,"Runic Pyramid":34,"Lee\u0027s Waffle":0,"Golden Idol":3,"Self Forming Clay":0,"The Courier":7,"PreservedInsect":43,"Omamori":0,"Orichalcum":24,"Medical Kit":0,"White Beast Statue":14,"Mercury Hourglass":0,"Peace Pipe":5,"Anchor":42,"Turnip":39,"Art of War":55,"Membership Card":0,"Toy Ornithopter":41,"FossilizedHelix":38},{"Ice Cream":24,"Gremlin Horn":51,"Nilry\u0027s Codex":13,"CeramicFish":12,"Vajra":92,"Ginger":24,"Whetstone":44,"Bottled Tornado":100,"Sling":24,"Boot":73,"Blood Vial":13,"Centennial Puzzle":77,"HornCleat":13,"DollysMirror":54,"Strawberry":92,"MealTicket":19,"Prayer Wheel":77,"Philosopher\u0027s Stone":93,"Fusion Hammer":59,"Kunai":100,"Toxic Egg 2":77,"Girya":24,"Pear":39,"Happy Flower":50,"Eternal Feather":3,"Pen Nib":51,"Charon\u0027s Ashes":83,"Letter Opener":102,"War Paint":63,"WarpedTongs":2,"Runic Dome":8,"SlaversCollar":14,"Bottled Flame":45,"Shuriken":38,"Bronze Scales":31,"Bird Faced Urn":36,"Snecko Eye":34,"Pandora\u0027s Box":0,"StrikeDummy":79,"Unceasing Top":47,"Meat on the Bone":30,"Regal Pillow":6,"Lantern":24,"Enchiridion":87,"Mango":4,"Bag of Preparation":24,"Juzu Bracelet":69,"Smiling Mask":31,"Empty Cage":41,"Burning Blood":0,"ClockworkSouvenir":77,"Frozen Eye":67,"Dream Catcher":46,"Nunchaku":65,"Matryoshka":54,"Shovel":77,"Pantograph":81,"Tiny Chest":31,"Red Mask":46,"Chemical X":51,"Red Skull":40,"InkBottle":89,"Paper Frog":12,"Runic Pyramid":66,"Lee\u0027s Waffle":24,"Golden Idol":53,"Self Forming Clay":77,"The Courier":29,"PreservedInsect":69,"Omamori":77,"Orichalcum":12,"Medical Kit":51,"White Beast Statue":7,"Mercury Hourglass":51,"Peace Pipe":53,"Anchor":45,"Turnip":44,"Art of War":23,"Membership Card":24,"Toy Ornithopter":18,"FossilizedHelix":69},{"Ice Cream":167,"Gremlin Horn":301,"Nilry\u0027s Codex":65,"CeramicFish":59,"Vajra":522,"Ginger":167,"Whetstone":245,"Bottled Tornado":576,"Sling":167,"Boot":412,"Blood Vial":65,"Centennial Puzzle":452,"HornCleat":65,"DollysMirror":311,"Strawberry":522,"MealTicket":115,"Prayer Wheel":452,"Philosopher\u0027s Stone":530,"Fusion Hammer":331,"Kunai":576,"Toxic Egg 2":452,"Girya":167,"Pear":224,"Happy Flower":293,"Eternal Feather":13,"Pen Nib":301,"Charon\u0027s Ashes":472,"Letter Opener":595,"War Paint":351,"WarpedTongs":7,"Runic Dome":41,"SlaversCollar":74,"Bottled Flame":253,"Shuriken":220,"Bronze Scales":190,"Bird Faced Urn":212,"Snecko Eye":205,"Pandora\u0027s Box":0,"StrikeDummy":457,"Unceasing Top":268,"Meat on the Bone":186,"Regal Pillow":26,"Lantern":167,"Enchiridion":493,"Mango":17,"Bag of Preparation":167,"Juzu Bracelet":386,"Smiling Mask":190,"Empty Cage":232,"Burning Blood":0,"ClockworkSouvenir":452,"Frozen Eye":377,"Dream Catcher":261,"Nunchaku":358,"Matryoshka":311,"Shovel":452,"Pantograph":466,"Tiny Chest":190,"Red Mask":261,"Chemical X":301,"Red Skull":226,"InkBottle":503,"Paper Frog":59,"Runic Pyramid":370,"Lee\u0027s Waffle":167,"Golden Idol":305,"Self Forming Clay":452,"The Courier":182,"PreservedInsect":386,"Omamori":452,"Orichalcum":59,"Medical Kit":301,"White Beast Statue":33,"Mercury Hourglass":301,"Peace Pipe":305,"Anchor":253,"Turnip":245,"Art of War":159,"Membership Card":167,"Toy Ornithopter":104,"FossilizedHelix":386}],"Toy Ornithopter":15},"card_choices":[{"not_picked":["Searing Blow","Warcry+1"],"picked":"Heavy Blade","floor":1},{"not_picked":["Thunderclap","Wild Strike","Anger"],"picked":"SKIP","floor":1},{"not_picked":["Reckless Charge","Armaments+1"],"picked":"Rupture","floor":2},{"not_picked":["Combust","Carnage"],"picked":"Armaments+1","floor":2},{"not_picked":["Clothesline","Body Slam"],"picked":"Shockwave+1","floor":7},{"not_picked":["Perfected Strike","Body Slam"],"picked":"Seeing Red+1","floor":7},{"not_picked":["Body Slam","Twin Strike"],"picked":"Exhume+1","floor":10},{"not_picked":["Metallicize","Armaments+1"],"picked":"Feel No Pain","floor":11},{"not_picked":["Havoc+1","Dropkick"],"picked":"Disarm+1","floor":11},{"not_picked":["Sever Soul","Cleave"],"picked":"Ghostly Armor+1","floor":13},{"not_picked":["Bludgeon","Immolate"],"picked":"Feed","floor":16},{"not_picked":["Whirlwind","Infernal Blade+1"],"picked":"Havoc+1","floor":18},{"not_picked":["Cleave","Flex+1","Dropkick+1"],"picked":"SKIP","floor":18},{"not_picked":["Shrug It Off+1","Searing Blow"],"picked":"True Grit+1","floor":20},{"not_picked":["Iron Wave","Body Slam","Wild Strike"],"picked":"SKIP","floor":20},{"not_picked":["Twin Strike","Evolve"],"picked":"Feel No Pain","floor":21},{"not_picked":["Sword Boomerang","Carnage","Hemokinesis"],"picked":"SKIP","floor":21},{"not_picked":["Seeing Red+1","Flex+1","Wild Strike"],"picked":"SKIP","floor":23},{"not_picked":["Ghostly Armor+1","Searing Blow"],"picked":"Spot Weakness+1","floor":24},{"not_picked":["Corruption","Thunderclap"],"picked":"Power Through+1","floor":25},{"not_picked":["Dark Embrace","Iron Wave"],"picked":"True Grit+1","floor":28},{"not_picked":["Dropkick","Iron Wave"],"picked":"Shrug It Off+1","floor":30},{"not_picked":["Intimidate+1","Body Slam"],"picked":"Shockwave+1","floor":30},{"not_picked":["Heavy Blade","Hemokinesis"],"picked":"Warcry+1","floor":31},{"not_picked":["Headbutt+1","Twin Strike"],"picked":"Shockwave+1","floor":35},{"not_picked":["Armaments+1","Sever Soul","Thunderclap"],"picked":"SKIP","floor":35},{"not_picked":["Evolve","Perfected Strike+1","Armaments+1"],"picked":"SKIP","floor":36},{"not_picked":["Pommel Strike+1","Flex+1","Clash"],"picked":"SKIP","floor":36},{"not_picked":["Anger","Warcry+1"],"picked":"Inflame","floor":37},{"not_picked":["Evolve","Clash","Cleave"],"picked":"SKIP","floor":37},{"not_picked":["Warcry+1","Reaper"],"picked":"Disarm+1","floor":38},{"not_picked":["Warcry+1","Armaments+1","Anger"],"picked":"SKIP","floor":38},{"not_picked":["Sword Boomerang","Flex+1"],"picked":"Sentinel+1","floor":41},{"not_picked":["Searing Blow+1","Cleave"],"picked":"Inflame+1","floor":44},{"not_picked":["PanicButton+1","Deep Breath+1"],"picked":"Dark Shackles+1","floor":47},{"not_picked":["Madness+1","Trip+1"],"picked":"Dark Shackles+1","floor":47},{"not_picked":["Wild Strike","Whirlwind"],"picked":"Heavy Blade+1","floor":55}],"player_experience":660579,"relics_obtained":[{"floor":9,"key":"Whetstone"},{"floor":10,"key":"Pantograph"},{"floor":13,"key":"Charon\u0027s Ashes"},{"floor":22,"key":"Enchiridion"},{"floor":23,"key":"Dream Catcher"},{"floor":25,"key":"InkBottle"},{"floor":26,"key":"Juzu Bracelet"},{"floor":28,"key":"Anchor"},{"floor":29,"key":"Red Skull"},{"floor":31,"key":"Strawberry"},{"floor":32,"key":"Vajra"},{"floor":39,"key":"Peace Pipe"},{"floor":41,"key":"Pen Nib"},{"floor":42,"key":"Nunchaku"},{"floor":44,"key":"Pear"},{"floor":49,"key":"War Paint"},{"floor":53,"key":"Letter Opener"},{"floor":55,"key":"Mercury Hourglass"}],"event_choices":[{"damage_healed":0,"gold_gain":0,"player_choice":"Success","damage_taken":18,"relics_obtained":["StrikeDummy"],"max_hp_gain":0,"max_hp_loss":0,"event_name":"Scrap Ooze","floor":4,"gold_loss":0},{"damage_healed":0,"gold_gain":0,"player_choice":"Upgraded","damage_taken":0,"max_hp_gain":0,"max_hp_loss":0,"event_name":"Upgrade Shrine","floor":14,"gold_loss":0,"cards_upgraded":["Inflame"]},{"damage_healed":0,"gold_gain":0,"player_choice":"Obtained Book","damage_taken":21,"max_hp_gain":0,"max_hp_loss":0,"event_name":"Cursed Tome","floor":22,"gold_loss":0},{"damage_healed":0,"gold_gain":0,"player_choice":"Fight","damage_taken":0,"max_hp_gain":0,"max_hp_loss":0,"event_name":"Mysterious Sphere","floor":39,"gold_loss":0},{"damage_healed":0,"gold_gain":0,"player_choice":"Max HP","damage_taken":0,"max_hp_gain":0,"max_hp_loss":8,"event_name":"Winding Halls","floor":45,"gold_loss":0},{"damage_healed":0,"gold_gain":0,"player_choice":"Memory 3","damage_taken":10,"max_hp_gain":0,"max_hp_loss":0,"event_name":"SensoryStone","floor":47,"gold_loss":0},{"damage_healed":0,"gold_gain":0,"player_choice":"Gave Potion","damage_taken":0,"relics_obtained":["HornCleat"],"max_hp_gain":0,"max_hp_loss":0,"event_name":"WeMeetAgain","floor":48,"gold_loss":0}],"is_beta":false,"boss_relics":[{"not_picked":["Busted Crown","Mark of Pain"],"picked":"Runic Pyramid"},{"not_picked":["Coffee Dripper","SacredBark"],"picked":"Philosopher\u0027s Stone"}],"items_purged_floors":[19],"is_endless":false,"potions_floor_spawned":[2,7,10,16,18,23,28,35,37,41,44],"ascension_level":20}}