{"host":"c3lc60y5x60jlt1y","time":1610808959,"event":{"mods":["AchievementEnabler","BaseMod","Bestiary","Colored Map","Minty Spire (QoL Compilation)","Quick Restart","StSLib","ojb\u0027s Info Mod"],"gold_per_floor":[12,12,12,31,44,44,44,82,82,115,43,74,93,117,117,237,237,258,283,283,307,327,371,371,371,371],"floor_reached":25,"language":"ENG","playtime":1727,"items_purged":[],"score":326,"play_id":"8b17c84b-f53d-4a00-93a9-4fe288e0ca8e","local_time":"20210116165559","is_ascension_mode":true,"campfire_choices":[{"data":"Streamline","floor":6,"key":"SMITH"},{"floor":15,"key":"REST"}],"circlet_count":0,"master_deck":["Strike_B","Strike_B","Defend_B+1","Defend_B","Defend_B","Zap","Dualcast","Seek+1","Turbo","Streamline+1","Lockon","Genetic Algorithm","FTL","Glacier","Static Discharge","Compile Driver","Electrodynamics","Barrage","Steam Power+1","Static Discharge","Fusion","Chill+1","Melter","Skim"],"relics":["Cracked Core","Golden Idol","Pear","Pantograph","Nunchaku","Odd Mushroom","Cursed Key","Ancient Tea Set"],"acts_visited":["Exordium","TheCity"],"potions_floor_usage":[10,12,14,22,23,25],"damage_taken":[{"damage":7,"enemies":"Jaw Worm","floor":1,"turns":3},{"damage":10,"enemies":"2 Louse","floor":4,"turns":3},{"damage":6,"enemies":"Small Slimes","floor":5,"turns":4},{"damage":22,"enemies":"3 Sentries","floor":8,"turns":7},{"damage":10,"enemies":"Gremlin Nob","floor":10,"turns":3},{"damage":0,"enemies":"The Mushroom Lair","floor":12,"turns":2},{"damage":1,"enemies":"Exordium Thugs","floor":13,"turns":5},{"damage":0,"enemies":"Red Slaver","floor":14,"turns":5},{"damage":33,"enemies":"Slime Boss","floor":16,"turns":11},{"damage":8,"enemies":"Shell Parasite","floor":18,"turns":5},{"damage":12,"enemies":"3 Byrds","floor":19,"turns":1},{"damage":14,"enemies":"3 Cultists","floor":21,"turns":4},{"damage":2,"enemies":"Centurion and Healer","floor":22,"turns":5},{"damage":12,"enemies":"Slavers","floor":23,"turns":6},{"damage":16,"enemies":"Gremlin Leader","floor":25,"turns":5}],"seed_played":"4679128278065707672","potions_obtained":[{"floor":5,"key":"Strength Potion"},{"floor":10,"key":"Fire Potion"},{"floor":13,"key":"Weak Potion"},{"floor":18,"key":"SneckoOil"},{"floor":19,"key":"Block Potion"},{"floor":22,"key":"Block Potion"}],"is_trial":false,"path_per_floor":["M","?","?","M","M","R","?","E","T","E","$","?","M","M","R","B",null,"M","M","?","M","M","E","?","E"],"character_chosen":"DEFECT","items_purchased":["FTL"],"campfire_rested":1,"item_purchase_floors":[11],"current_hp_per_floor":[61,61,54,44,38,38,24,12,12,2,2,2,1,1,24,16,63,55,43,43,29,27,15,15,0,0],"gold":371,"neow_bonus":"THREE_RARE_CARDS","is_daily":false,"chose_seed":false,"campfire_upgraded":1,"win_rate":0.0,"timestamp":1610808959,"path_taken":["M","?","?","M","M","R","?","E","T","E","$","?","?","M","R","BOSS","M","M","?","M","M","E","?","E"],"items_purchased_type":["Card"],"build_version":"2020-12-22","purchased_purges":0,"victory":false,"max_hp_per_floor":[75,69,69,69,69,69,69,79,79,79,79,79,79,79,79,79,79,79,79,79,79,79,79,79,79,79],"card_choices":[{"not_picked":["Rainbow","Meteor Strike"],"picked":"Seek","floor":0},{"not_picked":["Conserve Battery","Redo"],"picked":"Turbo","floor":1},{"not_picked":["Go for the Eyes","Barrage"],"picked":"Streamline","floor":4},{"not_picked":["Sunder","White Noise"],"picked":"Lockon","floor":5},{"not_picked":["Steam","Sunder","Turbo"],"picked":"SKIP","floor":8},{"not_picked":["Blizzard","Conserve Battery"],"picked":"Genetic Algorithm","floor":10},{"not_picked":["Stack","Cold Snap"],"picked":"Glacier","floor":12},{"not_picked":["Force Field","Reprogram"],"picked":"Static Discharge","floor":13},{"not_picked":["Rebound","Glacier"],"picked":"Compile Driver","floor":14},{"not_picked":["Amplify","Echo Form"],"picked":"Electrodynamics","floor":16},{"not_picked":["Consume","Steam Power"],"picked":"Barrage","floor":18},{"not_picked":["Cold Snap","Sweeping Beam+1"],"picked":"Steam Power+1","floor":19},{"not_picked":["Stack+1","Ball Lightning+1"],"picked":"Chill+1","floor":21},{"not_picked":["Stack","Lockon"],"picked":"Melter","floor":22},{"not_picked":["Creative AI","Hologram"],"picked":"Skim","floor":23}],"player_experience":8118236,"relics_obtained":[{"floor":8,"key":"Pear"},{"floor":9,"key":"Pantograph"},{"floor":10,"key":"Nunchaku"},{"floor":12,"key":"Odd Mushroom"},{"floor":23,"key":"Ancient Tea Set"}],"event_choices":[{"damage_healed":0,"gold_gain":0,"player_choice":"Lose Max HP","damage_taken":0,"relics_obtained":["Golden Idol"],"max_hp_gain":0,"max_hp_loss":6,"event_name":"Golden Idol","floor":2,"gold_loss":0},{"cards_removed":["Strike_B"],"damage_healed":0,"gold_gain":0,"player_choice":"Card Removal","damage_taken":7,"max_hp_gain":0,"max_hp_loss":0,"event_name":"Golden Wing","floor":3,"gold_loss":0},{"damage_healed":0,"gold_gain":0,"player_choice":"Entered Light","damage_taken":14,"max_hp_gain":0,"max_hp_loss":0,"event_name":"Shining Light","floor":7,"gold_loss":0,"cards_upgraded":["Defend_B","Seek"]},{"damage_healed":0,"gold_gain":0,"player_choice":"Fought Mushrooms","damage_taken":0,"max_hp_gain":0,"max_hp_loss":0,"event_name":"Mushrooms","floor":12,"gold_loss":0},{"damage_healed":0,"gold_gain":0,"cards_transformed":["Strike_B","Defend_B"],"player_choice":"Became Test Subject","damage_taken":0,"max_hp_gain":0,"max_hp_loss":0,"event_name":"Drug Dealer","floor":20,"gold_loss":0,"cards_obtained":["Static Discharge","Fusion"]},{"damage_healed":0,"gold_gain":0,"player_choice":"Ignored","damage_taken":0,"max_hp_gain":0,"max_hp_loss":0,"event_name":"The Mausoleum","floor":24,"gold_loss":0}],"is_beta":false,"boss_relics":[{"not_picked":["Astrolabe","Coffee Dripper"],"picked":"Cursed Key"}],"items_purged_floors":[],"is_endless":false,"potions_floor_spawned":[5,10,13,18,19,22],"killed_by":"Gremlin Leader","ascension_level":8}}