{"host":"ydujlihd8f5px9gp","time":1610826104,"event":{"mods":["AchievementEnabler","BaseMod","Block Reminder","Colored Map","Minty Spire (QoL Compilation)","ojb\u0027s Info Mod"],"gold_per_floor":[114,129,145,162,172,172,185,185,185,185,185,202,212,240,240,344,344,361,376,388,401,421,421,346,346,346,346,358,372,382,413,413,514,514,526,526,65,82,82,82,95,130,185,197,197,197],"floor_reached":45,"language":"ENG","playtime":2124,"items_purged":[],"score":594,"play_id":"ee31bf0b-4eac-4aa8-889c-9ec3613f2284","local_time":"20210116174144","is_ascension_mode":true,"campfire_choices":[{"data":"Rampage","floor":6,"key":"SMITH"},{"data":"Battle Trance","floor":8,"key":"SMITH"},{"data":"Uppercut","floor":15,"key":"SMITH"},{"data":"Headbutt","floor":23,"key":"SMITH"},{"data":"Headbutt","floor":25,"key":"SMITH"},{"floor":32,"key":"REST"},{"data":"Bludgeon","floor":40,"key":"SMITH"}],"circlet_count":0,"master_deck":["Strike_R","Strike_R","Strike_R","Strike_R","Strike_R","Defend_R","Defend_R","Defend_R","Defend_R","Bash","Rampage+1","Battle Trance+1","Headbutt+1","Pommel Strike","Uppercut+1","Bludgeon+1","Cleave","Shrug It Off+1","Headbutt+1","RitualDagger","Feed","Pommel Strike","Perfected Strike","Madness","Madness","Madness","Dropkick","Disarm+1"],"relics":["Burning Blood","HornCleat","Nunchaku","Mark of Pain","Gremlin Horn","Red Mask","Runic Pyramid","TungstenRod","TheAbacus","Happy Flower","Bronze Scales"],"acts_visited":["Exordium","TheCity","TheBeyond"],"potions_floor_usage":[16,28,30,33,33,41,44,44],"damage_taken":[{"damage":6,"enemies":"Cultist","floor":1,"turns":4},{"damage":7,"enemies":"Jaw Worm","floor":2,"turns":3},{"damage":2,"enemies":"Small Slimes","floor":3,"turns":3},{"damage":14,"enemies":"Blue Slaver","floor":4,"turns":4},{"damage":28,"enemies":"Exordium Wildlife","floor":5,"turns":4},{"damage":1,"enemies":"2 Fungi Beasts","floor":7,"turns":3},{"damage":3,"enemies":"Blue Slaver","floor":12,"turns":3},{"damage":0,"enemies":"Large Slime","floor":13,"turns":4},{"damage":19,"enemies":"Gremlin Nob","floor":14,"turns":4},{"damage":30,"enemies":"Slime Boss","floor":16,"turns":9},{"damage":16,"enemies":"3 Byrds","floor":18,"turns":5},{"damage":0,"enemies":"Spheric Guardian","floor":19,"turns":3},{"damage":15,"enemies":"Shelled Parasite and Fungi","floor":20,"turns":4},{"damage":14,"enemies":"Chosen and Byrds","floor":21,"turns":6},{"damage":22,"enemies":"Snake Plant","floor":22,"turns":4},{"damage":23,"enemies":"Shelled Parasite and Fungi","floor":28,"turns":5},{"damage":12,"enemies":"Cultist and Chosen","floor":29,"turns":4},{"damage":1,"enemies":"Chosen and Byrds","floor":30,"turns":4},{"damage":0,"enemies":"Masked Bandits","floor":31,"turns":3},{"damage":28,"enemies":"Collector","floor":33,"turns":7},{"damage":5,"enemies":"3 Darklings","floor":35,"turns":5},{"damage":0,"enemies":"Orb Walker","floor":38,"turns":2},{"damage":0,"enemies":"Spire Growth","floor":41,"turns":3},{"damage":65,"enemies":"Nemesis","floor":42,"turns":7},{"damage":0,"enemies":"Jaw Worm Horde","floor":44,"turns":4},{"damage":47,"enemies":"Transient","floor":45,"turns":5}],"seed_played":"7459850289090589516","potions_obtained":[{"floor":1,"key":"GamblersBrew"},{"floor":3,"key":"HeartOfIron"},{"floor":5,"key":"GamblersBrew"},{"floor":19,"key":"AttackPotion"},{"floor":22,"key":"Swift Potion"},{"floor":30,"key":"DuplicationPotion"},{"floor":35,"key":"EssenceOfSteel"},{"floor":41,"key":"DuplicationPotion"},{"floor":42,"key":"GamblersBrew"}],"is_trial":false,"path_per_floor":["M","M","M","M","M","R","M","R","T","?","?","M","M","E","R","B",null,"M","M","M","M","M","R","?","R","T","?","M","M","M","?","R","B",null,"M","?","$","M","?","R","M","E","T","M","M"],"character_chosen":"IRONCLAD","items_purchased":["TungstenRod","TheAbacus"],"campfire_rested":1,"item_purchase_floors":[37,37],"current_hp_per_floor":[88,87,88,80,58,58,63,63,63,63,63,66,72,59,59,35,75,65,71,62,54,38,38,38,38,38,32,15,9,17,23,50,28,75,79,79,79,85,74,74,80,21,21,30,0,0],"gold":197,"neow_bonus":"TEN_PERCENT_HP_BONUS","is_daily":false,"chose_seed":false,"campfire_upgraded":6,"win_rate":0.0,"timestamp":1610826104,"path_taken":["M","M","M","M","M","R","M","R","T","?","?","?","M","E","R","BOSS","M","M","M","M","M","R","?","R","T","?","M","M","?","?","R","BOSS","M","?","$","M","?","R","M","E","T","M","M"],"items_purchased_type":["Relic","Relic"],"build_version":"2020-12-22","purchased_purges":0,"victory":false,"max_hp_per_floor":[88,88,88,88,88,88,88,88,88,88,88,88,88,88,88,88,88,88,88,88,88,88,88,88,88,88,88,88,88,91,91,91,91,91,94,94,94,94,94,94,94,94,94,97,97,97],"card_choices":[{"not_picked":["Clothesline","Shrug It Off"],"picked":"Rampage","floor":1},{"not_picked":["Iron Wave","Twin Strike"],"picked":"Battle Trance","floor":2},{"not_picked":["Bloodletting","Thunderclap","True Grit"],"picked":"SKIP","floor":3},{"not_picked":["Burning Pact","Fire Breathing"],"picked":"Headbutt","floor":4},{"not_picked":["Exhume","Iron Wave"],"picked":"Clash","floor":5},{"not_picked":["Havoc","Reaper"],"picked":"Pommel Strike","floor":7},{"not_picked":["Seeing Red","Shrug It Off"],"picked":"Uppercut","floor":12},{"not_picked":["Headbutt","Iron Wave","Bludgeon"],"picked":"SKIP","floor":13},{"not_picked":["Clothesline","Clash","Dual Wield"],"picked":"SKIP","floor":14},{"not_picked":["Berserk","Barricade"],"picked":"Bludgeon","floor":16},{"not_picked":["Armaments","Wild Strike"],"picked":"Cleave","floor":18},{"not_picked":["Iron Wave+1","Intimidate"],"picked":"Shrug It Off+1","floor":19},{"not_picked":["Heavy Blade","Shockwave","Infernal Blade"],"picked":"SKIP","floor":20},{"not_picked":["Dual Wield","Iron Wave+1","Anger"],"picked":"SKIP","floor":21},{"not_picked":["Shockwave","Second Wind+1"],"picked":"Headbutt","floor":22},{"not_picked":["True Grit","Twin Strike","Searing Blow"],"picked":"SKIP","floor":28},{"not_picked":["Twin Strike","Rage+1"],"picked":"Feed","floor":29},{"not_picked":["Entrench","Perfected Strike"],"picked":"Pommel Strike","floor":30},{"not_picked":["Feel No Pain","Carnage"],"picked":"Perfected Strike","floor":31},{"not_picked":["Clothesline+1","Thunderclap+1","Bloodletting"],"picked":"SKIP","floor":35},{"not_picked":["Good Instincts","Deep Breath"],"picked":"Madness","floor":36},{"not_picked":["Combust","Sever Soul+1","Searing Blow+1"],"picked":"SKIP","floor":38},{"not_picked":["Burning Pact+1","True Grit"],"picked":"Dropkick","floor":41},{"not_picked":["Clothesline+1","Iron Wave+1","Headbutt"],"picked":"SKIP","floor":42},{"not_picked":["Uppercut+1","Cleave"],"picked":"Disarm+1","floor":44}],"player_experience":138707,"relics_obtained":[{"floor":9,"key":"HornCleat"},{"floor":14,"key":"Nunchaku"},{"floor":26,"key":"Gremlin Horn"},{"floor":31,"key":"Red Mask"},{"floor":42,"key":"Happy Flower"},{"floor":43,"key":"Bronze Scales"}],"event_choices":[{"damage_healed":0,"gold_gain":0,"player_choice":"Ignored","damage_taken":0,"max_hp_gain":0,"max_hp_loss":0,"event_name":"Liars Game","floor":10,"gold_loss":0},{"damage_healed":0,"gold_gain":0,"player_choice":"Bought 0 Potions","damage_taken":0,"max_hp_gain":0,"max_hp_loss":0,"event_name":"The Woman in Blue","floor":11,"gold_loss":0},{"cards_removed":["Clash"],"damage_healed":0,"gold_gain":0,"player_choice":"Gave Gold","damage_taken":0,"max_hp_gain":0,"max_hp_loss":0,"event_name":"Beggar","floor":24,"gold_loss":75},{"damage_healed":0,"gold_gain":0,"player_choice":"Joined the Cult","damage_taken":6,"max_hp_gain":0,"max_hp_loss":0,"event_name":"Nest","floor":27,"gold_loss":0,"cards_obtained":["RitualDagger"]},{"damage_healed":0,"gold_gain":0,"player_choice":"Fought Bandits","damage_taken":0,"max_hp_gain":0,"max_hp_loss":0,"event_name":"Masked Bandits","floor":31,"gold_loss":0},{"damage_healed":0,"gold_gain":0,"player_choice":"Memory 1","damage_taken":0,"max_hp_gain":0,"max_hp_loss":0,"event_name":"SensoryStone","floor":36,"gold_loss":0},{"damage_healed":0,"gold_gain":0,"player_choice":"Embrace Madness","damage_taken":12,"max_hp_gain":0,"max_hp_loss":0,"event_name":"Winding Halls","floor":39,"gold_loss":0,"cards_obtained":["Madness","Madness"]}],"is_beta":false,"boss_relics":[{"not_picked":["Empty Cage","Runic Cube"],"picked":"Mark of Pain"},{"not_picked":["Fusion Hammer","Black Blood"],"picked":"Runic Pyramid"}],"items_purged_floors":[],"is_endless":false,"potions_floor_spawned":[1,3,5,13,14,19,22,30,35,41,42],"killed_by":"Transient","ascension_level":5}}