{"host":"1vfpjvae9xcvmh7u","time":1610785839,"event":{"mods":["BaseMod","Downfall","Hermit","Hubris","Infinite Spire","Jorbs\u0027s Wanderer Trilogy","Minty Spire (QoL Compilation)","StSLib","The Construct","The Cursed","The Marked","The Necromancer","The Runesmith","The Servant 0.9.4"],"gold_per_floor":[111,127,137,137,147,147,166,200,280,280,280,280,280,304,304,304,304],"floor_reached":16,"language":"ENG","playtime":973,"items_purged":[],"score":102,"play_id":"aaf9e32f-3013-4440-b834-0ccd13259520","local_time":"20210116003039","is_ascension_mode":false,"campfire_choices":[{"data":"theMarked:SoldierOfQuellstein","floor":6,"key":"SMITH"},{"floor":12,"key":"REST"},{"data":"theMarked:Indomitable","floor":15,"key":"SMITH"}],"circlet_count":0,"master_deck":["theMarked:Strike","theMarked:Strike","theMarked:Strike","theMarked:Strike","theMarked:Strike","theMarked:Defend","theMarked:Defend","theMarked:Defend","theMarked:Defend","theMarked:SoldierOfQuellstein+1","theMarked:DeterminationOfTheMarked","theMarked:ElementalBlade","theMarked:AttractMetal","theMarked:ElectricStrings","theMarked:Indomitable+1","theMarked:ParalyzingBlade","Injury","theMarked:Snap"],"relics":["hubris:Backtick","Mummified Hand","Peace Pipe","hubris:FunFungus","infinitespire:FocusingShard","infinitespire:Cubic Diamond","Golden Idol"],"acts_visited":["Exordium"],"potions_floor_usage":[5,8],"damage_taken":[{"damage":1,"enemies":"Jaw Worm","floor":1,"turns":5},{"damage":5,"enemies":"2 Louse","floor":2,"turns":3},{"damage":1,"enemies":"Cultist","floor":3,"turns":4},{"damage":6,"enemies":"Large Slime","floor":5,"turns":9},{"damage":8,"enemies":"2 Fungi Beasts","floor":7,"turns":4},{"damage":28,"enemies":"3 Sentries","floor":8,"turns":8},{"damage":8,"enemies":"Exordium Wildlife","floor":14,"turns":6},{"damage":34,"enemies":"Hexaghost","floor":16,"turns":9}],"seed_played":"-5785721977759745943","potions_obtained":[{"floor":3,"key":"GamblersBrew"},{"floor":7,"key":"champ:CounterPotion"},{"floor":14,"key":"SteroidPotion"}],"is_trial":false,"path_per_floor":["M","M","M","?","M","R","M","E","T","?","$","R","?","M","R","B"],"character_chosen":"THE_DEFAULT","items_purchased":[],"campfire_rested":1,"item_purchase_floors":[],"current_hp_per_floor":[69,64,63,60,54,54,46,18,18,18,18,39,39,31,31,0,0],"gold":304,"neow_bonus":"BOSS_RELIC","is_daily":false,"chose_seed":false,"campfire_upgraded":2,"win_rate":0.0,"timestamp":1610785839,"path_taken":["M","M","M","?","M","R","M","E","T","?","?","R","?","M","R","BOSS"],"items_purchased_type":[],"build_version":"2020-12-22","purchased_purges":0,"victory":false,"max_hp_per_floor":[70,70,70,70,70,70,70,70,70,70,70,70,70,70,70,70,70],"card_choices":[{"not_picked":["theMarked:Improvise","theMarked:Frustration"],"picked":"theMarked:DeterminationOfTheMarked","floor":1},{"not_picked":["theMarked:Seal","theMarked:ElectricStrings"],"picked":"theMarked:ElementalBlade","floor":2},{"not_picked":["theMarked:HeightenedSenses","theMarked:Frustration"],"picked":"theMarked:AttractMetal","floor":3},{"not_picked":["theMarked:ChainLightning","theMarked:SwordAndMagic"],"picked":"theMarked:ElectricStrings","floor":5},{"not_picked":["theMarked:ElementalBlade","theMarked:RepellingDischarge"],"picked":"theMarked:Indomitable","floor":7},{"not_picked":["theMarked:SwordAndMagic","theMarked:KeepCalmAndFightOn"],"picked":"theMarked:ParalyzingBlade","floor":8},{"not_picked":["theMarked:Improvise","theMarked:TwofoldDefense"],"picked":"theMarked:Snap","floor":14}],"player_experience":1810223,"relics_obtained":[{"floor":8,"key":"hubris:FunFungus"},{"floor":9,"key":"infinitespire:FocusingShard"}],"event_choices":[{"damage_healed":0,"gold_gain":0,"player_choice":"Success","damage_taken":3,"relics_obtained":["Peace Pipe"],"max_hp_gain":0,"max_hp_loss":0,"event_name":"Scrap Ooze","floor":4,"gold_loss":0},{"damage_healed":0,"gold_gain":0,"player_choice":"Take Wound","damage_taken":0,"relics_obtained":["Golden Idol"],"max_hp_gain":0,"max_hp_loss":0,"event_name":"Golden Idol","floor":13,"gold_loss":0,"cards_obtained":["Injury"]}],"is_beta":false,"boss_relics":[],"items_purged_floors":[],"is_endless":false,"potions_floor_spawned":[3,7,14],"killed_by":"Hexaghost","ascension_level":0}}