{"host":"f67xjzd4p2hy4eub","time":1610773477,"event":{"mods":["BaseMod","Hubris","Minty Spire (QoL Compilation)","Replay The Spire","StSLib","everything is the same but u backflip on backflip","slay the spire mod where everything is the same but ironclad has a cowboy hat"],"gold_per_floor":[114,114,114,132,132,165,165,165,165,185,185,185,204,233,248,264,264,363,363,344,361,361,8,8,8,36,36,336,396,457,457,514,136,136,233,233,290,353,398,398],"floor_reached":39,"language":"ENG","playtime":3652,"items_purged":["Decay"],"score":461,"play_id":"dd28ac16-acfd-492d-95cc-38882073b1a5","local_time":"20210116000437","is_ascension_mode":false,"campfire_choices":[{"floor":9,"key":"RECALL"},{"data":"ReplayTheSpireMod:Stacked","floor":12,"key":"SMITH"},{"data":"ReplayReversal","floor":17,"key":"SMITH"},{"data":"J.A.X.","floor":25,"key":"SMITH"},{"floor":31,"key":"REST"},{"data":"Life Link","floor":34,"key":"SMITH"}],"circlet_count":0,"master_deck":["Strike_R","Strike_R","Strike_R","Strike_R","Defend_R","Defend_R","Defend_R","Defend_R","Bash","Iron Wave","Reckless Charge","hubris:DuctTapeCard","ReplayTheSpireMod:Stacked+1","Inflame","Blood for Blood","ReplayReversal+1","ReplayTheSpireMod:Limb From Limb","Reaper+1","Seeing Red+1","Whirlwind+1","J.A.X.+1","Life Link+1","Shockwave","Sever Soul","Rampage","Trip","Massacre","Limit Break+1","Exhume"],"relics":["Black Blood","NeowsBlessing","InkBottle","hubris:DuctTape","Calipers","hubris:GrandSneckoEye","BargainBundle","Pen Nib","ReplayTheSpireMod:Ring of Challenge","Ring of Hypnosis","Blue Doll","Old Coin","Guide Book","Strawberry"],"acts_visited":["Exordium","TheCity","TheBeyond"],"potions_floor_usage":[14,14,18,20,20,26,29,29,35,38,38,38,39],"damage_taken":[{"damage":0,"enemies":"2 Louse","floor":1,"turns":1},{"damage":0,"enemies":"Jaw Worm","floor":4,"turns":1},{"damage":0,"enemies":"Replay:BlueRogue","floor":6,"turns":1},{"damage":0,"enemies":"Small Slimes","floor":10,"turns":4},{"damage":2,"enemies":"Blue Slaver","floor":13,"turns":4},{"damage":27,"enemies":"3 Sentries","floor":14,"turns":9},{"damage":1,"enemies":"3 Louse","floor":15,"turns":3},{"damage":5,"enemies":"Exordium Thugs","floor":16,"turns":4},{"damage":52,"enemies":"Fading Forest","floor":18,"turns":11},{"damage":6,"enemies":"2 Thieves","floor":20,"turns":4},{"damage":5,"enemies":"Shell Parasite","floor":21,"turns":5},{"damage":20,"enemies":"Book of Stabbing","floor":26,"turns":5},{"damage":24,"enemies":"Centurion and Healer","floor":29,"turns":4},{"damage":20,"enemies":"Shelled Parasite and Fungi","floor":30,"turns":5},{"damage":29,"enemies":"Snake Plant","floor":32,"turns":5},{"damage":70,"enemies":"Automaton","floor":35,"turns":7},{"damage":46,"enemies":"Orb Walker","floor":37,"turns":3},{"damage":67,"enemies":"3 Darklings","floor":38,"turns":7},{"damage":25,"enemies":"Writhing Mass","floor":39,"turns":3}],"seed_played":"2406783319114529496","potions_obtained":[{"floor":4,"key":"SpeedPotion"},{"floor":6,"key":"Elixir"},{"floor":13,"key":"AttackPotion"},{"floor":18,"key":"PowerPotion"},{"floor":20,"key":"Languid Potion"},{"floor":30,"key":"FairyPotion"},{"floor":37,"key":"EntropicBrew"},{"floor":38,"key":"SkillPotion"}],"is_trial":false,"path_per_floor":["M","?","?","M","?","E","PTL","PTL","R","M","T","R","M","E","M","M","R","B",null,"M","M","?","$","?","R","E","?","T","M","M","R","M","$","R","B",null,"M","M","M"],"character_chosen":"IRONCLAD","items_purchased":["BargainBundle","Life Link","Shockwave","Sever Soul","Rampage","Death Potion","SpeedPotion","Pen Nib","Trip","Guide Book","Doom Potion","PowerPotion"],"campfire_rested":1,"item_purchase_floors":[23,23,23,23,23,23,23,23,23,33,33,33],"current_hp_per_floor":[80,80,73,79,79,80,80,80,80,80,80,80,80,59,64,65,65,29,80,80,80,80,80,80,80,66,66,66,54,40,64,45,45,45,30,80,53,15,0,0],"gold":398,"neow_bonus":"THREE_ENEMY_KILL","is_daily":false,"chose_seed":false,"campfire_upgraded":4,"win_rate":0.0,"timestamp":1610773477,"path_taken":["M","?","?","M","?","E","PTL","PTL","R","M","T","R","M","E","M","M","R","BOSS","M","M","?","$","?","R","E","?","T","M","M","R","M","$","R","BOSS","M","M","M"],"items_purchased_type":["Relic","Card","Card","Card","Card","Potion","Potion","Relic","Card","Relic","Potion","Potion"],"build_version":"2020-12-22","purchased_purges":1,"victory":false,"max_hp_per_floor":[80,80,80,80,80,80,80,80,80,80,80,80,80,80,80,80,80,80,80,80,80,80,80,80,80,80,80,80,80,80,80,80,80,80,80,80,87,87,87,87],"card_choices":[{"not_picked":["Wild Strike","Iron Wave"],"picked":"hubris:SharpeningStone","floor":1},{"not_picked":["Body Slam","Wild Strike"],"picked":"Iron Wave","floor":4},{"not_picked":["Rupture","Iron Wave"],"picked":"Battle Trance","floor":6},{"not_picked":["Shrug It Off","Twin Strike"],"picked":"ReplayTheSpireMod:Stacked","floor":10},{"not_picked":["Exhume","hubris:SharpeningStone"],"picked":"Inflame","floor":13},{"not_picked":["Clash","Shockwave"],"picked":"Blood for Blood","floor":14},{"not_picked":["Pommel Strike","Havoc"],"picked":"ReplayReversal","floor":15},{"not_picked":["Feel No Pain","Pummel"],"picked":"ReplayTheSpireMod:Limb From Limb","floor":16},{"not_picked":["Barricade","Demonic Infusion"],"picked":"Reaper","floor":18},{"not_picked":["Burning Pact","Clothesline"],"picked":"Seeing Red+1","floor":20},{"not_picked":["Body Slam","Headbutt"],"picked":"Whirlwind+1","floor":21},{"not_picked":["Armaments","Iron Wave","Cleave+1"],"picked":"SKIP","floor":26},{"not_picked":["Havoc","Headbutt"],"picked":"Massacre","floor":29},{"not_picked":["Carnage","ReplayTheSpireMod:Limb From Limb","Wild Strike"],"picked":"SKIP","floor":30},{"not_picked":["Heavy Blade","Feel No Pain"],"picked":"Limit Break","floor":32},{"not_picked":["Offering","Bludgeon"],"picked":"Exhume","floor":35},{"not_picked":["hubris:CleavingFinish+1","Twin Strike+1","ReplayTheSpireMod:Limb From Limb+1"],"picked":"SKIP","floor":37},{"not_picked":["Flame Barrier","hubris:ReadiedAction","Twin Strike+1"],"picked":"SKIP","floor":38}],"player_experience":275008,"relics_obtained":[{"floor":6,"key":"hubris:DuctTape"},{"floor":14,"key":"Calipers"},{"floor":24,"key":"ReplayTheSpireMod:Ring of Challenge"},{"floor":24,"key":"Ring of Hypnosis"},{"floor":26,"key":"Blue Doll"},{"floor":28,"key":"Old Coin"},{"floor":37,"key":"Strawberry"}],"event_choices":[{"damage_healed":0,"gold_gain":0,"player_choice":"Box","damage_taken":0,"relics_obtained":["InkBottle"],"max_hp_gain":0,"max_hp_loss":0,"event_name":"Big Fish","floor":2,"gold_loss":0,"cards_obtained":["Regret"]},{"cards_removed":["Regret"],"damage_healed":0,"gold_gain":0,"player_choice":"Card Removal","damage_taken":7,"max_hp_gain":0,"max_hp_loss":0,"event_name":"Golden Wing","floor":3,"gold_loss":0},{"damage_healed":0,"gold_gain":0,"cards_transformed":["Strike_R"],"player_choice":"Change","damage_taken":0,"max_hp_gain":0,"max_hp_loss":0,"event_name":"Living Wall","floor":5,"gold_loss":0,"cards_obtained":["Reckless Charge"]},{"damage_healed":0,"gold_gain":0,"player_choice":"Obtain J.A.X.","damage_taken":0,"max_hp_gain":0,"max_hp_loss":0,"event_name":"Drug Dealer","floor":22,"gold_loss":0,"cards_obtained":["J.A.X."]},{"damage_healed":0,"gold_gain":0,"player_choice":"Cursed","damage_taken":0,"max_hp_gain":0,"max_hp_loss":0,"event_name":"Wheel of Change","floor":27,"gold_loss":0,"cards_obtained":["Decay"]}],"is_beta":false,"boss_relics":[{"not_picked":["Honey Jar","hubris:Backtick"],"picked":"hubris:GrandSneckoEye"},{"not_picked":["Tiny House","Runic Cube"],"picked":"Black Blood"}],"items_purged_floors":[33],"is_endless":false,"potions_floor_spawned":[4,6,13,18,20,30,37,38],"killed_by":"Writhing Mass","ascension_level":0}}