{"host":"5w3ov2q8o40mj89d","time":1610807717,"event":{"mods":["ATMod(阿瑾Mod)","Arknights The Spire","Bard","BaseMod","Downfall","FutureSeer","Good Game Mod","Hunter 猎人","KinomotoSakuraMod(木之本樱)","LagranYue(拉格朗・月)","Luminous","Marisa（F雨　魔理沙）","Minty Spire (QoL Compilation)","Nova Terra(诺娃・泰拉)","Reimu（博丽灵梦）","Remilia_Scarlet Moed（蕾米莉亚・斯卡雷特）3.3.5","Remilia（蕾米莉亚）","RumiaBox-露米娅的神秘盒子","StSLib","Td1madao Mod","The Alterego","The Blackbeard","The Construct","The Gatherer","The Hierophant","The Invoker Mod","The Runesmith","The Senshi","The Servant 0.9.4","Waifu the Spire","WarShipGirlsR/战舰少女R mod","Yakumo Yukari mod","Youmu（魂魄妖梦）","Yuri Mod","Yuyuko","vexMod"],"gold_per_floor":[115,115,115,115,5,34,34,45,92,105,125,143,143,143,143,247,247,265,445,465,68,80,80,113,113,113,123,48,63,28,48,48,151,151,169,193,193,208,108,108,108,108,134,153,164,164,164],"floor_reached":46,"language":"ZHS","playtime":2093,"items_purged":["yuri:yuriStrike","yuri:yuriDefend"],"score":565,"play_id":"8f9732b4-7857-4003-8f12-ade37bc63fb5","local_time":"20210116223517","is_ascension_mode":false,"campfire_choices":[{"data":"yuri:yuriStab","floor":7,"key":"SMITH"},{"data":"yuri:ThrowBook","floor":13,"key":"SMITH"},{"data":"yuri:Stalk","floor":15,"key":"SMITH"},{"floor":23,"key":"REST"},{"floor":25,"key":"REST"},{"floor":32,"key":"REST"},{"floor":40,"key":"REST"},{"data":"yuri:BrokenCode","floor":42,"key":"SMITH"}],"circlet_count":0,"master_deck":["yuri:yuriStrike","yuri:yuriStrike","yuri:yuriStrike","yuri:yuriDefend","yuri:yuriDefend","yuri:yuriDefend","yuri:yuriDefend","yuri:Oolong","yuri:yuriStab+1","PrayRite:ReiMu+1","AT_FamilyPortrait","yuri:HeavierStrike+1","yuri:Virus","yuri:NerfBat+1","yuri:ReactiveMadness+1","yuri:ThrowBook+1","yuri:WickedSlash+1","yuri:Stalk+1","yuri:SelfHarm","yuri:DebugCard","yuri:GlitchRemove","yuri:UnstableStrike","yuri:yuriQuickStrike+1","yuri:HeavierStrike+1","yuri:NoEscape","yuri:TeaSet","yuri:ThrowBook","yuri:BrokenCode+1","yuri:ChibiInvasion+1","yuri:InsanityDefense","yuri:DeepBreathing+1","yuri:MirrorInsanity","yuri:SturdyUniform+1","yuri:WickedSlash+1","yuri:WickedSlash+1","yuri:HoldBack+1","yuri:CorruptHitbox","yuri:CalmingAura+1"],"relics":["yuri:yuriKnife","AT_ATBox","REME:ComplimentaryCards","LagranYue:RandomDrawCardRelic","NeowsBlessing","Darkstone Periapt","GodSword3","Potion Belt","Unceasing Top","vexMod:ImprovementManual","Question Card","OrangePellets","Dream Catcher","Ancient Tea Set","Baka2","AT_TrinityForce","Runesmith:Locket","Omamori"],"acts_visited":["Exordium","TheCity","TheBeyond"],"potions_floor_usage":[],"damage_taken":[{"damage":0,"enemies":"2 Louse","floor":1,"turns":1},{"damage":0,"enemies":"Lagavulin","floor":6,"turns":1},{"damage":0,"enemies":"Jaw Worm","floor":8,"turns":1},{"damage":3,"enemies":"Cultist","floor":10,"turns":3},{"damage":5,"enemies":"Exordium Thugs","floor":11,"turns":2},{"damage":4,"enemies":"Exordium Wildlife","floor":12,"turns":2},{"damage":32,"enemies":"The Guardian","floor":16,"turns":3},{"damage":6,"enemies":"Chosen","floor":18,"turns":3},{"damage":4,"enemies":"Spheric Guardian","floor":20,"turns":3},{"damage":45,"enemies":"Shelled Parasite and Fungi","floor":22,"turns":5},{"damage":20,"enemies":"Gremlin Leader","floor":24,"turns":4},{"damage":6,"enemies":"Snake Plant","floor":27,"turns":3},{"damage":14,"enemies":"Snecko","floor":29,"turns":3},{"damage":12,"enemies":"3 Cultists","floor":31,"turns":3},{"damage":29,"enemies":"Collector","floor":33,"turns":5},{"damage":3,"enemies":"Orb Walker","floor":35,"turns":2},{"damage":0,"enemies":"Mind Bloom Boss Battle","floor":36,"turns":3},{"damage":40,"enemies":"3 Darklings","floor":38,"turns":4},{"damage":24,"enemies":"Spire Growth","floor":44,"turns":4},{"damage":65,"enemies":"Sphere and 2 Shapes","floor":45,"turns":4},{"damage":20,"enemies":"Reptomancer","floor":46,"turns":2}],"seed_played":"4604522678925819500","potions_obtained":[{"floor":6,"key":"EssenceOfSteel"},{"floor":8,"key":"SpeedPotion"},{"floor":10,"key":"Weak Potion"},{"floor":11,"key":"Dexterity Potion"},{"floor":18,"key":"Guardian:BlockOnCardUsePotion"}],"is_trial":false,"path_per_floor":["M","?","?","T","$","E","R","M","T","M","M","M","R","T","R","B",null,"M","?","M","$","M","R","E","R","T","M","$","M","$","M","R","B",null,"M","?","?","M","$","R","?","R","T","M","M","E"],"character_chosen":"YURI","items_purchased":["yuri:NerfBat","yuri:ReactiveMadness","Question Card","OrangePellets","yuri:ChibiInvasion"],"campfire_rested":4,"item_purchase_floors":[5,5,21,21,30],"current_hp_per_floor":[80,80,80,80,80,80,80,80,80,77,72,68,68,68,68,40,80,74,55,51,51,10,34,18,42,42,40,40,30,30,22,46,17,80,80,83,83,47,47,71,71,71,71,71,11,0,0],"gold":164,"neow_bonus":"THREE_ENEMY_KILL","is_daily":false,"chose_seed":false,"campfire_upgraded":4,"win_rate":0.0,"timestamp":1610807717,"path_taken":["M","?","?","?","$","E","R","?","T","M","M","M","R","?","R","BOSS","M","?","M","$","M","R","E","R","T","M","?","M","$","M","R","BOSS","M","?","?","M","$","R","?","R","T","M","?","E"],"items_purchased_type":["Card","Card","Relic","Relic","Card"],"build_version":"2020-12-22","purchased_purges":2,"victory":false,"max_hp_per_floor":[80,80,80,80,80,80,80,80,80,80,80,80,80,80,80,80,80,80,80,80,80,80,80,80,80,80,80,80,80,80,80,80,80,80,83,83,83,83,83,83,83,83,83,83,83,83,83],"card_choices":[{"not_picked":["yuri:yuriHeavyStrike","yuri:BookPurple"],"picked":"yuri:HeavierStrike","floor":1},{"not_picked":["yuri:yuriQuickStrike","yuri:yuriHeavyStrike"],"picked":"yuri:ThrowBook","floor":6},{"not_picked":["yuri:MPose","yuri:RecklessStrike"],"picked":"yuri:WickedSlash","floor":8},{"not_picked":["yuri:InsanityDefense","yuri:GlitchedStrike"],"picked":"yuri:Stalk","floor":10},{"not_picked":["yuri:GhostForm","yuri:yuriQuickStrike"],"picked":"yuri:SelfHarm","floor":11},{"not_picked":["yuri:MultiDip","yuri:yuriHeavyStrike"],"picked":"yuri:DebugCard","floor":12},{"not_picked":["yuri:Suicide","yuri:DuplicateCode"],"picked":"yuri:GlitchRemove","floor":16},{"not_picked":["yuri:ArmBrace","yuri:InsanityDefense"],"picked":"yuri:UnstableStrike","floor":18},{"not_picked":["yuri:ThrowingKnives","yuri:WickedSlash"],"picked":"yuri:yuriQuickStrike+1","floor":20},{"not_picked":["yuri:MPose","yuri:RecklessStrike","yuri:Stalk+1"],"picked":"yuri:HeavierStrike+1","floor":22},{"not_picked":["yuri:DebugCard","yuri:Stalk","yuri:ReloadGame"],"picked":"yuri:NoEscape","floor":24},{"not_picked":["yuri:BookBlue","yuri:Stare","yuri:ThrowBook+1"],"picked":"yuri:TeaSet","floor":25},{"not_picked":["yuri:Stalk","yuri:UntestedCode","yuri:RepairCode"],"picked":"yuri:ThrowBook","floor":27},{"not_picked":["yuri:MPose","yuri:ThrowBook","yuri:DebugCard"],"picked":"yuri:BrokenCode","floor":29},{"not_picked":["yuri:RecklessStrike","yuri:ArmBrace","yuri:BookBlue"],"picked":"yuri:InsanityDefense","floor":31},{"not_picked":["yuri:HeavierStrike","yuri:ReactiveMadness","yuri:MagneticKnives"],"picked":"yuri:DeepBreathing+1","floor":32},{"not_picked":["yuri:DuplicateCode","yuri:GlitchRemove","yuri:Suicide"],"picked":"yuri:MirrorInsanity","floor":33},{"not_picked":["yuri:yuriQuickStrike","yuri:WickedSlash","yuri:AdaptiveAI+1"],"picked":"yuri:SturdyUniform+1","floor":35},{"not_picked":["yuri:BookPurple+1","yuri:ThrowBook","yuri:GlitchedStrike"],"picked":"yuri:WickedSlash+1","floor":36},{"not_picked":["yuri:ReloadGame","yuri:Skip+1","yuri:ThrowingKnives"],"picked":"yuri:WickedSlash+1","floor":38},{"not_picked":["yuri:ThrowingKnives","yuri:DejaVu","yuri:Skip"],"picked":"yuri:HoldBack+1","floor":40},{"not_picked":["yuri:Spin+1","yuri:RemoveSafetyChecks","yuri:DebugCard+1"],"picked":"yuri:CorruptHitbox","floor":44},{"not_picked":["yuri:ThrowBook+1","yuri:Stare+1","yuri:DeepBreathing+1"],"picked":"yuri:CalmingAura+1","floor":45}],"player_experience":15178,"relics_obtained":[{"floor":1,"key":"Baka"},{"floor":4,"key":"Darkstone Periapt"},{"floor":6,"key":"GodSword3"},{"floor":9,"key":"Potion Belt"},{"floor":14,"key":"Unceasing Top"},{"floor":24,"key":"Dream Catcher"},{"floor":26,"key":"Ancient Tea Set"},{"floor":27,"key":"Baka2"},{"floor":36,"key":"Runesmith:Locket"},{"floor":43,"key":"Omamori"}],"event_choices":[{"damage_healed":0,"gold_gain":0,"cards_transformed":["yuri:yuriStrike"],"player_choice":"Change","damage_taken":0,"max_hp_gain":0,"max_hp_loss":0,"event_name":"Living Wall","floor":3,"gold_loss":0,"cards_obtained":["yuri:Virus"]},{"damage_healed":0,"gold_gain":180,"player_choice":"GOLD GOLD ","damage_taken":19,"max_hp_gain":0,"max_hp_loss":0,"event_name":"Knowing Skull","floor":19,"potions_obtained":[],"gold_loss":0,"cards_obtained":[]},{"damage_healed":0,"gold_gain":0,"player_choice":"Fight","damage_taken":0,"max_hp_gain":0,"max_hp_loss":0,"event_name":"MindBloom","floor":36,"gold_loss":0},{"damage_healed":0,"gold_gain":0,"player_choice":"Ignored","damage_taken":0,"max_hp_gain":0,"max_hp_loss":0,"event_name":"Tomb of Lord Red Mask","floor":37,"gold_loss":0},{"damage_healed":0,"gold_gain":0,"player_choice":"Forge","damage_taken":0,"max_hp_gain":0,"max_hp_loss":0,"event_name":"Accursed Blacksmith","floor":41,"gold_loss":0,"cards_upgraded":["yuri:ChibiInvasion"]}],"is_beta":false,"boss_relics":[{"not_picked":["Tiny House","vexMod:EndlessSickness"],"picked":"vexMod:ImprovementManual"},{"not_picked":["vexMod:BigBerry","Sozu"],"picked":"AT_TrinityForce"}],"items_purged_floors":[28,39],"is_endless":false,"potions_floor_spawned":[6,8,10,11,18,22,29,33,36],"killed_by":"Reptomancer","ascension_level":0}}