{"host":"0qlrtuw7bw78ucw4","time":1610807424,"event":{"mods":["BaseMod","Downfall","Minty Spire (QoL Compilation)","StSLib"],"gold_per_floor":[0,18,31,43,60,90,90,104,104,4,31,31,31,131,145,145,145,145],"floor_reached":16,"language":"ENG","playtime":848,"items_purged":[],"score":196,"play_id":"c9021cb1-2c3e-402b-95f7-720b263f1133","local_time":"20210117013024","is_ascension_mode":true,"campfire_choices":[{"data":"Guardian:FierceBash","floor":1.0,"key":"SMITH"},{"floor":10,"key":"REST"},{"floor":12,"key":"REST"}],"circlet_count":0,"master_deck":["AscendersBane","Guardian:Strike_Guardian","Guardian:Strike_Guardian","Guardian:Strike_Guardian","Guardian:Defend_Guardian","Guardian:Defend_Guardian","Guardian:Defend_Guardian","Guardian:Defend_Guardian","Guardian:CurlUp","Guardian:TwinSlam","Guardian:FierceBash+1","Guardian:PiercingHide","Guardian:EvasiveProtocol","Guardian:PrismaticBeam","Guardian:Incinerate","Guardian:ChargeUp","Guardian:Gem_Red"],"relics":["Guardian:ModeShifter","Ornamental Fan","StoneCalendar","downfall:HeartBlessingGreen","Torii","The Courier"],"acts_visited":["Exordium"],"potions_floor_usage":[11,16],"damage_taken":[{"damage":1.0,"enemies":"Cultist","floor":2.0,"turns":5.0},{"damage":2.0,"enemies":"Small Slimes","floor":3.0,"turns":3.0},{"damage":9.0,"enemies":"2 Louse","floor":4.0,"turns":3.0},{"damage":8.0,"enemies":"Blue Slaver","floor":5.0,"turns":4.0},{"damage":19.0,"enemies":"Lagavulin","floor":6.0,"turns":10.0},{"damage":23.0,"enemies":"Exordium Wildlife","floor":8.0,"turns":5.0},{"damage":16,"enemies":"Gremlin Nob","floor":11,"turns":4},{"damage":1,"enemies":"3 Louse","floor":15,"turns":4},{"damage":32,"enemies":"DF_ARCHETYPE_STREAMLINE","floor":16,"turns":6}],"seed_played":"-9198003267609569966","potions_obtained":[{"floor":5.0,"key":"FearPotion"},{"floor":8.0,"key":"champ:CounterPotion"},{"floor":11,"key":"EssenceOfSteel"}],"is_trial":false,"path_per_floor":["R","M","M","M","M","E","T","M","?","R","E","R","?","?","M","B"],"character_chosen":"GUARDIAN","items_purchased":[],"campfire_rested":2,"item_purchase_floors":[],"current_hp_per_floor":[65,64,62,53,45,26,26,3,3,24,8,29,24,24,23,0,0,0],"gold":145,"neow_bonus":"THREE_RARE_CARDS","is_daily":false,"chose_seed":false,"campfire_upgraded":1,"win_rate":0.0,"timestamp":1610807424,"path_taken":["R","M","M","M","M","E","T","M","?","R","E","R","?","?","M","BOSS"],"items_purchased_type":[],"build_version":"2020-12-22","purchased_purges":0,"victory":false,"max_hp_per_floor":[72,72,72,72,72,72,72,72,72,72,72,72,72,72,72,72,72,72],"card_choices":[{"not_picked":["Guardian:GemFinder","Guardian:FastForward"],"picked":"Guardian:FierceBash","floor":0.0},{"not_picked":["Guardian:Reroute","Guardian:FuturePlans"],"picked":"Guardian:PiercingHide","floor":2.0},{"not_picked":["Guardian:FuturePlans","Guardian:ShieldCharger"],"picked":"Guardian:EvasiveProtocol","floor":3.0},{"not_picked":["Guardian:RollAttack","Guardian:Repulse"],"picked":"Guardian:Gem_Red","floor":4.0},{"not_picked":["Guardian:PrimingBeam","Guardian:Gem_Fragmented"],"picked":"Guardian:PrismaticBeam","floor":5.0},{"not_picked":["Guardian:GemFire","Guardian:GuardianWhirl"],"picked":"Guardian:Incinerate","floor":6.0},{"not_picked":["Guardian:TemporalStrike","Guardian:PrimingBeam"],"picked":"Guardian:Gem_White","floor":8.0},{"not_picked":["Guardian:ArmoredProtocol","Guardian:VentSteam"],"picked":"Guardian:ChargeUp","floor":11},{"not_picked":["Guardian:Recover","Guardian:CrystalBeam"],"picked":"Guardian:Gem_Red","floor":15}],"player_experience":842311,"relics_obtained":[{"floor":6.0,"key":"Ornamental Fan"},{"floor":7.0,"key":"StoneCalendar"},{"floor":11,"key":"Torii"}],"event_choices":[{"damage_healed":0,"gold_gain":0,"player_choice":"Success","damage_taken":5,"relics_obtained":["The Courier"],"max_hp_gain":0,"max_hp_loss":0,"event_name":"Scrap Ooze","floor":13,"gold_loss":0}],"is_beta":false,"boss_relics":[],"items_purged_floors":[],"is_endless":false,"potions_floor_spawned":[5,8,11],"killed_by":"DF_ARCHETYPE_STREAMLINE","ascension_level":15}}