{"host":"ied4ms9juizrl48v","time":1610838165,"event":{"mods":["BaseMod","Block Reminder","Colored Map","Colored Powertips","DeckTracker","Highlight Path","Minty Spire (QoL Compilation)","Quick Restart","Random Character Button","StSLib","SuperFastMode"],"gold_per_floor":[114,89,89,101,251,251,280,307,307,307,342,361,373,390,390,461,461,471,505,371,371,321,321,353,353,424,424,450,463,306,320,320,391,391,405,416,416,431,431,431,431,431],"floor_reached":41,"language":"JPN","playtime":4380,"items_purged":["Doubt","Strike_G"],"score":949,"play_id":"b8b24d4c-8ba3-467d-ac09-9666f8454de0","local_time":"20210117080245","is_ascension_mode":true,"campfire_choices":[{"data":"Terror","floor":6.0,"key":"SMITH"},{"data":"Neutralize","floor":10.0,"key":"SMITH"},{"data":"Noxious Fumes","floor":15.0,"key":"SMITH"},{"data":"Adrenaline","floor":23.0,"key":"SMITH"},{"data":"Burst","floor":25.0,"key":"SMITH"},{"floor":27.0,"key":"REST"},{"floor":32.0,"key":"REST"},{"data":"Adrenaline","floor":40,"key":"SMITH"}],"circlet_count":0,"master_deck":["AscendersBane","Strike_G","Strike_G","Strike_G","Strike_G","Defend_G","Defend_G","Defend_G","Defend_G","Defend_G","Survivor","Neutralize+1","Backstab","Backflip","Terror+1","Venomology","Adrenaline+1","Endless Agony","Noxious Fumes+1","Bane","Burst+1","Catalyst","Escape Plan","Backflip","Blade Dance","Well Laid Plans","Acrobatics","Backflip","Distraction","Adrenaline+1","Outmaneuver","Blade Dance","Backflip","Acrobatics"],"relics":["Ring of the Snake","NeowsBlessing","Pear","InkBottle","Akabeko","Mummified Hand","Letter Opener","HoveringKite","Red Mask","Mercury Hourglass","Happy Flower","Runic Pyramid"],"acts_visited":["Exordium","TheCity","TheBeyond"],"potions_floor_usage":[33,33,35,35,38,41],"damage_taken":[{"damage":0.0,"enemies":"Cultist","floor":1.0,"turns":1.0},{"damage":0.0,"enemies":"Small Slimes","floor":4.0,"turns":1.0},{"damage":0.0,"enemies":"Gremlin Nob","floor":7.0,"turns":1.0},{"damage":14.0,"enemies":"3 Sentries","floor":11.0,"turns":9.0},{"damage":0.0,"enemies":"Jaw Worm","floor":12.0,"turns":4.0},{"damage":0.0,"enemies":"Exordium Thugs","floor":13.0,"turns":5.0},{"damage":0.0,"enemies":"3 Louse","floor":14.0,"turns":3.0},{"damage":2.0,"enemies":"Hexaghost","floor":16.0,"turns":7.0},{"damage":0.0,"enemies":"3 Byrds","floor":18.0,"turns":4.0},{"damage":5.0,"enemies":"Masked Bandits","floor":19.0,"turns":5.0},{"damage":31.0,"enemies":"Gremlin Leader","floor":24.0,"turns":7.0},{"damage":12.0,"enemies":"Slavers","floor":28.0,"turns":4.0},{"damage":0.0,"enemies":"2 Thieves","floor":29.0,"turns":4.0},{"damage":10.0,"enemies":"Cultist and Chosen","floor":31.0,"turns":4.0},{"damage":27,"enemies":"Automaton","floor":33,"turns":9},{"damage":0,"enemies":"Orb Walker","floor":35,"turns":2},{"damage":0,"enemies":"3 Shapes","floor":36,"turns":4},{"damage":8,"enemies":"Maw","floor":38,"turns":6},{"damage":94,"enemies":"Giant Head","floor":41,"turns":7}],"seed_played":"-2240682642842222352","potions_obtained":[{"floor":4.0,"key":"PowerPotion"},{"floor":11.0,"key":"Ancient Potion"},{"floor":13.0,"key":"Dexterity Potion"},{"floor":14.0,"key":"CunningPotion"},{"floor":19.0,"key":"FearPotion"},{"floor":24.0,"key":"Weak Potion"}],"is_trial":false,"path_per_floor":["M","$","?","M","?","R","E","T","T","R","E","M","M","M","R","B",null,"M","?","$","?","?","R","E","R","T","R","E","M","$","M","R","B",null,"M","M","?","M","?","R","E"],"character_chosen":"THE_SILENT","items_purchased":["Backflip","Backflip","Backflip"],"campfire_rested":2,"item_purchase_floors":[2,20,30],"current_hp_per_floor":[59,59,43,43,43,43,43,43,43,43,29,29,29,29,29,27,64,64,59,59,59,59,59,28,28,28,50,38,38,38,28,50,23,63,63,63,63,55,44,44,0,0],"gold":431,"neow_bonus":"THREE_ENEMY_KILL","is_daily":false,"chose_seed":false,"campfire_upgraded":6,"win_rate":0.0,"timestamp":1610838165,"path_taken":["M","$","?","M","?","R","E","?","T","R","E","?","M","M","R","BOSS","M","?","$","?","?","R","E","R","T","R","E","M","$","M","R","BOSS","M","?","?","?","?","R","E"],"items_purchased_type":["Card","Card","Card"],"build_version":"2020-12-22","purchased_purges":2,"victory":false,"max_hp_per_floor":[66,66,76,76,76,76,76,76,76,76,76,76,76,76,76,76,76,76,76,76,76,76,76,76,76,76,76,76,76,76,76,76,76,76,76,76,76,76,76,76,76,76],"card_choices":[{"not_picked":["Sucker Punch","Dodge and Roll"],"picked":"Backstab","floor":1.0},{"not_picked":["Reflex","Accuracy"],"picked":"Terror","floor":4.0},{"not_picked":["Sucker Punch","Deadly Poison"],"picked":"Venomology","floor":7.0},{"not_picked":["Quick Slash","Underhanded Strike"],"picked":"Adrenaline","floor":11.0},{"not_picked":["Blade Dance","Quick Slash"],"picked":"Endless Agony","floor":12.0},{"not_picked":["Dagger Spray","Sucker Punch"],"picked":"Noxious Fumes","floor":13.0},{"not_picked":["Heel Hook","Cloak And Dagger"],"picked":"Bane","floor":14.0},{"not_picked":["A Thousand Cuts","Die Die Die"],"picked":"Burst","floor":16.0},{"not_picked":["Bane","Underhanded Strike"],"picked":"Catalyst","floor":18.0},{"not_picked":["Deflect","Flying Knee"],"picked":"Escape Plan","floor":19.0},{"not_picked":["Dagger Spray","Flechettes"],"picked":"Blade Dance","floor":24.0},{"not_picked":["Sucker Punch","Predator"],"picked":"Well Laid Plans","floor":28.0},{"not_picked":["Quick Slash","Prepared"],"picked":"Acrobatics","floor":29.0},{"not_picked":["Choke","Poisoned Stab"],"picked":"Distraction","floor":31.0},{"not_picked":["Envenom","Die Die Die"],"picked":"Adrenaline","floor":33},{"not_picked":["Dodge and Roll+1","Distraction"],"picked":"Outmaneuver","floor":35},{"not_picked":["Dodge and Roll","Outmaneuver"],"picked":"Blade Dance","floor":36},{"not_picked":["Dagger Spray","Expertise"],"picked":"Acrobatics","floor":38}],"player_experience":9199,"relics_obtained":[{"floor":7.0,"key":"InkBottle"},{"floor":8.0,"key":"Akabeko"},{"floor":9.0,"key":"Mummified Hand"},{"floor":11.0,"key":"Letter Opener"},{"floor":19.0,"key":"Red Mask"},{"floor":24.0,"key":"Mercury Hourglass"},{"floor":28.0,"key":"Happy Flower"}],"event_choices":[{"damage_healed":0.0,"max_hp_gain":0.0,"max_hp_loss":0.0,"gold_gain":0.0,"event_name":"Scrap Ooze","player_choice":"Success","floor":3.0,"gold_loss":0.0,"damage_taken":26.0,"relics_obtained":["Pear"]},{"damage_healed":0.0,"max_hp_gain":0.0,"max_hp_loss":0.0,"gold_gain":150.0,"event_name":"Liars Game","player_choice":"AGREE","floor":5.0,"gold_loss":0.0,"damage_taken":0.0,"cards_obtained":["Doubt"]},{"damage_healed":0.0,"max_hp_gain":0.0,"max_hp_loss":0.0,"gold_gain":0.0,"event_name":"Masked Bandits","player_choice":"Fought Bandits","floor":19.0,"gold_loss":0.0,"damage_taken":0.0},{"damage_healed":0.0,"max_hp_gain":0.0,"max_hp_loss":0.0,"gold_gain":0.0,"event_name":"Vampires","player_choice":"Ignored","floor":21.0,"gold_loss":0.0,"damage_taken":0.0},{"damage_healed":0.0,"max_hp_gain":0.0,"max_hp_loss":0.0,"gold_gain":0.0,"event_name":"The Joust","player_choice":"Bet on Murderer","floor":22.0,"gold_loss":50.0,"damage_taken":0.0},{"damage_healed":0,"gold_gain":0,"player_choice":"1 cards matched","damage_taken":0,"max_hp_gain":0,"max_hp_loss":0,"event_name":"Match and Keep!","floor":37,"gold_loss":0,"cards_obtained":["Backflip"]},{"damage_healed":0,"gold_gain":0,"player_choice":"Damaged","damage_taken":11,"max_hp_gain":0,"max_hp_loss":0,"event_name":"Wheel of Change","floor":39,"gold_loss":0}],"is_beta":false,"boss_relics":[{"not_picked":["Runic Dome","Philosopher\u0027s Stone"],"picked":"HoveringKite"},{"not_picked":["Coffee Dripper","Empty Cage"],"picked":"Runic Pyramid"}],"items_purged_floors":[20,30],"is_endless":false,"potions_floor_spawned":[4,11,13,14,19,24,36],"killed_by":"Giant Head","ascension_level":20}}