{"host":"ibonnlq6s1c814xj","time":1610784363,"event":{"mods":["BaseMod","BetterRewards","Minty Spire (QoL Compilation)","Shop Mod","¡¾ÒÅÎï¿¨ÅÆ¡¿REMEMod"],"gold_per_floor":[113,113,131,306,317,317,333,333,333,351,351,351,351],"floor_reached":12,"language":"ZHS","playtime":539,"items_purged":["Strike_G"],"score":77,"play_id":"46735b4c-007c-41b1-8bed-307a5facba27","local_time":"20210116160603","is_ascension_mode":true,"campfire_choices":[{"floor":6,"key":"DIG"},{"floor":8,"key":"DIG"}],"circlet_count":0,"master_deck":["Strike_G","Strike_G+1","Strike_G","Strike_G","Defend_G+1","Defend_G","Defend_G","Defend_G","Defend_G","Survivor","Neutralize","Mayhem","REME_GreenPollution","Dagger Throw","Acrobatics+1","Tactician","REME_GreenPollution","Doubt","Concentrate+1","Underhanded Strike","Prepared"],"relics":["Ring of the Snake","REME_ComplimentaryCards","Shovel","Prayer Wheel","Torii","Gremlin Horn","War Paint","Golden Idol"],"acts_visited":["Exordium"],"potions_floor_usage":[12],"damage_taken":[{"damage":0,"enemies":"2 Louse","floor":1,"turns":3},{"damage":1,"enemies":"Jaw Worm","floor":3,"turns":5},{"damage":1,"enemies":"Small Slimes","floor":5,"turns":4},{"damage":1,"enemies":"Exordium Thugs","floor":7,"turns":5},{"damage":10,"enemies":"Exordium Wildlife","floor":10,"turns":3},{"damage":8,"enemies":"3 Sentries","floor":12,"turns":3}],"seed_played":"3080046132413868951","potions_obtained":[{"floor":5,"key":"BlessingOfTheForge"}],"is_trial":false,"path_per_floor":["M","?","M","?","M","R","M","R","T","M","?","E"],"character_chosen":"THE_SILENT","items_purchased":["REME_GreenPollution","Dagger Throw","Acrobatics"],"campfire_rested":0,"item_purchase_floors":[0,0,0],"current_hp_per_floor":[38,24,23,23,22,22,21,21,21,11,11,3,3],"gold":351,"neow_bonus":"","is_daily":false,"chose_seed":false,"campfire_upgraded":0,"win_rate":0.0,"timestamp":1610784363,"path_taken":["M","?","M","?","M","R","M","R","T","M","?","E"],"items_purchased_type":["Card","Card","Card"],"build_version":"2020-12-22","purchased_purges":1,"victory":false,"max_hp_per_floor":[70,70,70,70,70,70,70,70,70,70,65,65,65],"card_choices":[{"not_picked":["Deflect","Finisher"],"picked":"Tactician","floor":1},{"not_picked":["Backstab","Slice","Dash"],"picked":"SKIP","floor":1},{"not_picked":["Deflect","Backflip"],"picked":"REME_GreenPollution","floor":3},{"not_picked":["Terror","PiercingWail","Dagger Throw"],"picked":"SKIP","floor":3},{"not_picked":["Blade Dance","Dodge and Roll"],"picked":"Concentrate","floor":5},{"not_picked":["Dagger Throw","Backflip","Acrobatics"],"picked":"SKIP","floor":5},{"not_picked":["Grand Finale","Dodge and Roll","Blade Dance"],"picked":"SKIP","floor":7},{"not_picked":["Dagger Spray","Outmaneuver","Blade Dance"],"picked":"SKIP","floor":7},{"not_picked":["Poisoned Stab","Doppelganger"],"picked":"Underhanded Strike","floor":10},{"not_picked":["Calculated Gamble","REME_ShadowStrike"],"picked":"Prepared","floor":10}],"player_experience":254684,"relics_obtained":[{"floor":6,"key":"Gremlin Horn"},{"floor":8,"key":"War Paint"}],"event_choices":[{"damage_healed":0,"gold_gain":0,"player_choice":"Entered Light","damage_taken":14,"max_hp_gain":0,"max_hp_loss":0,"event_name":"Shining Light","floor":2,"gold_loss":0,"cards_upgraded":["Strike_G","Defend_G"]},{"damage_healed":0,"gold_gain":175,"player_choice":"AGREE","damage_taken":0,"max_hp_gain":0,"max_hp_loss":0,"event_name":"Liars Game","floor":4,"gold_loss":0,"cards_obtained":["Doubt"]},{"damage_healed":0,"gold_gain":0,"player_choice":"Lose Max HP","damage_taken":0,"relics_obtained":["Golden Idol"],"max_hp_gain":0,"max_hp_loss":5,"event_name":"Golden Idol","floor":11,"gold_loss":0}],"is_beta":false,"boss_relics":[],"items_purged_floors":[0],"is_endless":false,"potions_floor_spawned":[5],"killed_by":"3 Sentries","ascension_level":2}}