{"host":"51fyd6gkml7xavq8","time":1610786606,"event":{"mods":["BaseMod","BetterRewards","Colored Map","Energized Spire","Infinite Spire","Minty Spire (QoL Compilation)","Replay The Spire","Shop Mod","Spicy Shops","StSLib","The Blue Laboratory","[IsaacMod]????"],"gold_per_floor":[114,114,132,232,252,277,277,352,375,132,158,32,67,77,77,173,173,188,206,220,319,241,241,276,276,276,296,320,349,362,362,362],"floor_reached":31,"language":"ENG","playtime":1578,"items_purged":["Strike_G","Clumsy","Defend_G"],"score":564,"play_id":"4784a6d1-870d-4aee-9508-a679dbbd6496","local_time":"20210116054326","is_ascension_mode":true,"campfire_choices":[{"data":"Neutralize","floor":7.0,"key":"SMITH"},{"data":"Apotheosis","floor":15,"key":"SMITH"},{"data":"Noxious Fumes","floor":23,"key":"SMITH"},{"data":"Catalyst","floor":25,"key":"SMITH"}],"circlet_count":0,"master_deck":["Strike_G","Strike_G","Strike_G","Strike_G","Defend_G","Defend_G","Defend_G","Defend_G","Survivor","Neutralize+1","Poisoned Stab","Mayhem+1","Catalyst","Bouncing Flask","Apotheosis+1","Noxious Fumes+1","Catalyst+1","A Thousand Cuts"],"relics":["HushsDoor","Leech","TwistedFunnel","MerchantsRug","White Beast Statue","ReplayTheSpireMod:CursedCoin","PunchingBag","Replay:Wax Seal","SteamSale","Bronze Scales","Runic Pyramid","Blood Vial","Gremlin Food","Durian","HowToJump","Dream Catcher"],"acts_visited":["Exordium","TheCity"],"potions_floor_usage":[16,16,20,30,31],"damage_taken":[{"damage":0.0,"enemies":"Small Slimes","floor":1.0,"turns":3.0},{"damage":7.0,"enemies":"Jaw Worm","floor":3.0,"turns":2.0},{"damage":0.0,"enemies":"Cultist","floor":5.0,"turns":3.0},{"damage":17.0,"enemies":"Lagavulin","floor":6.0,"turns":4.0},{"damage":1,"enemies":"Looter","floor":11,"turns":3},{"damage":2,"enemies":"Gremlin Nob","floor":13,"turns":4},{"damage":1,"enemies":"Blue Slaver","floor":14,"turns":3},{"damage":0,"enemies":"Hexaghost","floor":16,"turns":5},{"damage":0,"enemies":"3 Byrds","floor":18,"turns":3},{"damage":1,"enemies":"Shell Parasite","floor":19,"turns":2},{"damage":2,"enemies":"Cultist and Chosen","floor":20,"turns":4},{"damage":9,"enemies":"Slavers","floor":24,"turns":5},{"damage":2,"enemies":"Shelled Parasite and Fungi","floor":27,"turns":3},{"damage":32,"enemies":"Book of Stabbing","floor":29,"turns":5},{"damage":40,"enemies":"3 Cultists","floor":30,"turns":5},{"damage":17,"enemies":"Centurion and Healer","floor":31,"turns":1}],"seed_played":"-2858391458563626825","potions_obtained":[{"floor":1.0,"key":"blueLaboratory:ArtistsPotion"},{"floor":3.0,"key":"Elixir"},{"floor":5.0,"key":"blueLaboratory:BottleOfVodka"},{"floor":11,"key":"BlessingOfTheForge"},{"floor":13,"key":"blueLaboratory:ArtificerPotion"},{"floor":14,"key":"Cursed Concoction"},{"floor":16,"key":"blueLaboratory:LouseDecoction"},{"floor":18,"key":"Death Potion"},{"floor":19,"key":"Milkshake"},{"floor":20,"key":"blueLaboratory:HorrorPotion"},{"floor":24,"key":"blueLaboratory:EmptyBottle"},{"floor":27,"key":"blueLaboratory:NullPotion"},{"floor":29,"key":"blueLaboratory:PolymorphPotion"},{"floor":30,"key":"blueLaboratory:NullPotion"}],"is_trial":false,"path_per_floor":["M","?","M","?","M","E","R","?","T","$","M","$","E","M","R","B",null,"M","M","M","?","$","R","E","R","T","M","T","E","M","M"],"character_chosen":"THE_SILENT","items_purchased":["TwistedFunnel","MerchantsRug","Orrery","White Beast Statue","ReplayTheSpireMod:CursedCoin","Mayhem","Apotheosis","SteamSale","Blood Vial"],"campfire_rested":0,"item_purchase_floors":[0,0,0,0,0,0,10,12,22],"current_hp_per_floor":[34,34,29,29,31,17,17,6,6,6,7,7,9,11,11,16,57,59,60,62,62,62,62,59,59,64,67,67,42,9,0,0],"gold":362,"neow_bonus":"","is_daily":false,"chose_seed":false,"campfire_upgraded":4,"win_rate":0.0,"timestamp":1610786606,"path_taken":["M","?","M","?","M","E","R","?","T","$","M","$","E","?","R","BOSS","M","M","M","?","$","R","E","R","T","M","?","E","M","?"],"items_purchased_type":["Relic","Relic","Relic","Relic","Relic","Card","Card","Relic","Relic"],"build_version":"2020-12-22","purchased_purges":3,"victory":false,"max_hp_per_floor":[70,70,70,70,70,70,70,70,70,70,70,70,70,70,70,70,70,70,70,70,70,70,70,70,70,75,75,75,75,75,75,75],"card_choices":[{"not_picked":["Dagger Throw","Riddle With Holes"],"picked":"Poisoned Stab","floor":0.0},{"not_picked":["Heel Hook","Expertise"],"picked":"Bomb","floor":0.0},{"not_picked":["Fluid Movement","PiercingWail"],"picked":"Catalyst","floor":1.0},{"not_picked":["Dodge and Roll","Poisoned Stab","Slice"],"picked":"SKIP","floor":3.0},{"not_picked":["Heel Hook","ReplayTheSpireMod:Exploit Weakness","Flying Knee"],"picked":"SKIP","floor":5.0},{"not_picked":["ReplayTheSpireMod:Speed Training","Cloak And Dagger"],"picked":"Bouncing Flask","floor":6.0},{"not_picked":["Hidden Blade","Deflect"],"picked":"Noxious Fumes","floor":11},{"not_picked":["Draining Mist","Flying Knee"],"picked":"Catalyst","floor":13},{"not_picked":["Eviscerate","Adrenaline","Poisoned Stab"],"picked":"SKIP","floor":14},{"not_picked":["Unload","Envenom"],"picked":"A Thousand Cuts","floor":16},{"not_picked":["PiercingWail","Tactician","Bouncing Flask"],"picked":"SKIP","floor":18},{"not_picked":["Flying Knee+1","Well Laid Plans","Sucker Punch"],"picked":"SKIP","floor":19},{"not_picked":["Blade Dance","Endless Agony+1","Sucker Punch+1"],"picked":"SKIP","floor":20},{"not_picked":["Replay:Poison Smokescreen+1","Tools of the Trade","Dodge and Roll"],"picked":"SKIP","floor":24},{"not_picked":["Acrobatics","Distraction+1","Finisher"],"picked":"SKIP","floor":27},{"not_picked":["Cloak And Dagger","Dagger Spray","Blade Dance"],"picked":"SKIP","floor":29},{"not_picked":["ReplayTheSpireMod:Exploit Weakness","Setup","Sucker Punch"],"picked":"SKIP","floor":30}],"player_experience":561436,"relics_obtained":[{"floor":6.0,"key":"PunchingBag"},{"floor":9.0,"key":"Replay:Wax Seal"},{"floor":13,"key":"Bronze Scales"},{"floor":24,"key":"Gremlin Food"},{"floor":26,"key":"Durian"},{"floor":28,"key":"HowToJump"},{"floor":29,"key":"Dream Catcher"}],"event_choices":[{"damage_healed":0.0,"max_hp_gain":0.0,"max_hp_loss":0.0,"gold_gain":100.0,"event_name":"Wheel of Change","player_choice":"Gold","floor":4.0,"gold_loss":0.0,"damage_taken":0.0},{"damage_healed":0.0,"max_hp_gain":0.0,"max_hp_loss":0.0,"gold_gain":75.0,"event_name":"World of Goop","player_choice":"Gather Gold","floor":8.0,"gold_loss":0.0,"damage_taken":11.0},{"damage_healed":0,"gold_gain":99,"player_choice":"Stole From Cult","damage_taken":0,"max_hp_gain":0,"max_hp_loss":0,"event_name":"Nest","floor":21,"gold_loss":0}],"is_beta":false,"boss_relics":[{"not_picked":["energizedSpire:CursedPentagram","energizedSpire:HighHeels"],"picked":"Runic Pyramid"},{"not_picked":[]}],"items_purged_floors":[0,10,22],"is_endless":false,"potions_floor_spawned":[1,3,5,6,11,13,14,16,18,19,20,24,27,29,30],"killed_by":"Centurion and Healer","ascension_level":8}}