{"host":"krqozg1tp0zpuvz3","time":1610810069,"event":{"mods":["AchievementEnabler","BaseMod","Better Match","Better Note","Better Sensory Stone","Better Third Choice","BetterRewards","Colored Map","DeckTracker","Keyboard Shortcuts","Minty Spire (QoL Compilation)","Permanent Neow","Relic Stats","Shop Mod","StSLib","SuperFastMode"],"gold_per_floor":[111,62,81,101,115,115,115],"floor_reached":6,"language":"KOR","playtime":324,"items_purged":["Strike_P"],"score":55,"play_id":"59d3969f-09f9-4ab7-ad51-ebda9be890d4","local_time":"20210117001429","is_ascension_mode":true,"campfire_choices":[],"circlet_count":0,"master_deck":["Strike_P","Strike_P","Strike_P","Defend_P","Defend_P","Defend_P","Defend_P","Eruption","Vigilance","ClearTheMind","Sanctity","Crescendo","TalkToTheHand"],"relics":["PureWater","Gambling Chip","Mummified Hand","Oddly Smooth Stone","Medical Kit"],"acts_visited":["Exordium"],"potions_floor_usage":[6],"damage_taken":[{"damage":7,"enemies":"2 Louse","floor":1,"turns":3},{"damage":0,"enemies":"Cultist","floor":3,"turns":4},{"damage":0,"enemies":"Small Slimes","floor":4,"turns":2},{"damage":4,"enemies":"2 Fungi Beasts","floor":5,"turns":4},{"damage":35,"enemies":"Lagavulin","floor":6,"turns":7}],"seed_played":"6966095251912403581","potions_obtained":[{"floor":4,"key":"SteroidPotion"}],"is_trial":false,"path_per_floor":["M","$","M","M","M","E"],"character_chosen":"WATCHER","items_purchased":["ClearTheMind","Mummified Hand","Oddly Smooth Stone","Medical Kit","Crescendo"],"campfire_rested":0,"item_purchase_floors":[0,0,0,0,2],"current_hp_per_floor":[26,26,26,26,22,0,0],"gold":115,"neow_bonus":"","is_daily":false,"chose_seed":false,"campfire_upgraded":0,"win_rate":0.0,"timestamp":1610810069,"path_taken":["M","$","M","M","M","E"],"items_purchased_type":["Card","Relic","Relic","Relic","Card"],"build_version":"2020-12-22","purchased_purges":1,"victory":false,"max_hp_per_floor":[72,72,72,72,72,72,72],"relic_stats":{"counters":[5,20],"Mummified Hand":[0],"Gambling Chip":[16],"Medical Kit":[0],"obtain_stats":[{"Peace Pipe":0,"Mummified Hand":0,"Gambling Chip":0,"Oddly Smooth Stone":0,"PureWater":0,"Medical Kit":0},{"Peace Pipe":0,"Mummified Hand":0,"Gambling Chip":0,"Oddly Smooth Stone":0,"PureWater":0,"Medical Kit":0},{"Peace Pipe":0,"Mummified Hand":0,"Gambling Chip":0,"Oddly Smooth Stone":0,"PureWater":0,"Medical Kit":0}]},"card_choices":[{"not_picked":["CutThroughFate","Wallop"],"picked":"Sanctity","floor":1},{"not_picked":["Crescendo","CutThroughFate"],"picked":"TalkToTheHand","floor":3},{"not_picked":["Swivel","Protect","WreathOfFlame"],"picked":"SKIP","floor":4},{"not_picked":["BowlingBash","EmptyBody","ForeignInfluence"],"picked":"SKIP","floor":5}],"player_experience":326839,"relics_obtained":[],"event_choices":[],"is_beta":false,"boss_relics":[],"items_purged_floors":[0],"is_endless":false,"potions_floor_spawned":[4],"killed_by":"Lagavulin","ascension_level":9}}