{"host":"7k2a2omxz3voj5ax","time":1610811842,"event":{"mods":["BaseMod","Marisa£¨ìFÓê¡¡Ä§ÀíÉ³£©","Minty Spire (QoL Compilation)","Quick Restart","Spicy Shops","StSLib","Starting Relic: Pandora\u0027s Box","¡¾ÒÅÎï¿¨ÅÆ¡¿REMEMod","óô»ðÖ¸ÄÏ"],"gold_per_floor":[113,113,113,133,1463,1488,897,927,952,979,979,1008,1108,1138,513,618,618,637,654,668,391,391,391],"floor_reached":22,"language":"ZHS","playtime":821,"items_purged":["Stack","Redo","Barrage","Sweeping Beam","Dualcast"],"score":377,"play_id":"f7cda3a2-0067-40c0-8e9f-7e7671dd20bb","local_time":"20210117004402","is_ascension_mode":true,"campfire_choices":[{"data":"BlazingStar","floor":11,"key":"SMITH"}],"circlet_count":0,"master_deck":["AscendersBane","Zap","Conserve Battery","Self Repair","FTL","BlazingStar+1","Cold Snap","REME_SelfUpgrade","Fission","Heatsinks+1","Turbo","Creative AI+1","Biased Cognition+1","Skim","Coolheaded"],"relics":["Pandora\u0027s Box","REME_ComplimentaryCards","NeowsBlessing","Nunchaku","Prayer Wheel","Singing Bowl","Medical Kit","Shuriken","TheAbacus","Question Card","InkBottle","Frozen Egg 2","Bag of Preparation","Pear","Lantern","Runic Capacitor","REME_DuelDisc","DataDisk","PreservedInsect"],"acts_visited":["Exordium","TheCity"],"potions_floor_usage":[],"damage_taken":[{"damage":0.0,"enemies":"2 Louse","floor":1.0,"turns":1.0},{"damage":0.0,"enemies":"Small Slimes","floor":4.0,"turns":2.0},{"damage":3.0,"enemies":"3 Sentries","floor":6.0,"turns":2.0},{"damage":14.0,"enemies":"Lagavulin","floor":8.0,"turns":5.0},{"damage":14,"enemies":"Gremlin Nob","floor":10,"turns":4},{"damage":12,"enemies":"Lagavulin","floor":12,"turns":5},{"damage":9,"enemies":"Gremlin Nob","floor":14,"turns":4},{"damage":21,"enemies":"Hexaghost","floor":16,"turns":6},{"damage":0,"enemies":"Spheric Guardian","floor":18,"turns":2},{"damage":14,"enemies":"Shell Parasite","floor":19,"turns":3},{"damage":0,"enemies":"Snecko","floor":20,"turns":3},{"damage":0,"enemies":"Masked Bandits","floor":22,"turns":1}],"seed_played":"3820552521542593046","potions_obtained":[{"floor":6.0,"key":"DuplicationPotion"},{"floor":10,"key":"SpeedPotion"},{"floor":14,"key":"EssenceOfSteel"}],"is_trial":false,"path_per_floor":["M","?","?","M","$","E","R","E","T","E","R","E","?","E","R","B",null,"M","M","M","$","?"],"character_chosen":"DEFECT","items_purchased":["Prayer Wheel","Singing Bowl","Medical Kit","REME_SelfUpgrade","TheAbacus","Question Card","Lantern","Runic Capacitor","DataDisk","PreservedInsect","Coolheaded"],"campfire_rested":0,"item_purchase_floors":[5,5,5,7,7,7,15,15,21,21,21],"current_hp_per_floor":[75,63,63,70,70,74,74,67,67,60,60,55,55,63,63,49,76,80,75,86,86,86,86],"gold":391,"neow_bonus":"THREE_ENEMY_KILL","is_daily":false,"chose_seed":false,"campfire_upgraded":1,"win_rate":0.0,"timestamp":1610811842,"path_taken":["M","?","?","?","$","E","R","E","T","E","R","E","?","E","R","BOSS","M","M","?","?","?"],"items_purchased_type":["Relic","Relic","Relic","Card","Relic","Relic","Relic","Relic","Relic","Relic","Card"],"build_version":"2020-12-22","purchased_purges":5,"victory":false,"max_hp_per_floor":[75,75,75,75,75,75,75,75,75,75,75,75,75,85,85,85,85,89,91,95,95,95,95],"card_choices":[{"not_picked":["Redo","Go for the Eyes","Gash"],"picked":"SKIP","floor":1.0},{"not_picked":["Stack","Streamline","Beam Cell"],"picked":"SKIP","floor":4.0},{"not_picked":["Gash","Barrage"],"picked":"Cold Snap","floor":6.0},{"not_picked":["Doom and Gloom","Undo","Chill","Go for the Eyes"],"picked":"Fission","floor":8.0},{"not_picked":["Hello World+1","Darkness","Conserve Battery","Gash"],"picked":"Heatsinks+1","floor":10},{"not_picked":["Sweeping Beam","Streamline","Go for the Eyes","Gash"],"picked":"Turbo","floor":12},{"not_picked":["Go for the Eyes","Compile Driver","Melter","Seek"],"picked":"Creative AI+1","floor":14},{"not_picked":["Thunder Strike","Rainbow","Amplify","Seek"],"picked":"Biased Cognition+1","floor":16},{"not_picked":["Gash+1","Sweeping Beam","Leap","Rebound","Go for the Eyes"],"picked":"Singing Bowl","floor":18},{"not_picked":["Steam","Aggregate","Stack","Rip and Tear","Creative AI+1"],"picked":"Singing Bowl","floor":18},{"not_picked":["Force Field","Beam Cell","Turbo","Static Discharge+1"],"picked":"Skim","floor":19},{"not_picked":["Scrape","Sweeping Beam","Gash","Streamline","Barrage"],"picked":"Singing Bowl","floor":19},{"not_picked":["Stack+1","Aggregate","Darkness","Rebound","Static Discharge+1"],"picked":"Singing Bowl","floor":20},{"not_picked":["Compile Driver","Hyperbeam","Rebound","Capacitor+1","Gash"],"picked":"Singing Bowl","floor":20}],"player_experience":458574,"relics_obtained":[{"floor":6.0,"key":"Shuriken"},{"floor":8.0,"key":"InkBottle"},{"floor":10,"key":"Frozen Egg 2"},{"floor":12,"key":"Bag of Preparation"},{"floor":14,"key":"Pear"}],"event_choices":[{"damage_healed":0.0,"max_hp_gain":0.0,"max_hp_loss":0.0,"gold_gain":0.0,"event_name":"Scrap Ooze","player_choice":"Success","floor":2.0,"gold_loss":0.0,"damage_taken":12.0,"relics_obtained":["Nunchaku"]},{"cards_removed":["Barrage"],"damage_healed":0.0,"max_hp_gain":0.0,"max_hp_loss":0.0,"gold_gain":0.0,"event_name":"Purifier","player_choice":"Purged","floor":3.0,"gold_loss":0.0,"damage_taken":0.0},{"damage_healed":0,"gold_gain":100,"player_choice":"Pray","damage_taken":0,"max_hp_gain":0,"max_hp_loss":0,"event_name":"Golden Shrine","floor":13,"gold_loss":0},{"damage_healed":0,"gold_gain":0,"player_choice":"Fought Bandits","damage_taken":0,"max_hp_gain":0,"max_hp_loss":0,"event_name":"Masked Bandits","floor":22,"gold_loss":0}],"is_beta":false,"boss_relics":[{"not_picked":["Black Star","REME_LowDesire"],"picked":"REME_DuelDisc"}],"items_purged_floors":[5,5,7,15,15],"is_endless":false,"potions_floor_spawned":[6,10,14,16,20],"killed_by":"Masked Bandits","ascension_level":12}}