{"host":"px2oznrenyeljk7o","time":1610798676,"event":{"mods":["100% Spire Juice","A Magickal Journey","AchievementEnabler","Arknights The Spire","BaseMod","Better Altar","Better Match","Better Note","Better Sensory Stone","Better Third Choice","ChefMod","Colored Map","Conspire","Curses Come First","Evolution","GifTheSpireLib","GungeonMod","Hermit","KinomotoSakuraMod(????)","Koishi","Lobotomy","LobotomyExtend","Marisa????????","Minty Spire (QoL Compilation)","Nova Terra(??·??)","Poor People Problems","Potionbrewer","Random Character Button","Rare Cards Sparkle","Reimu??????","Replay The Spire","Robot Space Explorer","Small Relic Pack","Somnambulant","Spicy Shops","StSLib","Stuff the Spire","The Administrix","The Alterego","The Blackbeard","The Blue Laboratory","The Bug Knight","The Construct","The Cursed","The Disciple","The Gatherer","The Hayseed","The Hierophant","The Jungle","The Marked","The Poker Player","The Runesmith","TheWitcher","Yakumo Yukari mod","Yuri Mod","everything is the same but u backflip on backflip","slay the spire mod where everything is the same but ironclad has a cowboy hat","??????REMEMod"],"gold_per_floor":[116,132,151,172,205,205,205,2,26,49,86,86,86,84,84,79,79],"floor_reached":16,"language":"ENG","playtime":2431,"items_purged":[],"score":104,"play_id":"43b52e27-8d52-46f5-bdc8-0f0e37fceffd","local_time":"20210116130436","is_ascension_mode":false,"campfire_choices":[{"floor":6,"key":"REST"},{"floor":13,"key":"REST"},{"floor":15,"key":"REST"}],"circlet_count":0,"master_deck":["SnafuTest:DefaultCommonAttack+1","SnafuTest:DefaultCommonAttack","SnafuTest:DefaultCommonAttack","SnafuTest:BountyHunt","SnafuTest:DefaultCommonSkill","SnafuTest:DefaultCommonSkill","SnafuTest:DefaultCommonSkill","SnafuTest:SignAard","SnafuTest:PowerEleganceEmbodiment","SnafuTest:QueensGuard","SnafuTest:SpellTelekinesis","SnafuTest:SignQuen","SnafuTest:Offering","SnafuTest:PowerFireDamnation","Dark Shackles","REME_HeartOfCthun","SnafuTest:WitchHunt","SnafuTest:TrackingSense","SnafuTest:PayHappyHour"],"relics":["SnafuTest:UnstableMutagenRelic","EVO:Axolotl","REME_ComplimentaryCards","LetterFromLob","potionbrewer:Torch","Question Card"],"acts_visited":["Exordium"],"potions_floor_usage":[1,2,3,5,10],"damage_taken":[{"damage":0,"enemies":"conspire:RoseBush","floor":1,"turns":4},{"damage":4,"enemies":"2 Louse","floor":2,"turns":3},{"damage":0,"enemies":"Cultist","floor":3,"turns":4},{"damage":0,"enemies":"Blue Slaver","floor":4,"turns":5},{"damage":0,"enemies":"Gremlin Gang","floor":5,"turns":8},{"damage":4,"enemies":"conspire:2 RoseBushes","floor":10,"turns":4},{"damage":30,"enemies":"3 Sentries","floor":11,"turns":8},{"damage":0,"enemies":"Red Slaver","floor":14,"turns":4},{"damage":79,"enemies":"Hexaghost","floor":16,"turns":11}],"seed_played":"-7837629254761937769","potions_obtained":[{"floor":0,"key":"potionbrewer:DiscountPotion"},{"floor":0,"key":"blueLaboratory:FruitPunch"},{"floor":0,"key":"blueLaboratory:RememoryPotion"},{"floor":1,"key":"blueLaboratory:BottleOfRum"},{"floor":3,"key":"blueLaboratory:BottleOfVodka"},{"floor":4,"key":"potionbrewer:DiscountPotion"}],"is_trial":false,"path_per_floor":["M","M","M","M","M","R","?","$","T","M","E","?","R","M","R","B"],"character_chosen":"THE_WITCHER","items_purchased":["REME_HeartOfCthun","SnafuTest:WitchHunt"],"campfire_rested":3,"item_purchase_floors":[8,8],"current_hp_per_floor":[77,73,73,73,73,77,77,77,77,73,43,43,66,66,77,0,0],"gold":79,"neow_bonus":"THREE_SMALL_POTIONS","is_daily":false,"chose_seed":false,"campfire_upgraded":0,"win_rate":0.0,"timestamp":1610798676,"path_taken":["M","M","M","M","M","R","?","$","T","M","E","?","R","M","R","BOSS"],"items_purchased_type":["Card","Card"],"build_version":"2020-12-22","purchased_purges":0,"victory":false,"max_hp_per_floor":[77,77,77,77,77,77,77,77,77,77,77,77,77,77,77,77,77],"card_choices":[{"not_picked":["SnafuTest:SpellDispellingPush","SnafuTest:AncestralRitual"],"picked":"SnafuTest:QueensGuard","floor":1},{"not_picked":["SnafuTest:SpellIncendiaryShower","SnafuTest:BombMoonDust"],"picked":"SnafuTest:SpellTelekinesis","floor":2},{"not_picked":["SnafuTest:TrackingSense","SnafuTest:PowerHangmenTree"],"picked":"SnafuTest:SignQuen","floor":3},{"not_picked":["SnafuTest:TrackingSense","SnafuTest:PowerRhymeBeyondTime"],"picked":"SnafuTest:Offering","floor":4},{"not_picked":["SnafuTest:ScholarsIntrigue","SnafuTest:PowerVainGlory"],"picked":"SnafuTest:PowerFireDamnation","floor":5},{"not_picked":["Specialist","Swift Strike"],"picked":"Dark Shackles","floor":7},{"not_picked":["SnafuTest:SpellTelekinesis","SnafuTest:DesperateRemediation"],"picked":"SnafuTest:TrackingSense","floor":10},{"not_picked":["SnafuTest:PowerVainGlory","SnafuTest:FlashingEvasion"],"picked":"SnafuTest:PaySmithWorkshop","floor":11},{"not_picked":["SnafuTest:MCPlayGwent","SnafuTest:Portal","SnafuTest:QueensGuard"],"picked":"SnafuTest:PayHappyHour","floor":14}],"player_experience":480929,"relics_obtained":[{"floor":1,"key":"LetterFromLob"},{"floor":9,"key":"potionbrewer:Torch"},{"floor":11,"key":"Question Card"}],"event_choices":[{"damage_healed":0,"gold_gain":1,"player_choice":"1","damage_taken":0,"max_hp_gain":0,"max_hp_loss":0,"event_name":"betterStone:BetterStone","floor":7,"gold_loss":0},{"damage_healed":0,"gold_gain":0,"player_choice":"Ignored","damage_taken":0,"max_hp_gain":0,"max_hp_loss":0,"event_name":"Transmorgrifier","floor":12,"gold_loss":0}],"is_beta":false,"boss_relics":[],"items_purged_floors":[],"is_endless":false,"potions_floor_spawned":[1,3,4],"killed_by":"Hexaghost","ascension_level":0}}