{"host":"o7j6aatxjwpw1421","time":1610819245,"event":{"mods":["2.2 Compatiblity","AchievementEnabler","BaseMod","Colored Map","DeckTracker","Highlight Path","Keyboard Shortcuts","Minty Spire (QoL Compilation)","Permanent Neow","Quick Restart","StSLib","SuperFastMode","everything is the same but u backflip on backflip"],"gold_per_floor":[116,41,54,68,81,81,109,109,109,135,135,135,85,110,110,207,207,224,224,54,69,88,88,119,119,119,119,134,134,149,0,0,0,0],"floor_reached":33,"language":"KOR","playtime":1273,"items_purged":["Strike_P","Defend_P"],"score":368,"play_id":"0892d54f-27c4-4061-8f3d-444c9bdfbf41","local_time":"20210117024725","is_ascension_mode":true,"campfire_choices":[{"data":"Eruption","floor":6.0,"key":"SMITH"},{"data":"Vigilance","floor":12.0,"key":"SMITH"},{"floor":15.0,"key":"REST"},{"data":"Scrawl","floor":23.0,"key":"SMITH"},{"floor":25.0,"key":"REST"},{"data":"MentalFortress","floor":29.0,"key":"SMITH"},{"data":"Scrawl","floor":32.0,"key":"SMITH"}],"circlet_count":0,"master_deck":["Strike_P","Strike_P","Eruption+1","Vigilance+1","BowlingBash","Indignation","Scrawl+1","Halt","MentalFortress+1","FlurryOfBlows+1","Wireheading","Scrawl+1"],"relics":["PureWater","Molten Egg 2","Kunai","Mummified Hand","Ancient Tea Set","Philosopher\u0027s Stone","Singing Bowl","Calipers","Bag of Preparation"],"acts_visited":["Exordium","TheCity"],"potions_floor_usage":[],"damage_taken":[{"damage":0.0,"enemies":"Small Slimes","floor":1.0,"turns":2.0},{"damage":4.0,"enemies":"Jaw Worm","floor":3.0,"turns":3.0},{"damage":0.0,"enemies":"2 Louse","floor":4.0,"turns":2.0},{"damage":3.0,"enemies":"Looter","floor":5.0,"turns":3.0},{"damage":4.0,"enemies":"Gremlin Nob","floor":7.0,"turns":3.0},{"damage":3.0,"enemies":"3 Sentries","floor":10.0,"turns":5.0},{"damage":8.0,"enemies":"Lagavulin","floor":14.0,"turns":5.0},{"damage":48.0,"enemies":"Hexaghost","floor":16.0,"turns":9.0},{"damage":7.0,"enemies":"3 Byrds","floor":18.0,"turns":3.0},{"damage":0.0,"enemies":"2 Thieves","floor":21.0,"turns":2.0},{"damage":0.0,"enemies":"Sentry and Sphere","floor":22.0,"turns":5.0},{"damage":27.0,"enemies":"Book of Stabbing","floor":24.0,"turns":4.0},{"damage":0.0,"enemies":"Snake Plant","floor":28.0,"turns":2.0},{"damage":0.0,"enemies":"Shelled Parasite and Fungi","floor":30.0,"turns":2.0},{"damage":35,"enemies":"Automaton","floor":33,"turns":6}],"seed_played":"-3948296653629905213","potions_obtained":[{"floor":7.0,"key":"PowerPotion"},{"floor":14.0,"key":"Dexterity Potion"},{"floor":16.0,"key":"AttackPotion"},{"floor":21.0,"key":"Energy Potion"},{"floor":22.0,"key":"LiquidMemories"},{"floor":24.0,"key":"BottledMiracle"}],"is_trial":false,"path_per_floor":["M","$","M","M","M","R","E","?","T","E","?","R","?","E","R","B",null,"M","?","$","M","M","R","E","R","T","$","M","R","M","$","R","B"],"character_chosen":"WATCHER","items_purchased":["MentalFortress","Bag of Preparation"],"campfire_rested":2,"item_purchase_floors":[20,31],"current_hp_per_floor":[65,65,61,61,58,58,54,47,47,44,44,44,44,36,57,9,56,49,36,36,36,36,36,11,34,34,34,34,34,34,34,34,0,0],"gold":0,"neow_bonus":"REMOVE_CARD","is_daily":false,"chose_seed":false,"campfire_upgraded":5,"win_rate":0.0,"timestamp":1610819245,"path_taken":["M","$","M","M","M","R","E","?","T","E","?","R","?","E","R","BOSS","M","?","$","M","M","R","E","R","T","$","M","R","M","$","R","BOSS"],"items_purchased_type":["Card","Relic"],"build_version":"2020-12-22","purchased_purges":2,"victory":false,"max_hp_per_floor":[72,72,72,72,72,72,72,72,72,72,72,72,72,72,72,72,72,72,77,77,77,77,77,79,79,79,79,79,79,79,79,79,79,79],"card_choices":[{"not_picked":["CutThroughFate","EmptyFist"],"picked":"BowlingBash","floor":1.0},{"not_picked":["TalkToTheHand","Evaluate","Protect"],"picked":"SKIP","floor":3.0},{"not_picked":["Worship","JustLucky","CutThroughFate"],"picked":"SKIP","floor":4.0},{"not_picked":["Meditate","Crescendo","Tantrum"],"picked":"SKIP","floor":5.0},{"not_picked":["ClearTheMind","JustLucky+1","LikeWater"],"picked":"SKIP","floor":7.0},{"not_picked":["Pray","SpiritShield"],"picked":"Indignation","floor":10.0},{"not_picked":["TalkToTheHand+1","Evaluate","DeceiveReality"],"picked":"SKIP","floor":14.0},{"not_picked":["DeusExMachina","Omniscience"],"picked":"Scrawl","floor":16.0},{"not_picked":["Protect","CrushJoints+1"],"picked":"Halt","floor":18.0},{"not_picked":["TalkToTheHand+1","FlyingSleeves+1","EmptyFist+1"],"picked":"SKIP","floor":21.0},{"not_picked":["FollowUp+1","Evaluate+1"],"picked":"FlurryOfBlows+1","floor":22.0},{"not_picked":["Consecrate+1","ThirdEye","CutThroughFate+1"],"picked":"Singing Bowl","floor":24.0},{"not_picked":["FlurryOfBlows+1","JustLucky+1"],"picked":"Wireheading","floor":28.0},{"not_picked":["BattleHymn","Crescendo+1"],"picked":"Scrawl","floor":30.0}],"player_experience":540564,"relics_obtained":[{"floor":7.0,"key":"Molten Egg 2"},{"floor":9.0,"key":"Kunai"},{"floor":10.0,"key":"Mummified Hand"},{"floor":14.0,"key":"Ancient Tea Set"},{"floor":24.0,"key":"Singing Bowl"},{"floor":26.0,"key":"Calipers"}],"event_choices":[{"cards_removed":["Defend_P"],"damage_healed":0.0,"max_hp_gain":0.0,"max_hp_loss":0.0,"gold_gain":0.0,"event_name":"Golden Wing","player_choice":"Card Removal","floor":8.0,"gold_loss":0.0,"damage_taken":7.0},{"cards_removed":["Strike_P"],"damage_healed":0.0,"max_hp_gain":0.0,"max_hp_loss":0.0,"gold_gain":0.0,"event_name":"Living Wall","player_choice":"Forget","floor":11.0,"gold_loss":0.0,"damage_taken":0.0},{"cards_removed":["Defend_P"],"damage_healed":0.0,"max_hp_gain":0.0,"max_hp_loss":0.0,"gold_gain":0.0,"event_name":"The Cleric","player_choice":"Card Removal","floor":13.0,"gold_loss":50.0,"damage_taken":0.0},{"damage_healed":0.0,"max_hp_gain":5.0,"max_hp_loss":0.0,"gold_gain":0.0,"event_name":"Forgotten Altar","player_choice":"Shed Blood","floor":19.0,"gold_loss":0.0,"damage_taken":18.0}],"is_beta":false,"boss_relics":[{"not_picked":["Runic Pyramid","Calling Bell"],"picked":"Philosopher\u0027s Stone"}],"items_purged_floors":[2,20],"is_endless":false,"potions_floor_spawned":[7,14,16,21,22,24],"killed_by":"Automaton","ascension_level":6}}