{"host":"g8zw5beq5mqt80bj","time":1610827083,"event":{"mods":["2.2 Compatiblity","AchievementEnabler","BaseMod","Colored Map","Colored Powertips","DeckTracker","Highlight Path","Minty Spire (QoL Compilation)","Quick Restart","Random Character Button","Rare Cards Sparkle"],"gold_per_floor":[115,138,153,166,15,41,41,73,73,19,35,50,78,91,91,190,190,190,18,0,0,0,0],"floor_reached":22,"language":"POL","playtime":5442,"items_purged":[],"score":206,"play_id":"3c2817bd-ea58-4ad9-ac00-fffa3a6edb1e","local_time":"20210116205803","is_ascension_mode":false,"campfire_choices":[{"floor":7.0,"key":"REST"},{"floor":15.0,"key":"REST"}],"circlet_count":0,"master_deck":["Strike_B","Strike_B","Strike_B","Strike_B","Defend_B","Defend_B","Defend_B","Defend_B","Zap","Dualcast","Stack","Ball Lightning","Conserve Battery","Cold Snap","Defragment","Leap+1","Darkness+1","Ball Lightning","Ball Lightning","Beam Cell","Amplify+1","Rebound+1","Apotheosis+1","Chill+1"],"relics":["Cracked Core","NeowsBlessing","Bronze Scales","Blood Vial","Toxic Egg 2","Strawberry","Matryoshka","Potion Belt","Ectoplasm"],"acts_visited":["Exordium","TheCity"],"potions_floor_usage":[],"damage_taken":[{"damage":0.0,"enemies":"Cultist","floor":1.0,"turns":1.0},{"damage":0.0,"enemies":"2 Louse","floor":3.0,"turns":1.0},{"damage":0.0,"enemies":"Jaw Worm","floor":4.0,"turns":1.0},{"damage":30.0,"enemies":"Gremlin Nob","floor":6.0,"turns":4.0},{"damage":20.0,"enemies":"3 Sentries","floor":8.0,"turns":6.0},{"damage":3.0,"enemies":"Exordium Thugs","floor":11.0,"turns":4.0},{"damage":1.0,"enemies":"Lots of Slimes","floor":12.0,"turns":3.0},{"damage":11.0,"enemies":"Gremlin Nob","floor":13.0,"turns":3.0},{"damage":14.0,"enemies":"3 Louse","floor":14.0,"turns":3.0},{"damage":33.0,"enemies":"Hexaghost","floor":16.0,"turns":8.0},{"damage":17.0,"enemies":"Spheric Guardian","floor":18.0,"turns":4.0},{"damage":16.0,"enemies":"2 Thieves","floor":20.0,"turns":4.0},{"damage":0,"enemies":"Centurion and Healer","floor":22,"turns":2}],"seed_played":"-2183218356121592217","potions_obtained":[{"floor":3.0,"key":"Energy Potion"},{"floor":11.0,"key":"DistilledChaos"},{"floor":12.0,"key":"PotionOfCapacity"},{"floor":14.0,"key":"DuplicationPotion"},{"floor":16.0,"key":"LiquidMemories"}],"is_trial":false,"path_per_floor":["M","T","M","M","$","E","R","E","T","$","M","M","E","M","R","B",null,"M","$","M","?","M"],"character_chosen":"DEFECT","items_purchased":["Blood Vial","Leap+1","Apotheosis+1"],"campfire_rested":2,"item_purchase_floors":[5,10,19],"current_hp_per_floor":[75,75,75,75,75,45,67,56,56,56,55,56,47,35,59,28,82,65,65,51,51,53,53],"gold":0,"neow_bonus":"THREE_ENEMY_KILL","is_daily":false,"chose_seed":false,"campfire_upgraded":0,"win_rate":0.0,"timestamp":1610827083,"path_taken":["M","?","M","?","$","E","R","E","T","?","?","?","E","M","R","BOSS","M","$","M","?","M"],"items_purchased_type":["Relic","Card","Card"],"build_version":"2020-12-22","purchased_purges":0,"victory":false,"max_hp_per_floor":[75,75,75,75,75,75,75,82,82,82,82,82,82,82,82,82,82,82,82,82,82,82,82],"card_choices":[{"not_picked":["Genetic Algorithm","Steam"],"picked":"Stack","floor":1.0},{"not_picked":["Go for the Eyes","Barrage"],"picked":"Ball Lightning","floor":3.0},{"not_picked":["Stack","Redo"],"picked":"Conserve Battery","floor":4.0},{"not_picked":["Compile Driver","Undo+1"],"picked":"Cold Snap","floor":6.0},{"not_picked":["Go for the Eyes","Undo+1"],"picked":"Defragment","floor":8.0},{"not_picked":["Barrage","Gash"],"picked":"Darkness+1","floor":11.0},{"not_picked":["Leap+1","Compile Driver"],"picked":"Ball Lightning","floor":12.0},{"not_picked":["Meteor Strike","Static Discharge"],"picked":"Ball Lightning","floor":13.0},{"not_picked":["Consume+1","Sweeping Beam"],"picked":"Beam Cell","floor":14.0},{"not_picked":["Buffer","Reboot+1"],"picked":"Amplify+1","floor":16.0},{"not_picked":["Doom and Gloom","Reprogram+1"],"picked":"Rebound+1","floor":18.0},{"not_picked":["Streamline","Redo+1"],"picked":"Chill+1","floor":20.0}],"player_experience":94406,"relics_obtained":[{"floor":2.0,"key":"Bronze Scales"},{"floor":6.0,"key":"Toxic Egg 2"},{"floor":8.0,"key":"Strawberry"},{"floor":9.0,"key":"Matryoshka"},{"floor":13.0,"key":"Potion Belt"}],"event_choices":[{"damage_healed":0.0,"max_hp_gain":0.0,"max_hp_loss":0.0,"gold_gain":99.0,"event_name":"Nest","player_choice":"Stole From Cult","floor":21.0,"gold_loss":0.0,"damage_taken":0.0}],"is_beta":false,"boss_relics":[{"not_picked":["Cursed Key","Pandora\u0027s Box"],"picked":"Ectoplasm"}],"items_purged_floors":[],"is_endless":false,"potions_floor_spawned":[3,11,12,14,16],"killed_by":"Centurion and Healer","ascension_level":0}}