{"host":"7k2a2omxz3voj5ax","time":1610815847,"event":{"mods":["BaseMod","Marisa£¨ìFÓê¡¡Ä§ÀíÉ³£©","Minty Spire (QoL Compilation)","Quick Restart","Spicy Shops","StSLib","Starting Relic: Pandora\u0027s Box","¡¾ÒÅÎï¿¨ÅÆ¡¿REMEMod","óô»ðÖ¸ÄÏ"],"gold_per_floor":[2310,2310,2320,2120,2145,2174,1900,1910,1910,1945,1959,1959,1818,1864,1876,1992,2004,2036,2061,2073,2000,2022,2066,2078,2119,2131,2163,1630,1670,1507,1517,1086,1187,1187,1202,571,618,398,417,417,443,289,341,369,419,437,437,455,311,311,311,34,34,66,66],"floor_reached":56,"language":"ZHS","playtime":2548,"items_purged":["Barrage","Rebound","Zap","Heatsinks","Coolheaded","Glacier"],"score":2561,"play_id":"f80fc302-73f2-41c5-8ebc-c04ba346eda9","local_time":"20210117015047","is_ascension_mode":true,"campfire_choices":[{"data":"CasketOfStar","floor":15.0,"key":"SMITH"},{"data":"Coolheaded","floor":24.0,"key":"SMITH"},{"floor":47.0,"key":"RECALL"}],"circlet_count":0,"master_deck":["AscendersBane","Chill+1","Loop","Coolheaded+1","CasketOfStar+1","Reinforced Body+1","Impatience+1"],"relics":["Pandora\u0027s Box","REME_ComplimentaryCards","NeowsBlessing","FaceOfCleric","Shuriken","Ancient Tea Set","InkBottle","Membership Card","TheAbacus","REME_IWantAll","MawBank","Vajra","Empty Cage","TungstenRod","Potion Belt","Peace Pipe","Orichalcum","Toxic Egg 2","FossilizedHelix","Prayer Wheel","ClockworkSouvenir","DataDisk","Sundial","Cables","Calling Bell","Gremlin Horn","Ice Cream","War Paint","Chemical X","OrangePellets","Torii","Kunai","Emotion Chip","CatCart","Toy Ornithopter","Calipers","Medical Kit","Bag of Marbles","Omamori","REME_HourglassOfDeath","Du-Vu Doll","Bag of Preparation","Pen Nib","Ornamental Fan","Turnip","Mercury Hourglass"],"acts_visited":["Exordium","TheCity","TheBeyond","TheEnding"],"potions_floor_usage":[55,55,55,55,55,55,55,55],"damage_taken":[{"damage":0.0,"enemies":"Jaw Worm","floor":1.0,"turns":1.0},{"damage":0.0,"enemies":"Cultist","floor":3.0,"turns":1.0},{"damage":0.0,"enemies":"Gremlin Nob","floor":6.0,"turns":1.0},{"damage":0.0,"enemies":"2 Louse","floor":8.0,"turns":4.0},{"damage":8.0,"enemies":"3 Sentries","floor":10.0,"turns":5.0},{"damage":3.0,"enemies":"Looter","floor":11.0,"turns":4.0},{"damage":0.0,"enemies":"Lagavulin","floor":14.0,"turns":4.0},{"damage":15.0,"enemies":"Slime Boss","floor":16.0,"turns":5.0},{"damage":0.0,"enemies":"Spheric Guardian","floor":18.0,"turns":3.0},{"damage":7.0,"enemies":"3 Byrds","floor":19.0,"turns":4.0},{"damage":0.0,"enemies":"3 Cultists","floor":22.0,"turns":4.0},{"damage":20.0,"enemies":"Slavers","floor":23.0,"turns":6.0},{"damage":5.0,"enemies":"Gremlin Leader","floor":25.0,"turns":4.0},{"damage":12.0,"enemies":"Snake Plant","floor":27.0,"turns":5.0},{"damage":0.0,"enemies":"Cultist and Chosen","floor":29.0,"turns":3.0},{"damage":0.0,"enemies":"Snecko","floor":31.0,"turns":3.0},{"damage":0.0,"enemies":"Automaton","floor":33.0,"turns":2.0},{"damage":0.0,"enemies":"3 Shapes","floor":35.0,"turns":1.0},{"damage":0.0,"enemies":"Orin","floor":37.0,"turns":2.0},{"damage":0.0,"enemies":"Orb Walker","floor":39.0,"turns":1.0},{"damage":0.0,"enemies":"Giant Head","floor":41.0,"turns":1.0},{"damage":0.0,"enemies":"Nemesis","floor":44.0,"turns":1.0},{"damage":0.0,"enemies":"Mind Bloom Boss Battle","floor":45.0,"turns":2.0},{"damage":0.0,"enemies":"Maw","floor":46.0,"turns":1.0},{"damage":0.0,"enemies":"Jaw Worm Horde","floor":48.0,"turns":1.0},{"damage":0.0,"enemies":"Donu and Deca","floor":50.0,"turns":1.0},{"damage":0.0,"enemies":"Shield and Spear","floor":54.0,"turns":1.0},{"damage":0,"enemies":"The Heart","floor":55,"turns":3}],"seed_played":"2410596254936086955","potions_obtained":[{"floor":3.0,"key":"FocusPotion"},{"floor":8.0,"key":"EssenceOfSteel"},{"floor":16.0,"key":"Ancient Potion"},{"floor":19.0,"key":"Strength Potion"},{"floor":23.0,"key":"LiquidBronze"},{"floor":27.0,"key":"REME_GoldPotion"},{"floor":35.0,"key":"Block Potion"},{"floor":39.0,"key":"GamblersBrew"},{"floor":41.0,"key":"EntropicBrew"},{"floor":54.0,"key":"DistilledChaos"}],"is_trial":false,"path_per_floor":["M","?","M","$","T","E","$","M","T","E","M","?","R","E","R","B",null,"M","M","?","?","M","E","R","E","T","M","$","M","$","M","R","B",null,"M","$","?","$","M","R","E","$","T","E","?","M","R","M","R","B",null,"R","$","E","B",null],"character_chosen":"DEFECT","items_purchased":["Shuriken","Membership Card","TheAbacus","MawBank","Toxic Egg 2","Impatience+1","FossilizedHelix","Prayer Wheel","ClockworkSouvenir","DataDisk","Sundial","Cables","Chemical X","OrangePellets","Torii","Kunai","Emotion Chip","REME_GoldPotion","Toy Ornithopter","Calipers","Medical Kit","Bag of Marbles","Bag of Preparation","Pen Nib","Ornamental Fan","Turnip"],"campfire_rested":0,"item_purchase_floors":[4,7,7,13,28,28,28,28,30,32,32,32,36,36,36,36,36,36,38,38,42,42,49,49,52,52],"current_hp_per_floor":[68,68,69,69,69,70,70,71,71,64,62,62,62,63,63,49,74,75,69,69,69,70,51,51,47,47,36,36,37,37,38,38,39,78,79,79,80,80,81,81,82,82,82,83,84,85,85,86,86,87,97,97,97,98,102],"gold":66,"neow_bonus":"THREE_ENEMY_KILL","is_daily":false,"chose_seed":false,"campfire_upgraded":2,"win_rate":0.0,"timestamp":1610815847,"path_taken":["M","?","M","$","?","E","$","M","T","E","M","?","R","E","R","BOSS","M","M","?","?","M","E","R","E","T","M","$","M","?","M","R","BOSS","M","$","?","$","M","R","E","$","T","E","?","M","R","M","R","BOSS","R","$","E","BOSS"],"items_purchased_type":["Relic","Relic","Relic","Relic","Relic","Card","Relic","Relic","Relic","Relic","Relic","Relic","Relic","Relic","Relic","Relic","Relic","Potion","Relic","Relic","Relic","Relic","Relic","Relic","Relic","Relic"],"build_version":"2020-12-22","purchased_purges":6,"victory":true,"max_hp_per_floor":[75,75,76,76,76,77,77,78,78,79,80,80,80,81,81,82,82,83,84,84,84,85,86,86,87,87,88,88,89,89,90,90,91,91,92,92,93,93,94,94,95,95,95,96,97,98,98,99,99,100,100,100,100,101,102],"card_choices":[{"not_picked":["Gash","Storm"],"picked":"Reinforced Body","floor":1.0},{"not_picked":["BootSequence","Rebound","Rip and Tear"],"picked":"SKIP","floor":3.0},{"not_picked":["Melter","Steam"],"picked":"Heatsinks","floor":6.0},{"not_picked":["Stack","Steam Power","Doom and Gloom"],"picked":"SKIP","floor":8.0},{"not_picked":["Rebound","Beam Cell","Heatsinks"],"picked":"SKIP","floor":10.0},{"not_picked":["Compile Driver","Leap","Streamline"],"picked":"SKIP","floor":11.0},{"not_picked":["Go for the Eyes","REME_DataAnalysis","Skim"],"picked":"SKIP","floor":14.0},{"not_picked":["Ball Lightning","Capacitor","Beam Cell"],"picked":"SKIP","floor":18.0},{"not_picked":["Redo","Chaos","Loop"],"picked":"SKIP","floor":19.0},{"not_picked":["Go for the Eyes","Streamline","Steam"],"picked":"SKIP","floor":22.0},{"not_picked":["Gash","Cold Snap","White Noise"],"picked":"SKIP","floor":23.0},{"not_picked":["Scrape","Blizzard","REME_DataAnalysis"],"picked":"SKIP","floor":25.0},{"not_picked":["Auto Shields+1","Ball Lightning","Hello World"],"picked":"SKIP","floor":27.0},{"not_picked":["REME_Whirling+1","Compile Driver","Stack+1"],"picked":"SKIP","floor":29.0},{"not_picked":["REME_Compress+1","Amplify+1","REME_SelfUpgrade"],"picked":"SKIP","floor":29.0},{"not_picked":["Streamline","Scrape","Cold Snap"],"picked":"SKIP","floor":31.0},{"not_picked":["Consume+1","Go for the Eyes","Streamline"],"picked":"SKIP","floor":31.0},{"not_picked":["Rip and Tear","Stack+1","REME_Compress+1"],"picked":"SKIP","floor":35.0},{"not_picked":["Ball Lightning","Cold Snap","Gash"],"picked":"SKIP","floor":35.0},{"not_picked":["Steam+1","Sweeping Beam","REME_ForAll"],"picked":"SKIP","floor":39.0},{"not_picked":["Coolheaded+1","Beam Cell","Hologram+1"],"picked":"SKIP","floor":39.0},{"not_picked":["Gash","Darkness+1","Skim+1"],"picked":"SKIP","floor":41.0},{"not_picked":["Rebound","Skim+1","Streamline+1"],"picked":"SKIP","floor":44.0},{"not_picked":["Melter+1","Ball Lightning","Rip and Tear"],"picked":"SKIP","floor":46.0},{"not_picked":["Redo+1","Recycle+1","Barrage"],"picked":"SKIP","floor":46.0},{"not_picked":["Loop","Streamline","Compile Driver"],"picked":"SKIP","floor":48.0},{"not_picked":["Rip and Tear","Gash+1","Genetic Algorithm+1"],"picked":"SKIP","floor":48.0},{"not_picked":["Steam+1","Hello World+1","Redo+1"],"picked":"SKIP","floor":54.0}],"player_experience":460434,"relics_obtained":[{"floor":5.0,"key":"Ancient Tea Set"},{"floor":6.0,"key":"InkBottle"},{"floor":10.0,"key":"REME_IWantAll"},{"floor":14.0,"key":"Vajra"},{"floor":23.0,"key":"Potion Belt"},{"floor":25.0,"key":"Peace Pipe"},{"floor":26.0,"key":"Orichalcum"},{"floor":34.0,"key":"Gremlin Horn"},{"floor":34.0,"key":"Ice Cream"},{"floor":34.0,"key":"War Paint"},{"floor":37.0,"key":"CatCart"},{"floor":43.0,"key":"Omamori"},{"floor":44.0,"key":"REME_HourglassOfDeath"},{"floor":45.0,"key":"Du-Vu Doll"},{"floor":54.0,"key":"Mercury Hourglass"}],"event_choices":[{"damage_healed":0.0,"max_hp_gain":0.0,"max_hp_loss":0.0,"gold_gain":0.0,"event_name":"FaceTrader","player_choice":"Trade","floor":2.0,"gold_loss":0.0,"damage_taken":0.0,"relics_obtained":["FaceOfCleric"]},{"damage_healed":0.0,"max_hp_gain":0.0,"max_hp_loss":0.0,"gold_gain":0.0,"event_name":"Liars Game","player_choice":"Ignored","floor":12.0,"gold_loss":0.0,"damage_taken":0.0},{"damage_healed":0.0,"max_hp_gain":0.0,"max_hp_loss":0.0,"gold_gain":0.0,"event_name":"Cursed Tome","player_choice":"Ignored","floor":20.0,"gold_loss":0.0,"damage_taken":0.0},{"damage_healed":0.0,"max_hp_gain":0.0,"max_hp_loss":0.0,"gold_gain":0.0,"event_name":"Addict","player_choice":"Obtained Relic","floor":21.0,"gold_loss":85.0,"damage_taken":0.0,"relics_obtained":["TungstenRod"]},{"damage_healed":0.0,"max_hp_gain":0.0,"max_hp_loss":0.0,"gold_gain":0.0,"event_name":"OrinTheCat","player_choice":"Fight","floor":37.0,"gold_loss":0.0,"damage_taken":0.0},{"damage_healed":0.0,"max_hp_gain":0.0,"max_hp_loss":0.0,"gold_gain":0.0,"event_name":"MindBloom","player_choice":"Fight","floor":45.0,"gold_loss":0.0,"damage_taken":0.0}],"is_beta":false,"boss_relics":[{"not_picked":["SlaversCollar","Black Star"],"picked":"Empty Cage"},{"not_picked":["REME_DuelDisc","Nuclear Battery"],"picked":"Calling Bell"}],"items_purged_floors":[4,7,13,28,30,32],"is_endless":false,"potions_floor_spawned":[3,8,10,16,19,23,27,35,39,41,45,54],"ascension_level":12}}