{"host":"u94b8se4p65mmtuf","time":1610769307,"event":{"mods":["BaseMod","Hubris","Infinite Spire","Jorbs\u0027s Wanderer Trilogy","Minty Spire (QoL Compilation)","Replay The Spire","StSLib","SuperFastMode","The Animator","The Jungle"],"gold_per_floor":[114,114,114,39,39,39,56,56,108,108,133,150,150,164,164,263,263,281,87,104,104,104,104,119,119,119],"floor_reached":25,"language":"ENG","playtime":990,"items_purged":["Regret"],"score":224,"play_id":"b6ff1779-1125-4c5e-83ae-9589368f85fc","local_time":"20210115225507","is_ascension_mode":false,"campfire_choices":[{"data":"animator:Laby","floor":6,"key":"SMITH"},{"data":"animator:Shichika","floor":8,"key":"SMITH"},{"data":"animator:ZankiKiguchi","floor":10,"key":"SMITH"},{"floor":15,"key":"REST"},{"data":"Replay:Undeath\u0027s Touch","floor":23,"key":"SMITH"}],"circlet_count":0,"master_deck":["animator:Strike_Konosuba","animator:Defend_Konosuba","animator:Strike","animator:Strike","animator:Defend","animator:Defend","animator:Defend","animator:Kazuma","animator:Aqua","animator:ZankiKiguchi+1","animator:Laby+1","animator:Shichika+1","animator:Aqua","animator:ZankiKiguchi","animator:HigakiRinne","animator:ZankiKiguchi+1","animator:ZankiKiguchi","Replay:Undeath\u0027s Touch+1","animator:Konayuki"],"relics":["animator:LivingPicture","animator:TheMissingPiece","animator:PurgingStone","hubris:DisguiseKit","animator:WornHelmet","Blood Vial","Pantograph","Coffee Dripper","OrangePellets","NlothsMask"],"acts_visited":["Exordium","TheCity"],"potions_floor_usage":[16,16,25],"damage_taken":[{"damage":0,"enemies":"2 Louse","floor":1,"turns":3},{"damage":6,"enemies":"Jaw Worm","floor":7,"turns":7},{"damage":66,"enemies":"Gremlin Nob","floor":11,"turns":8},{"damage":0,"enemies":"Cultist","floor":12,"turns":4},{"damage":6,"enemies":"Large Slime","floor":14,"turns":10},{"damage":39,"enemies":"Hexaghost","floor":16,"turns":11},{"damage":21,"enemies":"Chosen","floor":18,"turns":9},{"damage":0,"enemies":"Spheric Guardian","floor":20,"turns":2},{"damage":56,"enemies":"Cultist and Chosen","floor":24,"turns":11},{"damage":11,"enemies":"Snecko","floor":25,"turns":5}],"seed_played":"3863589175345526957","potions_obtained":[{"floor":12,"key":"DuplicationPotion"},{"floor":13,"key":"CultistPotion"},{"floor":13,"key":"PowerPotion"},{"floor":18,"key":"Flashbang"},{"floor":24,"key":"CultistPotion"}],"is_trial":false,"path_per_floor":["M","?","?","$","?","R","M","R","T","R","E","M","?","M","R","B",null,"M","$","M","?","?","R","M","M"],"character_chosen":"THE_ANIMATOR","items_purchased":["animator:ZankiKiguchi","OrangePellets"],"campfire_rested":1,"item_purchase_floors":[19,19],"current_hp_per_floor":[72,72,72,72,72,72,66,66,66,66,4,8,8,8,29,21,72,51,51,53,53,53,53,3,0,0],"gold":119,"neow_bonus":"TEN_PERCENT_HP_BONUS","is_daily":false,"chose_seed":false,"campfire_upgraded":4,"win_rate":0.0,"timestamp":1610769307,"path_taken":["M","?","?","$","?","R","?","R","T","R","E","M","?","M","R","BOSS","M","$","M","?","?","R","M","M"],"items_purchased_type":["Card","Relic"],"build_version":"2020-12-22","purchased_purges":1,"victory":false,"max_hp_per_floor":[72,72,72,72,72,72,72,72,72,72,72,72,72,72,72,72,72,72,72,72,72,72,72,72,72,72],"card_choices":[{"not_picked":["animator:Chung","animator:SilverFang"],"picked":"animator:ZankiKiguchi","floor":1},{"not_picked":["animator:DolaSchwi","animator:Chung","Sword Boomerang"],"picked":"animator:Shichika","floor":7},{"not_picked":["animator:Azekura","animator:Laby","animator:YachiyoNanami","Flex"],"picked":"SKIP","floor":11},{"not_picked":["animator:Kazuma","animator:Chris"],"picked":"animator:Aqua","floor":12},{"not_picked":["animator:RoyMustang","animator:Ciel","Bludgeon"],"picked":"animator:ZankiKiguchi","floor":14},{"not_picked":["animator:Eve","animator:Saitama","Eclipse"],"picked":"animator:HigakiRinne","floor":16},{"not_picked":["animator:Raven","animator:NagisaMomoe","Thunderclap"],"picked":"animator:ZankiKiguchi+1","floor":18},{"not_picked":["animator:Ara","animator:LizardPriest","animator:ChlammyZell+1"],"picked":"Replay:Undeath\u0027s Touch","floor":20},{"not_picked":["animator:Azekura","animator:Hitei"],"picked":"animator:Konayuki","floor":24}],"player_experience":111096,"relics_obtained":[{"floor":9,"key":"Blood Vial"},{"floor":11,"key":"Pantograph"}],"event_choices":[{"damage_healed":0,"gold_gain":0,"player_choice":"Box","damage_taken":0,"relics_obtained":["animator:WornHelmet"],"max_hp_gain":0,"max_hp_loss":0,"event_name":"Big Fish","floor":3,"gold_loss":0,"cards_obtained":["Regret"]},{"damage_healed":0,"gold_gain":0,"cards_transformed":["animator:Strike"],"player_choice":"Transformed","damage_taken":0,"max_hp_gain":0,"max_hp_loss":0,"event_name":"Transmorgrifier","floor":5,"gold_loss":0,"cards_obtained":["animator:Laby"]},{"damage_healed":0,"gold_gain":0,"player_choice":"Got Potions","damage_taken":0,"max_hp_gain":0,"max_hp_loss":0,"event_name":"Lab","floor":13,"gold_loss":0},{"damage_healed":0,"gold_gain":0,"player_choice":"Trade","damage_taken":0,"relics_obtained":["NlothsMask"],"max_hp_gain":0,"max_hp_loss":0,"event_name":"FaceTrader","floor":22,"gold_loss":0}],"is_beta":false,"boss_relics":[{"not_picked":["animator:HolyGrailRelic","hubris:CrackedHourglass"],"picked":"Coffee Dripper"}],"items_purged_floors":[4],"is_endless":false,"potions_floor_spawned":[12,14,18,24],"killed_by":"Snecko","ascension_level":0}}