{"host":"jwbw4f4imxd0v0b0","time":1610786893,"event":{"mods":["BaseMod","Colored Map","Highlight Path","Minty Spire (QoL Compilation)","Relic Stats","StSLib"],"gold_per_floor":[110,122,297,52,2,34,45,45,125,179,179,214,234,265,265,360,360,376,376,388,388,403,435,435,449,473,486,496,507,507,535,535,633,633,643,643,643,643,654,682,682,692,715,715,715,168,218,233,233,233],"floor_reached":51,"language":"ENG","playtime":3569,"items_purged":["Injury"],"score":1241,"play_id":"daa62205-0482-4bee-81aa-e69367f7254d","local_time":"20210116024813","is_ascension_mode":true,"campfire_choices":[{"data":"Catalyst","floor":8.0,"key":"SMITH"},{"floor":11.0,"key":"REST"},{"data":"Glass Knife","floor":15.0,"key":"SMITH"},{"data":"Burst","floor":24.0,"key":"SMITH"},{"floor":32.0,"key":"REST"},{"data":"Footwork","floor":41,"key":"SMITH"},{"data":"Bouncing Flask","floor":49,"key":"SMITH"}],"circlet_count":0,"master_deck":["AscendersBane","Strike_G+1","Defend_G+1","Defend_G+1","Defend_G+1","Defend_G+1","Survivor","Neutralize","Noxious Fumes+1","Escape Plan+1","Endless Agony+1","Bouncing Flask+1","Backflip","Glass Knife+1","Catalyst+1","Bane","Burst+1","Deflect","Clumsy","Acrobatics+1","Phantasmal Killer","Venomology","CurseOfTheBell","Blur","Madness","Madness","Footwork+1","Adrenaline","Mayhem","Terror"],"relics":["Astrolabe","Kunai","Potion Belt","Eternal Feather","Anchor","Akabeko","Bottled Tornado","Cursed Key","Juzu Bracelet","Ancient Tea Set","Mercury Hourglass","Calling Bell","Nunchaku","Matryoshka","Lizard Tail","Bottled Lightning","Dream Catcher","Regal Pillow","Art of War","Du-Vu Doll"],"acts_visited":["Exordium","TheCity","TheBeyond"],"potions_floor_usage":[39,39,39,40,47,48,50,50,50,50,50],"damage_taken":[{"damage":0.0,"enemies":"Small Slimes","floor":1.0,"turns":5.0},{"damage":3.0,"enemies":"Jaw Worm","floor":2.0,"turns":4.0},{"damage":29.0,"enemies":"Gremlin Nob","floor":6.0,"turns":5.0},{"damage":0.0,"enemies":"2 Louse","floor":7.0,"turns":3.0},{"damage":16.0,"enemies":"3 Sentries","floor":12.0,"turns":7.0},{"damage":0.0,"enemies":"Lots of Slimes","floor":13.0,"turns":4.0},{"damage":20.0,"enemies":"Gremlin Nob","floor":14.0,"turns":4.0},{"damage":0.0,"enemies":"Slime Boss","floor":16.0,"turns":5.0},{"damage":0.0,"enemies":"Shell Parasite","floor":18.0,"turns":3.0},{"damage":0.0,"enemies":"Spheric Guardian","floor":20.0,"turns":3.0},{"damage":0.0,"enemies":"Centurion and Healer","floor":22.0,"turns":5.0},{"damage":13.0,"enemies":"Book of Stabbing","floor":23.0,"turns":6.0},{"damage":2.0,"enemies":"Shelled Parasite and Fungi","floor":25.0,"turns":4.0},{"damage":4.0,"enemies":"3 Cultists","floor":27.0,"turns":5.0},{"damage":0.0,"enemies":"Snake Plant","floor":28.0,"turns":3.0},{"damage":6.0,"enemies":"Centurion and Healer","floor":29.0,"turns":5.0},{"damage":38.0,"enemies":"Gremlin Leader","floor":31.0,"turns":5.0},{"damage":28.0,"enemies":"Champ","floor":33.0,"turns":8.0},{"damage":0.0,"enemies":"3 Shapes","floor":35.0,"turns":4.0},{"damage":2,"enemies":"3 Darklings","floor":39,"turns":6},{"damage":60,"enemies":"Giant Head","floor":40,"turns":9},{"damage":16,"enemies":"Maw","floor":42,"turns":7},{"damage":4,"enemies":"Mind Bloom Boss Battle","floor":47,"turns":7},{"damage":11,"enemies":"Spire Growth","floor":48,"turns":3},{"damage":37,"enemies":"Awakened One","floor":50,"turns":17}],"seed_played":"3751113742295805992","potions_obtained":[{"floor":1.0,"key":"ColorlessPotion"},{"floor":2.0,"key":"Weak Potion"},{"floor":13.0,"key":"BlessingOfTheForge"},{"floor":14.0,"key":"CunningPotion"},{"floor":22.0,"key":"Strength Potion"},{"floor":23.0,"key":"GamblersBrew"},{"floor":27.0,"key":"Energy Potion"},{"floor":31.0,"key":"Swift Potion"},{"floor":33.0,"key":"SteroidPotion"},{"floor":39,"key":"Swift Potion"},{"floor":42,"key":"PowerPotion"}],"is_trial":false,"path_per_floor":["M","M","?","$","?","E","M","R","T","T","R","E","M","E","R","B",null,"M","?","M","?","M","E","R","M","T","M","M","M","?","E","R","B",null,"M","?","?","?","M","E","R","M","T","?","?","$","?","M","R","B",null],"character_chosen":"THE_SILENT","items_purchased":["Kunai","Art of War","Swift Potion","Mayhem","AttackPotion","Terror"],"campfire_rested":2,"item_purchase_floors":[4,46,46,46,46,46],"current_hp_per_floor":[63,60,60,60,60,31,31,31,31,31,61,45,45,25,34,34,61,61,61,61,61,61,48,57,55,55,51,51,45,45,7,40,12,56,56,47,47,47,60,21,36,20,20,20,61,61,57,46,61,24],"gold":233,"neow_bonus":"BOSS_RELIC","is_daily":false,"chose_seed":false,"campfire_upgraded":5,"win_rate":0.0,"timestamp":1610786893,"path_taken":["M","M","?","$","?","E","M","R","T","?","R","E","M","E","R","BOSS","M","?","?","?","M","E","R","M","T","M","M","M","?","E","R","BOSS","M","?","?","?","M","E","R","M","T","?","?","$","?","M","R","BOSS"],"items_purchased_type":["Relic","Relic","Potion","Card","Potion","Card"],"build_version":"2020-12-22","purchased_purges":1,"victory":true,"max_hp_per_floor":[70,70,70,70,70,70,70,70,70,70,70,70,70,70,70,70,70,70,70,70,70,70,70,70,70,70,70,70,70,70,70,70,70,70,70,70,70,70,70,70,70,70,70,70,61,61,61,61,61,61],"relic_stats":{"Regal Pillow":0,"counters":[25,136],"Astrolabe":["Noxious Fumes","Escape Plan","Endless Agony"],"Eternal Feather":69,"Juzu Bracelet":2,"Cursed Key":2,"Mercury Hourglass":[200],"Nunchaku":[6],"Lizard Tail":0,"Dream Catcher":0,"Art of War":[7],"Kunai":[25],"obtain_stats":[{"Potion Belt":6,"Regal Pillow":43,"Astrolabe":0,"Eternal Feather":9,"Juzu Bracelet":23,"Bottled Tornado":14,"Cursed Key":17,"Ancient Tea Set":26,"Akabeko":12,"Mercury Hourglass":31,"Calling Bell":34,"Du-Vu Doll":47,"Anchor":10,"Nunchaku":34,"Lizard Tail":34,"Dream Catcher":43,"Matryoshka":34,"Art of War":46,"Kunai":4,"Bottled Lightning":40,"Ring of the Snake":0},{"Potion Belt":3,"Regal Pillow":22,"Astrolabe":0,"Eternal Feather":4,"Juzu Bracelet":12,"Bottled Tornado":7,"Cursed Key":8,"Ancient Tea Set":13,"Akabeko":5,"Mercury Hourglass":17,"Calling Bell":18,"Du-Vu Doll":23,"Anchor":4,"Nunchaku":18,"Lizard Tail":18,"Dream Catcher":22,"Matryoshka":18,"Art of War":22,"Kunai":2,"Bottled Lightning":21,"Ring of the Snake":0},{"Potion Belt":14,"Regal Pillow":109,"Astrolabe":0,"Eternal Feather":17,"Juzu Bracelet":54,"Bottled Tornado":32,"Cursed Key":37,"Ancient Tea Set":58,"Akabeko":24,"Mercury Hourglass":76,"Calling Bell":84,"Du-Vu Doll":116,"Anchor":17,"Nunchaku":84,"Lizard Tail":84,"Dream Catcher":109,"Matryoshka":84,"Art of War":109,"Kunai":9,"Bottled Lightning":102,"Ring of the Snake":0}]},"card_choices":[{"not_picked":["Backstab","Deflect"],"picked":"Bouncing Flask","floor":1.0},{"not_picked":["Flying Knee","Acrobatics"],"picked":"Backflip","floor":2.0},{"not_picked":["Dodge and Roll","Dagger Spray"],"picked":"Glass Knife","floor":6.0},{"not_picked":["Noxious Fumes","Escape Plan"],"picked":"Catalyst","floor":7.0},{"not_picked":["Dagger Spray","Slice","Setup"],"picked":"SKIP","floor":12.0},{"not_picked":["Blur","Outmaneuver"],"picked":"Bane","floor":13.0},{"not_picked":["Backflip","Doppelganger","Endless Agony"],"picked":"SKIP","floor":14.0},{"not_picked":["Tools of the Trade","Corpse Explosion"],"picked":"Burst","floor":16.0},{"not_picked":["Distraction","Underhanded Strike+1","Dodge and Roll"],"picked":"SKIP","floor":18.0},{"not_picked":["Blur","Quick Slash"],"picked":"Deflect","floor":20.0},{"not_picked":["Bane","Flying Knee","Infinite Blades"],"picked":"SKIP","floor":22.0},{"not_picked":["Cloak And Dagger","A Thousand Cuts","Prepared"],"picked":"SKIP","floor":23.0},{"not_picked":["Deflect","Choke","Outmaneuver+1"],"picked":"SKIP","floor":25.0},{"not_picked":["Bouncing Flask+1","Quick Slash+1"],"picked":"Acrobatics+1","floor":27.0},{"not_picked":["Deflect","Reflex","Cloak And Dagger"],"picked":"SKIP","floor":28.0},{"not_picked":["Cloak And Dagger","Flying Knee","Accuracy"],"picked":"SKIP","floor":29.0},{"not_picked":["Glass Knife","Tactician","Flying Knee"],"picked":"SKIP","floor":31.0},{"not_picked":["Bullet Time","Glass Knife"],"picked":"Venomology","floor":33.0},{"not_picked":["Flying Knee","Tactician"],"picked":"Blur","floor":35.0},{"not_picked":["Outmaneuver","Dagger Spray+1","Concentrate+1"],"picked":"SKIP","floor":39},{"not_picked":["Acrobatics+1","Blur"],"picked":"Footwork","floor":40},{"not_picked":["Dagger Throw","Bane"],"picked":"Adrenaline","floor":42},{"not_picked":["Dagger Throw","Setup","Eviscerate"],"picked":"SKIP","floor":48}],"player_experience":1069538,"relics_obtained":[{"floor":6.0,"key":"Potion Belt"},{"floor":9.0,"key":"Eternal Feather"},{"floor":10.0,"key":"Anchor"},{"floor":12.0,"key":"Akabeko"},{"floor":14.0,"key":"Bottled Tornado"},{"floor":23.0,"key":"Juzu Bracelet"},{"floor":26.0,"key":"Ancient Tea Set"},{"floor":31.0,"key":"Mercury Hourglass"},{"floor":34.0,"key":"Nunchaku"},{"floor":34.0,"key":"Matryoshka"},{"floor":34.0,"key":"Lizard Tail"},{"floor":40,"key":"Bottled Lightning"},{"floor":43,"key":"Dream Catcher"},{"floor":43,"key":"Regal Pillow"},{"floor":47,"key":"Du-Vu Doll"}],"event_choices":[{"damage_healed":0.0,"max_hp_gain":0.0,"max_hp_loss":0.0,"gold_gain":175.0,"event_name":"Liars Game","player_choice":"AGREE","floor":3.0,"gold_loss":0.0,"damage_taken":0.0,"cards_obtained":["Doubt"]},{"cards_removed":["Doubt"],"damage_healed":0.0,"max_hp_gain":0.0,"max_hp_loss":0.0,"gold_gain":0.0,"event_name":"The Cleric","player_choice":"Card Removal","floor":5.0,"gold_loss":50.0,"damage_taken":0.0},{"cards_removed":["Strike_G"],"damage_healed":0.0,"max_hp_gain":0.0,"max_hp_loss":0.0,"gold_gain":0.0,"event_name":"Bonfire Elementals","player_choice":"Offered Basic","floor":19.0,"gold_loss":0.0,"damage_taken":0.0},{"damage_healed":0.0,"max_hp_gain":0.0,"max_hp_loss":0.0,"gold_gain":0.0,"event_name":"Back to Basics","player_choice":"Simplicity","floor":21.0,"gold_loss":0.0,"damage_taken":0.0,"cards_upgraded":["Strike_G","Strike_G","Defend_G","Defend_G","Defend_G","Defend_G"]},{"damage_healed":0.0,"max_hp_gain":0.0,"max_hp_loss":0.0,"gold_gain":0.0,"event_name":"Match and Keep!","player_choice":"1 cards matched","floor":30.0,"gold_loss":0.0,"damage_taken":0.0,"cards_obtained":["Phantasmal Killer"]},{"damage_healed":0.0,"max_hp_gain":0.0,"max_hp_loss":0.0,"gold_gain":0.0,"event_name":"Winding Halls","player_choice":"Embrace Madness","floor":36.0,"gold_loss":0.0,"damage_taken":9.0,"cards_obtained":["Madness","Madness"]},{"damage_healed":0,"gold_gain":0,"player_choice":"Ignored","damage_taken":0,"max_hp_gain":0,"max_hp_loss":0,"event_name":"Mysterious Sphere","floor":37,"gold_loss":0},{"cards_removed":["Strike_G"],"damage_healed":0,"gold_gain":0,"player_choice":"Removed Attack","damage_taken":0,"max_hp_gain":0,"max_hp_loss":0,"event_name":"Falling","floor":38,"gold_loss":0},{"damage_healed":0,"gold_gain":0,"player_choice":"Ignored","damage_taken":0,"max_hp_gain":0,"max_hp_loss":0,"event_name":"Tomb of Lord Red Mask","floor":44,"gold_loss":0},{"damage_healed":61,"gold_gain":0,"player_choice":"Heal","damage_taken":0,"max_hp_gain":0,"max_hp_loss":9,"event_name":"The Moai Head","floor":45,"gold_loss":0},{"damage_healed":0,"gold_gain":0,"player_choice":"Fight","damage_taken":0,"max_hp_gain":0,"max_hp_loss":0,"event_name":"MindBloom","floor":47,"gold_loss":0}],"is_beta":false,"boss_relics":[{"not_picked":["Busted Crown","Philosopher\u0027s Stone"],"picked":"Cursed Key"},{"not_picked":["Black Star","Empty Cage"],"picked":"Calling Bell"}],"items_purged_floors":[46],"is_endless":false,"potions_floor_spawned":[1,2,13,14,22,23,27,31,33,39,42,48],"ascension_level":12}}