{"host":"359hz4210ybch7ku","time":1610771825,"event":{"mods":["BaseMod","Block Reminder","Colored Map","Colored Powertips","Highlight Path","Minty Spire (QoL Compilation)","Slay the Relics Exporter","StSLib"],"gold_per_floor":[367,377,389,9,27,27,62,12,38,48,112,123,157,173,173,277,277,294,313,313,327,20,20,48,48,48,48,48,48,48,101,101,101,101],"floor_reached":33,"language":"ENG","playtime":2605,"items_purged":["Decay"],"score":383,"play_id":"04139736-1da9-426c-9716-a2bf7fe91e15","local_time":"20210115203705","is_ascension_mode":true,"campfire_choices":[{"data":"Eruption","floor":6,"key":"SMITH"},{"floor":15,"key":"REST"},{"data":"Establishment","floor":23,"key":"SMITH"},{"floor":25,"key":"REST"},{"data":"TalkToTheHand","floor":27,"key":"SMITH"},{"data":"Adaptation","floor":29,"key":"SMITH"},{"floor":32,"key":"REST"}],"circlet_count":0,"master_deck":["Defend_P","Defend_P","Eruption+1","Vigilance","ClearTheMind","Halt","TalkToTheHand+1","Sanctity","Prostrate","Adaptation+1","FlurryOfBlows","Crescendo","EmptyFist","BowlingBash","FlurryOfBlows","FollowUp","TalkToTheHand+1","Bite","Bite","Bite","Bite","Bite","Omniscience","ClearTheMind"],"relics":["PureWater","Akabeko","Bag of Marbles","Happy Flower","Centennial Puzzle","Tiny Chest","Empty Cage","Nilry\u0027s Codex","FossilizedHelix","Pen Nib","HornCleat","Dream Catcher"],"acts_visited":["Exordium","TheCity"],"potions_floor_usage":[7,7,11,13,16,16,19,24,24],"damage_taken":[{"damage":13,"enemies":"Small Slimes","floor":1,"turns":6},{"damage":9,"enemies":"Jaw Worm","floor":2,"turns":3},{"damage":0,"enemies":"Cultist","floor":3,"turns":3},{"damage":8,"enemies":"Looter","floor":5,"turns":4},{"damage":14,"enemies":"3 Sentries","floor":7,"turns":10},{"damage":3,"enemies":"Blue Slaver","floor":10,"turns":4},{"damage":0,"enemies":"Gremlin Nob","floor":11,"turns":3},{"damage":1,"enemies":"Large Slime","floor":12,"turns":2},{"damage":1,"enemies":"Lagavulin","floor":13,"turns":3},{"damage":2,"enemies":"Exordium Thugs","floor":14,"turns":3},{"damage":19,"enemies":"The Guardian","floor":16,"turns":11},{"damage":5,"enemies":"2 Thieves","floor":18,"turns":2},{"damage":0,"enemies":"Shell Parasite","floor":19,"turns":2},{"damage":0,"enemies":"Centurion and Healer","floor":21,"turns":3},{"damage":28,"enemies":"Slavers","floor":24,"turns":5},{"damage":101,"enemies":"Champ","floor":33,"turns":11}],"seed_played":"-4489370769042030432","potions_obtained":[{"floor":2,"key":"Weak Potion"},{"floor":3,"key":"Swift Potion"},{"floor":5,"key":"SpeedPotion"},{"floor":10,"key":"GamblersBrew"},{"floor":14,"key":"AttackPotion"},{"floor":16,"key":"Energy Potion"},{"floor":18,"key":"AttackPotion"},{"floor":21,"key":"LiquidBronze"}],"is_trial":false,"path_per_floor":["M","M","M","$","M","R","E","$","T","M","?","M","E","M","R","B",null,"M","M","?","M","$","R","E","R","T","R","?","R","?","T","R","B"],"character_chosen":"WATCHER","items_purchased":["Akabeko","TalkToTheHand","Sanctity","Block Potion","FossilizedHelix"],"campfire_rested":3,"item_purchase_floors":[4,4,4,8,22],"current_hp_per_floor":[52,43,43,43,35,35,21,21,21,18,18,17,16,14,35,16,58,53,53,37,37,37,37,9,30,30,30,30,30,30,30,45,0,0],"gold":101,"neow_bonus":"TWO_FIFTY_GOLD","is_daily":false,"chose_seed":false,"campfire_upgraded":4,"win_rate":0.0,"timestamp":1610771825,"path_taken":["M","M","M","$","M","R","E","$","T","M","?","M","E","M","R","BOSS","M","M","?","M","$","R","E","R","T","R","?","R","?","?","R","BOSS"],"items_purchased_type":["Relic","Card","Card","Potion","Relic"],"build_version":"2020-12-22","purchased_purges":1,"victory":false,"max_hp_per_floor":[72,72,72,72,72,72,72,72,72,72,72,72,72,72,72,72,72,72,72,72,72,72,72,72,72,72,72,50,50,50,50,50,50,50],"card_choices":[{"not_picked":["EmptyBody","WheelKick"],"picked":"ClearTheMind","floor":1},{"not_picked":["Perseverance","ThirdEye"],"picked":"Halt","floor":2},{"not_picked":["WindmillStrike","SashWhip","Protect"],"picked":"SKIP","floor":3},{"not_picked":["Crescendo","EmptyBody"],"picked":"Prostrate","floor":5},{"not_picked":["Protect","Judgement"],"picked":"Adaptation","floor":7},{"not_picked":["WindmillStrike","FlyingSleeves"],"picked":"FlurryOfBlows","floor":10},{"not_picked":["Adaptation","ThirdEye"],"picked":"Crescendo","floor":11},{"not_picked":["FlyingSleeves","Protect","ThirdEye"],"picked":"SKIP","floor":12},{"not_picked":["WreathOfFlame","Worship"],"picked":"EmptyFist","floor":13},{"not_picked":["Vengeance","SashWhip"],"picked":"BowlingBash","floor":14},{"not_picked":["DevaForm","ConjureBlade"],"picked":"Establishment","floor":16},{"not_picked":["CutThroughFate","Crescendo"],"picked":"FlurryOfBlows","floor":18},{"not_picked":["Wallop+1","Indignation"],"picked":"FollowUp","floor":19},{"not_picked":["Evaluate+1","Worship+1","Nirvana"],"picked":"SKIP","floor":21},{"not_picked":["WreathOfFlame","Perseverance"],"picked":"TalkToTheHand+1","floor":24},{"not_picked":["PathToVictory","ThirdEye"],"picked":"ClearTheMind","floor":32}],"player_experience":218905,"relics_obtained":[{"floor":7,"key":"Bag of Marbles"},{"floor":9,"key":"Happy Flower"},{"floor":13,"key":"Tiny Chest"},{"floor":20,"key":"Nilry\u0027s Codex"},{"floor":24,"key":"Pen Nib"},{"floor":26,"key":"HornCleat"},{"floor":31,"key":"Dream Catcher"}],"event_choices":[{"damage_healed":0,"gold_gain":0,"player_choice":"Searched \u00273\u0027 times","damage_taken":0,"relics_obtained":["Centennial Puzzle"],"max_hp_gain":0,"max_hp_loss":0,"event_name":"Dead Adventurer","floor":11,"gold_loss":0},{"damage_healed":0,"gold_gain":0,"player_choice":"Obtained Book","damage_taken":16,"max_hp_gain":0,"max_hp_loss":0,"event_name":"Cursed Tome","floor":20,"gold_loss":0},{"damage_healed":0,"gold_gain":0,"player_choice":"Became a vampire","damage_taken":0,"max_hp_gain":0,"max_hp_loss":22,"event_name":"Vampires","floor":28,"gold_loss":0,"cards_obtained":["Bite","Bite","Bite","Bite","Bite"]},{"damage_healed":0,"gold_gain":0,"cards_transformed":["Establishment"],"player_choice":"Transformed","damage_taken":0,"max_hp_gain":0,"max_hp_loss":0,"event_name":"Transmorgrifier","floor":30,"gold_loss":0,"cards_obtained":["Omniscience"]}],"is_beta":false,"boss_relics":[{"not_picked":["Calling Bell","Ectoplasm"],"picked":"Empty Cage"}],"items_purged_floors":[4],"is_endless":false,"potions_floor_spawned":[2,3,5,10,14,16,18,21],"killed_by":"Champ","ascension_level":6}}