{"host":"isy2gwbfe91wqj1j","time":1610756539,"event":{"mods":["AchievementEnabler","BaseMod","Better Altar","Better Match","Better Note","Better Sensory Stone","Better Skull","Better Third Choice","BetterRewards","Minty Spire (QoL Compilation)","StSLib"],"gold_per_floor":[114,114,43,61,78,78,92,92,163,192,164,182,182,195,195,294,294,306,306,88,98,98,98,98,98,98,111,123,134,149,161,161,262,262,276,276,296,313,187,187,187,187,235,36,48,59,74,74,74,74],"floor_reached":51,"language":"ENG","playtime":2615,"items_purged":["Strike_B","Strike_B"],"score":708,"play_id":"3fc5ab0d-f860-4a93-9817-731f8010301b","local_time":"20210115172219","is_ascension_mode":true,"campfire_choices":[{"data":"Defragment","floor":6,"key":"SMITH"},{"data":"Blizzard","floor":8,"key":"SMITH"},{"floor":13,"key":"REST"},{"data":"Coolheaded","floor":15,"key":"SMITH"},{"floor":23,"key":"REST"},{"floor":25,"key":"REST"},{"floor":32,"key":"DIG"},{"data":"Echo Form","floor":40,"key":"SMITH"},{"data":"Buffer","floor":42,"key":"SMITH"},{"floor":49,"key":"DIG"}],"circlet_count":0,"master_deck":["Defend_B","Defend_B","Defend_B","Defend_B","Zap","Dualcast","Coolheaded+1","Defragment+1","Capacitor","Blizzard+1","Loop","Reinforced Body","Cold Snap+1","Blizzard+1","Self Repair","Defragment+1","Conserve Battery","Cold Snap+1","Cold Snap","Echo Form+1","BootSequence+1","Buffer+1","Coolheaded+1"],"relics":["Cracked Core","Oddly Smooth Stone","Prayer Wheel","Shovel","Pantograph","Pen Nib","Sozu","Membership Card","Bloody Idol","Darkstone Periapt","Bottled Lightning","Empty Cage","Dream Catcher","Anchor","Singing Bowl","Bronze Scales"],"acts_visited":["Exordium","TheCity","TheBeyond"],"potions_floor_usage":[10,12,16],"damage_taken":[{"damage":0,"enemies":"Small Slimes","floor":1,"turns":4},{"damage":0,"enemies":"Cultist","floor":4,"turns":4},{"damage":0,"enemies":"Jaw Worm","floor":5,"turns":6},{"damage":3,"enemies":"Large Slime","floor":7,"turns":7},{"damage":44,"enemies":"Gremlin Nob","floor":10,"turns":5},{"damage":2,"enemies":"Exordium Thugs","floor":12,"turns":6},{"damage":0,"enemies":"Blue Slaver","floor":14,"turns":5},{"damage":36,"enemies":"Hexaghost","floor":16,"turns":13},{"damage":18,"enemies":"3 Byrds","floor":18,"turns":8},{"damage":8,"enemies":"Spheric Guardian","floor":21,"turns":4},{"damage":10,"enemies":"Snake Plant","floor":27,"turns":5},{"damage":16,"enemies":"Sentry and Sphere","floor":28,"turns":8},{"damage":31,"enemies":"Cultist and Chosen","floor":29,"turns":7},{"damage":6,"enemies":"Centurion and Healer","floor":30,"turns":8},{"damage":15,"enemies":"Chosen and Byrds","floor":31,"turns":6},{"damage":15,"enemies":"Automaton","floor":33,"turns":12},{"damage":13,"enemies":"3 Shapes","floor":35,"turns":8},{"damage":9,"enemies":"Orb Walker","floor":37,"turns":6},{"damage":0,"enemies":"Maw","floor":38,"turns":9},{"damage":16,"enemies":"Jaw Worm Horde","floor":45,"turns":6},{"damage":3,"enemies":"Writhing Mass","floor":46,"turns":8},{"damage":5,"enemies":"Sphere and 2 Shapes","floor":47,"turns":7},{"damage":18,"enemies":"Time Eater","floor":50,"turns":15}],"seed_played":"2185205964327851585","potions_obtained":[{"floor":1,"key":"BlessingOfTheForge"},{"floor":5,"key":"SkillPotion"},{"floor":7,"key":"Dexterity Potion"}],"is_trial":false,"path_per_floor":["M","?","$","M","M","R","M","R","T","E","?","M","R","M","R","B",null,"M","?","$","M","?","R","?","R","T","M","M","M","M","M","R","B",null,"M","?","M","M","$","R","?","R","T","$","M","M","M","?","R","B",null],"character_chosen":"DEFECT","items_purchased":["Coolheaded","Oddly Smooth Stone","Defragment","Blizzard","Membership Card","Buffer","Anchor","Singing Bowl"],"campfire_rested":3,"item_purchase_floors":[0,0,0,3,20,39,44,44],"current_hp_per_floor":[75,80,80,80,80,80,77,77,77,33,33,31,55,55,55,44,80,62,66,66,58,18,42,42,66,66,68,64,45,51,48,48,70,80,79,80,80,80,80,80,80,80,80,80,73,86,92,92,92,81],"gold":74,"neow_bonus":"","is_daily":false,"chose_seed":false,"campfire_upgraded":5,"win_rate":0.0,"timestamp":1610756539,"path_taken":["M","?","$","M","M","R","M","R","T","E","?","M","R","M","R","BOSS","M","?","$","?","?","R","?","R","T","?","M","M","M","M","R","BOSS","M","?","?","M","?","R","?","R","T","$","M","M","M","?","R","BOSS"],"items_purchased_type":["Card","Relic","Card","Card","Relic","Card","Relic","Relic"],"build_version":"2020-12-22","purchased_purges":2,"victory":true,"max_hp_per_floor":[75,80,80,80,80,80,80,80,80,80,80,80,80,80,80,80,80,80,80,80,80,80,80,80,80,80,80,80,80,80,80,80,80,80,80,80,80,80,80,80,80,80,80,80,84,88,92,92,92,92],"card_choices":[{"not_picked":["Go for the Eyes","Rebound"],"picked":"Capacitor","floor":1},{"not_picked":["Heatsinks","Force Field","Steam"],"picked":"SKIP","floor":1},{"not_picked":["Rebound","Turbo","Doom and Gloom"],"picked":"SKIP","floor":4},{"not_picked":["Ball Lightning","Fission","Blizzard"],"picked":"SKIP","floor":4},{"not_picked":["Undo","Tempest"],"picked":"Loop","floor":5},{"not_picked":["Doom and Gloom","Stack","Go for the Eyes"],"picked":"SKIP","floor":5},{"not_picked":["Beam Cell","Auto Shields","Redo"],"picked":"SKIP","floor":7},{"not_picked":["Go for the Eyes","Beam Cell","Turbo"],"picked":"SKIP","floor":7},{"not_picked":["Rebound","Fusion","Leap"],"picked":"SKIP","floor":10},{"not_picked":["Go for the Eyes","Aggregate"],"picked":"Reinforced Body","floor":12},{"not_picked":["Hyperbeam","Hello World","Gash"],"picked":"SKIP","floor":12},{"not_picked":["Compile Driver","Lockon","Gash"],"picked":"SKIP","floor":14},{"not_picked":["Go for the Eyes","Lockon","Redo"],"picked":"SKIP","floor":14},{"not_picked":["Tempest+1","Gash+1"],"picked":"Cold Snap+1","floor":18},{"not_picked":["Auto Shields","Go for the Eyes"],"picked":"Blizzard+1","floor":18},{"not_picked":["Turbo","Blizzard"],"picked":"Self Repair","floor":21},{"not_picked":["Go for the Eyes","Darkness","Consume"],"picked":"SKIP","floor":21},{"not_picked":["Steam","Chaos","Thunder Strike"],"picked":"SKIP","floor":27},{"not_picked":["Beam Cell","Turbo+1","Stack"],"picked":"SKIP","floor":27},{"not_picked":["Force Field","Beam Cell+1"],"picked":"Conserve Battery","floor":28},{"not_picked":["Leap","Hello World+1"],"picked":"Cold Snap+1","floor":28},{"not_picked":["Blizzard","Stack"],"picked":"Cold Snap","floor":29},{"not_picked":["Thunder Strike","Tempest+1","White Noise+1"],"picked":"SKIP","floor":29},{"not_picked":["Sweeping Beam","Hologram","Compile Driver"],"picked":"SKIP","floor":30},{"not_picked":["Gash","Loop+1","Aggregate+1"],"picked":"SKIP","floor":30},{"not_picked":["Leap","Reprogram","Compile Driver"],"picked":"SKIP","floor":31},{"not_picked":["Steam Power","Consume","Sweeping Beam"],"picked":"SKIP","floor":31},{"not_picked":["Buffer","Multi-Cast"],"picked":"Echo Form","floor":33},{"not_picked":["Conserve Battery","Blizzard","Hello World+1"],"picked":"SKIP","floor":35},{"not_picked":["Ball Lightning+1","Stack","Beam Cell+1"],"picked":"SKIP","floor":35},{"not_picked":["Scrape+1","Compile Driver"],"picked":"BootSequence+1","floor":37},{"not_picked":["Double Energy+1","Beam Cell","Capacitor"],"picked":"SKIP","floor":37},{"not_picked":["Beam Cell+1","Defragment","Doom and Gloom"],"picked":"SKIP","floor":38},{"not_picked":["Redo","Cold Snap+1","Conserve Battery+1"],"picked":"SKIP","floor":38},{"not_picked":["Redo+1","Turbo","Static Discharge+1"],"picked":"Singing Bowl","floor":45},{"not_picked":["Melter","Tempest+1","Compile Driver+1"],"picked":"Singing Bowl","floor":45},{"not_picked":["Compile Driver+1","Barrage+1","Echo Form"],"picked":"Singing Bowl","floor":46},{"not_picked":["Leap+1","Cold Snap","Compile Driver"],"picked":"Singing Bowl","floor":46},{"not_picked":["Genetic Algorithm","Hologram+1","Chaos+1"],"picked":"Singing Bowl","floor":47},{"not_picked":["Double Energy+1","Gash","Conserve Battery"],"picked":"Singing Bowl","floor":47}],"player_experience":166745,"relics_obtained":[{"floor":9,"key":"Pantograph"},{"floor":10,"key":"Pen Nib"},{"floor":26,"key":"Darkstone Periapt"},{"floor":32,"key":"Bottled Lightning"},{"floor":43,"key":"Dream Catcher"},{"floor":49,"key":"Bronze Scales"}],"event_choices":[{"damage_healed":0,"gold_gain":0,"player_choice":"Donut","damage_taken":0,"max_hp_gain":5,"max_hp_loss":0,"event_name":"Big Fish","floor":2,"gold_loss":0},{"damage_healed":0,"gold_gain":0,"player_choice":"Left","damage_taken":0,"max_hp_gain":0,"max_hp_loss":0,"event_name":"betterThird:BetterGoop","floor":11,"gold_loss":28},{"damage_healed":4,"gold_gain":0,"player_choice":"LEAVE ","damage_taken":0,"relics_obtained":[],"max_hp_gain":0,"max_hp_loss":0,"event_name":"betterSkull:BetterSkull","floor":19,"gold_loss":0,"cards_upgraded":[]},{"damage_healed":0,"gold_gain":0,"player_choice":" Idol ","damage_taken":40,"relics_obtained":["Bloody Idol"],"max_hp_gain":58,"max_hp_loss":18,"event_name":"betterAltar:BetterAltar","floor":22,"potions_obtained":[],"relics_lost":[],"gold_loss":0},{"damage_healed":0,"gold_gain":0,"player_choice":"Copied","damage_taken":0,"max_hp_gain":0,"max_hp_loss":0,"event_name":"Duplicator","floor":24,"gold_loss":0,"cards_obtained":["Defragment"]},{"damage_healed":4,"gold_gain":0,"player_choice":"LEAVE ","damage_taken":0,"relics_obtained":[],"max_hp_gain":0,"max_hp_loss":0,"event_name":"betterSkull:BetterSkull","floor":36,"gold_loss":0,"cards_upgraded":[]},{"damage_healed":0,"gold_gain":0,"player_choice":"Ignored","damage_taken":0,"max_hp_gain":0,"max_hp_loss":0,"event_name":"Mysterious Sphere","floor":41,"gold_loss":0},{"damage_healed":0,"gold_gain":3,"player_choice":"4","damage_taken":0,"max_hp_gain":0,"max_hp_loss":0,"event_name":"betterStone:BetterStone","floor":48,"gold_loss":0,"cards_obtained":["Coolheaded"]}],"is_beta":false,"boss_relics":[{"not_picked":["Runic Dome","Velvet Choker"],"picked":"Sozu"},{"not_picked":["Philosopher\u0027s Stone","Nuclear Battery"],"picked":"Empty Cage"}],"items_purged_floors":[20,39],"is_endless":false,"potions_floor_spawned":[1,5,7,18,21,29,30,35,38,47],"ascension_level":1}}