{"host":"a7ive3y9k7sy3f3w","time":1610830923,"event":{"mods":["2.2 Compatiblity","AchievementEnabler","BaseMod","Colored Map","DeckTracker","Highlight Path","Minty Spire (QoL Compilation)","Random Character Button","Rare Cards Sparkle"],"gold_per_floor":[110,110,124,124,199,211,55,65,91,91,91,120,120,120,120,222,222,242,242,242,242,252,252,252,10,10,23,40,40,52,2,2,97,97,107,107,119,119,119],"floor_reached":38,"language":"POL","playtime":1864,"items_purged":[],"score":374,"play_id":"c3e8296c-361e-41fd-bceb-1fa4a370714c","local_time":"20210116220203","is_ascension_mode":false,"campfire_choices":[{"data":"Iron Wave","floor":11,"key":"SMITH"},{"data":"Spot Weakness","floor":13,"key":"SMITH"},{"data":"Armaments","floor":15,"key":"SMITH"},{"floor":23,"key":"REST"},{"floor":29,"key":"REST"},{"floor":32,"key":"REST"}],"circlet_count":0,"master_deck":["Strike_R+1","Strike_R+1","Strike_R+1","Strike_R+1","Defend_R+1","Defend_R+1","Defend_R+1","Defend_R+1","Bash","Twin Strike+1","Iron Wave+1","Twin Strike+1","Armaments+1","Spot Weakness+1","Juggernaut","Anger+1","RitualDagger","Sentinel+1","Cleave","Seeing Red","Anger","Limit Break","Clothesline","Cleave+1"],"relics":["Burning Blood","PreservedInsect","Whetstone","Boot","Fusion Hammer","White Beast Statue","Shuriken","SacredBark"],"acts_visited":["Exordium","TheCity","TheBeyond"],"potions_floor_usage":[10,16,18,33,33,33,37,37,38],"damage_taken":[{"damage":0,"enemies":"Small Slimes","floor":1,"turns":3},{"damage":8,"enemies":"Jaw Worm","floor":3,"turns":5},{"damage":0,"enemies":"Cultist","floor":6,"turns":3},{"damage":2,"enemies":"3 Louse","floor":8,"turns":4},{"damage":0,"enemies":"Large Slime","floor":10,"turns":1},{"damage":27,"enemies":"Lagavulin","floor":12,"turns":6},{"damage":2,"enemies":"Slime Boss","floor":16,"turns":8},{"damage":12,"enemies":"Spheric Guardian","floor":18,"turns":4},{"damage":25,"enemies":"2 Thieves","floor":22,"turns":4},{"damage":29,"enemies":"Snake Plant","floor":27,"turns":4},{"damage":8,"enemies":"Centurion and Healer","floor":28,"turns":6},{"damage":20,"enemies":"3 Cultists","floor":30,"turns":5},{"damage":57,"enemies":"Champ","floor":33,"turns":9},{"damage":49,"enemies":"3 Darklings","floor":35,"turns":6},{"damage":32,"enemies":"3 Shapes","floor":37,"turns":3},{"damage":44,"enemies":"Writhing Mass","floor":38,"turns":5}],"seed_played":"5492096640204207580","potions_obtained":[{"floor":6,"key":"SmokeBomb"},{"floor":12,"key":"SneckoOil"},{"floor":16,"key":"Block Potion"},{"floor":27,"key":"CultistPotion"},{"floor":28,"key":"Swift Potion"},{"floor":30,"key":"SmokeBomb"},{"floor":33,"key":"Regen Potion"},{"floor":35,"key":"Explosive Potion"},{"floor":37,"key":"Block Potion"}],"is_trial":false,"path_per_floor":["M","?","M","?","?","M","$","M","T","M","R","E","R","?","R","B",null,"M","?","?","?","M","R","?","$","T","M","M","R","M","$","R","B",null,"M","?","M","M"],"character_chosen":"IRONCLAD","items_purchased":["PreservedInsect","White Beast Statue","BloodPotion"],"campfire_rested":3,"item_purchase_floors":[7,25,31],"current_hp_per_floor":[88,88,86,86,75,81,81,85,85,88,88,67,67,67,67,71,88,82,65,65,59,40,67,67,67,67,44,42,69,55,55,82,49,93,50,50,43,0,0],"gold":119,"neow_bonus":"TEN_PERCENT_HP_BONUS","is_daily":false,"chose_seed":false,"campfire_upgraded":3,"win_rate":0.0,"timestamp":1610830923,"path_taken":["M","?","M","?","?","M","?","?","T","M","R","E","R","?","R","BOSS","M","?","?","?","M","R","?","$","T","?","M","R","M","$","R","BOSS","M","?","M","M"],"items_purchased_type":["Relic","Relic","Potion"],"build_version":"2020-12-22","purchased_purges":0,"victory":false,"max_hp_per_floor":[88,88,88,88,88,88,88,88,88,88,88,88,88,88,88,88,88,88,93,93,93,93,93,93,93,93,93,93,93,93,93,93,93,93,93,93,93,93,93],"card_choices":[{"not_picked":["Body Slam","Havoc"],"picked":"Twin Strike","floor":1},{"not_picked":["Evolve","Pommel Strike"],"picked":"Iron Wave","floor":3},{"not_picked":["Sever Soul","Pommel Strike"],"picked":"Twin Strike","floor":6},{"not_picked":["Feel No Pain","Clash"],"picked":"Armaments","floor":8},{"not_picked":["Perfected Strike","Ghostly Armor"],"picked":"Spot Weakness","floor":12},{"not_picked":["Impervious","Berserk"],"picked":"Juggernaut","floor":16},{"not_picked":["Second Wind+1","Armaments"],"picked":"Anger+1","floor":18},{"not_picked":["Entrench","Dark Embrace"],"picked":"Sentinel+1","floor":22},{"not_picked":["Body Slam","Warcry"],"picked":"Cleave","floor":27},{"not_picked":["Havoc","Combust"],"picked":"Seeing Red","floor":28},{"not_picked":["Dark Embrace+1","Twin Strike"],"picked":"Anger","floor":30},{"not_picked":["Bludgeon","Brutality"],"picked":"Limit Break","floor":33},{"not_picked":["Warcry","Twin Strike"],"picked":"Clothesline","floor":35},{"not_picked":["Twin Strike","Shrug It Off+1"],"picked":"Cleave+1","floor":37}],"player_experience":45736,"relics_obtained":[{"floor":9,"key":"Whetstone"},{"floor":12,"key":"Boot"},{"floor":26,"key":"Shuriken"}],"event_choices":[{"damage_healed":0,"gold_gain":0,"player_choice":"Grow","damage_taken":0,"max_hp_gain":0,"max_hp_loss":0,"event_name":"Living Wall","floor":2,"gold_loss":0,"cards_upgraded":["Twin Strike"]},{"damage_healed":0,"gold_gain":0,"player_choice":"Ignored","damage_taken":0,"max_hp_gain":0,"max_hp_loss":0,"event_name":"Golden Wing","floor":4,"gold_loss":0},{"damage_healed":0,"gold_gain":75,"player_choice":"Gather Gold","damage_taken":11,"max_hp_gain":0,"max_hp_loss":0,"event_name":"World of Goop","floor":5,"gold_loss":0},{"damage_healed":0,"gold_gain":0,"player_choice":"Ignored","damage_taken":0,"max_hp_gain":0,"max_hp_loss":0,"event_name":"Liars Game","floor":14,"gold_loss":0},{"damage_healed":0,"gold_gain":0,"player_choice":"Shed Blood","damage_taken":22,"max_hp_gain":5,"max_hp_loss":0,"event_name":"Forgotten Altar","floor":19,"gold_loss":0},{"damage_healed":0,"gold_gain":0,"player_choice":"Ignored","damage_taken":0,"max_hp_gain":0,"max_hp_loss":0,"event_name":"Vampires","floor":20,"gold_loss":0},{"damage_healed":0,"gold_gain":0,"player_choice":"Joined the Cult","damage_taken":6,"max_hp_gain":0,"max_hp_loss":0,"event_name":"Nest","floor":21,"gold_loss":0,"cards_obtained":["RitualDagger"]},{"damage_healed":0,"gold_gain":0,"player_choice":"Simplicity","damage_taken":0,"max_hp_gain":0,"max_hp_loss":0,"event_name":"Back to Basics","floor":24,"gold_loss":0,"cards_upgraded":["Strike_R","Strike_R","Strike_R","Strike_R","Defend_R","Defend_R","Defend_R","Defend_R"]},{"cards_removed":["Strike_R"],"damage_healed":0,"gold_gain":0,"player_choice":"Removed Attack","damage_taken":0,"max_hp_gain":0,"max_hp_loss":0,"event_name":"Falling","floor":36,"gold_loss":0}],"is_beta":false,"boss_relics":[{"not_picked":["Ectoplasm","Runic Dome"],"picked":"Fusion Hammer"},{"not_picked":["Cursed Key","Snecko Eye"],"picked":"SacredBark"}],"items_purged_floors":[],"is_endless":false,"potions_floor_spawned":[6,12,16,27,28,30,33,35,37],"killed_by":"Writhing Mass","ascension_level":0}}