{"host":"xh3brefae6wm9kl8","time":1610782774,"event":{"mods":["AchievementEnabler","BaseMod","GifTheSpireLib","Keyboard Shortcuts","Minty Spire (QoL Compilation)","Permanent Neow","Relic Stats","StSLib","SuperFastMode"],"gold_per_floor":[111,126,141,66,79,79,110,110,136,154,2,18,49,66,66,138,138,157,174,194,204,220,245,262,262,262,262,281,294,294,328,328,403,403,415,428,428,159,176,203,203,235,235,85,95,123,123,139,139,139],"floor_reached":51,"language":"KOR","playtime":2026,"items_purged":["Strike_B","Strike_B","Zap","Strike_B"],"score":1450,"play_id":"58905403-5660-42b1-b16f-5272d8adb4b3","local_time":"20210116163934","is_ascension_mode":true,"campfire_choices":[{"data":"Reinforced Body","floor":6.0,"key":"SMITH"},{"data":"Beam Cell","floor":8.0,"key":"SMITH"},{"data":"Hyperbeam","floor":15.0,"key":"SMITH"},{"floor":25.0,"key":"REST"},{"data":"Turbo","floor":30.0,"key":"SMITH"},{"data":"Hyperbeam","floor":32.0,"key":"SMITH"},{"data":"Dualcast","floor":41,"key":"PURGE"},{"data":"Strike_B","floor":47,"key":"PURGE"},{"data":"Cold Snap","floor":49,"key":"PURGE"}],"circlet_count":0,"master_deck":["AscendersBane","Defend_B","Defend_B","Defend_B","Defend_B","Hyperbeam+1","Compile Driver","Reinforced Body+1","Beam Cell+1","Hyperbeam+1","FTL","Conserve Battery","FTL","Go for the Eyes","Self Repair","Turbo+1","Meteor Strike","Hologram+1","Echo Form+1","BootSequence","Hyperbeam","Skim","Hologram","Reinforced Body"],"relics":["Cracked Core","Bag of Marbles","Blood Vial","Bronze Scales","Cursed Key","Question Card","Peace Pipe","Red Mask","Fusion Hammer","PreservedInsect","Anchor","Symbiotic Virus","Centennial Puzzle"],"acts_visited":["Exordium","TheCity","TheBeyond"],"potions_floor_usage":[45,46,50],"damage_taken":[{"damage":0.0,"enemies":"Cultist","floor":1.0,"turns":3.0},{"damage":7.0,"enemies":"Small Slimes","floor":2.0,"turns":2.0},{"damage":1.0,"enemies":"2 Louse","floor":3.0,"turns":2.0},{"damage":0.0,"enemies":"2 Fungi Beasts","floor":5.0,"turns":1.0},{"damage":5.0,"enemies":"Gremlin Nob","floor":7.0,"turns":3.0},{"damage":4.0,"enemies":"Exordium Thugs","floor":10.0,"turns":2.0},{"damage":5.0,"enemies":"Lots of Slimes","floor":12.0,"turns":3.0},{"damage":13.0,"enemies":"Lagavulin","floor":13.0,"turns":3.0},{"damage":0.0,"enemies":"Looter","floor":14.0,"turns":1.0},{"damage":0.0,"enemies":"Slime Boss","floor":16.0,"turns":2.0},{"damage":0.0,"enemies":"Chosen","floor":18.0,"turns":2.0},{"damage":4.0,"enemies":"Spheric Guardian","floor":19.0,"turns":3.0},{"damage":16.0,"enemies":"Snake Plant","floor":20.0,"turns":3.0},{"damage":0.0,"enemies":"Cultist and Chosen","floor":21.0,"turns":2.0},{"damage":14.0,"enemies":"3 Cultists","floor":22.0,"turns":3.0},{"damage":29.0,"enemies":"Book of Stabbing","floor":23.0,"turns":6.0},{"damage":31.0,"enemies":"Snecko","floor":24.0,"turns":4.0},{"damage":14.0,"enemies":"Sentry and Sphere","floor":28.0,"turns":4.0},{"damage":0.0,"enemies":"Cultist and Chosen","floor":29.0,"turns":3.0},{"damage":0.0,"enemies":"Masked Bandits","floor":31.0,"turns":1.0},{"damage":5.0,"enemies":"Automaton","floor":33.0,"turns":5.0},{"damage":5.0,"enemies":"3 Darklings","floor":35.0,"turns":3.0},{"damage":4.0,"enemies":"3 Shapes","floor":36.0,"turns":2.0},{"damage":6.0,"enemies":"Jaw Worm Horde","floor":39.0,"turns":3.0},{"damage":4,"enemies":"Giant Head","floor":40,"turns":5},{"damage":0,"enemies":"Nemesis","floor":42,"turns":3},{"damage":1,"enemies":"Maw","floor":45,"turns":5},{"damage":5,"enemies":"Giant Head","floor":46,"turns":5},{"damage":0,"enemies":"3 Darklings","floor":48,"turns":2},{"damage":51,"enemies":"Awakened One","floor":50,"turns":9}],"seed_played":"7783330656741578831","potions_obtained":[{"floor":2.0,"key":"SpeedPotion"},{"floor":3.0,"key":"SkillPotion"},{"floor":10.0,"key":"BlessingOfTheForge"},{"floor":14.0,"key":"DuplicationPotion"},{"floor":16.0,"key":"Regen Potion"},{"floor":20.0,"key":"SteroidPotion"},{"floor":23.0,"key":"ColorlessPotion"},{"floor":28.0,"key":"AttackPotion"},{"floor":29.0,"key":"DistilledChaos"},{"floor":33.0,"key":"AttackPotion"},{"floor":36.0,"key":"Block Potion"},{"floor":45,"key":"Block Potion"},{"floor":46,"key":"Energy Potion"},{"floor":48,"key":"Weak Potion"}],"is_trial":false,"path_per_floor":["M","M","M","$","M","R","E","R","T","M","$","M","E","M","R","B",null,"M","M","M","M","M","E","M","R","T","?","M","M","R","?","R","B",null,"M","M","?","$","M","E","R","E","T","$","M","E","R","M","R","B",null],"character_chosen":"DEFECT","items_purchased":["Conserve Battery","PreservedInsect"],"campfire_rested":1,"item_purchase_floors":[11,38],"current_hp_per_floor":[64,57,56,56,56,56,51,51,51,49,49,46,35,37,37,39,63,65,70,62,64,59,39,17,38,38,38,33,42,42,44,44,48,65,62,67,67,67,63,68,68,71,71,71,71,71,71,71,71,27],"gold":139,"neow_bonus":"ONE_RANDOM_RARE_CARD","is_daily":false,"chose_seed":false,"campfire_upgraded":5,"win_rate":0.0,"timestamp":1610782774,"path_taken":["M","M","M","?","M","R","E","R","T","M","$","?","E","M","R","BOSS","M","M","M","M","M","E","M","R","T","?","M","M","R","?","R","BOSS","M","M","?","$","M","E","R","E","T","?","M","E","R","M","R","BOSS"],"items_purchased_type":["Card","Relic"],"build_version":"2020-12-22","purchased_purges":4,"victory":true,"max_hp_per_floor":[71,71,71,71,71,71,71,71,71,71,71,71,71,71,71,71,71,71,71,71,71,71,71,71,71,71,71,71,71,71,71,71,71,71,71,71,71,71,71,71,71,71,71,71,71,71,71,71,71,71],"relic_stats":{"Blood Vial":41,"Peace Pipe":3,"Centennial Puzzle":[3],"counters":[30,95],"Bronze Scales":[217],"PreservedInsect":310,"Cursed Key":1,"Question Card":13,"obtain_stats":[{"PreservedInsect":38,"Cursed Key":17,"Question Card":23,"Blood Vial":9,"Peace Pipe":26,"Anchor":40,"Centennial Puzzle":46,"Bronze Scales":13,"Fusion Hammer":34,"Bag of Marbles":7,"Red Mask":31,"Cracked Core":0,"Symbiotic Virus":42},{"PreservedInsect":23,"Cursed Key":10,"Question Card":16,"Blood Vial":5,"Peace Pipe":17,"Anchor":25,"Centennial Puzzle":28,"Bronze Scales":8,"Fusion Hammer":21,"Bag of Marbles":5,"Red Mask":20,"Cracked Core":0,"Symbiotic Virus":26},{"PreservedInsect":63,"Cursed Key":22,"Question Card":41,"Blood Vial":11,"Peace Pipe":45,"Anchor":71,"Centennial Puzzle":84,"Bronze Scales":19,"Fusion Hammer":58,"Bag of Marbles":11,"Red Mask":53,"Cracked Core":0,"Symbiotic Virus":74}]},"card_choices":[{"not_picked":["Gash","Undo"],"picked":"Compile Driver","floor":1.0},{"not_picked":["Hologram","Sweeping Beam"],"picked":"Cold Snap","floor":2.0},{"not_picked":["Force Field","Turbo"],"picked":"Reinforced Body","floor":3.0},{"not_picked":["Rainbow","Rip and Tear"],"picked":"Beam Cell","floor":5.0},{"not_picked":["Undo","Go for the Eyes"],"picked":"Hyperbeam","floor":7.0},{"not_picked":["Streamline","Beam Cell"],"picked":"FTL","floor":10.0},{"not_picked":["Barrage","Hello World","Ball Lightning"],"picked":"SKIP","floor":12.0},{"not_picked":["Ball Lightning","Reinforced Body"],"picked":"FTL","floor":13.0},{"not_picked":["Conserve Battery","Leap"],"picked":"Go for the Eyes","floor":14.0},{"not_picked":["Coolheaded","Capacitor"],"picked":"Self Repair","floor":18.0},{"not_picked":["Stack","Reinforced Body","Cold Snap"],"picked":"SKIP","floor":19.0},{"not_picked":["Beam Cell","Conserve Battery","Gash"],"picked":"SKIP","floor":20.0},{"not_picked":["Conserve Battery+1","Hologram"],"picked":"Turbo","floor":21.0},{"not_picked":["Ball Lightning","Streamline","Stack"],"picked":"SKIP","floor":22.0},{"not_picked":["Chill","Fusion","FTL"],"picked":"SKIP","floor":23.0},{"not_picked":["Beam Cell+1","Steam","Rebound"],"picked":"Meteor Strike","floor":24.0},{"not_picked":["Barrage","Conserve Battery","Redo+1"],"picked":"Hologram+1","floor":28.0},{"not_picked":["Conserve Battery","Auto Shields","Cold Snap"],"picked":"Echo Form","floor":29.0},{"not_picked":["Stack","Coolheaded","Heatsinks"],"picked":"BootSequence","floor":31.0},{"not_picked":["Creative AI","Biased Cognition","Reboot"],"picked":"Hyperbeam","floor":33.0},{"not_picked":["Ball Lightning+1","Gash","Steam","Redo"],"picked":"SKIP","floor":35.0},{"not_picked":["Hologram","Leap+1","Doom and Gloom+1","Streamline"],"picked":"SKIP","floor":36.0},{"not_picked":["Turbo+1","Gash","Capacitor"],"picked":"Skim","floor":39.0},{"not_picked":["Compile Driver+1","Glacier","Rebound","Tempest"],"picked":"SKIP","floor":40},{"not_picked":["Storm","Machine Learning","Genetic Algorithm+1","Compile Driver"],"picked":"SKIP","floor":42},{"not_picked":["Hello World","Double Energy+1","Ball Lightning"],"picked":"Hologram","floor":45},{"not_picked":["Sunder","Auto Shields","Chaos","Steam Power+1"],"picked":"SKIP","floor":46},{"not_picked":["Recycle","Cold Snap","Steam"],"picked":"Reinforced Body","floor":48}],"player_experience":415069,"relics_obtained":[{"floor":7.0,"key":"Bag of Marbles"},{"floor":9.0,"key":"Blood Vial"},{"floor":13.0,"key":"Bronze Scales"},{"floor":23.0,"key":"Question Card"},{"floor":26.0,"key":"Peace Pipe"},{"floor":31.0,"key":"Red Mask"},{"floor":40,"key":"Anchor"},{"floor":42,"key":"Symbiotic Virus"},{"floor":46,"key":"Centennial Puzzle"}],"event_choices":[{"cards_removed":["Doubt"],"damage_healed":0.0,"max_hp_gain":0.0,"max_hp_loss":0.0,"gold_gain":0.0,"event_name":"Back to Basics","player_choice":"Elegance","floor":27.0,"gold_loss":0.0,"damage_taken":0.0},{"damage_healed":0.0,"max_hp_gain":0.0,"max_hp_loss":0.0,"gold_gain":0.0,"event_name":"Masked Bandits","player_choice":"Fought Bandits","floor":31.0,"gold_loss":0.0,"damage_taken":0.0},{"damage_healed":0.0,"max_hp_gain":0.0,"max_hp_loss":0.0,"gold_gain":0.0,"event_name":"Upgrade Shrine","player_choice":"Upgraded","floor":37.0,"gold_loss":0.0,"damage_taken":0.0,"cards_upgraded":["Echo Form"]}],"is_beta":false,"boss_relics":[{"not_picked":["Runic Dome","SacredBark"],"picked":"Cursed Key"},{"not_picked":["Coffee Dripper","Philosopher\u0027s Stone"],"picked":"Fusion Hammer"}],"items_purged_floors":[4,11,38,44],"is_endless":false,"potions_floor_spawned":[2,3,10,14,16,19,20,23,28,29,33,36,39,45,46,48],"ascension_level":15}}