{"host":"qm4rv4rkpk76sbxu","time":1610807862,"event":{"mods":["BaseMod","Bestiary","Block Reminder","DeckTracker","Filter the Spire","Keyboard Shortcuts","Minty Spire (QoL Compilation)","MonsterHotkey","Quick Restart","Relic Stats","Slay-I","StSLib","ojb\u0027s Better Paths Mod","ojb\u0027s Info Mod"],"gold_per_floor":[118,118,134,45,45,71,83,113,139,149,176,195,222,252,252,352,352,370,18,18,29,29,29,63,63,89,89,121,221,221,236,236,333,333,352,352,452,452,463,463,496,496,547,547,567,598,648,648,648,648,648,648,131,166,166],"floor_reached":56,"language":"ENG","playtime":2437,"items_purged":["Shame"],"score":1470,"play_id":"c4677b2c-cf9a-47ba-bc73-c0dc992aea94","local_time":"20210116153742","is_ascension_mode":true,"campfire_choices":[{"data":"Scrawl","floor":15,"key":"SMITH"},{"data":"WaveOfTheHand","floor":23,"key":"SMITH"},{"data":"Scrawl","floor":27,"key":"SMITH"},{"data":"Wallop","floor":30,"key":"SMITH"},{"data":"CrushJoints","floor":32,"key":"SMITH"},{"data":"Madness","floor":40,"key":"SMITH"},{"floor":44,"key":"RECALL"},{"floor":49,"key":"REST"},{"data":"Impatience","floor":52,"key":"SMITH"}],"circlet_count":0,"master_deck":["Strike_P+1","Strike_P+1","Strike_P+1","Strike_P+1","Defend_P+1","Defend_P","Defend_P+1","Eruption+1","Vigilance","Sanctity","BowlingBash+1","Flash of Steel+1","CutThroughFate","Scrawl+1","Tantrum+1","FearNoEvil","Scrawl+1","LessonLearned+1","DeusExMachina+1","WaveOfTheHand+1","Wallop+1","Meditate+1","CrushJoints+1","DeusExMachina+1","Wallop+1","Madness+1","Madness+1","MentalFortress+1","Wallop+1","WheelKick+1","Impatience+1","Trip+1","Good Instincts+1","MentalFortress","Fasting2","MentalFortress","WheelKick","LikeWater"],"relics":["PureWater","NeowsBlessing","Art of War","Regal Pillow","Juzu Bracelet","Bag of Preparation","Vajra","Ancient Tea Set","Odd Mushroom","SacredBark","Pen Nib","Prayer Wheel","Bronze Scales","Oddly Smooth Stone","Blood Vial","Lizard Tail","Pocketwatch","TeardropLocket","SlaversCollar","The Courier","Happy Flower","FossilizedHelix","ClockworkSouvenir","Whetstone"],"acts_visited":["Exordium","TheCity","TheBeyond","TheEnding"],"potions_floor_usage":[11,16,16,16,24,33,33,45,55,55,55],"damage_taken":[{"damage":0,"enemies":"Cultist","floor":1,"turns":1},{"damage":0,"enemies":"Small Slimes","floor":3,"turns":2},{"damage":0,"enemies":"Gremlin Nob","floor":6,"turns":1},{"damage":0,"enemies":"2 Louse","floor":7,"turns":2},{"damage":4,"enemies":"Lagavulin","floor":8,"turns":4},{"damage":1,"enemies":"Looter","floor":10,"turns":3},{"damage":22,"enemies":"3 Sentries","floor":11,"turns":4},{"damage":0,"enemies":"Blue Slaver","floor":12,"turns":1},{"damage":0,"enemies":"Lagavulin","floor":13,"turns":4},{"damage":0,"enemies":"The Mushroom Lair","floor":14,"turns":2},{"damage":18,"enemies":"The Guardian","floor":16,"turns":12},{"damage":0,"enemies":"Shell Parasite","floor":18,"turns":2},{"damage":0,"enemies":"3 Byrds","floor":21,"turns":4},{"damage":0,"enemies":"Slavers","floor":24,"turns":5},{"damage":8,"enemies":"Book of Stabbing","floor":28,"turns":3},{"damage":17,"enemies":"Colosseum Slavers","floor":29,"turns":3},{"damage":1,"enemies":"Colosseum Nobs","floor":29,"turns":2},{"damage":0,"enemies":"3 Cultists","floor":31,"turns":1},{"damage":26,"enemies":"Champ","floor":33,"turns":7},{"damage":0,"enemies":"Orb Walker","floor":35,"turns":1},{"damage":0,"enemies":"3 Shapes","floor":39,"turns":4},{"damage":30,"enemies":"Nemesis","floor":41,"turns":5},{"damage":0,"enemies":"3 Darklings","floor":45,"turns":4},{"damage":4,"enemies":"Giant Head","floor":46,"turns":5},{"damage":0,"enemies":"Mind Bloom Boss Battle","floor":47,"turns":2},{"damage":1,"enemies":"Awakened One","floor":50,"turns":6},{"damage":0,"enemies":"Shield and Spear","floor":54,"turns":2},{"damage":29,"enemies":"The Heart","floor":55,"turns":9}],"seed_played":"4605612209137455449","potions_obtained":[{"floor":1,"key":"SkillPotion"},{"floor":6,"key":"EssenceOfSteel"},{"floor":10,"key":"Weak Potion"},{"floor":13,"key":"Swift Potion"},{"floor":14,"key":"DistilledChaos"},{"floor":18,"key":"Ancient Potion"},{"floor":21,"key":"StancePotion"},{"floor":28,"key":"LiquidMemories"},{"floor":35,"key":"BottledMiracle"},{"floor":41,"key":"Block Potion"},{"floor":45,"key":"Strength Potion"}],"is_trial":false,"path_per_floor":["M","?","M","$","?","E","M","E","T","M","E","M","E","?","R","B",null,"M","$","?","M","?","R","E","?","T","R","E","?","R","M","R","B",null,"M","?","?","?","M","R","E","?","T","R","M","E","?","?","R","B",null,"R","$","E","B",null],"character_chosen":"WATCHER","items_purchased":["Flash of Steel","DeusExMachina","Pen Nib","WaveOfTheHand","BlessingOfTheForge","ClockworkSouvenir","MentalFortress","Fasting2","MentalFortress","WheelKick","LikeWater","DuplicationPotion"],"campfire_rested":1,"item_purchase_floors":[4,19,19,19,19,53,53,53,53,53,53,53],"current_hp_per_floor":[72,58,58,58,51,51,51,47,47,46,24,24,24,24,24,6,72,72,72,72,72,72,72,72,59,59,59,53,39,39,41,41,17,77,77,67,67,67,69,69,41,41,41,41,43,41,43,33,71,72,77,77,77,77,48],"gold":166,"neow_bonus":"THREE_ENEMY_KILL","is_daily":false,"chose_seed":false,"campfire_upgraded":7,"win_rate":0.0,"timestamp":1610807862,"path_taken":["M","?","M","$","?","E","M","E","T","M","E","M","E","?","R","BOSS","M","$","?","M","?","R","E","?","T","R","E","?","R","M","R","BOSS","M","?","?","?","M","R","E","?","T","R","M","E","?","?","R","BOSS","R","$","E","BOSS"],"items_purchased_type":["Card","Card","Relic","Card","Potion","Relic","Card","Card","Card","Card","Card","Potion"],"build_version":"2020-12-22","purchased_purges":1,"victory":true,"max_hp_per_floor":[72,72,72,72,72,72,72,72,72,72,72,72,72,72,72,72,72,72,72,72,72,72,72,72,77,77,77,77,77,77,77,77,77,77,77,77,77,77,77,77,77,77,77,77,77,77,77,77,77,77,77,77,77,77,77],"relic_stats":{"Regal Pillow":15,"Happy Flower":[6],"counters":[28,101],"Pen Nib":[20],"Juzu Bracelet":2,"Bag of Preparation":[49],"Whetstone":["WheelKick","Flash of Steel"],"Blood Vial":22,"Lizard Tail":0,"Bronze Scales":[207],"Prayer Wheel":5,"Art of War":[12],"obtain_stats":[{"Regal Pillow":6,"NeowsBlessing":0,"Happy Flower":46,"SacredBark":17,"Vajra":11,"Oddly Smooth Stone":24,"Pen Nib":19,"The Courier":41,"Juzu Bracelet":8,"Bag of Preparation":9,"TeardropLocket":29,"Whetstone":54,"Odd Mushroom":14,"Ancient Tea Set":13,"ClockworkSouvenir":53,"Blood Vial":26,"SlaversCollar":34,"Lizard Tail":28,"Bronze Scales":22,"Prayer Wheel":20,"Art of War":5,"PureWater":0,"FossilizedHelix":47,"Pocketwatch":29},{"Regal Pillow":3,"NeowsBlessing":0,"Happy Flower":24,"SacredBark":11,"Vajra":7,"Oddly Smooth Stone":14,"Pen Nib":12,"The Courier":22,"Juzu Bracelet":5,"Bag of Preparation":5,"TeardropLocket":17,"Whetstone":27,"Odd Mushroom":10,"Ancient Tea Set":9,"ClockworkSouvenir":26,"Blood Vial":14,"SlaversCollar":19,"Lizard Tail":15,"Bronze Scales":13,"Prayer Wheel":12,"Art of War":2,"PureWater":0,"FossilizedHelix":25,"Pocketwatch":17},{"Regal Pillow":4,"NeowsBlessing":0,"Happy Flower":82,"SacredBark":36,"Vajra":17,"Oddly Smooth Stone":47,"Pen Nib":38,"The Courier":73,"Juzu Bracelet":10,"Bag of Preparation":10,"TeardropLocket":55,"Whetstone":92,"Odd Mushroom":24,"Ancient Tea Set":22,"ClockworkSouvenir":90,"Blood Vial":47,"SlaversCollar":63,"Lizard Tail":50,"Bronze Scales":42,"Prayer Wheel":38,"Art of War":3,"PureWater":0,"FossilizedHelix":84,"Pocketwatch":55}],"Pocketwatch":[13]},"card_choices":[{"not_picked":["FlyingSleeves","PathToVictory"],"picked":"Sanctity","floor":1},{"not_picked":["PathToVictory","Conclude"],"picked":"BowlingBash","floor":3},{"not_picked":["Evaluate","Collect"],"picked":"CutThroughFate","floor":6},{"not_picked":["Study","ReachHeaven"],"picked":"Scrawl","floor":7},{"not_picked":["JustLucky","Swivel","Wireheading"],"picked":"SKIP","floor":8},{"not_picked":["Sanctity","Weave"],"picked":"Tantrum","floor":10},{"not_picked":["Halt","BattleHymn"],"picked":"FearNoEvil","floor":11},{"not_picked":["CutThroughFate","DeceiveReality","Sanctity"],"picked":"SKIP","floor":12},{"not_picked":["BowlingBash","Devotion"],"picked":"Scrawl","floor":13},{"not_picked":["DevaForm","Alpha"],"picked":"LessonLearned","floor":16},{"not_picked":["CutThroughFate+1","EmptyFist","InnerPeace"],"picked":"SKIP","floor":18},{"not_picked":["EmptyBody","InnerPeace"],"picked":"Wallop","floor":21},{"not_picked":["Collect+1","SashWhip+1","Protect"],"picked":"SKIP","floor":21},{"not_picked":["Swivel","EmptyBody","Conclude"],"picked":"SKIP","floor":24},{"not_picked":["PathToVictory+1","BattleHymn+1"],"picked":"Meditate+1","floor":28},{"not_picked":["Tantrum","JustLucky"],"picked":"CrushJoints","floor":31},{"not_picked":["Crescendo","CutThroughFate","ThirdEye+1"],"picked":"SKIP","floor":31},{"not_picked":["MasterReality","Brilliance"],"picked":"DeusExMachina","floor":33},{"not_picked":["Weave+1","CrushJoints+1"],"picked":"Wallop+1","floor":35},{"not_picked":["PathToVictory+1","CrushJoints","ThirdEye+1"],"picked":"SKIP","floor":35},{"not_picked":["Halt","SashWhip"],"picked":"MentalFortress+1","floor":39},{"not_picked":["FlurryOfBlows","Crescendo+1","EmptyBody+1"],"picked":"SKIP","floor":39},{"not_picked":["MasterReality","Crescendo","DeceiveReality"],"picked":"SKIP","floor":41},{"not_picked":["FollowUp+1","BowlingBash+1"],"picked":"WheelKick","floor":45},{"not_picked":["Meditate+1","EmptyBody+1","Protect+1"],"picked":"SKIP","floor":45},{"not_picked":["MasterReality","FollowUp+1","Study"],"picked":"SKIP","floor":46},{"not_picked":["Dark Shackles","Magnetism"],"picked":"Impatience","floor":48},{"not_picked":["Swift Strike","Sadistic Nature"],"picked":"Trip","floor":48},{"not_picked":["Purity","Enlightenment"],"picked":"Good Instincts","floor":48},{"not_picked":["Evaluate","WreathOfFlame+1","SashWhip+1"],"picked":"SKIP","floor":54}],"player_experience":1341091,"relics_obtained":[{"floor":6,"key":"Regal Pillow"},{"floor":8,"key":"Juzu Bracelet"},{"floor":9,"key":"Bag of Preparation"},{"floor":11,"key":"Vajra"},{"floor":13,"key":"Ancient Tea Set"},{"floor":14,"key":"Odd Mushroom"},{"floor":24,"key":"Oddly Smooth Stone"},{"floor":26,"key":"Blood Vial"},{"floor":28,"key":"Lizard Tail"},{"floor":29,"key":"Pocketwatch"},{"floor":29,"key":"TeardropLocket"},{"floor":41,"key":"The Courier"},{"floor":46,"key":"Happy Flower"},{"floor":47,"key":"FossilizedHelix"},{"floor":54,"key":"Whetstone"}],"event_choices":[{"damage_healed":0,"gold_gain":0,"player_choice":"Entered Light","damage_taken":14,"max_hp_gain":0,"max_hp_loss":0,"event_name":"Shining Light","floor":2,"gold_loss":0,"cards_upgraded":["Strike_P","Defend_P"]},{"damage_healed":0,"gold_gain":0,"player_choice":"Success","damage_taken":7,"relics_obtained":["Art of War"],"max_hp_gain":0,"max_hp_loss":0,"event_name":"Scrap Ooze","floor":5,"gold_loss":0},{"damage_healed":0,"gold_gain":0,"player_choice":"Fought Mushrooms","damage_taken":0,"max_hp_gain":0,"max_hp_loss":0,"event_name":"Mushrooms","floor":14,"gold_loss":0},{"damage_healed":0,"gold_gain":0,"player_choice":"Stole Relic","damage_taken":0,"relics_obtained":["Prayer Wheel"],"max_hp_gain":0,"max_hp_loss":0,"event_name":"Addict","floor":20,"gold_loss":0,"cards_obtained":["Shame"]},{"damage_healed":0,"gold_gain":0,"player_choice":"Opened","damage_taken":0,"relics_obtained":["Bronze Scales"],"max_hp_gain":0,"max_hp_loss":0,"event_name":"The Mausoleum","floor":22,"gold_loss":0},{"damage_healed":0,"gold_gain":0,"player_choice":"Shed Blood","damage_taken":18,"max_hp_gain":5,"max_hp_loss":0,"event_name":"Forgotten Altar","floor":25,"gold_loss":0},{"damage_healed":0,"gold_gain":0,"player_choice":"Fight","damage_taken":0,"max_hp_gain":0,"max_hp_loss":0,"event_name":"Colosseum","floor":29,"gold_loss":0},{"damage_healed":0,"gold_gain":0,"player_choice":"Fought Nobs","damage_taken":0,"max_hp_gain":0,"max_hp_loss":0,"event_name":"Colosseum","floor":29,"gold_loss":0},{"damage_healed":0,"gold_gain":0,"player_choice":"Embrace Madness","damage_taken":10,"max_hp_gain":0,"max_hp_loss":0,"event_name":"Winding Halls","floor":36,"gold_loss":0,"cards_obtained":["Madness","Madness"]},{"damage_healed":0,"gold_gain":100,"player_choice":"Pray","damage_taken":0,"max_hp_gain":0,"max_hp_loss":0,"event_name":"Golden Shrine","floor":37,"gold_loss":0},{"cards_removed":["Defend_P"],"damage_healed":0,"gold_gain":0,"player_choice":"Removed Skill","damage_taken":0,"max_hp_gain":0,"max_hp_loss":0,"event_name":"Falling","floor":38,"gold_loss":0},{"damage_healed":0,"gold_gain":0,"player_choice":"Copied","damage_taken":0,"max_hp_gain":0,"max_hp_loss":0,"event_name":"Duplicator","floor":42,"gold_loss":0,"cards_obtained":["Wallop"]},{"damage_healed":0,"gold_gain":0,"player_choice":"Fight","damage_taken":0,"max_hp_gain":0,"max_hp_loss":0,"event_name":"MindBloom","floor":47,"gold_loss":0},{"damage_healed":0,"gold_gain":0,"player_choice":"Memory 3","damage_taken":10,"max_hp_gain":0,"max_hp_loss":0,"event_name":"SensoryStone","floor":48,"gold_loss":0}],"is_beta":false,"boss_relics":[{"not_picked":["Sozu","HolyWater"],"picked":"SacredBark"},{"not_picked":["Velvet Choker","Calling Bell"],"picked":"SlaversCollar"}],"items_purged_floors":[53],"is_endless":false,"potions_floor_spawned":[1,6,10,13,14,18,21,28,29,35,41,45,47],"ascension_level":1}}