{"host":"f5y45f7z7ziu0smp","time":1610791951,"event":{"mods":["AchievementEnabler","BaseMod","Marisa£¨Ùöéë¡¡Øª×âÞÞ£©","Minty Spire (QoL Compilation)","SuperFastMode","¡¼?Úª?ø«¡½REMEMod"],"gold_per_floor":[115,64,64,14,14,41,41,69,69,144,69,88,98,111,111,214,214,224,81,81,100,114,148,148,183,183,183,197,223,234,249,249,249],"floor_reached":32,"language":"KOR","playtime":767,"items_purged":[],"score":454,"play_id":"78082451-3dfb-4c59-aea5-d73e8669c747","local_time":"20210116191231","is_ascension_mode":true,"campfire_choices":[{"data":"Defragment","floor":15,"key":"SMITH"},{"data":"Storm","floor":24,"key":"SMITH"},{"data":"Hello World","floor":27,"key":"SMITH"},{"floor":32,"key":"RECALL"}],"circlet_count":0,"master_deck":["Strike_B","Strike_B+1","Defend_B","Defend_B","Defend_B","Defend_B","Zap+1","Dualcast","REME_EmptyShield","Heatsinks","Beam Cell","Defragment+1","Streamline","Sunder","Turbo","Sweeping Beam","Ball Lightning","Thunder Strike","CurseOfTheBell","Hello World+1","Storm+1","BootSequence","Steam Power","Capacitor+1","Chill","Redo+1","Glacier","Beam Cell+1"],"relics":["Cracked Core","REME_ComplimentaryCards","NeowsBlessing","Centennial Puzzle","Mango","Mummified Hand","Boot","Calling Bell","Anchor","Sundial","Lizard Tail","Akabeko","Ornamental Fan","Pear","Dream Catcher"],"acts_visited":["Exordium","TheCity"],"potions_floor_usage":[22,23,28],"damage_taken":[{"damage":0.0,"enemies":"Cultist","floor":1.0,"turns":1.0},{"damage":0.0,"enemies":"3 Sentries","floor":6.0,"turns":1.0},{"damage":0.0,"enemies":"Lagavulin","floor":8.0,"turns":2.0},{"damage":0,"enemies":"2 Louse","floor":12,"turns":1},{"damage":8,"enemies":"Small Slimes","floor":13,"turns":2},{"damage":2,"enemies":"Looter","floor":14,"turns":3},{"damage":0,"enemies":"Slime Boss","floor":16,"turns":6},{"damage":21,"enemies":"3 Byrds","floor":18,"turns":4},{"damage":6,"enemies":"Spheric Guardian","floor":21,"turns":3},{"damage":10,"enemies":"Snecko","floor":22,"turns":3},{"damage":18,"enemies":"Book of Stabbing","floor":23,"turns":4},{"damage":15,"enemies":"Slavers","floor":25,"turns":4},{"damage":0,"enemies":"Cultist and Chosen","floor":28,"turns":4},{"damage":15,"enemies":"Snake Plant","floor":30,"turns":3},{"damage":6,"enemies":"3 Cultists","floor":31,"turns":5}],"seed_played":"-4098771418782054871","potions_obtained":[{"floor":1.0,"key":"GamblersBrew"},{"floor":8.0,"key":"LiquidMemories"},{"floor":13,"key":"AttackPotion"},{"floor":14,"key":"DuplicationPotion"},{"floor":22,"key":"LiquidMemories"},{"floor":23,"key":"REME_GoldPotion"},{"floor":25,"key":"Regen Potion"}],"is_trial":false,"path_per_floor":["M","$","?","?","?","E","T","E","T","?","$","M","M","M","R","B",null,"M","$","?","M","M","E","R","E","T","R","M","T","M","M","R"],"character_chosen":"DEFECT","items_purchased":["Beam Cell","Sunder","Storm","BootSequence"],"campfire_rested":0,"item_purchase_floors":[2,11,19,19],"current_hp_per_floor":[75,75,68,68,53,67,67,67,67,56,56,56,48,46,46,46,89,68,68,68,62,52,34,34,19,29,29,38,38,23,17,17,17],"gold":249,"neow_bonus":"THREE_ENEMY_KILL","is_daily":false,"chose_seed":false,"campfire_upgraded":3,"win_rate":0.0,"timestamp":1610791951,"path_taken":["M","$","?","?","?","E","?","E","T","?","$","M","M","M","R","BOSS","M","$","?","?","?","E","R","E","T","R","M","?","?","M","R"],"items_purchased_type":["Card","Card","Card","Card"],"build_version":"2020-12-22","purchased_purges":0,"victory":false,"max_hp_per_floor":[75,75,75,75,75,89,89,89,89,89,89,89,89,89,89,89,89,89,89,89,89,89,89,89,89,99,99,99,99,99,99,99,99],"card_choices":[{"not_picked":["Ball Lightning","Blizzard"],"picked":"Heatsinks","floor":1.0},{"not_picked":["Barrage","Tempest"],"picked":"Defragment","floor":6.0},{"not_picked":["Glacier","Ball Lightning"],"picked":"Streamline","floor":8.0},{"not_picked":["Leap","Heatsinks"],"picked":"Turbo","floor":12},{"not_picked":["Darkness","Fusion"],"picked":"Sweeping Beam","floor":13},{"not_picked":["Barrage","Turbo"],"picked":"Ball Lightning","floor":14},{"not_picked":["Core Surge","Buffer"],"picked":"Thunder Strike","floor":16},{"not_picked":["Doom and Gloom","Go for the Eyes+1"],"picked":"Hello World","floor":18},{"not_picked":["Undo","Rip and Tear"],"picked":"Steam Power","floor":21},{"not_picked":["Streamline","Lockon"],"picked":"Capacitor+1","floor":22},{"not_picked":["Stack","Auto Shields+1"],"picked":"Chill","floor":23},{"not_picked":["Cold Snap","Conserve Battery"],"picked":"Redo+1","floor":25},{"not_picked":["Turbo","Reprogram","Streamline"],"picked":"SKIP","floor":28},{"not_picked":["Cold Snap","Thunder Strike"],"picked":"Glacier","floor":30},{"not_picked":["Hologram","REME_DataAnalysis+1"],"picked":"Beam Cell+1","floor":31}],"player_experience":111921,"relics_obtained":[{"floor":6.0,"key":"Mango"},{"floor":7.0,"key":"Mummified Hand"},{"floor":8.0,"key":"Boot"},{"floor":17,"key":"Anchor"},{"floor":17,"key":"Sundial"},{"floor":17,"key":"Lizard Tail"},{"floor":23,"key":"Akabeko"},{"floor":25,"key":"Ornamental Fan"},{"floor":26,"key":"Pear"},{"floor":29,"key":"Dream Catcher"}],"event_choices":[{"damage_healed":0.0,"max_hp_gain":0.0,"max_hp_loss":0.0,"gold_gain":0.0,"event_name":"Scrap Ooze","player_choice":"Success","floor":3.0,"gold_loss":0.0,"damage_taken":7.0,"relics_obtained":["Centennial Puzzle"]},{"cards_removed":["Strike_B"],"damage_healed":0.0,"max_hp_gain":0.0,"max_hp_loss":0.0,"gold_gain":0.0,"event_name":"The Cleric","player_choice":"Card Removal","floor":4.0,"gold_loss":50.0,"damage_taken":0.0},{"damage_healed":0.0,"max_hp_gain":0.0,"max_hp_loss":0.0,"gold_gain":0.0,"event_name":"Shining Light","player_choice":"Entered Light","floor":5.0,"gold_loss":0.0,"damage_taken":15.0,"cards_upgraded":["Strike_B","Zap"]},{"damage_healed":0.0,"max_hp_gain":0.0,"max_hp_loss":0.0,"gold_gain":75.0,"event_name":"World of Goop","player_choice":"Gather Gold","floor":10.0,"gold_loss":0.0,"damage_taken":11.0},{"cards_removed":["Strike_B"],"damage_healed":0,"gold_gain":0,"player_choice":"Purged","damage_taken":0,"max_hp_gain":0,"max_hp_loss":0,"event_name":"Purifier","floor":20,"gold_loss":0}],"is_beta":false,"boss_relics":[{"not_picked":["Snecko Eye","Runic Dome"],"picked":"Calling Bell"}],"items_purged_floors":[],"is_endless":false,"potions_floor_spawned":[1,8,13,14,16,18,22,23,25],"ascension_level":2}}