{"host":"lxgv1wbl12oya7hr","time":1610828539,"event":{"mods":["BaseMod","Minty Spire (QoL Compilation)","Permanent Neow","StSLib"],"gold_per_floor":[110,60,335,349,5,5,37,37,60,60,73,103,129,129,129,227,227,237,48,48,48,48,83,83,108,157,184,184,204,229,229,229,229,229],"floor_reached":33,"language":"ENG","playtime":1277,"items_purged":["Regret"],"score":366,"play_id":"d0ffd20e-7ade-40b4-9af2-3d2472ae6add","local_time":"20210116122219","is_ascension_mode":true,"campfire_choices":[{"data":"Uppercut","floor":6,"key":"SMITH"},{"data":"Cleave","floor":8,"key":"SMITH"},{"data":"Clash","floor":10,"key":"SMITH"},{"data":"Enlightenment","floor":15,"key":"SMITH"},{"data":"Metamorphosis","floor":24,"key":"SMITH"},{"floor":28,"key":"REST"},{"floor":32,"key":"RECALL"}],"circlet_count":0,"master_deck":["Defend_R","Defend_R","Bash","Cleave+1","Intimidate","Clash+1","Uppercut+1","Inflame","Heavy Blade","Clash","Enlightenment+1","Offering","Uppercut+1","Metamorphosis+1","Flex","Bite","Bite","Bite","Bite","Bite","Writhe","Warcry+1","Shrug It Off+1","Disarm"],"relics":["Burning Blood","PreservedInsect","CaptainsWheel","Empty Cage","Omamori","Pen Nib","Happy Flower","Regal Pillow","Bird Faced Urn","Question Card"],"acts_visited":["Exordium","TheCity"],"potions_floor_usage":[16,18,25,30],"damage_taken":[{"damage":6,"enemies":"Cultist","floor":1,"turns":3},{"damage":11,"enemies":"Jaw Worm","floor":4,"turns":2},{"damage":8,"enemies":"Lagavulin","floor":7,"turns":3},{"damage":0,"enemies":"2 Louse","floor":11,"turns":2},{"damage":11,"enemies":"3 Sentries","floor":13,"turns":3},{"damage":14,"enemies":"Hexaghost","floor":16,"turns":5},{"damage":6,"enemies":"Spheric Guardian","floor":18,"turns":1},{"damage":40,"enemies":"Slavers","floor":23,"turns":3},{"damage":10,"enemies":"Gremlin Leader","floor":25,"turns":3},{"damage":36,"enemies":"Book of Stabbing","floor":27,"turns":3},{"damage":6,"enemies":"Shell Parasite","floor":29,"turns":1},{"damage":39,"enemies":"Gremlin Leader","floor":30,"turns":4},{"damage":99,"enemies":"Automaton","floor":33,"turns":6}],"seed_played":"-7678713249908785575","potions_obtained":[{"floor":7,"key":"Fire Potion"},{"floor":11,"key":"BloodPotion"},{"floor":13,"key":"DistilledChaos"},{"floor":16,"key":"SkillPotion"},{"floor":29,"key":"Energy Potion"},{"floor":30,"key":"GamblersBrew"}],"is_trial":false,"path_per_floor":["M","?","?","M","$","R","E","R","T","R","M","?","E","?","R","B",null,"M","$","?","?","?","E","R","E","T","E","R","M","E","?","R","B"],"character_chosen":"IRONCLAD","items_purchased":["PreservedInsect","Clash","Uppercut","Metamorphosis","Flex"],"campfire_rested":1,"item_purchase_floors":[5,5,5,19,19],"current_hp_per_floor":[56,56,56,51,51,51,49,49,49,49,57,57,54,54,54,48,80,80,80,80,80,80,48,48,50,50,28,67,71,44,44,44,0,0],"gold":229,"neow_bonus":"REMOVE_TWO","is_daily":false,"chose_seed":false,"campfire_upgraded":5,"win_rate":0.0,"timestamp":1610828539,"path_taken":["M","?","?","M","$","R","E","R","T","R","?","?","E","?","R","BOSS","M","$","?","?","?","E","R","E","T","E","R","M","E","?","R","BOSS"],"items_purchased_type":["Relic","Card","Card","Card","Card"],"build_version":"2020-12-22","purchased_purges":1,"victory":false,"max_hp_per_floor":[80,80,80,80,80,80,80,80,80,80,80,80,80,80,80,80,80,80,80,80,80,80,80,80,80,80,80,80,80,80,80,80,80,80],"card_choices":[{"not_picked":["Wild Strike","Sever Soul"],"picked":"Cleave","floor":1},{"not_picked":["Rupture","Sword Boomerang"],"picked":"Intimidate","floor":4},{"not_picked":["Anger","True Grit"],"picked":"Inflame","floor":7},{"not_picked":["Wild Strike","Pommel Strike"],"picked":"Heavy Blade","floor":11},{"not_picked":["True Grit","Flex"],"picked":"Clash","floor":13},{"not_picked":["Barricade","Corruption"],"picked":"Offering","floor":16},{"not_picked":["Clothesline","Headbutt"],"picked":"Uppercut+1","floor":18},{"not_picked":["Wild Strike+1","Battle Trance+1"],"picked":"Warcry+1","floor":23},{"not_picked":["Wild Strike","Perfected Strike"],"picked":"Shrug It Off+1","floor":25},{"not_picked":["Feel No Pain","Cleave","Heavy Blade"],"picked":"SKIP","floor":27},{"not_picked":["Intimidate","Wild Strike"],"picked":"Disarm","floor":29},{"not_picked":["Rage","Body Slam","Armaments"],"picked":"SKIP","floor":30}],"player_experience":2280536,"relics_obtained":[{"floor":7,"key":"Blood Vial"},{"floor":13,"key":"CaptainsWheel"},{"floor":23,"key":"Pen Nib"},{"floor":25,"key":"Happy Flower"},{"floor":26,"key":"Regal Pillow"},{"floor":27,"key":"Bird Faced Urn"},{"floor":30,"key":"Question Card"}],"event_choices":[{"cards_removed":["Strike_R"],"damage_healed":0,"gold_gain":0,"player_choice":"Card Removal","damage_taken":0,"max_hp_gain":0,"max_hp_loss":0,"event_name":"The Cleric","floor":2,"gold_loss":50},{"damage_healed":0,"gold_gain":275,"player_choice":"Desecrate","damage_taken":0,"max_hp_gain":0,"max_hp_loss":0,"event_name":"Golden Shrine","floor":3,"gold_loss":0,"cards_obtained":["Regret"]},{"damage_healed":0,"gold_gain":30,"player_choice":"Searched \u00272\u0027 times","damage_taken":0,"max_hp_gain":0,"max_hp_loss":0,"event_name":"Dead Adventurer","floor":12,"gold_loss":0},{"damage_healed":0,"gold_gain":0,"player_choice":"1 cards matched","damage_taken":0,"max_hp_gain":0,"max_hp_loss":0,"event_name":"Match and Keep!","floor":14,"gold_loss":0,"cards_obtained":["Enlightenment"]},{"cards_removed":["Strike_R"],"damage_healed":0,"gold_gain":0,"player_choice":"Elegance","damage_taken":0,"max_hp_gain":0,"max_hp_loss":0,"event_name":"Back to Basics","floor":20,"gold_loss":0},{"damage_healed":0,"gold_gain":0,"player_choice":"Became a vampire (Vial)","damage_taken":0,"max_hp_gain":0,"max_hp_loss":0,"event_name":"Vampires","floor":21,"relics_lost":["Blood Vial"],"gold_loss":0,"cards_obtained":["Bite","Bite","Bite","Bite","Bite"]},{"damage_healed":0,"gold_gain":0,"player_choice":"Opened","damage_taken":0,"relics_obtained":["Omamori"],"max_hp_gain":0,"max_hp_loss":0,"event_name":"The Mausoleum","floor":22,"gold_loss":0,"cards_obtained":["Writhe"]},{"damage_healed":0,"gold_gain":0,"player_choice":"Ignored","damage_taken":0,"max_hp_gain":0,"max_hp_loss":0,"event_name":"Ghosts","floor":31,"gold_loss":0}],"is_beta":false,"boss_relics":[{"not_picked":["Runic Dome","Mark of Pain"],"picked":"Empty Cage"}],"items_purged_floors":[5],"is_endless":false,"potions_floor_spawned":[7,11,13,16,29,30],"killed_by":"Automaton","ascension_level":1}}