{"host":"xpzu3ao9bvbn9hmu","time":1610801234,"event":{"mods":["100% Spire Juice","ATMod(∞¢Ë™Mod)","Alarm Clock","Arknights The Spire","BaseMod","Colored Powertips","Decade(Õı–°√˜)","Dota2Spire","GifTheSpireLib","KinomotoSakuraMod(ƒæ÷Æ±æ”£)","Lobotomy","LobotomyExtend","Luminous","Marisa£®ÏF”Í°°ƒß¿Ì…≥£©","Minty Spire (QoL Compilation)","MostiFishMod","Reimu£®≤©¿ˆ¡È√Œ£©","Relic Stats","Remilia£®¿Ÿ√◊¿Ú—«£©","Replay The Spire","Spicy Shops","StSLib","The Gatherer","The Runesmith","The Servant 0.9.4","Waifu the Spire","WarShipGirlsR/’ΩΩ¢…Ÿ≈ÆR mod","Yakumo Yukari mod","Youmu£®ªÍ∆«—˝√Œ£©","[IsaacMod]“‘»ˆº‚À˛","≤–¡Ù÷ÆŒÔ"],"gold_per_floor":[110,120,137,149,168,199,216,216,242,255,275,290,324,65,65,170,170,185,201,56,74,104,104,139,157,181,181,196,230,240,255,255,354,354,366,376,426,439,451,480,480,494,518,71,105,117,117,129,351,351,351,351,105,138,138],"floor_reached":56,"language":"ZHS","playtime":3789,"items_purged":["PlaceholderMod:BaseStrike"],"score":1696,"play_id":"2bfd161e-9284-4ffd-8e31-2e45befc77b8","local_time":"20210116204714","is_ascension_mode":false,"campfire_choices":[{"data":"PlaceholderMod:QualitativeChange","floor":15,"key":"SMITH"},{"data":"PlaceholderMod:Stable","floor":23,"key":"SMITH"},{"data":"PlaceholderMod:Crystallization","floor":32,"key":"SMITH"},{"floor":41,"key":"RECALL"},{"floor":52,"key":"REST"}],"circlet_count":0,"master_deck":["PlaceholderMod:BaseStrike+1","PlaceholderMod:BaseStrike+1","PlaceholderMod:BaseStrike+1","PlaceholderMod:BaseStrike+1","PlaceholderMod:BaseDefend+1","PlaceholderMod:BaseDefend+1","PlaceholderMod:BaseDefend+1","PlaceholderMod:BaseDefend+1","PlaceholderMod:BaseDefend+1","PlaceholderMod:Crystal+1","PlaceholderMod:PoisonWhip+1","PlaceholderMod:DiffusionChemical+1","PlaceholderMod:ConsolidateHit+1","PlaceholderMod:HardStinger+1","PlaceholderMod:StressReaction+1","PlaceholderMod:HardStrike+1","PlaceholderMod:AbsorbTouch+1","PlaceholderMod:EnergyAbsorb+1","PlaceholderMod:Crystallization+1","PlaceholderMod:QualitativeChange+1","PlaceholderMod:NutritionAbsorb+1","PlaceholderMod:Activation+1","MostiFishMod:EE1D+1","MostiFishMod:EE1D+1","MostiFishMod:EE1D+1","PlaceholderMod:ThreeBenzyolStart+1","PlaceholderMod:Stable+1","PlaceholderMod:ChainPoly+1","PlaceholderMod:ComplexForm+1","PlaceholderMod:Crystallization+1","PlaceholderMod:Colorful+1","PlaceholderMod:Crystallization+1","PlaceholderMod:Corrosion+1","PlaceholderMod:FinalSpray+1","PlaceholderMod:SevereHeat+1","PlaceholderMod:CrystallizationStrike+1","PlaceholderMod:SpinBlade+1"],"relics":["PlaceholderMod:Tancle","AT_ATBox","DaveBox","HushsDoor","Leech","Bird Faced Urn","LetterFromLob","SatanicBible","ReplayTheSpireMod:Ring of Addiction","Potion Belt","Toy Ornithopter","Mercury Hourglass","BrkXgEgg","EE1DDrone","Lantern","Red Mask","Ornamental Fan","AT_SeraphEmbrace","PokeGo","Dota2Spire:RefresherOrb","Ice Cream","Onion Ring","Dota2Spire:EchoSabre","ArrowTower","ClockworkSouvenir","DoctorsRemote","Bottled Tornado","ScarletDevilRocket"],"acts_visited":["Exordium","TheCity","TheBeyond","TheEnding"],"potions_floor_usage":[13,16,19,22,25,37,40,47,47,50,55,55],"damage_taken":[{"damage":0.0,"enemies":"Jaw Worm","floor":1.0,"turns":3.0},{"damage":0.0,"enemies":"2 Louse","floor":2.0,"turns":2.0},{"damage":0.0,"enemies":"Small Slimes","floor":3.0,"turns":2.0},{"damage":0.0,"enemies":"Exordium Wildlife","floor":4.0,"turns":3.0},{"damage":1.0,"enemies":"2 Fungi Beasts","floor":5.0,"turns":4.0},{"damage":6.0,"enemies":"Gremlin Nob","floor":6.0,"turns":4.0},{"damage":4.0,"enemies":"Gremlin Gang","floor":7.0,"turns":3.0},{"damage":0.0,"enemies":"Blue Slaver","floor":10.0,"turns":3.0},{"damage":0.0,"enemies":"Large Slime","floor":11.0,"turns":3.0},{"damage":6,"enemies":"Exordium Thugs","floor":12,"turns":4},{"damage":0,"enemies":"Replay:BlueRogue","floor":13,"turns":5},{"damage":17,"enemies":"The Guardian","floor":16,"turns":7},{"damage":17,"enemies":"3 Byrds","floor":18,"turns":7},{"damage":4,"enemies":"Chosen","floor":19,"turns":2},{"damage":18,"enemies":"Shelled Parasite and Fungi","floor":21,"turns":5},{"damage":42,"enemies":"Masked Bandits","floor":22,"turns":4},{"damage":0,"enemies":"Book of Stabbing","floor":24,"turns":4},{"damage":5,"enemies":"Cultist and Chosen","floor":25,"turns":5},{"damage":8,"enemies":"Centurion and Healer","floor":28,"turns":7},{"damage":12,"enemies":"Gremlin Leader","floor":29,"turns":6},{"damage":0,"enemies":"Chosen and Byrds","floor":30,"turns":4},{"damage":5,"enemies":"Snecko","floor":31,"turns":4},{"damage":23,"enemies":"Pondfish","floor":33,"turns":8},{"damage":10,"enemies":"3 Shapes","floor":35,"turns":3},{"damage":0,"enemies":"Orb Walker","floor":36,"turns":4},{"damage":20,"enemies":"Mind Bloom Boss Battle","floor":37,"turns":6},{"damage":20,"enemies":"Spire Growth","floor":38,"turns":5},{"damage":16,"enemies":"3 Darklings","floor":39,"turns":5},{"damage":0,"enemies":"R_Hoarder","floor":40,"turns":6},{"damage":34,"enemies":"Jaw Worm Horde","floor":42,"turns":5},{"damage":1,"enemies":"Reptomancer","floor":45,"turns":4},{"damage":0,"enemies":"Maw","floor":46,"turns":5},{"damage":0,"enemies":"Maw","floor":47,"turns":11},{"damage":0,"enemies":"Sphere and 2 Shapes","floor":48,"turns":3},{"damage":0,"enemies":"Donu and Deca","floor":50,"turns":4},{"damage":18,"enemies":"Shield and Spear","floor":54,"turns":5},{"damage":9,"enemies":"The Heart","floor":55,"turns":7}],"seed_played":"3747617198582668221","potions_obtained":[{"floor":3.0,"key":"AttackPotion"},{"floor":5.0,"key":"SteroidPotion"},{"floor":8.0,"key":"Dota2Spire:HealingSalve"},{"floor":8.0,"key":"Doom Potion"},{"floor":8.0,"key":"AttackPotion"},{"floor":11.0,"key":"AttackPotion"},{"floor":16,"key":"Explosive Potion"},{"floor":18,"key":"Reflective Coating"},{"floor":28,"key":"ZuzhouPotion:ReiMu"},{"floor":29,"key":"Weak Potion"},{"floor":31,"key":"Block Potion"},{"floor":33,"key":"Dota2Spire:Clarity"},{"floor":37,"key":"Weak Potion"},{"floor":40,"key":"Flashbang"},{"floor":48,"key":"LifebloodPotion"},{"floor":54,"key":"Strength Potion"}],"is_trial":false,"path_per_floor":["M","M","M","M","M","E","M","?","T","M","M","M","E","$","R","B",null,"M","M","$","M","?","R","E","M","T","?","M","E","M","M","R","B",null,"M","M","?","M","M","E","R","M","T","$","E","M","?","M","R","B",null,"R","$","E","B",null],"character_chosen":"THE_PLACEHOLDER","items_purchased":["BrkXgEgg","PlaceholderMod:NutritionAbsorb","Lantern","ArrowTower","ClockworkSouvenir","Bottled Tornado"],"campfire_rested":1,"item_purchase_floors":[14,14,20,44,44,53],"current_hp_per_floor":[60,61,63,65,67,64,63,63,63,65,73,71,78,78,78,72,78,65,71,71,63,37,37,48,64,64,64,70,76,76,75,74,64,74,68,72,58,51,54,72,72,44,44,44,62,70,68,68,68,68,68,68,68,57,64],"gold":138,"neow_bonus":"ONE_RARE_RELIC","is_daily":false,"chose_seed":false,"campfire_upgraded":3,"win_rate":0.0,"timestamp":1610801234,"path_taken":["M","M","M","M","M","E","M","?","T","M","M","M","E","$","R","BOSS","M","M","$","M","?","R","E","M","T","?","M","E","?","M","R","BOSS","M","M","?","M","M","E","R","M","T","$","E","M","?","M","R","BOSS","R","$","E","BOSS"],"items_purchased_type":["Relic","Card","Card","Relic","Relic","Relic"],"build_version":"2020-12-22","purchased_purges":1,"victory":true,"max_hp_per_floor":[78,78,78,78,78,78,78,78,78,78,78,78,78,78,78,78,78,78,78,78,78,78,78,78,78,78,78,78,76,76,76,74,74,74,72,72,72,72,72,72,72,72,72,70,70,70,68,68,68,68,68,68,68,66,66],"relic_stats":{"counters":[37,168],"Ornamental Fan":[136],"Bird Faced Urn":[137],"obtain_stats":[{"Ice Cream":37,"AT_SeraphEmbrace":42,"PlaceholderMod:Tancle":0,"Dota2Spire:EchoSabre":43,"Lantern":20,"AT_ATBox":0,"ScarletDevilRocket":54,"DaveBox":0,"Dota2Spire:RefresherOrb":34,"Bottled Tornado":53,"AT_ArchangelStaff":26,"Leech":0,"SatanicBible":6,"ClockworkSouvenir":44,"PokeGo":29,"Red Mask":22,"KeepersGift":0,"Potion Belt":8,"DoctorsRemote":45,"ReplayTheSpireMod:Ring of Addiction":8,"BrkXgEgg":14,"Mercury Hourglass":13,"EE1DDrone":17,"Ornamental Fan":24,"Bird Faced Urn":0,"Onion Ring":40,"LetterFromLob":1,"HushsDoor":0,"ArrowTower":44,"Toy Ornithopter":8},{"Ice Cream":26,"AT_SeraphEmbrace":30,"PlaceholderMod:Tancle":0,"Dota2Spire:EchoSabre":30,"Lantern":14,"AT_ATBox":0,"ScarletDevilRocket":36,"DaveBox":0,"Dota2Spire:RefresherOrb":23,"Bottled Tornado":35,"AT_ArchangelStaff":18,"Leech":0,"SatanicBible":6,"ClockworkSouvenir":30,"PokeGo":20,"Red Mask":16,"KeepersGift":0,"Potion Belt":7,"DoctorsRemote":31,"ReplayTheSpireMod:Ring of Addiction":7,"BrkXgEgg":11,"Mercury Hourglass":11,"EE1DDrone":12,"Ornamental Fan":17,"Bird Faced Urn":0,"Onion Ring":29,"LetterFromLob":1,"HushsDoor":0,"ArrowTower":30,"Toy Ornithopter":7},{"Ice Cream":109,"AT_SeraphEmbrace":130,"PlaceholderMod:Tancle":0,"Dota2Spire:EchoSabre":130,"Lantern":51,"AT_ATBox":0,"ScarletDevilRocket":161,"DaveBox":0,"Dota2Spire:RefresherOrb":97,"Bottled Tornado":156,"AT_ArchangelStaff":68,"Leech":0,"SatanicBible":18,"ClockworkSouvenir":130,"PokeGo":81,"Red Mask":59,"KeepersGift":0,"Potion Belt":21,"DoctorsRemote":133,"ReplayTheSpireMod:Ring of Addiction":21,"BrkXgEgg":36,"Mercury Hourglass":36,"EE1DDrone":43,"Ornamental Fan":63,"Bird Faced Urn":0,"Onion Ring":125,"LetterFromLob":3,"HushsDoor":0,"ArrowTower":130,"Toy Ornithopter":21}],"Toy Ornithopter":54,"Mercury Hourglass":[550]},"card_choices":[{"not_picked":["PlaceholderMod:StressReaction","PlaceholderMod:TriggerStrike"],"picked":"PlaceholderMod:DiffusionChemical","floor":1.0},{"not_picked":["PlaceholderMod:OHStrongAttack","PlaceholderMod:AttackAsDefend","PlaceholderMod:MultipleOxi"],"picked":"SKIP","floor":2.0},{"not_picked":["Bomb","PlaceholderMod:SeverePoisonStrike"],"picked":"PlaceholderMod:ConsolidateHit","floor":3.0},{"not_picked":["PlaceholderMod:Turn","PlaceholderMod:AttackAsDefend"],"picked":"PlaceholderMod:HardStinger","floor":4.0},{"not_picked":["PlaceholderMod:TriggerStrike","PlaceholderMod:AngryAttack","PlaceholderMod:UnpureUse"],"picked":"SKIP","floor":5.0},{"not_picked":["PlaceholderMod:MultiReaction","PlaceholderMod:FastReaction"],"picked":"PlaceholderMod:StressReaction","floor":6.0},{"not_picked":["PlaceholderMod:Stratification","PlaceholderMod:ConsolidateHit"],"picked":"PlaceholderMod:HardStrike","floor":7.0},{"not_picked":["PlaceholderMod:HardStinger","PlaceholderMod:ParasiteChange"],"picked":"PlaceholderMod:AbsorbTouch","floor":10.0},{"not_picked":["PlaceholderMod:ProliferateStrike","PlaceholderMod:InnerStable"],"picked":"PlaceholderMod:EnergyAbsorb","floor":11.0},{"not_picked":["PlaceholderMod:ProliferateStrike","PlaceholderMod:PoisonExcitation"],"picked":"PlaceholderMod:Crystallization","floor":12},{"not_picked":["PlaceholderMod:StressReaction","PlaceholderMod:InnerStable"],"picked":"PlaceholderMod:QualitativeChange","floor":13},{"not_picked":["PlaceholderMod:Assimilation+1","PlaceholderMod:FinalSpray+1"],"picked":"PlaceholderMod:Activation+1","floor":16},{"not_picked":["PlaceholderMod:Turn","PlaceholderMod:OHStrongAttack"],"picked":"PlaceholderMod:ThreeBenzyolStart","floor":18},{"not_picked":["PlaceholderMod:StressReaction+1","PlaceholderMod:SelectReaction+1"],"picked":"PlaceholderMod:Stable","floor":19},{"not_picked":["PlaceholderMod:SeverePoisonStrike+1","PlaceholderMod:InnerStable+1","PlaceholderMod:TriggerStrike"],"picked":"SKIP","floor":21},{"not_picked":["PlaceholderMod:ProliferateStrike","PlaceholderMod:StrongAcid"],"picked":"PlaceholderMod:ChainPoly","floor":22},{"not_picked":["PlaceholderMod:Package","PlaceholderMod:MultiReaction+1"],"picked":"PlaceholderMod:ComplexForm+1","floor":24},{"not_picked":["PlaceholderMod:PoisonAbsorb","PlaceholderMod:PoisonExcitation"],"picked":"PlaceholderMod:Crystallization","floor":25},{"not_picked":["PlaceholderMod:HardStinger","PlaceholderMod:SeverePoisonStrike+1"],"picked":"PlaceholderMod:Crystallization+1","floor":28},{"not_picked":["PlaceholderMod:ContinueSpray","PlaceholderMod:StrongAcid","PlaceholderMod:ChainPoly"],"picked":"SKIP","floor":29},{"not_picked":["PlaceholderMod:HealingAttack+1","PlaceholderMod:InnerSoften+1"],"picked":"PlaceholderMod:Corrosion","floor":30},{"not_picked":["PlaceholderMod:ComplexForm","PlaceholderMod:OHStrongAttack","PlaceholderMod:SpinBlade+1"],"picked":"SKIP","floor":31},{"not_picked":["PlaceholderMod:DoublePoint+1","PlaceholderMod:Assimilation+1"],"picked":"PlaceholderMod:FinalSpray+1","floor":33},{"not_picked":["PlaceholderMod:EnergyAbsorb+1","PlaceholderMod:Internalization+1","PlaceholderMod:SeverePoisonStrike"],"picked":"SKIP","floor":35},{"not_picked":["PlaceholderMod:Break","PlaceholderMod:OHStrongAttack+1"],"picked":"PlaceholderMod:SevereHeat+1","floor":36},{"not_picked":["PlaceholderMod:NutritionAbsorb","PlaceholderMod:SeverePoisonStrike+1","PlaceholderMod:Hyperplasia+1"],"picked":"SKIP","floor":38},{"not_picked":["PlaceholderMod:ChainPoly+1","PlaceholderMod:Break+1","PlaceholderMod:Colorful"],"picked":"SKIP","floor":39},{"not_picked":["PlaceholderMod:Sweep","PlaceholderMod:TriggerStrike+1"],"picked":"PlaceholderMod:CrystallizationStrike+1","floor":40},{"not_picked":["PlaceholderMod:DiffusionChemical","PlaceholderMod:StressReaction","PlaceholderMod:SubstitutionNucleophilic1+1"],"picked":"SKIP","floor":42},{"not_picked":["PlaceholderMod:Polyp","PlaceholderMod:StrongAcid"],"picked":"PlaceholderMod:SpinBlade+1","floor":45},{"not_picked":["PlaceholderMod:ChainPoly","PlaceholderMod:TriggerStrike+1","PlaceholderMod:AttackAsDefend+1"],"picked":"SKIP","floor":46},{"not_picked":["PlaceholderMod:TriggerStrike+1","PlaceholderMod:Polyp","PlaceholderMod:Internalization"],"picked":"SKIP","floor":48},{"not_picked":["PlaceholderMod:EnergyAbsorb","PlaceholderMod:StrongAcid","PlaceholderMod:Internalization"],"picked":"SKIP","floor":54}],"player_experience":61430,"relics_obtained":[{"floor":1.0,"key":"LetterFromLob"},{"floor":6.0,"key":"SatanicBible"},{"floor":8.0,"key":"ReplayTheSpireMod:Ring of Addiction"},{"floor":8.0,"key":"Potion Belt"},{"floor":8.0,"key":"Toy Ornithopter"},{"floor":13,"key":"Mercury Hourglass"},{"floor":22,"key":"Red Mask"},{"floor":24,"key":"Ornamental Fan"},{"floor":26,"key":"AT_ArchangelStaff"},{"floor":29,"key":"PokeGo"},{"floor":37,"key":"Ice Cream"},{"floor":40,"key":"Onion Ring"},{"floor":43,"key":"Dota2Spire:EchoSabre"},{"floor":45,"key":"DoctorsRemote"},{"floor":54,"key":"ScarletDevilRocket"}],"event_choices":[{"damage_healed":0,"gold_gain":0,"player_choice":"Fought Bandits","damage_taken":0,"max_hp_gain":0,"max_hp_loss":0,"event_name":"Masked Bandits","floor":22,"gold_loss":0},{"damage_healed":0,"gold_gain":0,"player_choice":"Read","damage_taken":0,"max_hp_gain":0,"max_hp_loss":0,"event_name":"The Library","floor":27,"gold_loss":0,"cards_obtained":["PlaceholderMod:Colorful"]},{"damage_healed":0,"gold_gain":0,"player_choice":"Fight","damage_taken":0,"max_hp_gain":0,"max_hp_loss":0,"event_name":"MindBloom","floor":37,"gold_loss":0},{"damage_healed":0,"gold_gain":222,"player_choice":"Wore Mask","damage_taken":0,"max_hp_gain":0,"max_hp_loss":0,"event_name":"Tomb of Lord Red Mask","floor":49,"gold_loss":0}],"is_beta":false,"boss_relics":[{"not_picked":["Cursed Key","Abe\u0027s Treasure"],"picked":"EE1DDrone"},{"not_picked":[]},{"not_picked":["NightmareShop","ReplayTheSpireMod:DimensionalGlitch"],"picked":"Dota2Spire:RefresherOrb"},{"not_picked":[]}],"items_purged_floors":[14],"is_endless":false,"potions_floor_spawned":[3,5,11,12,16,18,28,29,31,33,35,37,40,42,48,54],"ascension_level":0}}