{"host":"2tgyrzvaa7l04o2e","time":1610829145,"event":{"mods":["BaseMod","Highlight Path","Minty Spire (QoL Compilation)","Permanent Neow","Relic Stats"],"gold_per_floor":[115,115,115,125,125,125,153,153,178,103,137,137,148,148,148,243,243,262,295,318,331,331,331,356,394,421,421,421,437,455,455,455,455,455],"floor_reached":33,"language":"ENG","playtime":1155,"items_purged":["Defend_G"],"score":546,"play_id":"c9f4f7fb-9b2d-40c7-a860-835dded486b5","local_time":"20210116213225","is_ascension_mode":true,"campfire_choices":[{"data":"Skewer","floor":6,"key":"SMITH"},{"data":"Crippling Poison","floor":8,"key":"SMITH"},{"data":"Neutralize","floor":12,"key":"SMITH"},{"floor":15,"key":"REST"},{"floor":23,"key":"REST"},{"floor":28,"key":"REST"},{"floor":32,"key":"RECALL"}],"circlet_count":0,"master_deck":["AscendersBane","Strike_G+1","Strike_G+1","Strike_G+1","Strike_G+1","Strike_G+1","Defend_G+1","Defend_G+1","Defend_G+1","Defend_G+1","Survivor","Neutralize+1","Crippling Poison+1","Skewer+1","PiercingWail","PiercingWail","Die Die Die","Cloak And Dagger"],"relics":["Ring of the Snake","Nunchaku","Happy Flower","Ice Cream","Centennial Puzzle","Lantern","Bloody Idol","Busted Crown","Red Mask","Toy Ornithopter","Smiling Mask"],"acts_visited":["Exordium","TheCity"],"potions_floor_usage":[7,11,25],"damage_taken":[{"damage":7,"enemies":"Cultist","floor":1,"turns":6},{"damage":9,"enemies":"Small Slimes","floor":4,"turns":5},{"damage":4,"enemies":"Gremlin Nob","floor":7,"turns":3},{"damage":14,"enemies":"Lagavulin","floor":11,"turns":6},{"damage":0,"enemies":"2 Louse","floor":13,"turns":2},{"damage":27,"enemies":"The Guardian","floor":16,"turns":11},{"damage":20,"enemies":"Shell Parasite","floor":18,"turns":5},{"damage":20,"enemies":"Masked Bandits","floor":19,"turns":4},{"damage":0,"enemies":"Spheric Guardian","floor":20,"turns":3},{"damage":3,"enemies":"Centurion and Healer","floor":21,"turns":4},{"damage":0,"enemies":"Snake Plant","floor":24,"turns":5},{"damage":23,"enemies":"Gremlin Leader","floor":25,"turns":5},{"damage":3,"enemies":"Chosen and Byrds","floor":29,"turns":6},{"damage":0,"enemies":"Snecko","floor":30,"turns":3},{"damage":53,"enemies":"Automaton","floor":33,"turns":6}],"seed_played":"-5913970906900118077","potions_obtained":[{"floor":1,"key":"Block Potion"},{"floor":4,"key":"Energy Potion"},{"floor":24,"key":"CultistPotion"},{"floor":30,"key":"Block Potion"}],"is_trial":false,"path_per_floor":["M","?","?","M","?","R","E","R","T","$","E","R","M","?","R","B",null,"M","?","M","M","?","R","M","E","T","?","R","M","M","?","R","B"],"character_chosen":"THE_SILENT","items_purchased":[],"campfire_rested":3,"item_purchase_floors":[],"current_hp_per_floor":[52,57,57,48,43,43,39,39,39,39,25,25,25,25,44,17,52,32,12,12,9,9,28,28,5,5,5,24,26,31,31,31,0,0],"gold":455,"neow_bonus":"RANDOM_COMMON_RELIC","is_daily":false,"chose_seed":false,"campfire_upgraded":3,"win_rate":0.0,"timestamp":1610829145,"path_taken":["M","?","?","M","?","R","E","R","T","$","E","R","M","?","R","BOSS","M","?","M","M","?","R","M","E","T","?","R","M","M","?","R","BOSS"],"items_purchased_type":[],"build_version":"2020-12-22","purchased_purges":1,"victory":false,"max_hp_per_floor":[66,71,71,71,71,71,71,71,71,71,71,71,71,64,64,64,64,64,64,64,64,64,64,64,64,64,64,64,64,64,64,64,64,64],"relic_stats":{"Nunchaku":[12],"Centennial Puzzle":[24],"Busted Crown":16,"Happy Flower":[21],"counters":[15,74],"Bloody Idol":10,"Smiling Mask":0,"obtain_stats":[{"Ice Cream":7,"Nunchaku":0,"Centennial Puzzle":9,"Lantern":11,"Busted Crown":17,"Happy Flower":5,"Golden Idol":14,"Bloody Idol":27,"Red Mask":19,"Smiling Mask":26,"Toy Ornithopter":25,"Ring of the Snake":0},{"Ice Cream":3,"Nunchaku":0,"Centennial Puzzle":3,"Lantern":4,"Busted Crown":6,"Happy Flower":2,"Golden Idol":5,"Bloody Idol":12,"Red Mask":8,"Smiling Mask":12,"Toy Ornithopter":12,"Ring of the Snake":0},{"Ice Cream":14,"Nunchaku":0,"Centennial Puzzle":14,"Lantern":20,"Busted Crown":33,"Happy Flower":11,"Golden Idol":22,"Bloody Idol":59,"Red Mask":42,"Smiling Mask":59,"Toy Ornithopter":59,"Ring of the Snake":0}],"Toy Ornithopter":0,"Ring of the Snake":[30]},"card_choices":[{"not_picked":["Slice","Choke"],"picked":"Crippling Poison","floor":1},{"not_picked":["Deflect","Calculated Gamble"],"picked":"Skewer","floor":4},{"not_picked":["Dagger Throw","Bane"],"picked":"PiercingWail","floor":7},{"not_picked":["Dagger Throw","Outmaneuver"],"picked":"PiercingWail","floor":11},{"not_picked":["Acrobatics","Dagger Throw","Bane"],"picked":"SKIP","floor":13},{"not_picked":["Corpse Explosion","Envenom"],"picked":"Die Die Die","floor":16},{"not_picked":["Dagger Throw"],"picked":"SKIP","floor":18},{"not_picked":[],"picked":"Cloak And Dagger","floor":19},{"not_picked":["Masterful Stab"],"picked":"SKIP","floor":20},{"not_picked":["Dagger Throw"],"picked":"SKIP","floor":21},{"not_picked":["Distraction"],"picked":"SKIP","floor":24},{"not_picked":["Outmaneuver"],"picked":"SKIP","floor":25},{"not_picked":["Sucker Punch"],"picked":"SKIP","floor":29},{"not_picked":["PiercingWail"],"picked":"SKIP","floor":30}],"player_experience":618339,"relics_obtained":[{"floor":7,"key":"Ice Cream"},{"floor":9,"key":"Centennial Puzzle"},{"floor":11,"key":"Lantern"},{"floor":19,"key":"Red Mask"},{"floor":25,"key":"Toy Ornithopter"},{"floor":26,"key":"Smiling Mask"}],"event_choices":[{"damage_healed":0,"gold_gain":0,"player_choice":"Donut","damage_taken":0,"max_hp_gain":5,"max_hp_loss":0,"event_name":"Big Fish","floor":2,"gold_loss":0},{"damage_healed":0,"gold_gain":0,"player_choice":"Ignored","damage_taken":0,"max_hp_gain":0,"max_hp_loss":0,"event_name":"Liars Game","floor":3,"gold_loss":0},{"damage_healed":0,"gold_gain":0,"player_choice":"Success","damage_taken":5,"relics_obtained":["Happy Flower"],"max_hp_gain":0,"max_hp_loss":0,"event_name":"Scrap Ooze","floor":5,"gold_loss":0},{"damage_healed":0,"gold_gain":0,"player_choice":"Lose Max HP","damage_taken":0,"relics_obtained":["Golden Idol"],"max_hp_gain":0,"max_hp_loss":7,"event_name":"Golden Idol","floor":14,"gold_loss":0},{"damage_healed":0,"gold_gain":0,"player_choice":"Fought Bandits","damage_taken":0,"max_hp_gain":0,"max_hp_loss":0,"event_name":"Masked Bandits","floor":19,"gold_loss":0},{"damage_healed":0,"gold_gain":0,"player_choice":"Simplicity","damage_taken":0,"max_hp_gain":0,"max_hp_loss":0,"event_name":"Back to Basics","floor":22,"gold_loss":0,"cards_upgraded":["Strike_G","Strike_G","Strike_G","Strike_G","Strike_G","Defend_G","Defend_G","Defend_G","Defend_G"]},{"damage_healed":0,"gold_gain":0,"player_choice":"Gave Idol","damage_taken":0,"relics_obtained":["Bloody Idol"],"max_hp_gain":0,"max_hp_loss":0,"event_name":"Forgotten Altar","floor":27,"relics_lost":["Golden Idol"],"gold_loss":0},{"damage_healed":0,"gold_gain":0,"player_choice":"Ignored","damage_taken":0,"max_hp_gain":0,"max_hp_loss":0,"event_name":"The Mausoleum","floor":31,"gold_loss":0}],"is_beta":false,"boss_relics":[{"not_picked":["Tiny House","Philosopher\u0027s Stone"],"picked":"Busted Crown"}],"items_purged_floors":[10],"is_endless":false,"potions_floor_spawned":[1,4,24,30],"killed_by":"Automaton","ascension_level":20}}