{"host":"xh3brefae6wm9kl8","time":1610764864,"event":{"mods":["AchievementEnabler","BaseMod","GifTheSpireLib","Keyboard Shortcuts","Minty Spire (QoL Compilation)","Permanent Neow","Relic Stats","StSLib","SuperFastMode"],"gold_per_floor":[111,129,129,94,108,143,143,175,243,243,270,220,240,240,240,316,316,327,358,338,349,359,359,391,420,481,510,552,575,607,607,607,695,695,706,706,715,342,362,389,389,428,460,156,193,202,221,244,244,244,244,244,30,70,70],"floor_reached":56,"language":"KOR","playtime":4524,"items_purged":["Strike_G","Regret","Regret","Strike_G+1"],"score":2616,"play_id":"02a10c33-326b-41ae-970b-bae3d2224a58","local_time":"20210116114104","is_ascension_mode":true,"campfire_choices":[{"data":"Dash","floor":7.0,"key":"SMITH"},{"data":"Neutralize","floor":15.0,"key":"SMITH"},{"data":"Cloak And Dagger","floor":23.0,"key":"SMITH"},{"floor":32,"key":"REST"},{"floor":41,"key":"RECALL"},{"data":"Cloak And Dagger","floor":49,"key":"SMITH"},{"data":"Footwork","floor":52,"key":"SMITH"}],"circlet_count":0,"master_deck":["AscendersBane","Strike_G+1","Strike_G+1","Defend_G+1","Defend_G+1","Defend_G+1","Defend_G+1","Defend_G+1","Survivor+1","Neutralize+1","Dagger Throw","Dash+1","Backstab","Backflip","Cloak And Dagger+1","Eviscerate","Cloak And Dagger+1","Backflip","Blade Dance","Cloak And Dagger+1","Clumsy","Cloak And Dagger+1","PiercingWail","Infinite Blades","Storm of Steel","Footwork+1","Endless Agony","Endless Agony+1","Backflip+1","Clumsy","Parasite","After Image"],"relics":["Ring of the Snake","Du-Vu Doll","Dead Branch","Smiling Mask","Nunchaku","Paper Crane","Art of War","Happy Flower","Cursed Key","Red Mask","WingedGreaves","CeramicFish","Bag of Preparation","Bottled Flame","Akabeko","Black Star","War Paint","Medical Kit","Vajra","Blue Candle","Anchor","MealTicket","Lantern","Meat on the Bone","Sundial","Mummified Hand","Chemical X","Centennial Puzzle","Bottled Tornado"],"acts_visited":["Exordium","TheCity","TheBeyond","TheEnding"],"potions_floor_usage":[30,30,50,54,55],"damage_taken":[{"damage":0.0,"enemies":"2 Louse","floor":1.0,"turns":2.0},{"damage":0.0,"enemies":"Jaw Worm","floor":2.0,"turns":5.0},{"damage":0.0,"enemies":"Small Slimes","floor":5.0,"turns":2.0},{"damage":19.0,"enemies":"Gremlin Nob","floor":6.0,"turns":5.0},{"damage":7.0,"enemies":"3 Sentries","floor":8.0,"turns":5.0},{"damage":4.0,"enemies":"Lagavulin","floor":11.0,"turns":5.0},{"damage":0.0,"enemies":"Looter","floor":13.0,"turns":1.0},{"damage":16.0,"enemies":"Hexaghost","floor":16.0,"turns":8.0},{"damage":7.0,"enemies":"Shell Parasite","floor":18.0,"turns":3.0},{"damage":7.0,"enemies":"Masked Bandits","floor":19.0,"turns":4.0},{"damage":0.0,"enemies":"3 Byrds","floor":21.0,"turns":3.0},{"damage":8.0,"enemies":"Shelled Parasite and Fungi","floor":22.0,"turns":3.0},{"damage":0.0,"enemies":"Slavers","floor":24.0,"turns":2.0},{"damage":6.0,"enemies":"Gremlin Leader","floor":25.0,"turns":5.0},{"damage":6.0,"enemies":"3 Cultists","floor":27.0,"turns":4.0},{"damage":0.0,"enemies":"Slavers","floor":28.0,"turns":3.0},{"damage":6.0,"enemies":"Snake Plant","floor":29.0,"turns":2.0},{"damage":0,"enemies":"Gremlin Leader","floor":30,"turns":1},{"damage":10,"enemies":"Collector","floor":33,"turns":7},{"damage":0,"enemies":"3 Shapes","floor":35,"turns":3},{"damage":0,"enemies":"Orb Walker","floor":39,"turns":1},{"damage":1,"enemies":"Giant Head","floor":40,"turns":3},{"damage":0,"enemies":"Reptomancer","floor":42,"turns":2},{"damage":1,"enemies":"Nemesis","floor":45,"turns":3},{"damage":0,"enemies":"4 Shapes","floor":47,"turns":1},{"damage":1,"enemies":"Writhing Mass","floor":48,"turns":2},{"damage":54,"enemies":"Time Eater","floor":50,"turns":11},{"damage":2,"enemies":"Shield and Spear","floor":54,"turns":2},{"damage":36,"enemies":"The Heart","floor":55,"turns":7}],"seed_played":"5413221915363073196","potions_obtained":[{"floor":2.0,"key":"Weak Potion"},{"floor":8.0,"key":"Weak Potion"},{"floor":16.0,"key":"AttackPotion"},{"floor":18.0,"key":"Energy Potion"},{"floor":20.0,"key":"FearPotion"},{"floor":39,"key":"Weak Potion"},{"floor":42,"key":"SteroidPotion"},{"floor":54,"key":"PowerPotion"}],"is_trial":false,"path_per_floor":["M","M","?","?","M","E","R","E","T","?","E","$","M","?","R","B",null,"M","?","?","M","M","R","E","E","T","M","E","M","E","?","R","B",null,"M","?","?","$","M","E","R","E","T","$","E","T","M","M","R","B",null,"R","$","E","B",null],"character_chosen":"THE_SILENT","items_purchased":["War Paint","Medical Kit","Lantern","CunningPotion","Chemical X"],"campfire_rested":1,"item_purchase_floors":[38,38,44,44,53],"current_hp_per_floor":[44,44,44,60,60,41,41,34,34,34,30,30,30,30,30,14,53,46,39,39,39,31,31,31,25,25,19,19,13,13,13,32,22,55,55,55,55,55,55,54,54,54,54,66,65,65,65,64,64,22,55,55,66,64,40],"gold":70,"neow_bonus":"ONE_RARE_RELIC","is_daily":false,"chose_seed":false,"campfire_upgraded":5,"win_rate":0.0,"timestamp":1610764864,"path_taken":["M","M","?","?","M","E","R","E","T","?","E","?","M","?","R","BOSS","M","?","?","?","M","R","E","E","T","M","E","M","E","?","R","BOSS","M","?","?","$","?","E","R","E","T","$","E","?","M","M","R","BOSS","R","$","E","BOSS"],"items_purchased_type":["Relic","Relic","Relic","Potion","Relic"],"build_version":"2020-12-22","purchased_purges":4,"victory":true,"max_hp_per_floor":[66,66,66,66,66,66,66,66,66,66,66,66,66,66,66,66,66,66,66,66,66,66,66,66,66,66,66,66,66,66,66,66,66,66,66,66,66,66,66,66,66,66,66,66,66,66,66,66,66,66,66,66,66,66,66],"relic_stats":{"Happy Flower":[27],"counters":[29,105],"Dead Branch":[368],"CeramicFish":117,"Blue Candle":[8],"Bag of Preparation":[31],"War Paint":["Survivor","Cloak And Dagger"],"Smiling Mask":250,"Cursed Key":3,"Medical Kit":[3],"Nunchaku":[45],"Centennial Puzzle":[1],"Sundial":[0],"Mummified Hand":[24],"MealTicket":23,"Art of War":[0],"Black Star":4,"Chemical X":[2],"obtain_stats":[{"Lantern":44,"CeramicFish":25,"Vajra":40,"Bag of Preparation":26,"Bottled Tornado":54,"Smiling Mask":6,"Cursed Key":17,"Nunchaku":8,"Centennial Puzzle":54,"Sundial":45,"Mummified Hand":46,"MealTicket":42,"WingedGreaves":24,"Red Mask":19,"Chemical X":53,"Ring of the Snake":0,"Happy Flower":11,"Dead Branch":3,"Blue Candle":40,"Paper Crane":9,"War Paint":38,"Medical Kit":38,"Akabeko":30,"Du-Vu Doll":0,"Bottled Flame":28,"Anchor":42,"Art of War":10,"Black Star":34,"Meat on the Bone":45},{"Lantern":23,"CeramicFish":14,"Vajra":22,"Bag of Preparation":14,"Bottled Tornado":28,"Smiling Mask":4,"Cursed Key":8,"Nunchaku":5,"Centennial Puzzle":28,"Sundial":24,"Mummified Hand":24,"MealTicket":23,"WingedGreaves":13,"Red Mask":10,"Chemical X":27,"Ring of the Snake":0,"Happy Flower":6,"Dead Branch":2,"Blue Candle":22,"Paper Crane":5,"War Paint":20,"Medical Kit":20,"Akabeko":18,"Du-Vu Doll":0,"Bottled Flame":16,"Anchor":23,"Art of War":5,"Black Star":19,"Meat on the Bone":24},{"Lantern":79,"CeramicFish":53,"Vajra":77,"Bag of Preparation":53,"Bottled Tornado":98,"Smiling Mask":14,"Cursed Key":33,"Nunchaku":19,"Centennial Puzzle":98,"Sundial":82,"Mummified Hand":82,"MealTicket":79,"WingedGreaves":48,"Red Mask":40,"Chemical X":96,"Ring of the Snake":0,"Happy Flower":24,"Dead Branch":7,"Blue Candle":77,"Paper Crane":19,"War Paint":73,"Medical Kit":73,"Akabeko":63,"Du-Vu Doll":0,"Bottled Flame":60,"Anchor":79,"Art of War":19,"Black Star":70,"Meat on the Bone":82}],"Ring of the Snake":[58],"Meat on the Bone":24},"card_choices":[{"not_picked":["Flying Knee","Acrobatics"],"picked":"Dagger Throw","floor":1.0},{"not_picked":["Leg Sweep","Expertise"],"picked":"Dash","floor":2.0},{"not_picked":["Dagger Spray","Dodge and Roll"],"picked":"Backstab","floor":5.0},{"not_picked":["Accuracy","Burst"],"picked":"Backflip","floor":6.0},{"not_picked":["Concentrate","Prepared","Night Terror"],"picked":"SKIP","floor":8.0},{"not_picked":["Poisoned Stab","Concentrate"],"picked":"Cloak And Dagger","floor":11.0},{"not_picked":["Acrobatics","Terror"],"picked":"Eviscerate","floor":13.0},{"not_picked":["Dash","Quick Slash","Bouncing Flask"],"picked":"SKIP","floor":18.0},{"not_picked":["Quick Slash","Expertise+1"],"picked":"Cloak And Dagger","floor":19.0},{"not_picked":["Dagger Throw","Escape Plan"],"picked":"Backflip","floor":21.0},{"not_picked":["Crippling Poison+1","Bane"],"picked":"Blade Dance","floor":22.0},{"not_picked":["Dodge and Roll","Malaise"],"picked":"Cloak And Dagger","floor":24.0},{"not_picked":["Quick Slash","Prepared","Riddle With Holes"],"picked":"SKIP","floor":25.0},{"not_picked":["Deadly Poison","Slice"],"picked":"Cloak And Dagger","floor":27.0},{"not_picked":["Footwork","Doppelganger"],"picked":"PiercingWail","floor":28.0},{"not_picked":["Bane","Dagger Spray"],"picked":"Infinite Blades","floor":29.0},{"not_picked":["All Out Attack","Choke","Dagger Spray"],"picked":"SKIP","floor":30},{"not_picked":["A Thousand Cuts","Malaise"],"picked":"Storm of Steel","floor":33},{"not_picked":["Bane+1","Sucker Punch","Dagger Throw"],"picked":"SKIP","floor":35},{"not_picked":["Concentrate","Caltrops+1"],"picked":"Endless Agony","floor":39},{"not_picked":["Blur","Flying Knee+1","Slice"],"picked":"SKIP","floor":40},{"not_picked":["Sucker Punch","Dagger Spray"],"picked":"Endless Agony+1","floor":42},{"not_picked":["Bouncing Flask","Quick Slash"],"picked":"Backflip+1","floor":45},{"not_picked":["Unload","Dagger Throw+1","Dash+1"],"picked":"SKIP","floor":47},{"not_picked":["Dagger Spray","Deflect+1","Expertise+1"],"picked":"SKIP","floor":48},{"not_picked":["Heel Hook+1","Dodge and Roll"],"picked":"After Image","floor":54}],"player_experience":408032,"relics_obtained":[{"floor":6.0,"key":"Smiling Mask"},{"floor":8.0,"key":"Nunchaku"},{"floor":9.0,"key":"Paper Crane"},{"floor":11.0,"key":"Happy Flower"},{"floor":19.0,"key":"Red Mask"},{"floor":24.0,"key":"WingedGreaves"},{"floor":25.0,"key":"CeramicFish"},{"floor":26.0,"key":"Bag of Preparation"},{"floor":28.0,"key":"Bottled Flame"},{"floor":30,"key":"Akabeko"},{"floor":40,"key":"Vajra"},{"floor":40,"key":"Blue Candle"},{"floor":42,"key":"Anchor"},{"floor":42,"key":"MealTicket"},{"floor":45,"key":"Meat on the Bone"},{"floor":45,"key":"Sundial"},{"floor":46,"key":"Mummified Hand"},{"floor":54,"key":"Centennial Puzzle"},{"floor":54,"key":"Bottled Tornado"}],"event_choices":[{"damage_healed":0.0,"max_hp_gain":0.0,"max_hp_loss":0.0,"gold_gain":0.0,"event_name":"Big Fish","player_choice":"Box","floor":3.0,"gold_loss":0.0,"damage_taken":0.0,"relics_obtained":["Dead Branch"],"cards_obtained":["Regret"]},{"damage_healed":16.0,"max_hp_gain":0.0,"max_hp_loss":0.0,"gold_gain":0.0,"event_name":"The Cleric","player_choice":"Healed","floor":4.0,"gold_loss":35.0,"damage_taken":0.0},{"damage_healed":0.0,"max_hp_gain":0.0,"max_hp_loss":0.0,"gold_gain":0.0,"event_name":"Dead Adventurer","player_choice":"Searched \u00271\u0027 times","floor":10.0,"gold_loss":0.0,"damage_taken":0.0,"relics_obtained":["Art of War"]},{"damage_healed":0.0,"max_hp_gain":0.0,"max_hp_loss":0.0,"gold_gain":0.0,"event_name":"Living Wall","player_choice":"Grow","floor":14.0,"gold_loss":0.0,"damage_taken":0.0,"cards_upgraded":["Cloak And Dagger"]},{"damage_healed":0.0,"max_hp_gain":0.0,"max_hp_loss":0.0,"gold_gain":0.0,"event_name":"Masked Bandits","player_choice":"Fought Bandits","floor":19.0,"gold_loss":0.0,"damage_taken":0.0},{"damage_healed":0.0,"max_hp_gain":0.0,"max_hp_loss":0.0,"gold_gain":0.0,"event_name":"The Woman in Blue","player_choice":"Bought 1 Potion","floor":20.0,"gold_loss":0.0,"damage_taken":0.0},{"damage_healed":0,"gold_gain":0,"player_choice":"Simplicity","damage_taken":0,"max_hp_gain":0,"max_hp_loss":0,"event_name":"Back to Basics","floor":31,"gold_loss":0,"cards_upgraded":["Strike_G","Strike_G","Strike_G","Strike_G","Defend_G","Defend_G","Defend_G","Defend_G","Defend_G"]},{"cards_removed":["Strike_G"],"damage_healed":0,"gold_gain":0,"player_choice":"Removed Attack","damage_taken":0,"max_hp_gain":0,"max_hp_loss":0,"event_name":"Falling","floor":36,"gold_loss":0},{"damage_healed":0,"gold_gain":0,"player_choice":"1 cards matched","damage_taken":0,"max_hp_gain":0,"max_hp_loss":0,"event_name":"Match and Keep!","floor":37,"gold_loss":0,"cards_obtained":["Footwork"]}],"is_beta":false,"boss_relics":[{"not_picked":["SlaversCollar","Empty Cage"],"picked":"Cursed Key"},{"not_picked":["Tiny House","Velvet Choker"],"picked":"Black Star"}],"items_purged_floors":[12,38,44,53],"is_endless":false,"potions_floor_spawned":[2,8,16,18,22,24,27,29,39,42,48,54],"ascension_level":18}}