{"host":"az1ex86qolajid0q","time":1610755451,"event":{"mods":["2.2 Compatiblity","AchievementEnabler","Astrologer","BaseMod","Beaked The Cultist","Better Altar","Better Match","Better Note","Better Sensory Stone","Better Skull","Better Third Choice","Better Vampires","BetterRewards","Colored Map","Colored Powertips","Downfall","Energized Spire","Hermit","Jorbs\u0027s Wanderer Trilogy","Minty Spire (QoL Compilation)","Permanent Neow","Rare Cards Sparkle","Relic Sorter","Relic Stats","Shop Mod","Spicy Shops","StSLib","The Construct"],"gold_per_floor":[114,114,64,64,80,80,115,128,128,128,128],"floor_reached":10,"language":"ENG","playtime":430,"items_purged":[],"score":99,"play_id":"208b9c87-427e-4cd9-80c6-8b2e9079ba78","local_time":"20210115180411","is_ascension_mode":true,"campfire_choices":[{"data":"Creative AI","floor":6,"key":"SMITH"}],"circlet_count":0,"master_deck":["AscendersBane","Eruption","Vigilance","TalkToTheHand","FearNoEvil","FlyingSleeves","Ragnarok+1","ReachHeaven","ClearTheMind","LikeWater","Creative AI+1","Conclude","WheelKick"],"relics":["Pandora\u0027s Box","Prayer Wheel","construct:FoamFinger"],"acts_visited":["Exordium"],"potions_floor_usage":[10,10],"damage_taken":[{"damage":6,"enemies":"Jaw Worm","floor":1,"turns":2},{"damage":0,"enemies":"2 Louse","floor":5,"turns":3},{"damage":20,"enemies":"Gremlin Nob","floor":7,"turns":5},{"damage":0,"enemies":"Cultist","floor":8,"turns":3},{"damage":27,"enemies":"3 Sentries","floor":10,"turns":4}],"seed_played":"-1732948224329464013","potions_obtained":[{"floor":5,"key":"CultistPotion"},{"floor":7,"key":"Energy Potion"}],"is_trial":false,"path_per_floor":["M","?","?","?","M","R","E","M","T","E"],"character_chosen":"WATCHER","items_purchased":[],"campfire_rested":0,"item_purchase_floors":[],"current_hp_per_floor":[59,43,43,43,43,43,23,23,23,0,0],"gold":128,"neow_bonus":"BOSS_RELIC","is_daily":false,"chose_seed":false,"campfire_upgraded":1,"win_rate":0.0,"timestamp":1610755451,"path_taken":["M","?","?","?","?","R","E","M","T","E"],"items_purchased_type":[],"build_version":"2020-12-22","purchased_purges":0,"victory":false,"max_hp_per_floor":[72,72,72,72,72,72,72,72,72,72,72],"relic_stats":{"counters":[5,17],"Pandora\u0027s Box":["TalkToTheHand","FearNoEvil","FlyingSleeves","Fasting2","Ragnarok","ReachHeaven","ClearTheMind","LikeWater"],"Prayer Wheel":2,"obtain_stats":[{"construct:FoamFinger":7,"Pandora\u0027s Box":0,"Prayer Wheel":2,"PureWater":0},{"construct:FoamFinger":3,"Pandora\u0027s Box":0,"Prayer Wheel":1,"PureWater":0},{"construct:FoamFinger":10,"Pandora\u0027s Box":0,"Prayer Wheel":2,"PureWater":0}]},"card_choices":[{"not_picked":["ClearTheMind","SashWhip","FollowUp"],"picked":"SKIP","floor":1},{"not_picked":["Pray","PathToVictory"],"picked":"Conclude","floor":5},{"not_picked":["Protect","CrushJoints","FlurryOfBlows"],"picked":"SKIP","floor":5},{"not_picked":["Vengeance","Prostrate"],"picked":"WheelKick","floor":7},{"not_picked":["WindmillStrike","Pray","Crescendo"],"picked":"SKIP","floor":8},{"not_picked":["Wish","FlurryOfBlows","CutThroughFate"],"picked":"SKIP","floor":8}],"player_experience":675558,"relics_obtained":[{"floor":7,"key":"construct:FoamFinger"}],"event_choices":[{"cards_removed":["Fasting2"],"damage_healed":0,"gold_gain":0,"player_choice":"Card Removal","damage_taken":0,"max_hp_gain":0,"max_hp_loss":0,"event_name":"The Cleric","floor":3,"gold_loss":50},{"damage_healed":0,"gold_gain":0,"player_choice":"Grow","damage_taken":0,"max_hp_gain":0,"max_hp_loss":0,"event_name":"Living Wall","floor":4,"gold_loss":0,"cards_upgraded":["Ragnarok"]}],"is_beta":false,"boss_relics":[],"items_purged_floors":[],"is_endless":false,"potions_floor_spawned":[5,7],"killed_by":"3 Sentries","ascension_level":10}}