{"host":"vyjryxuuuxkt43k4","time":1610774476,"event":{"mods":["AchievementEnabler","BaseMod","Colored Map","DeckTracker","Minty Spire (QoL Compilation)","Permanent Neow","Quick Restart","StSLib","SuperFastMode","everything is the same but u backflip on backflip"],"gold_per_floor":[118,135,147,166,183,216,216,226,251,277,277,307,307,322,322,420,420,437,455,472,487,268,268,287,317,317,343,90,90,122,133,133,235,235,248,259,239,254,15,57,78,0,0,0,35,35,59,92,92,92,92,92,19,46,46],"floor_reached":56,"language":"KOR","playtime":3290,"items_purged":["Strike_R"],"score":1775,"play_id":"cd5e6fbb-7a55-4089-938e-ab1fa1ab98a1","local_time":"20210116142116","is_ascension_mode":true,"campfire_choices":[{"data":"Perfected Strike","floor":7.0,"key":"SMITH"},{"data":"Feed","floor":15.0,"key":"SMITH"},{"data":"Corruption","floor":23.0,"key":"SMITH"},{"data":"Perfected Strike","floor":29.0,"key":"SMITH"},{"floor":32.0,"key":"RECALL"},{"data":"Trip","floor":46,"key":"SMITH"},{"data":"Offering","floor":49,"key":"SMITH"},{"data":"Inflame","floor":52,"key":"SMITH"}],"circlet_count":0,"master_deck":["Strike_R","Strike_R","Strike_R","Strike_R","Defend_R","Defend_R","Defend_R","Defend_R","Bash","Shrug It Off","Cleave","Pommel Strike","Perfected Strike+1","Headbutt","Battle Trance","Feed+1","Perfected Strike+1","Shrug It Off","Corruption+1","Shockwave+1","Armaments+1","Perfected Strike","Pommel Strike","Offering+1","Inflame+1","Flame Barrier","Twin Strike","Pommel Strike","Exhume","Warcry+1","Trip+1","Infernal Blade+1","Flex+1","Shrug It Off+1","Impervious+1"],"relics":["Burning Blood","PreservedInsect","Darkstone Periapt","Nunchaku","Pear","Dream Catcher","Boot","Snecko Eye","Letter Opener","Singing Bowl","Mango","Paper Frog","Pocketwatch","Mark of Pain","OrangePellets","CeramicFish","Red Mask","Toxic Egg 2","Eternal Feather","Bag of Preparation"],"acts_visited":["Exordium","TheCity","TheBeyond","TheEnding"],"potions_floor_usage":[41,48,55,55,55],"damage_taken":[{"damage":0.0,"enemies":"2 Louse","floor":1.0,"turns":3.0},{"damage":2.0,"enemies":"Small Slimes","floor":2.0,"turns":6.0},{"damage":1.0,"enemies":"Cultist","floor":3.0,"turns":5.0},{"damage":3.0,"enemies":"Blue Slaver","floor":4.0,"turns":6.0},{"damage":11.0,"enemies":"Looter","floor":5.0,"turns":2.0},{"damage":8.0,"enemies":"Gremlin Nob","floor":6.0,"turns":3.0},{"damage":15.0,"enemies":"Red Slaver","floor":8.0,"turns":4.0},{"damage":22.0,"enemies":"3 Sentries","floor":10.0,"turns":5.0},{"damage":0.0,"enemies":"Gremlin Nob","floor":12.0,"turns":2.0},{"damage":10.0,"enemies":"Gremlin Gang","floor":14.0,"turns":6.0},{"damage":49.0,"enemies":"Hexaghost","floor":16.0,"turns":9.0},{"damage":24.0,"enemies":"3 Byrds","floor":18.0,"turns":5.0},{"damage":4.0,"enemies":"Shell Parasite","floor":19.0,"turns":4.0},{"damage":0.0,"enemies":"Snecko","floor":20.0,"turns":2.0},{"damage":0.0,"enemies":"Snake Plant","floor":21.0,"turns":2.0},{"damage":6.0,"enemies":"3 Cultists","floor":24.0,"turns":2.0},{"damage":10.0,"enemies":"Gremlin Leader","floor":25.0,"turns":3.0},{"damage":21.0,"enemies":"Slavers","floor":27.0,"turns":4.0},{"damage":26.0,"enemies":"Gremlin Leader","floor":30.0,"turns":4.0},{"damage":6.0,"enemies":"Shelled Parasite and Fungi","floor":31.0,"turns":2.0},{"damage":27.0,"enemies":"Collector","floor":33.0,"turns":6.0},{"damage":4.0,"enemies":"Orb Walker","floor":35.0,"turns":2.0},{"damage":24.0,"enemies":"3 Shapes","floor":36.0,"turns":4.0},{"damage":1.0,"enemies":"Transient","floor":38.0,"turns":5.0},{"damage":14,"enemies":"Giant Head","floor":40,"turns":4},{"damage":6,"enemies":"Spire Growth","floor":41,"turns":3},{"damage":6,"enemies":"Nemesis","floor":45,"turns":3},{"damage":14,"enemies":"4 Shapes","floor":47,"turns":4},{"damage":12,"enemies":"Giant Head","floor":48,"turns":1},{"damage":25,"enemies":"Donu and Deca","floor":50,"turns":5},{"damage":28,"enemies":"Shield and Spear","floor":54,"turns":3},{"damage":100,"enemies":"The Heart","floor":55,"turns":8}],"seed_played":"414631693730345636","potions_obtained":[{"floor":3.0,"key":"GamblersBrew"},{"floor":4.0,"key":"AttackPotion"},{"floor":8.0,"key":"Fire Potion"},{"floor":16.0,"key":"ElixirPotion"},{"floor":18.0,"key":"Block Potion"},{"floor":19.0,"key":"SkillPotion"},{"floor":25.0,"key":"BlessingOfTheForge"},{"floor":31.0,"key":"Weak Potion"},{"floor":36.0,"key":"Dexterity Potion"},{"floor":37.0,"key":"ColorlessPotion"},{"floor":41,"key":"Strength Potion"},{"floor":47,"key":"FearPotion"}],"is_trial":false,"path_per_floor":["M","M","M","M","M","E","R","M","T","E","?","E","?","M","R","B",null,"M","M","M","M","$","R","M","E","T","E","$","R","E","M","R","B",null,"M","M","?","M","$","E","M","?","T","?","E","R","M","E","R","B",null,"R","$","E","B",null],"character_chosen":"IRONCLAD","items_purchased":["Offering","Inflame","Paper Frog","OrangePellets","Trip","Regen Potion"],"campfire_rested":0,"item_purchase_floors":[22,22,28,39,39,53],"current_hp_per_floor":[78,80,80,80,75,73,73,64,64,61,61,67,72,71,71,32,87,69,75,85,95,95,95,95,91,91,94,94,94,76,78,78,57,119,123,111,111,116,116,108,108,108,108,108,112,112,104,100,121,102,140,153,153,133,54],"gold":46,"neow_bonus":"RANDOM_COMMON_RELIC","is_daily":false,"chose_seed":false,"campfire_upgraded":7,"win_rate":0.0,"timestamp":1610774476,"path_taken":["M","M","M","M","M","E","R","M","T","E","?","E","?","M","R","BOSS","M","M","M","M","$","R","M","E","T","E","$","R","E","M","R","BOSS","M","M","?","?","$","E","M","?","T","?","E","R","M","E","R","BOSS","R","$","E","BOSS"],"items_purchased_type":["Card","Card","Relic","Relic","Card","Potion"],"build_version":"2020-12-22","purchased_purges":1,"victory":true,"max_hp_per_floor":[80,80,80,80,80,80,80,80,80,93,93,93,98,101,101,105,105,105,109,113,117,117,117,117,117,117,135,135,135,137,139,139,139,139,141,147,147,147,147,147,147,147,147,147,151,151,151,153,153,153,153,153,153,155,155],"card_choices":[{"not_picked":["Wild Strike","Anger"],"picked":"Shrug It Off","floor":1.0},{"not_picked":["Wild Strike","Pommel Strike"],"picked":"Cleave","floor":2.0},{"not_picked":["Clothesline","Anger"],"picked":"Pommel Strike","floor":3.0},{"not_picked":["Infernal Blade","Pommel Strike"],"picked":"Perfected Strike","floor":4.0},{"not_picked":["Rampage","Shockwave"],"picked":"Headbutt","floor":5.0},{"not_picked":["Anger","Warcry"],"picked":"Battle Trance","floor":6.0},{"not_picked":["Blood for Blood","Rupture"],"picked":"Feed","floor":8.0},{"not_picked":["Intimidate","Body Slam"],"picked":"Perfected Strike","floor":10.0},{"not_picked":["Combust","Clothesline"],"picked":"Shrug It Off","floor":12.0},{"not_picked":["Flex","Power Through","Thunderclap"],"picked":"SKIP","floor":14.0},{"not_picked":["Double Tap","Fiend Fire"],"picked":"Corruption","floor":16.0},{"not_picked":["Dropkick","Sword Boomerang"],"picked":"Shockwave+1","floor":18.0},{"not_picked":["Shrug It Off","Disarm"],"picked":"Armaments+1","floor":19.0},{"not_picked":["Warcry","Thunderclap"],"picked":"Perfected Strike","floor":20.0},{"not_picked":["Anger","Intimidate+1"],"picked":"Pommel Strike","floor":21.0},{"not_picked":["Sword Boomerang+1","Body Slam"],"picked":"Flame Barrier","floor":24.0},{"not_picked":["Hemokinesis","Entrench"],"picked":"Twin Strike","floor":25.0},{"not_picked":["Havoc","Fiend Fire"],"picked":"Pommel Strike","floor":27.0},{"not_picked":["Hemokinesis","Clothesline","Whirlwind"],"picked":"Singing Bowl","floor":30.0},{"not_picked":["Bloodletting","Rampage","Armaments"],"picked":"Singing Bowl","floor":31.0},{"not_picked":["Juggernaut","Fiend Fire"],"picked":"Exhume","floor":33.0},{"not_picked":["Carnage+1","Whirlwind","Power Through"],"picked":"Singing Bowl","floor":35.0},{"not_picked":["Clash","Armaments","Thunderclap"],"picked":"Singing Bowl","floor":36.0},{"not_picked":["Blood for Blood","Thunderclap"],"picked":"Warcry+1","floor":38.0},{"not_picked":["Shrug It Off","Anger"],"picked":"Infernal Blade+1","floor":40},{"not_picked":["Clash","Body Slam"],"picked":"Flex+1","floor":41},{"not_picked":["Clothesline","Thunderclap"],"picked":"Shrug It Off+1","floor":45},{"not_picked":["Twin Strike","Sword Boomerang"],"picked":"Impervious+1","floor":47},{"not_picked":["Blood for Blood+1","Shrug It Off+1","Spot Weakness+1"],"picked":"Singing Bowl","floor":48},{"not_picked":["Clothesline","Armaments+1","Shrug It Off+1"],"picked":"Singing Bowl","floor":54}],"player_experience":359482,"relics_obtained":[{"floor":6.0,"key":"Darkstone Periapt"},{"floor":9.0,"key":"Nunchaku"},{"floor":10.0,"key":"Pear"},{"floor":12.0,"key":"Boot"},{"floor":25.0,"key":"Letter Opener"},{"floor":26.0,"key":"Singing Bowl"},{"floor":27.0,"key":"Mango"},{"floor":30.0,"key":"Pocketwatch"},{"floor":40,"key":"CeramicFish"},{"floor":45,"key":"Toxic Egg 2"},{"floor":48,"key":"Eternal Feather"},{"floor":54,"key":"Bag of Preparation"}],"event_choices":[{"damage_healed":0.0,"max_hp_gain":0.0,"max_hp_loss":0.0,"gold_gain":0.0,"event_name":"Dead Adventurer","player_choice":"Searched \u00271\u0027 times","floor":11.0,"gold_loss":0.0,"damage_taken":0.0,"relics_obtained":["Dream Catcher"]},{"damage_healed":0.0,"max_hp_gain":5.0,"max_hp_loss":0.0,"gold_gain":0.0,"event_name":"Big Fish","player_choice":"Donut","floor":13.0,"gold_loss":0.0,"damage_taken":0.0},{"damage_healed":0.0,"max_hp_gain":0.0,"max_hp_loss":0.0,"gold_gain":0.0,"event_name":"The Woman in Blue","player_choice":"Bought 1 Potion","floor":37.0,"gold_loss":0.0,"damage_taken":0.0},{"damage_healed":0,"gold_gain":0,"player_choice":"Paid","damage_taken":0,"relics_obtained":["Red Mask"],"max_hp_gain":0,"max_hp_loss":0,"event_name":"Tomb of Lord Red Mask","floor":42,"gold_loss":78},{"damage_healed":0,"gold_gain":0,"player_choice":"Ignored","damage_taken":0,"max_hp_gain":0,"max_hp_loss":0,"event_name":"SecretPortal","floor":44,"gold_loss":0}],"is_beta":false,"boss_relics":[{"not_picked":["Coffee Dripper","Runic Cube"],"picked":"Snecko Eye"},{"not_picked":["Philosopher\u0027s Stone","Calling Bell"],"picked":"Mark of Pain"}],"items_purged_floors":[22],"is_endless":false,"potions_floor_spawned":[3,4,8,16,18,19,25,31,36,41,47],"ascension_level":6}}