{"host":"ydg0vn0pu4pubmdt","time":1610832408,"event":{"mods":["AchievementEnabler","BaseMod","Colored Map","Gold Saver","Minty Spire (QoL Compilation)","Quick Restart","SuperFastMode"],"gold_per_floor":[11,11,28,42,58,58,87,87,87,97,97,97,111,111,111,215,215,230,230,230,242,23,23,23,23],"floor_reached":24,"language":"KOR","playtime":616,"items_purged":["Strike_B"],"score":299,"play_id":"0904906e-a635-41d5-bb99-32b6e723f71c","local_time":"20210117062648","is_ascension_mode":true,"campfire_choices":[{"data":"Dualcast","floor":6.0,"key":"SMITH"},{"data":"Defragment","floor":11.0,"key":"SMITH"},{"floor":15.0,"key":"REST"},{"data":"Genetic Algorithm","floor":23.0,"key":"SMITH"}],"circlet_count":0,"master_deck":["Strike_B","Defend_B","Defend_B","Defend_B","Zap+1","Dualcast+1","Core Surge","Beam Cell","Cold Snap","Conserve Battery","Coolheaded","Defragment+1","Ball Lightning","Buffer","Genetic Algorithm+1","Ghostly","Ghostly","Ghostly","Ghostly","Ghostly","Compile Driver"],"relics":["Cracked Core","Blue Candle","Bottled Tornado","WarpedTongs","Pear","Nuclear Battery","OrangePellets"],"acts_visited":["Exordium","TheCity"],"potions_floor_usage":[],"damage_taken":[{"damage":4.0,"enemies":"Jaw Worm","floor":1.0,"turns":3.0},{"damage":0.0,"enemies":"Cultist","floor":3.0,"turns":3.0},{"damage":2.0,"enemies":"2 Louse","floor":4.0,"turns":2.0},{"damage":7.0,"enemies":"Red Slaver","floor":5.0,"turns":3.0},{"damage":7.0,"enemies":"Lagavulin","floor":7.0,"turns":7.0},{"damage":2.0,"enemies":"Large Slime","floor":10.0,"turns":5.0},{"damage":5.0,"enemies":"3 Louse","floor":13.0,"turns":2.0},{"damage":24.0,"enemies":"The Guardian","floor":16.0,"turns":12.0},{"damage":16.0,"enemies":"Shell Parasite","floor":18.0,"turns":4.0},{"damage":10.0,"enemies":"3 Byrds","floor":21.0,"turns":7.0},{"damage":1,"enemies":"Book of Stabbing","floor":24,"turns":5}],"seed_played":"6928839967154761841","potions_obtained":[{"floor":4.0,"key":"Dexterity Potion"},{"floor":16.0,"key":"FocusPotion"},{"floor":18.0,"key":"Block Potion"}],"is_trial":false,"path_per_floor":["M","?","M","M","M","R","E","?","T","M","R","?","M","?","R","B",null,"M","?","?","M","$","R","E"],"character_chosen":"DEFECT","items_purchased":["OrangePellets"],"campfire_rested":1,"item_purchase_floors":[22],"current_hp_per_floor":[64,64,64,62,55,55,48,41,41,39,39,39,34,11,36,12,67,51,51,42,32,32,32,31,31],"gold":23,"neow_bonus":"TRANSFORM_TWO_CARDS","is_daily":false,"chose_seed":false,"campfire_upgraded":3,"win_rate":0.0,"timestamp":1610832408,"path_taken":["M","?","M","?","M","R","E","?","T","M","R","?","?","?","R","BOSS","M","?","?","M","$","R","E"],"items_purchased_type":["Relic"],"build_version":"2020-12-22","purchased_purges":1,"victory":false,"max_hp_per_floor":[75,75,75,75,75,75,75,75,75,75,75,75,75,85,85,85,85,85,85,42,42,42,42,42,42],"card_choices":[{"not_picked":["Steam","Stack"],"picked":"Cold Snap","floor":1.0},{"not_picked":["Static Discharge","Compile Driver"],"picked":"Conserve Battery","floor":3.0},{"not_picked":["Rebound","Thunder Strike"],"picked":"Coolheaded","floor":4.0},{"not_picked":["Cold Snap","Conserve Battery","Go for the Eyes"],"picked":"SKIP","floor":5.0},{"not_picked":["Coolheaded","Blizzard"],"picked":"Defragment","floor":7.0},{"not_picked":["Barrage","Recycle","Beam Cell"],"picked":"SKIP","floor":10.0},{"not_picked":["Storm","Gash"],"picked":"Ball Lightning","floor":13.0},{"not_picked":["Hyperbeam","Amplify"],"picked":"Buffer","floor":16.0},{"not_picked":["Go for the Eyes","Rebound"],"picked":"Genetic Algorithm","floor":18.0},{"not_picked":["Beam Cell","Barrage+1"],"picked":"Compile Driver","floor":21.0}],"player_experience":422357,"relics_obtained":[{"floor":7.0,"key":"Blue Candle"},{"floor":9.0,"key":"Bottled Tornado"}],"event_choices":[{"damage_healed":0.0,"max_hp_gain":0.0,"max_hp_loss":0.0,"gold_gain":0.0,"event_name":"Upgrade Shrine","player_choice":"Upgraded","floor":2.0,"gold_loss":0.0,"damage_taken":0.0,"cards_upgraded":["Zap"]},{"cards_removed":["Strike_B"],"damage_healed":0.0,"max_hp_gain":0.0,"max_hp_loss":0.0,"gold_gain":0.0,"event_name":"Golden Wing","player_choice":"Card Removal","floor":8.0,"gold_loss":0.0,"damage_taken":7.0},{"damage_healed":0.0,"max_hp_gain":0.0,"max_hp_loss":0.0,"gold_gain":0.0,"event_name":"Accursed Blacksmith","player_choice":"Rummage","floor":12.0,"gold_loss":0.0,"damage_taken":0.0,"relics_obtained":["WarpedTongs"],"cards_obtained":["Pain"]},{"damage_healed":0.0,"max_hp_gain":0.0,"max_hp_loss":0.0,"gold_gain":0.0,"event_name":"Scrap Ooze","player_choice":"Success","floor":14.0,"gold_loss":0.0,"damage_taken":33.0,"relics_obtained":["Pear"]},{"cards_removed":["Pain"],"damage_healed":0.0,"max_hp_gain":0.0,"max_hp_loss":0.0,"gold_gain":0.0,"event_name":"Back to Basics","player_choice":"Elegance","floor":19.0,"gold_loss":0.0,"damage_taken":0.0},{"damage_healed":0.0,"max_hp_gain":0.0,"max_hp_loss":43.0,"gold_gain":0.0,"event_name":"Ghosts","player_choice":"Became a Ghost","floor":20.0,"gold_loss":0.0,"damage_taken":0.0,"cards_obtained":["Ghostly","Ghostly","Ghostly","Ghostly","Ghostly"]}],"is_beta":false,"boss_relics":[{"not_picked":["Runic Pyramid","Fusion Hammer"],"picked":"Nuclear Battery"}],"items_purged_floors":[22],"is_endless":false,"potions_floor_spawned":[4,16,18],"killed_by":"Book of Stabbing","ascension_level":8}}