{"host":"0fmi5fguj5lvt8pf","time":1610783689,"event":{"mods":["BaseMod","Colored Map","Curses Come First","Downfall","Minty Spire (QoL Compilation)","Permanent Neow","StSLib"],"gold_per_floor":[99,38,38,51,36,36,114,127,156,256,256,272,106,106,116,219,219,219,235,235,235,246,256,308,320,620,620,632,644,344,161,171,267,267,267,284,301,313,352,352,404,404,404,423,423,436,436,454,471,471,471,471],"floor_reached":50,"language":"ENG","playtime":3538,"items_purged":["Slimebound:Defend_Slimebound","Pain","Slimebound:Tackle"],"score":521,"play_id":"d4af3e00-261b-450e-b051-2a00fa3081c0","local_time":"20210115235449","is_ascension_mode":false,"campfire_choices":[{"data":"Slimebound:CorrosiveSpit","floor":1.0,"key":"SMITH"},{"data":"Slimebound:SplitBruiser","floor":6.0,"key":"SMITH"},{"data":"Slimebound:ServeAndProtect","floor":11.0,"key":"SMITH"},{"data":"Slimebound:SamplingLick","floor":18.0,"key":"SMITH"},{"floor":27.0,"key":"RECALL"},{"data":"Slimebound:OneTwoCombo","floor":30.0,"key":"SMITH"},{"data":"Slimebound:RejuvenatingLick","floor":35,"key":"SMITH"},{"data":"Slimebound:RejuvenatingLick","floor":40,"key":"SMITH"},{"floor":47,"key":"REST"}],"circlet_count":0,"master_deck":["Slimebound:Strike_Slimebound","Slimebound:Strike_Slimebound","Slimebound:Strike_Slimebound","Slimebound:Defend_Slimebound","Slimebound:Defend_Slimebound","Slimebound:Defend_Slimebound","Slimebound:Split+1","Slimebound:CorrosiveSpit+1","Slimebound:ServeAndProtect+1","Slimebound:Schlurp","Slimebound:SlimeTap","Slimebound:SplitBruiser+1","Slimebound:Recycling","Slimebound:SplitAcid","Slimebound:SamplingLick+1","Slimebound:DisruptingSlam","Slimebound:GrowthPunch","Slimebound:OneTwoCombo+1","Slimebound:GoopSpray+1","Slimebound:ComboTackle+1","Slimebound:PressTheAttack+1","Slimebound:Gluttony+1","Slimebound:GrowthPunch","Slimebound:SplitAcid","Slimebound:RejuvenatingLick+1","Slimebound:HungryTackle","Slimebound:RejuvenatingLick+1","Slimebound:FirmFortitude","Slimebound:Prepare","Slimebound:Repurpose","Slimebound:Recycling","expansioncontent:Chronoboost","Slimebound:SamplingLick+1","Slimebound:Equalize+1"],"relics":["Slimebound:AbsorbEndCombatUpgraded","Ice Cream","Bottled Lightning","Old Coin","downfall:HeartBlessingRed","downfall:HeartBlessingGreen","downfall:HeartBlessingBlue","Black Star","Membership Card","Dream Catcher","Red Mask","downfall:RedIOUUpgrade"],"acts_visited":["Exordium","TheCity","TheBeyond"],"potions_floor_usage":[31,37,48,48,48,48,50],"damage_taken":[{"damage":6.0,"enemies":"downfall:FleeingMerchant","floor":2.0,"turns":4.0},{"damage":5.0,"enemies":"Small Slimes","floor":4.0,"turns":3.0},{"damage":2.0,"enemies":"downfall:FleeingMerchant","floor":5.0,"turns":4.0},{"damage":0.0,"enemies":"Cultist","floor":8.0,"turns":2.0},{"damage":26.0,"enemies":"3 Sentries","floor":9.0,"turns":7.0},{"damage":0.0,"enemies":"2 Louse","floor":12.0,"turns":1.0},{"damage":0.0,"enemies":"downfall:FleeingMerchant","floor":13.0,"turns":4.0},{"damage":11.0,"enemies":"Large Slime","floor":15.0,"turns":4.0},{"damage":12.0,"enemies":"DF_ARCHETYPE_STREAMLINE","floor":16.0,"turns":8.0},{"damage":17.0,"enemies":"3 Byrds","floor":19.0,"turns":4.0},{"damage":1.0,"enemies":"Chosen","floor":22.0,"turns":4.0},{"damage":0.0,"enemies":"3 Cultists","floor":23.0,"turns":4.0},{"damage":8.0,"enemies":"Centurion and Healer","floor":25.0,"turns":4.0},{"damage":33.0,"enemies":"Cultist and Chosen","floor":28.0,"turns":5.0},{"damage":16.0,"enemies":"Chosen and Byrds","floor":29.0,"turns":4.0},{"damage":7,"enemies":"downfall:FleeingMerchant","floor":31,"turns":4},{"damage":3,"enemies":"Snecko","floor":32,"turns":5},{"damage":44,"enemies":"IC_MUSHROOM_ARCHETYPE","floor":33,"turns":8},{"damage":21,"enemies":"3 Darklings","floor":36,"turns":3},{"damage":12,"enemies":"3 Shapes","floor":37,"turns":3},{"damage":30,"enemies":"Spire Growth","floor":38,"turns":5},{"damage":0,"enemies":"downfall:FleeingMerchant","floor":39,"turns":2},{"damage":28,"enemies":"Writhing Mass","floor":44,"turns":7},{"damage":18,"enemies":"Sphere and 2 Shapes","floor":46,"turns":4},{"damage":39,"enemies":"3 Darklings","floor":48,"turns":4},{"damage":20,"enemies":"Maw","floor":49,"turns":7},{"damage":48,"enemies":"WA_ARCHETYPE_DIVINITY","floor":50,"turns":7}],"seed_played":"280511493887948123","potions_obtained":[{"floor":4.0,"key":"Guardian:BlockOnCardUsePotion"},{"floor":15.0,"key":"champ:CounterPotion"},{"floor":16.0,"key":"bronze:BurnAndBuffPotion"},{"floor":22.0,"key":"Weak Potion"},{"floor":23.0,"key":"AttackPotion"},{"floor":32,"key":"bronze:BurnAndBuffPotion"},{"floor":33,"key":"LiquidMemories"},{"floor":37,"key":"EntropicBrew"},{"floor":48,"key":"LiquidBronze"}],"is_trial":false,"path_per_floor":["R","$","?","M","$","R","T","M","E","?","R","M","$","?","M","B",null,"R","M","?","?","M","M","T","M","?","R","M","M","R","$","M","B",null,"R","M","M","M","$","R","T","?","?","M","?","M","R","M","M","B"],"character_chosen":"SLIMEBOUND","items_purchased":["Slimebound:Schlurp","Slimebound:DisruptingSlam","Slimebound:HungryTackle","Membership Card","Slimebound:Repurpose","Slimebound:Recycling"],"campfire_rested":1,"item_purchase_floors":[2,13,31,39,39,39],"current_hp_per_floor":[47,45,45,41,45,45,45,48,26,26,26,27,32,37,31,29,70,70,59,59,59,66,70,70,70,70,70,49,43,53,60,65,61,80,80,68,62,46,50,50,50,50,50,32,32,20,44,23,29,0,0,0],"gold":471,"neow_bonus":"ONE_RARE_RELIC","is_daily":false,"chose_seed":false,"campfire_upgraded":7,"win_rate":0.0,"timestamp":1610783689,"path_taken":["R","$","?","M","?","R","T","M","E","?","R","M","$","?","M","BOSS","R","M","?","?","M","?","T","?","?","R","M","?","R","?","M","BOSS","R","M","M","M","$","R","T","?","?","M","?","?","R","M","M","BOSS"],"items_purchased_type":["Card","Card","Card","Relic","Card","Card"],"build_version":"2020-12-22","purchased_purges":3,"victory":false,"max_hp_per_floor":[65,65,65,65,65,65,65,65,65,65,65,65,65,70,70,70,70,70,70,70,70,70,70,70,70,70,70,70,70,80,80,80,80,80,80,80,80,80,80,80,80,80,80,80,80,80,80,80,80,80,80,80],"card_choices":[{"not_picked":["Slimebound:LevelUp","Slimebound:ItLooksTasty"],"picked":"Slimebound:ServeAndProtect","floor":2.0},{"not_picked":["Slimebound:LivingWall","Slimebound:Schlurp"],"picked":"Slimebound:SlimeTap","floor":4.0},{"not_picked":["Slimebound:SplitLeeching","Slimebound:PressTheAttack"],"picked":"Slimebound:SplitBruiser","floor":5.0},{"not_picked":["Slimebound:ProtectTheBoss","Slimebound:Grow"],"picked":"Slimebound:Recycling","floor":8.0},{"not_picked":["Slimebound:GoopSpray","Slimebound:SplitLeeching","Slimebound:BestDefense"],"picked":"SKIP","floor":9.0},{"not_picked":["Slimebound:Schlurp","Slimebound:GoopTackle"],"picked":"Slimebound:SplitAcid","floor":12.0},{"not_picked":["Slimebound:LivingWall","Slimebound:ForwardTackle"],"picked":"Slimebound:SamplingLick","floor":13.0},{"not_picked":["Slimebound:RainOfGoop","Slimebound:Nibble"],"picked":"Slimebound:GrowthPunch","floor":15.0},{"not_picked":["Slimebound:WasteNot","Slimebound:LeechLife"],"picked":"Slimebound:OneTwoCombo","floor":16.0},{"not_picked":["Slimebound:SplitLeeching","Slimebound:SplitMire+1"],"picked":"Slimebound:GoopSpray+1","floor":19.0},{"not_picked":["Slimebound:SlimeBarrage+1","Slimebound:SamplingLick"],"picked":"Slimebound:ComboTackle+1","floor":22.0},{"not_picked":["Slimebound:Recollect","Slimebound:SlimeSpikes+1"],"picked":"Slimebound:PressTheAttack+1","floor":23.0},{"not_picked":["Slimebound:LivingWall","Slimebound:TongueLash+1"],"picked":"Slimebound:Gluttony+1","floor":25.0},{"not_picked":["Slimebound:RejuvenatingLick","Slimebound:Gluttony"],"picked":"Slimebound:GrowthPunch","floor":28.0},{"not_picked":["Slimebound:Overexert","Slimebound:SlimeBrawl+1"],"picked":"Slimebound:SplitAcid","floor":29.0},{"not_picked":["Slimebound:SplitLeeching","Slimebound:Replication"],"picked":"Slimebound:RejuvenatingLick","floor":31},{"not_picked":["Slimebound:SplitLeeching","Slimebound:GrowthPunch+1"],"picked":"Slimebound:RejuvenatingLick","floor":32},{"not_picked":["Slimebound:WasteNot","Slimebound:Recycling"],"picked":"Slimebound:FirmFortitude","floor":33},{"not_picked":["Slimebound:GrowthPunch+1","Slimebound:SplitAcid","Slimebound:HungryTackle+1"],"picked":"SKIP","floor":36},{"not_picked":["Slimebound:SplitBruiser","Slimebound:SplitMire+1"],"picked":"Slimebound:Prepare","floor":37},{"not_picked":["Slimebound:LeechingTouch+1","Slimebound:LivingWall+1","Slimebound:RejuvenatingLick"],"picked":"SKIP","floor":38},{"not_picked":["Slimebound:LivingWall+1","Slimebound:ItLooksTasty+1"],"picked":"Slimebound:Nibble+1","floor":39},{"not_picked":["Slimebound:GrowthPunch","Slimebound:SplitAcid","Slimebound:GoopSpray"],"picked":"SKIP","floor":44},{"not_picked":["expansioncontent:AwakenDeath","expansioncontent:LastStand"],"picked":"expansioncontent:Chronoboost","floor":45},{"not_picked":["Slimebound:SplitBruiser+1","Slimebound:LeechEnergy"],"picked":"Slimebound:SamplingLick+1","floor":46},{"not_picked":["Slimebound:FinishingTackle+1","Slimebound:ServeAndProtect+1"],"picked":"Slimebound:Equalize+1","floor":47},{"not_picked":["Slimebound:ItLooksTasty","Slimebound:Equalize","Slimebound:LivingWall"],"picked":"SKIP","floor":48},{"not_picked":["Slimebound:Equalize","Slimebound:GoopSpray+1","Slimebound:SplitBruiser+1"],"picked":"SKIP","floor":49}],"player_experience":1349451,"relics_obtained":[{"floor":7.0,"key":"Bottled Lightning"},{"floor":9.0,"key":"Art of War"},{"floor":41,"key":"Dream Catcher"}],"event_choices":[{"damage_healed":0.0,"max_hp_gain":0.0,"max_hp_loss":0.0,"gold_gain":0.0,"event_name":"Accursed Blacksmith","player_choice":"Forge","floor":3.0,"gold_loss":0.0,"damage_taken":0.0,"cards_upgraded":["Slimebound:Split"]},{"damage_healed":0.0,"max_hp_gain":5.0,"max_hp_loss":0.0,"gold_gain":0.0,"event_name":"Big Fish","player_choice":"Donut","floor":14.0,"gold_loss":0.0,"damage_taken":0.0},{"damage_healed":0,"gold_gain":0,"player_choice":"Ignored","damage_taken":0,"max_hp_gain":0,"max_hp_loss":0,"event_name":"Mysterious Sphere","floor":42,"gold_loss":0}],"is_beta":false,"boss_relics":[{"not_picked":["SlaversCollar","Snecko Eye"],"picked":"Slimebound:AbsorbEndCombatUpgraded"},{"not_picked":["Tiny House","Sozu"],"picked":"Black Star"}],"items_purged_floors":[13,31,39],"is_endless":false,"potions_floor_spawned":[4,15,16,22,23,32,33,37,48],"killed_by":"WA_ARCHETYPE_DIVINITY","ascension_level":0}}