{"host":"w9yruvs4bqht6bhw","time":1610838919,"event":{"mods":["BaseMod","Colored Powertips","Minty Spire (QoL Compilation)"],"gold_per_floor":[115,115,190,190,190,209,237,237,237,257,257,57,44,58,58,58,58],"floor_reached":16,"language":"ENG","playtime":415,"items_purged":["Strike_R"],"score":185,"play_id":"48491a8e-1b28-459c-a041-af8af97951d1","local_time":"20210116181519","is_ascension_mode":true,"campfire_choices":[{"floor":8,"key":"REST"},{"data":"Bash","floor":11,"key":"SMITH"},{"floor":15,"key":"REST"}],"circlet_count":0,"master_deck":["AscendersBane","Strike_R","Strike_R","Strike_R","Strike_R","Defend_R","Defend_R","Defend_R","Defend_R","Bash+1","Iron Wave","Uppercut","True Grit"],"relics":["Burning Blood","Nunchaku","StrikeDummy"],"acts_visited":["Exordium"],"potions_floor_usage":[7,13,14],"damage_taken":[{"damage":2,"enemies":"2 Louse","floor":1,"turns":4},{"damage":18,"enemies":"Jaw Worm","floor":6,"turns":4},{"damage":45,"enemies":"3 Sentries","floor":7,"turns":7},{"damage":6,"enemies":"Cultist","floor":10,"turns":3},{"damage":10,"enemies":"Exordium Thugs","floor":13,"turns":4},{"damage":18,"enemies":"Exordium Wildlife","floor":14,"turns":3},{"damage":94,"enemies":"Hexaghost","floor":16,"turns":11}],"seed_played":"1169158431302330078","potions_obtained":[{"floor":6,"key":"Strength Potion"},{"floor":10,"key":"Block Potion"}],"is_trial":false,"path_per_floor":["M","?","?","?","?","M","E","R","T","M","R","$","M","M","R","B"],"character_chosen":"IRONCLAD","items_purchased":["Uppercut","SkillPotion"],"campfire_rested":2,"item_purchase_floors":[12,12],"current_hp_per_floor":[71,76,65,65,101,89,50,80,80,80,80,80,76,64,94,0,0],"gold":58,"neow_bonus":"TWENTY_PERCENT_HP_BONUS","is_daily":false,"chose_seed":false,"campfire_upgraded":1,"win_rate":0.0,"timestamp":1610838919,"path_taken":["M","?","?","?","?","M","E","R","T","?","R","?","M","M","R","BOSS"],"items_purchased_type":["Card","Potion"],"build_version":"2020-12-22","purchased_purges":1,"victory":false,"max_hp_per_floor":[96,101,101,101,101,101,101,101,101,101,101,101,101,101,101,101,101],"card_choices":[{"not_picked":["Thunderclap","Second Wind","Cleave"],"picked":"SKIP","floor":1},{"not_picked":["Havoc","Sword Boomerang"],"picked":"Iron Wave","floor":6},{"not_picked":["Body Slam","Thunderclap","Brutality"],"picked":"SKIP","floor":7},{"not_picked":["Havoc","Cleave","Flex"],"picked":"SKIP","floor":10},{"not_picked":["Combust","Anger","Armaments"],"picked":"SKIP","floor":13},{"not_picked":["Heavy Blade","Rampage"],"picked":"True Grit","floor":14}],"player_experience":416523,"relics_obtained":[{"floor":7,"key":"Nunchaku"},{"floor":9,"key":"StrikeDummy"}],"event_choices":[{"damage_healed":0,"gold_gain":0,"player_choice":"Donut","damage_taken":0,"max_hp_gain":5,"max_hp_loss":0,"event_name":"Big Fish","floor":2,"gold_loss":0},{"damage_healed":0,"gold_gain":75,"player_choice":"Gather Gold","damage_taken":11,"max_hp_gain":0,"max_hp_loss":0,"event_name":"World of Goop","floor":3,"gold_loss":0},{"damage_healed":0,"gold_gain":0,"player_choice":"Ignored","damage_taken":0,"max_hp_gain":0,"max_hp_loss":0,"event_name":"Golden Wing","floor":4,"gold_loss":0},{"damage_healed":36,"gold_gain":0,"player_choice":"Full Heal","damage_taken":0,"max_hp_gain":0,"max_hp_loss":0,"event_name":"Wheel of Change","floor":5,"gold_loss":0}],"is_beta":false,"boss_relics":[],"items_purged_floors":[12],"is_endless":false,"potions_floor_spawned":[6,10],"killed_by":"Hexaghost","ascension_level":12}}