{"host":"i09pxcjttd31eh4q","time":1610807415,"event":{"mods":["AchievementEnabler","BaseMod","Colored Map","Keyboard Shortcuts","Minty Spire (QoL Compilation)","StSLib","SuperFastMode"],"gold_per_floor":[119,131,56,131,131,131,145,70,70,70,70,98,113,113,113,184,184,196,86,97,97,111,149,149,184,236,236,263,96,139,162,162,234,279,300,325,325,334,346,346,383,383,383,43,0,35,62,391,391,391,391,391],"floor_reached":51,"language":"KOR","playtime":1420,"items_purged":["Strike_G","Strike_G"],"score":1728,"play_id":"23e947ab-eeef-41fe-ad06-69278dfaa7e2","local_time":"20210116233015","is_ascension_mode":true,"campfire_choices":[{"data":"Accuracy","floor":6.0,"key":"SMITH"},{"data":"Blade Dance","floor":10.0,"key":"SMITH"},{"data":"Cloak And Dagger","floor":15.0,"key":"SMITH"},{"data":"Cloak And Dagger","floor":24.0,"key":"SMITH"},{"floor":27.0,"key":"REST"},{"data":"Accuracy","floor":32.0,"key":"SMITH"},{"data":"Malaise","floor":40.0,"key":"SMITH"},{"data":"Phantasmal Killer","floor":42.0,"key":"SMITH"},{"floor":49.0,"key":"RECALL"}],"circlet_count":0,"master_deck":["AscendersBane","Survivor","Neutralize+1","Blade Dance+1","Accuracy+1","Well Laid Plans","Finisher+1","Cloak And Dagger+1","Blade Dance","Cloak And Dagger+1","PiercingWail+1","Cloak And Dagger+1","Noxious Fumes+1","Accuracy+1","Blade Dance+1","Infinite Blades+1","Phantasmal Killer+1","Tools of the Trade+1","PiercingWail","Malaise+1","Doppelganger","Terror","Accuracy+1","Acrobatics","Footwork+1","Escape Plan","Acrobatics+1"],"relics":["Ring of the Snake","NeowsBlessing","Bag of Marbles","Nunchaku","Boot","Black Star","Meat on the Bone","CeramicFish","Gambling Chip","Darkstone Periapt","PreservedInsect","Question Card","Frozen Egg 2","Pandora\u0027s Box","Omamori","Regal Pillow","Ninja Scroll","Red Mask","Whetstone","Paper Crane","Old Coin","White Beast Statue"],"acts_visited":["Exordium","TheCity","TheBeyond"],"potions_floor_usage":[],"damage_taken":[{"damage":0.0,"enemies":"Cultist","floor":1.0,"turns":1.0},{"damage":0.0,"enemies":"Jaw Worm","floor":2.0,"turns":1.0},{"damage":0.0,"enemies":"Small Slimes","floor":7.0,"turns":1.0},{"damage":0.0,"enemies":"Gremlin Nob","floor":12.0,"turns":1.0},{"damage":0.0,"enemies":"Gremlin Gang","floor":13.0,"turns":3.0},{"damage":4.0,"enemies":"The Guardian","floor":16.0,"turns":10.0},{"damage":0.0,"enemies":"Chosen","floor":18.0,"turns":1.0},{"damage":5.0,"enemies":"Shell Parasite","floor":20.0,"turns":3.0},{"damage":0.0,"enemies":"Chosen and Byrds","floor":22.0,"turns":6.0},{"damage":28.0,"enemies":"Book of Stabbing","floor":23.0,"turns":5.0},{"damage":17.0,"enemies":"Slavers","floor":25.0,"turns":6.0},{"damage":0.0,"enemies":"Cultist and Chosen","floor":28.0,"turns":3.0},{"damage":0.0,"enemies":"Gremlin Leader","floor":30.0,"turns":2.0},{"damage":14.0,"enemies":"Snake Plant","floor":31.0,"turns":3.0},{"damage":15.0,"enemies":"Collector","floor":33.0,"turns":6.0},{"damage":2.0,"enemies":"3 Darklings","floor":35.0,"turns":5.0},{"damage":0.0,"enemies":"Mind Bloom Boss Battle","floor":36.0,"turns":4.0},{"damage":1.0,"enemies":"3 Shapes","floor":39.0,"turns":7.0},{"damage":38.0,"enemies":"Nemesis","floor":41.0,"turns":3.0},{"damage":6.0,"enemies":"Reptomancer","floor":46.0,"turns":3.0},{"damage":0.0,"enemies":"Writhing Mass","floor":47.0,"turns":3.0},{"damage":0.0,"enemies":"Giant Head","floor":48.0,"turns":1.0},{"damage":17.0,"enemies":"Awakened One","floor":50.0,"turns":6.0},{"damage":28,"enemies":"Donu and Deca","floor":51,"turns":4}],"seed_played":"-1948818279822957807","potions_obtained":[{"floor":1.0,"key":"GhostInAJar"},{"floor":7.0,"key":"CunningPotion"},{"floor":13.0,"key":"Block Potion"},{"floor":16.0,"key":"Dexterity Potion"},{"floor":25.0,"key":"Fire Potion"},{"floor":28.0,"key":"LiquidMemories"},{"floor":36.0,"key":"SkillPotion"},{"floor":46.0,"key":"DuplicationPotion"},{"floor":48.0,"key":"ColorlessPotion"}],"is_trial":false,"path_per_floor":["M","M","$","?","?","R","M","$","T","R","?","E","M","?","R","B",null,"M","?","M","?","M","E","R","E","T","R","M","$","E","M","R","B",null,"M","?","?","?","M","R","E","R","T","$","?","E","M","E","R","B","B"],"character_chosen":"THE_SILENT","items_purchased":["Well Laid Plans","Accuracy","Ninja Scroll","Footwork+1"],"campfire_rested":1,"item_purchase_floors":[3,29,44,44],"current_hp_per_floor":[59,59,59,48,48,48,48,48,48,48,48,48,48,13,13,9,52,52,52,47,47,47,19,19,14,14,33,45,45,45,43,43,40,60,58,58,58,58,57,57,31,31,31,31,31,37,37,37,37,32,4,4],"gold":391,"neow_bonus":"THREE_ENEMY_KILL","is_daily":false,"chose_seed":false,"campfire_upgraded":7,"win_rate":0.0,"timestamp":1610807415,"path_taken":["M","?","?","?","?","R","?","$","T","R","?","E","?","?","R","BOSS","M","?","?","?","M","E","R","E","T","R","?","$","E","M","R","BOSS","M","?","?","?","?","R","E","R","T","$","?","E","M","E","R","BOSS","BOSS"],"items_purchased_type":["Card","Card","Relic","Card"],"build_version":"2020-12-22","purchased_purges":2,"victory":false,"max_hp_per_floor":[66,66,66,66,66,66,66,66,66,66,66,66,66,66,66,66,66,66,66,66,66,66,66,66,66,66,66,66,66,66,66,66,66,66,66,66,63,63,63,63,63,63,63,63,63,63,63,63,63,63,63,63],"card_choices":[{"not_picked":["Dagger Throw","Outmaneuver"],"picked":"Blade Dance","floor":1.0},{"not_picked":["Acrobatics","Deflect"],"picked":"Accuracy","floor":2.0},{"not_picked":["Crippling Poison","PiercingWail"],"picked":"Finisher","floor":7.0},{"not_picked":["Acrobatics","PiercingWail"],"picked":"Blade Dance","floor":12.0},{"not_picked":["Dagger Throw","Slice"],"picked":"Cloak And Dagger","floor":13.0},{"not_picked":["Underhanded Strike","Deflect"],"picked":"PiercingWail+1","floor":18.0},{"not_picked":["Dodge and Roll","Dash","Blade Dance"],"picked":"SKIP","floor":20.0},{"not_picked":["Grand Finale","Outmaneuver","Deadly Poison+1"],"picked":"SKIP","floor":22.0},{"not_picked":["Flying Knee","Reflex"],"picked":"Cloak And Dagger","floor":23.0},{"not_picked":["Well Laid Plans","Riddle With Holes","Flying Knee"],"picked":"SKIP","floor":25.0},{"not_picked":["Bane","Tactician"],"picked":"Noxious Fumes+1","floor":28.0},{"not_picked":["Acrobatics","Skewer"],"picked":"Blade Dance+1","floor":30.0},{"not_picked":["Finisher","Flechettes+1","Underhanded Strike"],"picked":"Infinite Blades+1","floor":31.0},{"not_picked":["PiercingWail","Flying Knee","Sucker Punch"],"picked":"Terror","floor":35.0},{"not_picked":["Bouncing Flask+1","Prepared+1","Flying Knee","Bane"],"picked":"SKIP","floor":39.0},{"not_picked":["Cloak And Dagger","Eviscerate","All Out Attack+1"],"picked":"Acrobatics","floor":41.0},{"not_picked":["Eviscerate","Catalyst","Noxious Fumes+1"],"picked":"Escape Plan","floor":46.0},{"not_picked":["Bullet Time","Blade Dance","Slice+1"],"picked":"Acrobatics+1","floor":47.0},{"not_picked":["Bouncing Flask","Blade Dance+1","Outmaneuver","Eviscerate"],"picked":"SKIP","floor":48.0}],"player_experience":861739,"relics_obtained":[{"floor":9.0,"key":"Bag of Marbles"},{"floor":12.0,"key":"Nunchaku"},{"floor":23.0,"key":"Meat on the Bone"},{"floor":23.0,"key":"CeramicFish"},{"floor":25.0,"key":"Gambling Chip"},{"floor":25.0,"key":"Darkstone Periapt"},{"floor":26.0,"key":"PreservedInsect"},{"floor":30.0,"key":"Question Card"},{"floor":30.0,"key":"Frozen Egg 2"},{"floor":41.0,"key":"Omamori"},{"floor":41.0,"key":"Regal Pillow"},{"floor":46.0,"key":"Whetstone"},{"floor":46.0,"key":"Paper Crane"},{"floor":48.0,"key":"Old Coin"},{"floor":48.0,"key":"White Beast Statue"}],"event_choices":[{"damage_healed":0.0,"max_hp_gain":0.0,"max_hp_loss":0.0,"gold_gain":75.0,"event_name":"World of Goop","player_choice":"Gather Gold","floor":4.0,"gold_loss":0.0,"damage_taken":11.0},{"cards_removed":["Strike_G"],"damage_healed":0.0,"max_hp_gain":0.0,"max_hp_loss":0.0,"gold_gain":0.0,"event_name":"Bonfire Elementals","player_choice":"Offered Basic","floor":5.0,"gold_loss":0.0,"damage_taken":0.0},{"damage_healed":0.0,"max_hp_gain":0.0,"max_hp_loss":0.0,"gold_gain":0.0,"cards_transformed":["Strike_G"],"event_name":"Transmorgrifier","player_choice":"Transformed","floor":11.0,"gold_loss":0.0,"damage_taken":0.0,"cards_obtained":["Cloak And Dagger"]},{"damage_healed":0.0,"max_hp_gain":0.0,"max_hp_loss":0.0,"gold_gain":0.0,"event_name":"Scrap Ooze","player_choice":"Success","floor":14.0,"gold_loss":0.0,"damage_taken":35.0,"relics_obtained":["Boot"]},{"cards_removed":["Strike_G"],"damage_healed":0.0,"max_hp_gain":0.0,"max_hp_loss":0.0,"gold_gain":0.0,"event_name":"Designer","player_choice":"Upgrade and Remove","floor":19.0,"gold_loss":110.0,"damage_taken":0.0,"cards_upgraded":["Cloak And Dagger"]},{"damage_healed":0.0,"max_hp_gain":0.0,"max_hp_loss":0.0,"gold_gain":0.0,"event_name":"Match and Keep!","player_choice":"0 cards matched","floor":21.0,"gold_loss":0.0,"damage_taken":0.0,"cards_obtained":[]},{"damage_healed":0.0,"max_hp_gain":0.0,"max_hp_loss":0.0,"gold_gain":0.0,"event_name":"MindBloom","player_choice":"Fight","floor":36.0,"gold_loss":0.0,"damage_taken":0.0},{"damage_healed":0.0,"max_hp_gain":0.0,"max_hp_loss":3.0,"gold_gain":0.0,"event_name":"Winding Halls","player_choice":"Max HP","floor":37.0,"gold_loss":0.0,"damage_taken":0.0},{"damage_healed":0.0,"max_hp_gain":0.0,"max_hp_loss":0.0,"gold_gain":0.0,"event_name":"Duplicator","player_choice":"Copied","floor":38.0,"gold_loss":0.0,"damage_taken":0.0,"cards_obtained":["Accuracy"]},{"damage_healed":0.0,"max_hp_gain":0.0,"max_hp_loss":0.0,"gold_gain":0.0,"event_name":"Tomb of Lord Red Mask","player_choice":"Paid","floor":45.0,"gold_loss":43.0,"damage_taken":0.0,"relics_obtained":["Red Mask"]}],"is_beta":false,"boss_relics":[{"not_picked":["Ring of the Serpent","Velvet Choker"],"picked":"Black Star"},{"not_picked":["HoveringKite","Fusion Hammer"],"picked":"Pandora\u0027s Box"}],"items_purged_floors":[8,29],"is_endless":false,"potions_floor_spawned":[1,7,13,16,25,28,31,33,36,41,46,48],"killed_by":"Donu and Deca","ascension_level":20}}