{"host":"3oowddqpmj34xmzc","time":1610807534,"event":{"mods":["100% Spire Juice","2.2 Compatiblity","Act Like it!","Arknights The Spire","Aspiration","BaseMod","Better Third Choice","CapriCore","Conspire","Gensokyo","Gold Saver","Gremlin Mod","GungeonMod","Hallownest","Hermit","Koishi","Marisa£®ÏF”Í°°ƒß¿Ì…≥£©","Minty Spire (QoL Compilation)","Pale of the Ancients","Reimu£®≤©¿ˆ¡È√Œ£©","Relic Stats","Remilia£®¿Ÿ√◊¿Ú—«£©","Replay The Spire","Robot Space Explorer","Spicy Shops","StSLib","The Construct","The Gatherer","The Immortal","The Marked","The Poker Player","The Servant 0.9.4","The Vixen","WarShipGirlsR/’ΩΩ¢…Ÿ≈ÆR mod","Yakumo Yukari mod","Youmu£®ªÍ∆«—˝√Œ£©","Yuyuko","[GremlinLeader]The Maniac"],"gold_per_floor":[156,106,125,125,125,150,150,175,175,195,205,205,215,246,246,344,344,356,356,199,214,214,214,239,239,264,264,264,264,36,36,36,135,135,154,165,296,43,58,58,72,92,118,146,160,160,160,160],"floor_reached":47,"language":"ZHS","playtime":3378,"items_purged":["Weave+1"],"score":541,"play_id":"f3622f75-5731-4ec0-966c-79b45d5fe350","local_time":"20210116223214","is_ascension_mode":false,"campfire_choices":[{"data":"ats:Closed Bolt Burst Fire","floor":7,"key":"SMITH"},{"data":"ats:Armor Crushing Shot","floor":15,"key":"SMITH"},{"data":"ats:Assault Order","floor":23,"key":"SMITH"},{"data":"ats:True Silver Slash","floor":25,"key":"SMITH"},{"data":"ats:Shell Defense","floor":27,"key":"SMITH"},{"data":"ats:Overload","floor":29,"key":"SMITH"},{"data":"ats:Demon Strength","floor":32,"key":"SMITH"},{"data":"Enlightenment","floor":40,"key":"SMITH"}],"circlet_count":0,"master_deck":["ats:Strike C+1","ats:Strike G+1","ats:Armor Crushing Shot+1","ats:Defend+1","ats:Defend+1","ats:Defend+1","ats:Defend+1","ats:Emotion Absorption","ats:Closed Bolt Burst Fire+1","ats:Overload+1","ats:Shadow Assault","ats:Calcification","ats:Shell Defense+1","ats:Directed Diagnosis","ats:Apocalypse","ats:Explosion Area Strengthen+1","ats:Calcification","ats:True Silver Slash+1","ats:Thorns+1","ats:Assault Order+1","PurpleNeedle_purple","ats:Demon Strength+1","Serene Spring+1","Hemokinesis+1","Enlightenment+1","DeceiveReality+1","ats:Counter Healing Mode"],"relics":["ats:Sanity","aspiration:Nostalgia","Gremlin:GremlinKnob","Ring of Hypnosis","ReplayTheSpireMod:Ring of Addiction","White Beast Statue","SacredBark","ats:Originium","HornCleat","Ornamental Fan","DemoMod:PinkGuonStone","Strawberry","aspiration:WatcherSkillbook","Toolbox","aspiration:StickyExplosives_weak","DemoMod:WhiteGuonStone","ats:Military Tradition","ats:Rhine Circuitry","conspire:RoyalGoblet","Mercury Hourglass","Replay:Bottled Flurry","Regal Pillow","DemoMod:ClearGuonStone"],"acts_visited":["Exordium","TheCity","TheBeyond"],"potions_floor_usage":[6,8,14,16,21,21,33,41,42,42,45,47,47],"damage_taken":[{"damage":2,"enemies":"2 Louse","floor":1,"turns":3},{"damage":2,"enemies":"Small Slimes","floor":3,"turns":3},{"damage":4,"enemies":"3 Sentries","floor":6,"turns":4},{"damage":2,"enemies":"Gremlin Nob","floor":8,"turns":2},{"damage":0,"enemies":"Jaw Worm","floor":10,"turns":4},{"damage":0,"enemies":"Blue Slaver","floor":11,"turns":4},{"damage":0,"enemies":"Looter","floor":13,"turns":3},{"damage":0,"enemies":"Lagavulin","floor":14,"turns":5},{"damage":17,"enemies":"Fading Forest","floor":16,"turns":11},{"damage":8,"enemies":"conspire:FuzzyDice","floor":18,"turns":4},{"damage":0,"enemies":"2 Thieves","floor":21,"turns":3},{"damage":7,"enemies":"Replay:Snechameleon","floor":24,"turns":6},{"damage":48,"enemies":"Collector","floor":33,"turns":13},{"damage":4,"enemies":"3 Shapes","floor":35,"turns":3},{"damage":3,"enemies":"Orb Walker","floor":36,"turns":4},{"damage":6,"enemies":"4 Shapes","floor":39,"turns":2},{"damage":0,"enemies":"Spire Growth","floor":41,"turns":4},{"damage":2,"enemies":"Jaw Worm Horde","floor":42,"turns":3},{"damage":13,"enemies":"R_Hoarder","floor":44,"turns":7},{"damage":29,"enemies":"Transient","floor":45,"turns":5},{"damage":121,"enemies":"Transient","floor":47,"turns":15}],"seed_played":"-1378830805192532031","potions_obtained":[{"floor":1,"key":"DuplicationPotion"},{"floor":4,"key":"Fire Potion"},{"floor":4,"key":"Block Potion"},{"floor":6,"key":"PowerPotion"},{"floor":8,"key":"Block Potion"},{"floor":10,"key":"Fire Potion"},{"floor":11,"key":"Dexterity Potion"},{"floor":14,"key":"BlessingOfTheForge"},{"floor":18,"key":"Elixir"},{"floor":21,"key":"FearPotion"},{"floor":33,"key":"Fire Potion"},{"floor":36,"key":"Energy Potion"},{"floor":37,"key":"FairyPotion"},{"floor":41,"key":"Strength Potion"},{"floor":42,"key":"Fruit Juice"},{"floor":44,"key":"GamblersBrew"},{"floor":45,"key":"FearPotion"}],"is_trial":false,"path_per_floor":["M","?","M","?","?","E","R","E","T","M","M","?","M","E","R","B",null,"M","?","$","M","?","R","E","R","T","R","?","R","$","?","R","B",null,"M","M","?","$","M","R","M","M","T","E","M","?","?"],"character_chosen":"DOCTOR_CLASS","items_purchased":["Toolbox","ats:Rhine Circuitry","Replay:Bottled Flurry"],"campfire_rested":0,"item_purchase_floors":[20,30,38],"current_hp_per_floor":[70,70,68,68,68,64,64,62,69,70,71,71,76,84,84,78,84,76,76,76,82,74,74,70,70,70,70,70,70,70,70,70,45,76,72,71,71,71,65,65,65,74,74,66,42,42,0,0],"gold":160,"neow_bonus":"NOSTALGIA","is_daily":false,"chose_seed":false,"campfire_upgraded":8,"win_rate":0.0,"timestamp":1610807534,"path_taken":["M","?","M","?","?","E","R","E","T","M","M","?","?","E","R","BOSS","M","?","$","M","?","R","E","R","T","R","?","R","$","?","R","BOSS","M","M","?","$","M","R","?","M","T","E","M","?","?"],"items_purchased_type":["Relic","Relic","Relic"],"build_version":"2020-12-22","purchased_purges":1,"victory":false,"max_hp_per_floor":[72,72,72,72,72,72,72,72,79,79,79,77,77,84,84,84,84,84,84,82,82,82,82,82,80,80,80,78,78,78,76,76,76,76,76,76,74,74,74,72,72,82,82,82,82,82,82,82],"relic_stats":{"Regal Pillow":0,"counters":[21,107],"Ornamental Fan":[60],"obtain_stats":[{"Regal Pillow":43,"conspire:RoyalGoblet":34,"SacredBark":4,"DemoMod:GlassGuonStoneRelic":1,"DemoMod:WhiteGuonStone":26,"PrismaticShard":22,"aspiration:StickyExplosives_weak":24,"HornCleat":6,"Strawberry":14,"Toolbox":20,"Replay:Bottled Flurry":38,"ats:Sanity":0,"DemoMod:ClearGuonStone":44,"ats:Rhine Circuitry":30,"Ring of Hypnosis":4,"aspiration:Nostalgia":0,"ReplayTheSpireMod:Ring of Addiction":4,"DemoMod:PinkGuonStone":9,"White Beast Statue":4,"Mercury Hourglass":37,"ats:Originium":6,"Ornamental Fan":8,"Gremlin:GremlinKnob":0,"aspiration:WatcherSkillbook":17,"ats:Military Tradition":28},{"Regal Pillow":18,"conspire:RoyalGoblet":13,"SacredBark":2,"DemoMod:GlassGuonStoneRelic":1,"DemoMod:WhiteGuonStone":12,"PrismaticShard":11,"aspiration:StickyExplosives_weak":12,"HornCleat":3,"Strawberry":8,"Toolbox":10,"Replay:Bottled Flurry":15,"ats:Sanity":0,"DemoMod:ClearGuonStone":19,"ats:Rhine Circuitry":12,"Ring of Hypnosis":2,"aspiration:Nostalgia":0,"ReplayTheSpireMod:Ring of Addiction":2,"DemoMod:PinkGuonStone":4,"White Beast Statue":2,"Mercury Hourglass":15,"ats:Originium":3,"Ornamental Fan":4,"Gremlin:GremlinKnob":0,"aspiration:WatcherSkillbook":9,"ats:Military Tradition":12},{"Regal Pillow":80,"conspire:RoyalGoblet":65,"SacredBark":6,"DemoMod:GlassGuonStoneRelic":3,"DemoMod:WhiteGuonStone":52,"PrismaticShard":46,"aspiration:StickyExplosives_weak":52,"HornCleat":10,"Strawberry":28,"Toolbox":43,"Replay:Bottled Flurry":71,"ats:Sanity":0,"DemoMod:ClearGuonStone":87,"ats:Rhine Circuitry":52,"Ring of Hypnosis":6,"aspiration:Nostalgia":0,"ReplayTheSpireMod:Ring of Addiction":6,"DemoMod:PinkGuonStone":12,"White Beast Statue":6,"Mercury Hourglass":71,"ats:Originium":10,"Ornamental Fan":12,"Gremlin:GremlinKnob":0,"aspiration:WatcherSkillbook":39,"ats:Military Tradition":52}],"Mercury Hourglass":[104]},"card_choices":[{"not_picked":["ats:Curse Doll","ats:Revitalization"],"picked":"ats:Closed Bolt Burst Fire","floor":1},{"not_picked":["ats:Hammer On","ats:Support Order"],"picked":"ats:Overload","floor":3},{"not_picked":[],"picked":"ats:Shadow Assault","floor":5},{"not_picked":["ats:Part Time Job","ats:Explosion Area Strengthen"],"picked":"ats:Calcification","floor":6},{"not_picked":["ats:Chain Hook","ats:Flexible Camouflage"],"picked":"ats:Shell Defense","floor":8},{"not_picked":["ats:Automatic Cover","ats:Rapid Magazine"],"picked":"ats:Directed Diagnosis","floor":10},{"not_picked":["ats:Flexible Camouflage","ats:Childhood Dance"],"picked":"ats:Apocalypse","floor":11},{"not_picked":["ats:Curse Doll","ats:Assault Order","ats:Flexible Camouflage"],"picked":"SKIP","floor":13},{"not_picked":["ats:Hammer On","ats:Automatic Cover"],"picked":"ats:Calcification","floor":14},{"not_picked":["ats:Volcano","ats:Echo Reverb"],"picked":"ats:True Silver Slash","floor":16},{"not_picked":["Replay:ManipulateFuture+1","Replay:Hum","Perseverance"],"picked":"ats:Thorns+1","floor":18},{"not_picked":["ats:Flexible Camouflage","ats:Thorns+1","Replay:AtTheReady"],"picked":"ats:Assault Order","floor":21},{"not_picked":["ats:Ignite","ats:Hammer On","ats:Flame Of Heaven"],"picked":"Weave+1","floor":22},{"not_picked":["HeavenlyHaloSlash","Moonworks:ImOnFire","Koishi:UnconsciousUprising+1"],"picked":"PurpleNeedle_purple","floor":24},{"not_picked":["Spin+1","Song of Papilio+1","FanOfKnives+1"],"picked":"Serene Spring+1","floor":35},{"not_picked":["hermit:SprayPray+1","Gathering:ReiMu+1","hermit:Manifest+1"],"picked":"Hemokinesis+1","floor":36},{"not_picked":["Replay:Sssssssssstrike","Impatience","Survey Options"],"picked":"Enlightenment","floor":37},{"not_picked":["SashWhip","WindmillStrike+1","Halt+1","SandsOfTime"],"picked":"SKIP","floor":39},{"not_picked":["CrushJoints+1","Consecrate+1","ats:Charging Defense"],"picked":"DeceiveReality+1","floor":41},{"not_picked":["ats:Ambush","Consecrate+1","TalkToTheHand","SashWhip"],"picked":"SKIP","floor":42},{"not_picked":["Nirvana+1","ats:Wolf Pack","ats:Rapid Magazine","FlurryOfBlows"],"picked":"SKIP","floor":44},{"not_picked":["ats:Composite Medical Shells","ats:Thorns","ats:Charging Defense"],"picked":"ats:Counter Healing Mode","floor":45}],"player_experience":224828,"relics_obtained":[{"floor":4,"key":"Ring of Hypnosis"},{"floor":4,"key":"ReplayTheSpireMod:Ring of Addiction"},{"floor":4,"key":"White Beast Statue"},{"floor":4,"key":"SacredBark"},{"floor":6,"key":"ats:Originium"},{"floor":6,"key":"HornCleat"},{"floor":8,"key":"ats:Originium"},{"floor":8,"key":"Ornamental Fan"},{"floor":9,"key":"DemoMod:PinkGuonStone"},{"floor":14,"key":"ats:Originium"},{"floor":14,"key":"Strawberry"},{"floor":22,"key":"PrismaticShard"},{"floor":24,"key":"aspiration:StickyExplosives_weak"},{"floor":26,"key":"DemoMod:WhiteGuonStone"},{"floor":37,"key":"Mercury Hourglass"},{"floor":43,"key":"Regal Pillow"},{"floor":44,"key":"DemoMod:ClearGuonStone"}],"event_choices":[{"cards_removed":["ats:Strike V"],"damage_healed":0,"gold_gain":0,"player_choice":"Card Removal","damage_taken":0,"max_hp_gain":0,"max_hp_loss":0,"event_name":"The Cleric","floor":2,"gold_loss":50},{"damage_healed":0,"gold_gain":0,"player_choice":"Simplicity","damage_taken":0,"max_hp_gain":0,"max_hp_loss":6,"event_name":"betterThird:BetterWriting","floor":19,"gold_loss":0},{"damage_healed":0,"gold_gain":0,"player_choice":"Opened","damage_taken":0,"relics_obtained":["ats:Military Tradition"],"max_hp_gain":0,"max_hp_loss":0,"event_name":"The Mausoleum","floor":28,"gold_loss":0},{"damage_healed":0,"gold_gain":0,"player_choice":"Read","damage_taken":0,"max_hp_gain":0,"max_hp_loss":0,"event_name":"The Library","floor":31,"gold_loss":0,"cards_obtained":["ats:Demon Strength"]},{"damage_healed":0,"gold_gain":0,"player_choice":"Chosen: Red","damage_taken":0,"max_hp_gain":0,"max_hp_loss":0,"event_name":"betterThird:BetterPortal","floor":37,"gold_loss":0},{"damage_healed":0,"gold_gain":0,"player_choice":"Leave","damage_taken":0,"max_hp_gain":0,"max_hp_loss":0,"event_name":"conspire:Investor","floor":46,"gold_loss":0}],"is_beta":false,"boss_relics":[{"not_picked":["Replay:Ancient Bell","aspiration:SilentSkillbook"],"picked":"aspiration:WatcherSkillbook"},{"not_picked":["conspire:RunicOctahedron","aspiration:RitualDagger"],"picked":"conspire:RoyalGoblet"}],"items_purged_floors":[30],"is_endless":false,"potions_floor_spawned":[1,6,8,10,11,13,14,16,18,21,24,33,35,36,39,41,42,44,45],"killed_by":"Transient","ascension_level":0}}