{"host":"j015jhc2yy25u1i1","time":1610756450,"event":{"mods":["BaseMod","Colored Map","Colored Powertips","Highlight Path","Minty Spire (QoL Compilation)"],"gold_per_floor":[114,134,59,59,59,59,94,94,94,129,129,164,164,175,175,275,275,289,303,303,303,317,348,348,51,104,130,130,148,182,202,202,304,304,314,325,200,200,50,50,80,80,132,132,146,161,211,211,211,211],"floor_reached":51,"language":"ENG","playtime":3443,"items_purged":["Defend_R","Strike_R","Strike_R","Strike_R+1"],"score":774,"play_id":"a74fda3a-8bd0-4765-9d35-c03ea9ffc96e","local_time":"20210115172050","is_ascension_mode":false,"campfire_choices":[{"data":"Uppercut","floor":6,"key":"SMITH"},{"data":"Reaper","floor":8,"key":"SMITH"},{"data":"Shrug It Off","floor":13,"key":"SMITH"},{"data":"Bash","floor":15,"key":"SMITH"},{"data":"Demon Form","floor":24,"key":"SMITH"},{"data":"Offering","floor":32,"key":"SMITH"},{"data":"Berserk","floor":40,"key":"SMITH"},{"data":"Inflame","floor":42,"key":"SMITH"},{"data":"Inflame","floor":49,"key":"SMITH"}],"circlet_count":0,"master_deck":["Strike_R+1","Defend_R+1","Bash+1","Uppercut+1","Shrug It Off+1","Reaper+1","Demon Form+1","Offering+1","J.A.X.+1","Pommel Strike+1","Seeing Red+1","Inflame+1","Feed+1","Burning Pact","Headbutt+1","Inflame+1","Berserk+1","Warcry+1"],"relics":["Burning Blood","Paper Frog","Vajra","Orichalcum","Anchor","Letter Opener","Runic Pyramid","War Paint","Whetstone","Regal Pillow","Mango","Busted Crown","Self Forming Clay","Happy Flower","MealTicket","Ice Cream"],"acts_visited":["Exordium","TheCity","TheBeyond"],"potions_floor_usage":[7,16],"damage_taken":[{"damage":1,"enemies":"Cultist","floor":1,"turns":3},{"damage":1,"enemies":"2 Louse","floor":2,"turns":3},{"damage":0,"enemies":"Gremlin Nob","floor":7,"turns":3},{"damage":13,"enemies":"Lagavulin","floor":10,"turns":6},{"damage":11,"enemies":"3 Sentries","floor":12,"turns":6},{"damage":0,"enemies":"Jaw Worm","floor":14,"turns":2},{"damage":14,"enemies":"The Guardian","floor":16,"turns":11},{"damage":18,"enemies":"Spheric Guardian","floor":18,"turns":5},{"damage":9,"enemies":"Shell Parasite","floor":19,"turns":4},{"damage":23,"enemies":"Shelled Parasite and Fungi","floor":22,"turns":3},{"damage":21,"enemies":"Book of Stabbing","floor":23,"turns":4},{"damage":36,"enemies":"Gremlin Leader","floor":27,"turns":4},{"damage":8,"enemies":"Snake Plant","floor":29,"turns":3},{"damage":58,"enemies":"Slavers","floor":30,"turns":5},{"damage":14,"enemies":"Cultist and Chosen","floor":31,"turns":5},{"damage":62,"enemies":"Collector","floor":33,"turns":6},{"damage":42,"enemies":"3 Darklings","floor":35,"turns":4},{"damage":6,"enemies":"Orb Walker","floor":36,"turns":2},{"damage":28,"enemies":"Giant Head","floor":41,"turns":5},{"damage":26,"enemies":"Spire Growth","floor":45,"turns":3},{"damage":15,"enemies":"Transient","floor":46,"turns":5},{"damage":45,"enemies":"Mind Bloom Boss Battle","floor":47,"turns":3},{"damage":32,"enemies":"Time Eater","floor":50,"turns":6}],"seed_played":"8536055630746936850","potions_obtained":[{"floor":1,"key":"Fire Potion"},{"floor":12,"key":"DuplicationPotion"},{"floor":14,"key":"SkillPotion"},{"floor":22,"key":"Strength Potion"},{"floor":23,"key":"SteroidPotion"},{"floor":30,"key":"Regen Potion"}],"is_trial":false,"path_per_floor":["M","M","$","?","?","R","E","R","T","E","?","E","R","M","R","B",null,"M","M","?","?","M","E","R","$","T","E","?","M","E","M","R","B",null,"M","M","$","?","$","R","E","R","T","T","M","M","?","?","R","B",null],"character_chosen":"IRONCLAD","items_purchased":["Inflame","Feed"],"campfire_rested":0,"item_purchase_floors":[25,25],"current_hp_per_floor":[80,80,80,64,61,61,67,67,67,60,60,75,75,80,80,72,80,68,65,65,65,74,59,59,59,59,80,65,78,84,95,95,91,115,101,101,101,101,101,101,99,99,99,99,109,109,108,108,108,109],"gold":211,"neow_bonus":"REMOVE_CARD","is_daily":false,"chose_seed":false,"campfire_upgraded":9,"win_rate":0.0,"timestamp":1610756450,"path_taken":["M","M","$","?","?","R","E","R","T","E","?","E","R","?","R","BOSS","M","M","?","?","M","E","R","$","T","E","?","M","E","M","R","BOSS","M","M","$","?","$","R","E","R","T","?","?","M","?","?","R","BOSS"],"items_purchased_type":["Card","Card"],"build_version":"2020-12-22","purchased_purges":4,"victory":true,"max_hp_per_floor":[80,80,80,80,80,80,80,80,80,80,80,80,80,80,80,80,80,80,80,80,80,80,80,80,80,80,80,85,89,107,111,111,115,115,115,115,115,109,109,109,109,109,109,109,109,109,109,109,109,109],"card_choices":[{"not_picked":["Sword Boomerang","Shrug It Off"],"picked":"Uppercut","floor":1},{"not_picked":["Rupture","Blood for Blood"],"picked":"Shrug It Off","floor":2},{"not_picked":["Flex","Blood for Blood"],"picked":"Reaper","floor":7},{"not_picked":["Cleave","Whirlwind","Flex"],"picked":"SKIP","floor":10},{"not_picked":["Headbutt","Sword Boomerang","Metallicize"],"picked":"SKIP","floor":12},{"not_picked":["Armaments","Fire Breathing","Body Slam"],"picked":"SKIP","floor":14},{"not_picked":["Berserk","Double Tap"],"picked":"Demon Form","floor":16},{"not_picked":["Body Slam","Shrug It Off","Perfected Strike"],"picked":"SKIP","floor":18},{"not_picked":["Twin Strike","Flame Barrier+1"],"picked":"Offering","floor":19},{"not_picked":["Perfected Strike","Thunderclap"],"picked":"Pommel Strike","floor":22},{"not_picked":["Pommel Strike","Clothesline"],"picked":"Seeing Red+1","floor":23},{"not_picked":["Double Tap","Armaments+1"],"picked":"Burning Pact","floor":27},{"not_picked":["Iron Wave","Cleave","Reckless Charge+1"],"picked":"SKIP","floor":29},{"not_picked":["Warcry","Armaments"],"picked":"Headbutt+1","floor":30},{"not_picked":["Clothesline","Flame Barrier"],"picked":"Inflame","floor":31},{"not_picked":["Fiend Fire","Reaper"],"picked":"Berserk","floor":33},{"not_picked":["Fire Breathing+1"],"picked":"SKIP","floor":35},{"not_picked":["Combust"],"picked":"SKIP","floor":36},{"not_picked":["Feel No Pain"],"picked":"SKIP","floor":41},{"not_picked":["Entrench"],"picked":"SKIP","floor":45},{"not_picked":["Power Through+1"],"picked":"SKIP","floor":46},{"not_picked":[],"picked":"Warcry+1","floor":47}],"player_experience":14385,"relics_obtained":[{"floor":7,"key":"Vajra"},{"floor":9,"key":"Orichalcum"},{"floor":10,"key":"Anchor"},{"floor":12,"key":"Letter Opener"},{"floor":23,"key":"War Paint"},{"floor":26,"key":"Whetstone"},{"floor":27,"key":"Regal Pillow"},{"floor":30,"key":"Mango"},{"floor":41,"key":"Self Forming Clay"},{"floor":43,"key":"Happy Flower"},{"floor":44,"key":"MealTicket"},{"floor":47,"key":"Ice Cream"}],"event_choices":[{"damage_healed":0,"gold_gain":0,"player_choice":"Entered Light","damage_taken":16,"max_hp_gain":0,"max_hp_loss":0,"event_name":"Shining Light","floor":4,"gold_loss":0,"cards_upgraded":["Strike_R","Strike_R"]},{"damage_healed":0,"gold_gain":0,"player_choice":"Success","damage_taken":3,"relics_obtained":["Paper Frog"],"max_hp_gain":0,"max_hp_loss":0,"event_name":"Scrap Ooze","floor":5,"gold_loss":0},{"cards_removed":["Defend_R"],"damage_healed":0,"gold_gain":0,"player_choice":"Forget","damage_taken":0,"max_hp_gain":0,"max_hp_loss":0,"event_name":"Living Wall","floor":11,"gold_loss":0},{"damage_healed":0,"gold_gain":0,"player_choice":"Obtain J.A.X.","damage_taken":0,"max_hp_gain":0,"max_hp_loss":0,"event_name":"Drug Dealer","floor":20,"gold_loss":0,"cards_obtained":["J.A.X."]},{"cards_removed":["Defend_R"],"damage_healed":0,"gold_gain":0,"player_choice":"Elegance","damage_taken":0,"max_hp_gain":0,"max_hp_loss":0,"event_name":"Back to Basics","floor":21,"gold_loss":0},{"damage_healed":0,"gold_gain":0,"player_choice":"Shed Blood","damage_taken":20,"max_hp_gain":5,"max_hp_loss":0,"event_name":"Forgotten Altar","floor":28,"gold_loss":0},{"damage_healed":0,"gold_gain":0,"player_choice":"Max HP","damage_taken":0,"max_hp_gain":0,"max_hp_loss":6,"event_name":"Winding Halls","floor":38,"gold_loss":0},{"damage_healed":0,"gold_gain":0,"player_choice":"Fight","damage_taken":0,"max_hp_gain":0,"max_hp_loss":0,"event_name":"MindBloom","floor":47,"gold_loss":0},{"damage_healed":0,"gold_gain":0,"player_choice":"Memory 1","damage_taken":0,"max_hp_gain":0,"max_hp_loss":0,"event_name":"SensoryStone","floor":48,"gold_loss":0}],"is_beta":false,"boss_relics":[{"not_picked":["Runic Cube","Philosopher\u0027s Stone"],"picked":"Runic Pyramid"},{"not_picked":["Empty Cage","Coffee Dripper"],"picked":"Busted Crown"}],"items_purged_floors":[3,25,37,39],"is_endless":false,"potions_floor_spawned":[1,12,14,22,23,30,31,35,41,45,47],"ascension_level":0}}