{"host":"s8ccp9jw4vzp58l1","time":1610830129,"event":{"mods":["BaseMod","Colored Map","Colored Powertips","Minty Spire (QoL Compilation)","Relic Stats"],"gold_per_floor":[110,110,180,305,355,380,399,39,39,50,1,30,46,65,65,166,166,176,193,168,182,194,194,211,242,242,0,0,20,35,85,85,189,189,200,216,266,366,384,384,404,36,36,48,48],"floor_reached":44,"language":"ENG","playtime":13626,"items_purged":["Second Wind+1"],"score":494,"play_id":"509f9ca9-f790-496c-8da7-cf6677ab2990","local_time":"20210116144849","is_ascension_mode":false,"campfire_choices":[{"floor":15,"key":"RECALL"},{"data":"Limit Break","floor":23,"key":"SMITH"},{"floor":32,"key":"REST"},{"floor":40,"key":"REST"}],"circlet_count":0,"master_deck":["Strike_R","Defend_R","Defend_R","Defend_R","Defend_R","Bash","Ghostly Armor","Headbutt","Armaments+1","Forethought+1","Limit Break+1","Clothesline","Seeing Red","Impervious","Rupture+1","Fire Breathing+1","Armaments+1","Spot Weakness","Metallicize","Anger+1","Whirlwind+1","Dropkick","Brutality","Twin Strike+1","Heavy Blade","Combust+1","Twin Strike+1","Shrug It Off","Battle Trance","Doubt"],"relics":["Runic Pyramid","SsserpentHead","Mango","Meat on the Bone","PreservedInsect","Blood Vial","Self Forming Clay","War Paint","Astrolabe","Pen Nib","Ice Cream","Cursed Key","Champion Belt","Membership Card","Shuriken","MawBank"],"acts_visited":["Exordium","TheCity","TheBeyond"],"potions_floor_usage":[7,12,12,16,19,19,19,21,22,25,25,30,38,44],"damage_taken":[{"damage":1,"enemies":"Jaw Worm","floor":1,"turns":6},{"damage":1,"enemies":"Cultist","floor":3,"turns":4},{"damage":75,"enemies":"Lagavulin","floor":6,"turns":15},{"damage":0,"enemies":"2 Louse","floor":7,"turns":3},{"damage":5,"enemies":"Exordium Wildlife","floor":10,"turns":6},{"damage":0,"enemies":"3 Sentries","floor":12,"turns":9},{"damage":1,"enemies":"2 Fungi Beasts","floor":13,"turns":5},{"damage":8,"enemies":"3 Louse","floor":14,"turns":5},{"damage":41,"enemies":"Slime Boss","floor":16,"turns":22},{"damage":0,"enemies":"Chosen","floor":18,"turns":7},{"damage":15,"enemies":"3 Byrds","floor":19,"turns":11},{"damage":3,"enemies":"Snecko","floor":21,"turns":9},{"damage":7,"enemies":"Cultist and Chosen","floor":22,"turns":6},{"damage":15,"enemies":"Snake Plant","floor":24,"turns":6},{"damage":40,"enemies":"Gremlin Leader","floor":25,"turns":10},{"damage":11,"enemies":"Shelled Parasite and Fungi","floor":29,"turns":7},{"damage":7,"enemies":"Centurion and Healer","floor":30,"turns":5},{"damage":57,"enemies":"Collector","floor":33,"turns":9},{"damage":10,"enemies":"3 Darklings","floor":35,"turns":5},{"damage":9,"enemies":"3 Shapes","floor":36,"turns":6},{"damage":23,"enemies":"Mind Bloom Boss Battle","floor":38,"turns":6},{"damage":34,"enemies":"Transient","floor":39,"turns":5},{"damage":26,"enemies":"Maw","floor":41,"turns":7},{"damage":64,"enemies":"4 Shapes","floor":44,"turns":3}],"seed_played":"8771857943509636592","potions_obtained":[{"floor":7,"key":"BloodPotion"},{"floor":10,"key":"Block Potion"},{"floor":14,"key":"ColorlessPotion"},{"floor":16,"key":"EntropicBrew"},{"floor":18,"key":"Block Potion"},{"floor":19,"key":"Ancient Potion"},{"floor":24,"key":"SpeedPotion"},{"floor":29,"key":"ColorlessPotion"},{"floor":36,"key":"Block Potion"},{"floor":39,"key":"Ancient Potion"},{"floor":41,"key":"AttackPotion"}],"is_trial":false,"path_per_floor":["M","?","M","?","?","E","M","$","T","M","$","E","M","M","R","B",null,"M","M","?","M","M","R","M","E","T","?","$","M","M","T","R","B",null,"M","M","?","?","M","R","M","$","T","M"],"character_chosen":"IRONCLAD","items_purchased":["PreservedInsect","Blood Vial","Forethought","Strength Potion","Membership Card","Shuriken","Battle Trance"],"campfire_rested":2,"item_purchase_floors":[8,8,8,11,42,42,42],"current_hp_per_floor":[79,79,78,67,78,3,33,33,33,42,42,56,57,51,51,24,94,94,79,79,78,87,87,74,48,48,48,48,51,58,58,86,43,94,84,77,77,56,36,64,52,52,52,0,0],"gold":48,"neow_bonus":"BOSS_RELIC","is_daily":false,"chose_seed":false,"campfire_upgraded":1,"win_rate":0.0,"timestamp":1610830129,"path_taken":["M","?","?","?","?","E","M","?","T","M","$","E","M","M","R","BOSS","M","M","?","M","M","R","M","E","T","?","$","M","M","?","R","BOSS","M","M","?","?","M","R","M","$","T","M"],"items_purchased_type":["Relic","Relic","Card","Potion","Relic","Relic","Card"],"build_version":"2020-12-22","purchased_purges":1,"victory":false,"max_hp_per_floor":[80,80,80,80,94,94,94,94,94,94,94,94,94,94,94,94,94,94,94,94,94,94,94,94,94,94,94,94,94,94,94,94,94,94,94,94,94,94,94,94,94,94,94,94,94],"relic_stats":{"counters":[24,177],"Self Forming Clay":[159],"Astrolabe":["Rupture","Fire Breathing","Second Wind"],"PreservedInsect":76,"Pen Nib":[6],"War Paint":["Armaments","Forethought"],"Cursed Key":1,"MawBank":12,"Blood Vial":34,"SsserpentHead":450,"Shuriken":[0],"Champion Belt":[3],"obtain_stats":[{"Ice Cream":31,"Self Forming Clay":9,"Astrolabe":17,"Mango":5,"PreservedInsect":8,"Pen Nib":25,"War Paint":12,"Cursed Key":34,"MawBank":43,"Burning Blood":0,"Blood Vial":8,"SsserpentHead":2,"Shuriken":42,"Champion Belt":38,"Membership Card":42,"Runic Pyramid":0,"Meat on the Bone":6},{"Ice Cream":17,"Self Forming Clay":4,"Astrolabe":9,"Mango":2,"PreservedInsect":4,"Pen Nib":15,"War Paint":6,"Cursed Key":18,"MawBank":23,"Burning Blood":0,"Blood Vial":4,"SsserpentHead":1,"Shuriken":23,"Champion Belt":21,"Membership Card":23,"Runic Pyramid":0,"Meat on the Bone":3},{"Ice Cream":136,"Self Forming Clay":28,"Astrolabe":75,"Mango":10,"PreservedInsect":28,"Pen Nib":124,"War Paint":43,"Cursed Key":145,"MawBank":174,"Burning Blood":0,"Blood Vial":28,"SsserpentHead":6,"Shuriken":174,"Champion Belt":162,"Membership Card":174,"Runic Pyramid":0,"Meat on the Bone":25}],"Meat on the Bone":120},"card_choices":[{"not_picked":["Clash","Perfected Strike","Feel No Pain"],"picked":"SKIP","floor":1},{"not_picked":["Intimidate","Pummel"],"picked":"Ghostly Armor","floor":3},{"not_picked":["Rage","True Grit"],"picked":"Headbutt","floor":6},{"not_picked":["Clash","Warcry"],"picked":"Armaments","floor":7},{"not_picked":["Warcry","Rupture"],"picked":"Limit Break","floor":10},{"not_picked":["Clash","Dropkick"],"picked":"Clothesline","floor":12},{"not_picked":["True Grit","Armaments","Whirlwind"],"picked":"SKIP","floor":13},{"not_picked":["True Grit","Feed"],"picked":"Seeing Red","floor":14},{"not_picked":["Brutality","Bludgeon"],"picked":"Impervious","floor":16},{"not_picked":["Clothesline","Dual Wield"],"picked":"Flex","floor":18},{"not_picked":["Sword Boomerang+1","True Grit"],"picked":"Armaments+1","floor":19},{"not_picked":["Heavy Blade","Rupture"],"picked":"Spot Weakness","floor":21},{"not_picked":["Hemokinesis","Disarm","Feel No Pain"],"picked":"SKIP","floor":22},{"not_picked":["Iron Wave+1","Pommel Strike"],"picked":"Metallicize","floor":24},{"not_picked":["Berserk","Entrench"],"picked":"Anger+1","floor":25},{"not_picked":["Clash","Sever Soul"],"picked":"Whirlwind+1","floor":29},{"not_picked":["Wild Strike","Perfected Strike"],"picked":"Dropkick","floor":30},{"not_picked":["Demon Form","Offering"],"picked":"Brutality","floor":33},{"not_picked":["Perfected Strike+1","Warcry+1"],"picked":"Twin Strike+1","floor":35},{"not_picked":["Sword Boomerang","Body Slam+1"],"picked":"Heavy Blade","floor":36},{"not_picked":["Shrug It Off+1","Feel No Pain+1"],"picked":"Combust+1","floor":38},{"not_picked":["Shrug It Off+1","Armaments+1"],"picked":"Twin Strike+1","floor":39},{"not_picked":["Heavy Blade+1","Dual Wield"],"picked":"Shrug It Off","floor":41}],"player_experience":76535,"relics_obtained":[{"floor":6,"key":"Meat on the Bone"},{"floor":9,"key":"Self Forming Clay"},{"floor":12,"key":"War Paint"},{"floor":25,"key":"Pen Nib"},{"floor":31,"key":"Ice Cream"},{"floor":38,"key":"Champion Belt"},{"floor":43,"key":"MawBank"}],"event_choices":[{"damage_healed":0,"gold_gain":0,"player_choice":"Trade","damage_taken":0,"relics_obtained":["SsserpentHead"],"max_hp_gain":0,"max_hp_loss":0,"event_name":"FaceTrader","floor":2,"gold_loss":0},{"damage_healed":0,"gold_gain":75,"player_choice":"Gather Gold","damage_taken":11,"max_hp_gain":0,"max_hp_loss":0,"event_name":"World of Goop","floor":4,"gold_loss":0},{"damage_healed":0,"gold_gain":0,"player_choice":"Success","damage_taken":3,"relics_obtained":["Mango"],"max_hp_gain":0,"max_hp_loss":0,"event_name":"Scrap Ooze","floor":5,"gold_loss":0},{"cards_removed":["Strike_R"],"damage_healed":0,"gold_gain":0,"player_choice":"Gave Gold","damage_taken":0,"max_hp_gain":0,"max_hp_loss":0,"event_name":"Beggar","floor":20,"gold_loss":75},{"damage_healed":0,"gold_gain":0,"player_choice":"Paid Fearfully","damage_taken":0,"max_hp_gain":0,"max_hp_loss":0,"event_name":"Masked Bandits","floor":27,"gold_loss":292},{"cards_removed":["Flex"],"damage_healed":0,"gold_gain":0,"player_choice":"Removed Skill","damage_taken":0,"max_hp_gain":0,"max_hp_loss":0,"event_name":"Falling","floor":37,"gold_loss":0},{"damage_healed":0,"gold_gain":0,"player_choice":"Fight","damage_taken":0,"max_hp_gain":0,"max_hp_loss":0,"event_name":"MindBloom","floor":38,"gold_loss":0}],"is_beta":false,"boss_relics":[{"not_picked":["Runic Cube","Snecko Eye"],"picked":"Astrolabe"},{"not_picked":["Black Star","Philosopher\u0027s Stone"],"picked":"Cursed Key"}],"items_purged_floors":[42],"is_endless":false,"potions_floor_spawned":[7,10,14,16,18,19,24,29,36,39,41],"killed_by":"4 Shapes","ascension_level":0}}