{"host":"ied4ms9juizrl48v","time":1610824729,"event":{"mods":["BaseMod","Block Reminder","Colored Map","Colored Powertips","DeckTracker","Highlight Path","Minty Spire (QoL Compilation)","Quick Restart","Random Character Button","StSLib","SuperFastMode"],"gold_per_floor":[115,115,115,130,183,183,197,197,222,236,61,61,93,112,112,189,189,205,120,120,120,136,136,163,163,163],"floor_reached":25,"language":"JPN","playtime":820,"items_purged":[],"score":488,"play_id":"3d293ecc-c196-465b-bd90-ab44c4f5751b","local_time":"20210117041849","is_ascension_mode":true,"campfire_choices":[{"data":"Dagger Spray","floor":6,"key":"SMITH"},{"data":"Blade Dance","floor":8,"key":"SMITH"},{"data":"Glass Knife","floor":12,"key":"SMITH"},{"data":"Well Laid Plans","floor":15,"key":"SMITH"},{"floor":23,"key":"REST"}],"circlet_count":0,"master_deck":["AscendersBane","Strike_G","Strike_G","Strike_G","Strike_G","Strike_G","Defend_G","Defend_G","Defend_G","Defend_G","Defend_G","Survivor","Neutralize","Predator","Dagger Spray+1","Blade Dance+1","Footwork","Well Laid Plans+1","Glass Knife+1","Storm of Steel","PiercingWail","Adrenaline","CurseOfTheBell","Dash","RitualDagger","Cloak And Dagger","Night Terror"],"relics":["Ring of the Snake","Bird Faced Urn","Pen Nib","Eternal Feather","Calling Bell","Dream Catcher","Girya","Mercury Hourglass","Smiling Mask","Art of War"],"acts_visited":["Exordium","TheCity"],"potions_floor_usage":[18,24,25,25],"damage_taken":[{"damage":0,"enemies":"Cultist","floor":1,"turns":5},{"damage":2,"enemies":"Small Slimes","floor":4,"turns":3},{"damage":1,"enemies":"Jaw Worm","floor":7,"turns":3},{"damage":7,"enemies":"Exordium Wildlife","floor":10,"turns":2},{"damage":0,"enemies":"Gremlin Nob","floor":13,"turns":3},{"damage":0,"enemies":"3 Louse","floor":14,"turns":3},{"damage":33,"enemies":"Hexaghost","floor":16,"turns":11},{"damage":25,"enemies":"Shell Parasite","floor":18,"turns":3},{"damage":10,"enemies":"Spheric Guardian","floor":22,"turns":4},{"damage":33,"enemies":"Gremlin Leader","floor":24,"turns":6},{"damage":18,"enemies":"Shelled Parasite and Fungi","floor":25,"turns":3}],"seed_played":"-1345590124146438878","potions_obtained":[{"floor":1,"key":"PowerPotion"},{"floor":14,"key":"Swift Potion"},{"floor":18,"key":"DuplicationPotion"},{"floor":24,"key":"Ancient Potion"}],"is_trial":false,"path_per_floor":["M","?","?","M","T","R","M","R","T","M","$","R","E","M","R","B",null,"M","?","?","?","M","R","E","M"],"character_chosen":"THE_SILENT","items_purchased":["Well Laid Plans","Glass Knife"],"campfire_rested":1,"item_purchase_floors":[11,11],"current_hp_per_floor":[59,59,52,50,50,50,49,49,49,42,42,42,42,42,54,25,56,31,31,25,7,1,37,10,0,0],"gold":163,"neow_bonus":"ONE_RARE_RELIC","is_daily":false,"chose_seed":false,"campfire_upgraded":4,"win_rate":0.0,"timestamp":1610824729,"path_taken":["M","?","?","M","?","R","M","R","T","M","$","R","E","?","R","BOSS","M","?","?","?","?","R","E","M"],"items_purchased_type":["Card","Card"],"build_version":"2020-12-22","purchased_purges":0,"victory":false,"max_hp_per_floor":[66,66,66,66,66,66,66,66,66,66,66,66,66,66,66,66,66,66,66,66,71,71,71,71,71,71],"card_choices":[{"not_picked":["Blade Dance","Slice"],"picked":"Predator","floor":1},{"not_picked":["Deadly Poison","Accuracy"],"picked":"Dagger Spray","floor":4},{"not_picked":["Acrobatics","Sucker Punch"],"picked":"Blade Dance","floor":7},{"not_picked":["Slice","Outmaneuver"],"picked":"Footwork","floor":10},{"not_picked":["Catalyst","Underhanded Strike"],"picked":"Storm of Steel","floor":13},{"not_picked":["Dagger Throw","All Out Attack"],"picked":"PiercingWail","floor":14},{"not_picked":["After Image","Grand Finale"],"picked":"Adrenaline","floor":16},{"not_picked":["Catalyst","Flying Knee"],"picked":"Dash","floor":18},{"not_picked":["Underhanded Strike","Sucker Punch","Flechettes"],"picked":"SKIP","floor":22},{"not_picked":["Outmaneuver","Bane"],"picked":"Cloak And Dagger","floor":23},{"not_picked":["Escape Plan","Eviscerate"],"picked":"Night Terror","floor":24}],"player_experience":9199,"relics_obtained":[{"floor":5,"key":"Pen Nib"},{"floor":13,"key":"Eternal Feather"},{"floor":17,"key":"Dream Catcher"},{"floor":17,"key":"Girya"},{"floor":17,"key":"Mercury Hourglass"},{"floor":24,"key":"Art of War"}],"event_choices":[{"damage_healed":0,"gold_gain":0,"player_choice":"Ignored","damage_taken":0,"max_hp_gain":0,"max_hp_loss":0,"event_name":"Shining Light","floor":2,"gold_loss":0},{"cards_removed":["Clumsy"],"damage_healed":0,"gold_gain":0,"player_choice":"Card Removal","damage_taken":7,"max_hp_gain":0,"max_hp_loss":0,"event_name":"Golden Wing","floor":3,"gold_loss":0},{"damage_healed":0,"gold_gain":0,"player_choice":"Obtained Relic","damage_taken":0,"relics_obtained":["Smiling Mask"],"max_hp_gain":0,"max_hp_loss":0,"event_name":"Addict","floor":19,"gold_loss":85},{"damage_healed":0,"gold_gain":0,"player_choice":"Joined the Cult","damage_taken":6,"max_hp_gain":0,"max_hp_loss":0,"event_name":"Nest","floor":20,"gold_loss":0,"cards_obtained":["RitualDagger"]},{"damage_healed":0,"gold_gain":0,"player_choice":"Shed Blood","damage_taken":23,"max_hp_gain":5,"max_hp_loss":0,"event_name":"Forgotten Altar","floor":21,"gold_loss":0}],"is_beta":false,"boss_relics":[{"not_picked":["Philosopher\u0027s Stone","Black Star"],"picked":"Calling Bell"}],"items_purged_floors":[],"is_endless":false,"potions_floor_spawned":[1,14,18,22,24],"killed_by":"Shelled Parasite and Fungi","ascension_level":20}}