{"host":"xt797mi8yhee06c1","time":1610805558,"event":{"mods":["100% Spire Juice","BaseMod","Bestiary","Koishi","Marisa£¨Ùöéë¡¡Øª×âÞÞ£©","Minty Spire (QoL Compilation)","Poor People Problems","Prisma Mod","Relic Filter","Shop Mod","Spicy Shops","StSLib","The Marked","The Servant 0.9.4","WarShipGirlsR/??á´Ò³R mod"],"gold_per_floor":[111,111,131,141,158,158,158],"floor_reached":6,"language":"KOR","playtime":204,"items_purged":[],"score":38,"play_id":"325bf830-9ed4-4833-9ad6-e24a6d908f83","local_time":"20210116225918","is_ascension_mode":false,"campfire_choices":[],"circlet_count":0,"master_deck":["Moonworks:Strike","Moonworks:Strike","Moonworks:Strike","Moonworks:Defend","Moonworks:Defend","Moonworks:Defend","Moonworks:Defend","Moonworks:Ambush","Moonworks:LongDistanceShot","Moonworks:IndiscriminateFireSupport","Moonworks:x16BigRocket","Moonworks:SakisCookie","Moonworks:Flamethrower"],"relics":["Moonworks:BrokenBomb","Moonworks:Homemark","NeowsBlessing"],"acts_visited":["Exordium"],"potions_floor_usage":[],"damage_taken":[{"damage":0,"enemies":"Cultist","floor":1,"turns":1},{"damage":0,"enemies":"Jaw Worm","floor":3,"turns":1},{"damage":0,"enemies":"Small Slimes","floor":4,"turns":1},{"damage":0,"enemies":"2 Fungi Beasts","floor":5,"turns":2},{"damage":62,"enemies":"Gremlin Nob","floor":6,"turns":5}],"seed_played":"8017564054130677846","potions_obtained":[{"floor":1,"key":"ColorlessPotion"}],"is_trial":false,"path_per_floor":["M","?","M","M","M","E"],"character_chosen":"THE_STARBREAKER","items_purchased":[],"campfire_rested":0,"item_purchase_floors":[],"current_hp_per_floor":[60,60,60,60,60,0,0],"gold":158,"neow_bonus":"THREE_ENEMY_KILL","is_daily":false,"chose_seed":false,"campfire_upgraded":0,"win_rate":0.0,"timestamp":1610805558,"path_taken":["M","?","M","?","M","E"],"items_purchased_type":[],"build_version":"2020-12-22","purchased_purges":0,"victory":false,"max_hp_per_floor":[60,60,60,60,60,60,60],"card_choices":[{"not_picked":["Moonworks:TreasureThief","Moonworks:ExtendedPhotonRifle"],"picked":"Moonworks:IndiscriminateFireSupport","floor":1},{"not_picked":["Moonworks:FullSpeedAlicianrone","Moonworks:SakisCookie"],"picked":"Moonworks:x16BigRocket","floor":3},{"not_picked":["Moonworks:ExtendedPhotonRifle","Moonworks:ImmovableObject"],"picked":"Moonworks:SakisCookie","floor":4},{"not_picked":["Moonworks:CloudOfSeagulls","Moonworks:SelfDestruct"],"picked":"Moonworks:Flamethrower","floor":5}],"player_experience":372254,"relics_obtained":[],"event_choices":[{"cards_removed":["Moonworks:Strike"],"damage_healed":0,"gold_gain":0,"player_choice":"Card Removal","damage_taken":0,"max_hp_gain":0,"max_hp_loss":0,"event_name":"Wheel of Change","floor":2,"gold_loss":0}],"is_beta":false,"boss_relics":[],"items_purged_floors":[],"is_endless":false,"potions_floor_spawned":[1],"killed_by":"Gremlin Nob","ascension_level":0}}