{"host":"08z5bj28eube4vug","time":1610776447,"event":{"mods":["2.2 Compatiblity","Abigail Mod","Act Like it!","BaseMod","Beaked The Cultist","Bestiary","Friendly Minions","Gensokyo","GungeonMod","Hallownest","Kiyohime????","Koishi","Lobotomy","Marisa????????","Minty Spire (QoL Compilation)","Prisma Mod","Remilia??????","Replay The Spire","StSLib","Td1madao Mod","The Alterego","The Bug Knight","The Jungle","The Sage","The Senshi","The Servant 0.9.4","Waifu the Spire","WarShipGirlsR/????R mod","Yuri Mod"],"gold_per_floor":[116,128,140,153,171,171,21,21,21,41,76,76,110,127,127,231,231,246,257,61,61,61,61,92,92,92,118,136,136,136,136,12,23,23,126,126,144,144,161,161,177,177,177,209,209,209,209,209,227,30,30,30,30],"floor_reached":52,"language":"ENG","playtime":2741,"items_purged":[],"score":756,"play_id":"104aa92b-2229-46eb-b6f7-ce1fddba43f5","local_time":"20210116085407","is_ascension_mode":true,"campfire_choices":[{"data":"theSenshi:MoonPrincessHalation","floor":6,"key":"SMITH"},{"data":"theSenshi:TuxedoMaskAssists","floor":12,"key":"SMITH"},{"data":"theSenshi:SailorMarsAssists","floor":15,"key":"SMITH"},{"data":"theSenshi:TuxedoSmokingBomber","floor":23,"key":"SMITH"},{"data":"theSenshi:JupitersPower","floor":25,"key":"SMITH"},{"data":"theSenshi:CrisisMakeUp","floor":34,"key":"SMITH"},{"floor":42,"key":"REST"},{"data":"theSenshi:InTheNameOfTheMoon","floor":46,"key":"SMITH"},{"data":"theSenshi:MoonCrystalPowerMakeUp","floor":48,"key":"SMITH"},{"floor":51,"key":"DIG"}],"circlet_count":0,"master_deck":["theSenshi:SailorKick","theSenshi:SailorKick","theSenshi:SailorKick","theSenshi:SailorKick","theSenshi:SailorBlock","theSenshi:SailorBlock","theSenshi:SailorBlock","theSenshi:SailorBlock","theSenshi:RoseThrow","theSenshi:MoonPrismPowerMakeUp","theSenshi:SailorJupiterAssists","theSenshi:MoonPrincessHalation+1","theSenshi:SailorChibiMoonAssists","theSenshi:TuxedoSmokingBomber+1","theSenshi:SailorJupiterAssists","theSenshi:TuxedoMaskAssists+1","theSenshi:MoonKick","theSenshi:SailorMarsAssists+1","theSenshi:JupitersPower+1","theSenshi:MoonPunch","theSenshi:SailorVenusAssists+1","theSenshi:TallSilhouette","theSenshi:MoonCrystalPowerMakeUp+1","theSenshi:CrisisMakeUp+1","theSenshi:SailorSaturnAssists","AbeCurse","theSenshi:SailorMercuryAssists","theSenshi:InTheNameOfTheMoon+1","theSenshi:MoonPrincessHalation+1","Writhe","theSenshi:WarriorOfTheMoon"],"relics":["theSenshi:TransformationBroochRelic","White Beast Statue","Lee\u0027s Waffle","Bottled Flame","theSenshi:CosmicHeartCompactRelic","Happy Flower","Philosopher\u0027s Stone","Orichalcum","Red Mask","Art of War","Mummified Hand","TheAbacus","Abe\u0027s Treasure","theSenshi:CutieMoonRodRelic","DemoMod:VorpalBullet","theSenshi:RoseRelic","DemoMod:Bottle"],"acts_visited":["Exordium","TheCity","TheBeyond"],"potions_floor_usage":[4,5,10,10,11,16,18,19,27,27,32,35,35,39,39,39,44,52,52,52],"damage_taken":[{"damage":0,"enemies":"Cultist","floor":1,"turns":3},{"damage":3,"enemies":"Small Slimes","floor":2,"turns":4},{"damage":3,"enemies":"Jaw Worm","floor":3,"turns":4},{"damage":4,"enemies":"3 Louse","floor":4,"turns":2},{"damage":2,"enemies":"Looter","floor":5,"turns":2},{"damage":6,"enemies":"Exordium Wildlife","floor":10,"turns":3},{"damage":20,"enemies":"Lagavulin","floor":11,"turns":5},{"damage":10,"enemies":"Gremlin Nob","floor":13,"turns":5},{"damage":0,"enemies":"2 Fungi Beasts","floor":14,"turns":3},{"damage":5,"enemies":"Hexaghost","floor":16,"turns":7},{"damage":0,"enemies":"Chosen","floor":18,"turns":3},{"damage":7,"enemies":"2 Thieves","floor":19,"turns":3},{"damage":6,"enemies":"Masked Bandits","floor":24,"turns":4},{"damage":5,"enemies":"Slavers","floor":27,"turns":4},{"damage":6,"enemies":"Snake Plant","floor":28,"turns":4},{"damage":7,"enemies":"Sentry and Sphere","floor":33,"turns":3},{"damage":14,"enemies":"Collector","floor":35,"turns":6},{"damage":9,"enemies":"3 Shapes","floor":37,"turns":4},{"damage":24,"enemies":"3 Darklings","floor":39,"turns":6},{"damage":23,"enemies":"Transient","floor":41,"turns":5},{"damage":0,"enemies":"Giant Head","floor":44,"turns":6},{"damage":0,"enemies":"Spire Growth","floor":49,"turns":3},{"damage":91,"enemies":"Time Eater","floor":52,"turns":11}],"seed_played":"7290209566260728245","potions_obtained":[{"floor":1,"key":"BlessingOfTheForge"},{"floor":2,"key":"Explosive Potion"},{"floor":3,"key":"DistilledChaos"},{"floor":4,"key":"Strength Potion"},{"floor":5,"key":"SkillPotion"},{"floor":10,"key":"PowerPotion"},{"floor":11,"key":"SneckoOil"},{"floor":13,"key":"Explosive Potion"},{"floor":16,"key":"Adrenaline Potion"},{"floor":18,"key":"SkillPotion"},{"floor":19,"key":"Flashbang"},{"floor":24,"key":"Swift Potion"},{"floor":27,"key":"sagemod:Wine"},{"floor":28,"key":"SkillPotion"},{"floor":33,"key":"DemoMod:LeadSkinPotion"},{"floor":35,"key":"Milkshake"},{"floor":37,"key":"Elixir"},{"floor":39,"key":"DemoMod:LeadSkinPotion"},{"floor":41,"key":"LiquidMemories"},{"floor":44,"key":"Explosive Potion"},{"floor":49,"key":"DemoMod:LeadSkinPotion"}],"is_trial":false,"path_per_floor":["M","M","M","M","M","R","$","?","T","M","E","R","E","M","R","B",null,"M","M","$","?","?","R","?","R","T","E","M","PTL","PTL","$","$","M","R","B",null,"M","?","M","?","M","R","?","E","T","R","?","R","M","$","R","B"],"character_chosen":"THE_SENSHI","items_purchased":["Lee\u0027s Waffle","Orichalcum","theSenshi:TallSilhouette","TheAbacus","theSenshi:RoseRelic","Strength Potion"],"campfire_rested":1,"item_purchase_floors":[7,20,20,32,50,50],"current_hp_per_floor":[68,65,62,58,56,56,82,82,82,76,56,56,46,46,46,41,72,72,65,65,65,65,65,59,59,59,54,48,48,48,48,48,41,41,27,68,59,59,40,40,22,46,67,72,72,72,72,72,72,72,72,0,0],"gold":30,"neow_bonus":"RANDOM_EVENT","is_daily":false,"chose_seed":false,"campfire_upgraded":8,"win_rate":0.0,"timestamp":1610776447,"path_taken":["M","?","M","?","M","R","$","?","T","M","E","R","E","?","R","BOSS","M","M","$","?","?","R","?","R","T","E","M","PTL","PTL","?","$","M","R","BOSS","M","?","M","?","?","R","?","E","T","R","?","R","?","$","R","BOSS"],"items_purchased_type":["Relic","Relic","Card","Relic","Relic","Potion"],"build_version":"2020-12-22","purchased_purges":0,"victory":false,"max_hp_per_floor":[75,75,75,75,75,75,82,82,82,82,82,82,82,82,82,82,82,82,82,82,82,82,82,82,82,82,82,82,82,82,82,82,82,82,82,82,82,82,82,82,82,82,82,82,82,82,82,82,82,82,82,82,82],"card_choices":[{"not_picked":["theSenshi:SailorMercuryAssists","theSenshi:Sidestep"],"picked":"theSenshi:SailorJupiterAssists","floor":1},{"not_picked":["theSenshi:Overload","theSenshi:TallSilhouette"],"picked":"theSenshi:MoonPrincessHalation","floor":2},{"not_picked":["theSenshi:YouCanTalk","theSenshi:EncouragingSpeech"],"picked":"theSenshi:SailorChibiMoonAssists","floor":3},{"not_picked":["theSenshi:SailorStarMakerAssists","theSenshi:SailorStarFighterAssists"],"picked":"theSenshi:TuxedoSmokingBomber","floor":4},{"not_picked":["theSenshi:MoonPunch","theSenshi:TallSilhouette"],"picked":"theSenshi:SailorJupiterAssists","floor":5},{"not_picked":["theSenshi:LateForSchool","theSenshi:CrisisMakeUp"],"picked":"theSenshi:TuxedoMaskAssists","floor":10},{"not_picked":["theSenshi:LunaSensingAllies","theSenshi:SchoolBag"],"picked":"theSenshi:MoonKick","floor":11},{"not_picked":["theSenshi:Overload","theSenshi:MoonPrincessHalation"],"picked":"theSenshi:SailorMarsAssists","floor":13},{"not_picked":["theSenshi:Sidestep","theSenshi:MoonPrincessHalation","theSenshi:VenusGlamour"],"picked":"SKIP","floor":14},{"not_picked":["theSenshi:ChibiMoonsLove","theSenshi:StudyParty"],"picked":"theSenshi:JupitersPower","floor":16},{"not_picked":["theSenshi:MoonKick","theSenshi:SailorNeptuneAssists+1"],"picked":"theSenshi:MoonPunch","floor":18},{"not_picked":["theSenshi:MoonPunch","theSenshi:EncouragingSpeech+1"],"picked":"theSenshi:SailorVenusAssists+1","floor":19},{"not_picked":["theSenshi:MercurysCunning+1","theSenshi:OdangoHead"],"picked":"theSenshi:MoonCrystalPowerMakeUp","floor":27},{"not_picked":["theSenshi:PlutosSolemnity+1","theSenshi:StarlightHoneymoonTherapyKiss","theSenshi:LateForSchool"],"picked":"SKIP","floor":28},{"not_picked":["theSenshi:SailorMarsAssists+1","theSenshi:MoonsReflection"],"picked":"theSenshi:CrisisMakeUp","floor":33},{"not_picked":["theSenshi:SailorCosmosAssists","theSenshi:SailorStarHealerAssists"],"picked":"theSenshi:SailorSaturnAssists","floor":35},{"not_picked":["theSenshi:SchoolBag","theSenshi:MoonPunch+1"],"picked":"theSenshi:SailorMercuryAssists","floor":37},{"not_picked":["theSenshi:SailorVenusAssists+1","theSenshi:MoonPower+1","theSenshi:SailorStarFighterAssists+1"],"picked":"SKIP","floor":39},{"not_picked":[],"picked":"theSenshi:InTheNameOfTheMoon","floor":40},{"not_picked":["theSenshi:Sidestep+1","theSenshi:SupersonicWaves+1"],"picked":"theSenshi:MoonPrincessHalation+1","floor":41},{"not_picked":["theSenshi:TallSilhouette+1","theSenshi:SteeledNerves"],"picked":"theSenshi:WarriorOfTheMoon","floor":44},{"not_picked":["theSenshi:SupersonicWaves+1","theSenshi:MoonKick","theSenshi:LateForSchool+1"],"picked":"SKIP","floor":49}],"player_experience":795807,"relics_obtained":[{"floor":9,"key":"Bottled Flame"},{"floor":11,"key":"theSenshi:CosmicHeartCompactRelic"},{"floor":13,"key":"Happy Flower"},{"floor":24,"key":"Red Mask"},{"floor":26,"key":"Art of War"},{"floor":27,"key":"Mummified Hand"},{"floor":44,"key":"theSenshi:CutieMoonRodRelic"},{"floor":45,"key":"DemoMod:VorpalBullet"},{"floor":51,"key":"DemoMod:Bottle"}],"event_choices":[{"damage_healed":0,"gold_gain":0,"player_choice":"Box","damage_taken":0,"relics_obtained":["White Beast Statue"],"max_hp_gain":0,"max_hp_loss":0,"event_name":"Big Fish","floor":0,"gold_loss":0,"cards_obtained":["Regret"]},{"cards_removed":["Regret"],"damage_healed":0,"gold_gain":0,"player_choice":"Purged","damage_taken":0,"max_hp_gain":0,"max_hp_loss":0,"event_name":"Purifier","floor":8,"gold_loss":0},{"damage_healed":0,"gold_gain":0,"player_choice":"Fought Bandits","damage_taken":0,"max_hp_gain":0,"max_hp_loss":0,"event_name":"Masked Bandits","floor":24,"gold_loss":0},{"damage_healed":0,"gold_gain":0,"player_choice":"Memory 1","damage_taken":0,"max_hp_gain":0,"max_hp_loss":0,"event_name":"SensoryStone","floor":38,"gold_loss":0},{"damage_healed":21,"gold_gain":0,"player_choice":"Writhe","damage_taken":0,"max_hp_gain":0,"max_hp_loss":0,"event_name":"Winding Halls","floor":43,"gold_loss":0,"cards_obtained":["Writhe"]},{"damage_healed":0,"gold_gain":0,"player_choice":"Ignored","damage_taken":0,"max_hp_gain":0,"max_hp_loss":0,"event_name":"SecretPortal","floor":47,"gold_loss":0}],"is_beta":false,"boss_relics":[{"not_picked":["beaked:MawFillet","Coffee Dripper"],"picked":"Philosopher\u0027s Stone"},{"not_picked":["Astrolabe","Black Star"],"picked":"Abe\u0027s Treasure"}],"items_purged_floors":[],"is_endless":false,"potions_floor_spawned":[1,2,3,4,5,10,11,13,14,16,18,19,24,27,28,33,35,37,39,41,44,49],"killed_by":"Time Eater","ascension_level":7}}