{"host":"d61fcf2p3sjwe6yo","time":1610795881,"event":{"mods":["AchievementEnabler","BaseMod","Colored Map","Downfall","Minty Spire (QoL Compilation)","StSLib","SuperFastMode"],"gold_per_floor":[99,109,109,125,140,171,171,205,220,231,248,148,167,186,206,306,306,206,220,253,268,268,268,314,314,74,74,90,90,101,133,147,248,248,248,264,264,278,278,28,28,28,43,105,105,119,19,69,84,84,84,110,60,60,60,60],"floor_reached":57,"language":"ENG","playtime":4908,"items_purged":["Regret","Injury","bronze:Defend"],"score":1238,"play_id":"5310ad56-abdf-4bd0-bd2f-b757fc11faf6","local_time":"20210116141801","is_ascension_mode":false,"campfire_choices":[{"data":"bronze:Goto","floor":1.0,"key":"SMITH"},{"floor":12.0,"key":"RECALL"},{"data":"bronze:Verify","floor":18.0,"key":"SMITH"},{"data":"bronze:Replicate","floor":23.0,"key":"SMITH"},{"data":"bronze:Branch","floor":27.0,"key":"SMITH"},{"data":"1","floor":35.0,"key":"LIFT"},{"data":"2","floor":42,"key":"LIFT"},{"data":"3","floor":47,"key":"LIFT"},{"data":"bronze:ThunderWave","floor":54,"key":"SMITH"}],"circlet_count":0,"master_deck":["bronze:Strike","bronze:Strike","bronze:Strike","bronze:Strike+1","bronze:Defend+1","bronze:Defend","bronze:Defend+1","bronze:Replicate+1","bronze:Goto+1","bronze:Branch","bronze:Branch+1","bronze:Frontload","bronze:Verify+1","bronze:ClassDefault+1","bronze:Repair","bronze:Verify+1","bronze:ChosenStrike","bronze:Assembly","bronze:Boost","bronze:ThunderWave+1","bronze:Format","bronze:Branch+1"],"relics":["bronze:BronzeCore","CaptainsWheel","Singing Bowl","Frozen Egg 2","downfall:HeartBlessingGreen","Cursed Key","downfall:HeartBlessingRed","Red Mask","Anchor","Happy Flower","Girya","Philosopher\u0027s Stone","bronze:BottledCode","Guardian:BottledAnomaly","downfall:HeartBlessingBlue","Incense Burner","White Beast Statue"],"acts_visited":["Exordium","TheCity","TheBeyond","TheEnding"],"potions_floor_usage":[44,50,50,56,56,56],"damage_taken":[{"damage":0.0,"enemies":"2 Louse","floor":2.0,"turns":3.0},{"damage":0.0,"enemies":"Cultist","floor":4.0,"turns":4.0},{"damage":0.0,"enemies":"Jaw Worm","floor":5.0,"turns":3.0},{"damage":8.0,"enemies":"3 Sentries","floor":6.0,"turns":12.0},{"damage":26.0,"enemies":"Lagavulin","floor":8.0,"turns":10.0},{"damage":0.0,"enemies":"Blue Slaver","floor":9.0,"turns":4.0},{"damage":0.0,"enemies":"2 Fungi Beasts","floor":10.0,"turns":4.0},{"damage":10.0,"enemies":"Red Slaver","floor":11.0,"turns":5.0},{"damage":1.0,"enemies":"Exordium Wildlife","floor":13.0,"turns":5.0},{"damage":0.0,"enemies":"3 Louse","floor":14.0,"turns":5.0},{"damage":8.0,"enemies":"Lots of Slimes","floor":15.0,"turns":5.0},{"damage":9.0,"enemies":"WA_ARCHETYPE_RETAIN","floor":16.0,"turns":18.0},{"damage":0.0,"enemies":"Spheric Guardian","floor":19.0,"turns":5.0},{"damage":77.0,"enemies":"Masked Bandits","floor":20.0,"turns":11.0},{"damage":2.0,"enemies":"Shell Parasite","floor":21.0,"turns":7.0},{"damage":3.0,"enemies":"downfall:FleeingMerchant","floor":26.0,"turns":4.0},{"damage":0.0,"enemies":"Snake Plant","floor":28.0,"turns":4.0},{"damage":0.0,"enemies":"Cultist and Chosen","floor":30.0,"turns":8.0},{"damage":9.0,"enemies":"Slavers","floor":31.0,"turns":8.0},{"damage":5.0,"enemies":"Centurion and Healer","floor":32.0,"turns":6.0},{"damage":22.0,"enemies":"SI_MIRROR_ARCHETYPE","floor":33.0,"turns":11.0},{"damage":0.0,"enemies":"Orb Walker","floor":36.0,"turns":4.0},{"damage":15.0,"enemies":"3 Shapes","floor":38.0,"turns":4.0},{"damage":11.0,"enemies":"downfall:FleeingMerchant","floor":40.0,"turns":4.0},{"damage":0,"enemies":"Jaw Worm Horde","floor":43,"turns":3},{"damage":0,"enemies":"downfall:FleeingMerchant","floor":44,"turns":3},{"damage":7,"enemies":"4 Shapes","floor":46,"turns":4},{"damage":0,"enemies":"2 Orb Walkers","floor":48,"turns":4},{"damage":0,"enemies":"Writhing Mass","floor":49,"turns":4},{"damage":0,"enemies":"IC_BLOCK_ARCHETYPE","floor":50,"turns":9},{"damage":13,"enemies":"downfall:CharBossMerchant","floor":52,"turns":9},{"damage":22,"enemies":"downfall:NeowBoss","floor":55,"turns":14},{"damage":18,"enemies":"downfall:NeowBossFinal","floor":56,"turns":11}],"seed_played":"420597962804892167","potions_obtained":[{"floor":2.0,"key":"DuplicationPotion"},{"floor":5.0,"key":"GamblersBrew"},{"floor":9.0,"key":"DuplicationPotion"},{"floor":14.0,"key":"SteroidPotion"},{"floor":19.0,"key":"Dexterity Potion"},{"floor":21.0,"key":"PowerPotion"},{"floor":30.0,"key":"Regen Potion"},{"floor":32.0,"key":"GamblersBrew"},{"floor":46,"key":"sneckomod:MuddlingPotion"},{"floor":49,"key":"Fire Potion"},{"floor":52,"key":"BlessingOfTheForge"}],"is_trial":false,"path_per_floor":["R","M","?","M","M","E","T","E","M","M","M","R","M","M","M","B",null,"R","M","?","M","?","R","T","?","$","R","M","?","M","E","M","B",null,"R","M","T","M","?","$","T","R","M","$","T","M","R","?","M","B",null,"E","$","R","B","B",null],"character_chosen":"THE_AUTOMATON","items_purchased":["Happy Flower","bronze:ThunderWave","Guardian:BottledAnomaly","Dexterity Potion"],"campfire_rested":0,"item_purchase_floors":[26,40,44,53],"current_hp_per_floor":[77,77,77,77,77,69,69,45,47,47,39,39,40,40,41,55,87,87,89,35,42,42,42,42,42,56,56,58,58,83,101,101,86,101,101,103,103,88,88,84,84,84,93,93,93,92,102,109,111,111,111,100,100,100,101,93],"gold":60,"neow_bonus":"TEN_PERCENT_HP_BONUS","is_daily":false,"chose_seed":false,"campfire_upgraded":5,"win_rate":0.0,"timestamp":1610795881,"path_taken":["R","M","?","M","M","E","T","E","?","M","M","R","?","M","M","BOSS","R","M","?","M","?","R","T","?","$","R","?","?","?","E","M","BOSS","R","M","?","M","?","$","T","R","M","$","?","M","R","?","M","BOSS","E","$","R","BOSS","BOSS"],"items_purchased_type":["Relic","Card","Relic","Potion"],"build_version":"2020-12-22","purchased_purges":3,"victory":true,"max_hp_per_floor":[77,77,77,77,77,77,77,79,81,81,83,83,85,85,87,87,87,87,89,91,93,93,93,93,93,95,95,97,97,99,101,101,101,101,101,103,103,103,93,95,95,95,97,97,97,99,109,109,111,111,111,113,113,113,113,113],"card_choices":[{"not_picked":["bronze:CloningBeam","bronze:WhirlingStrike"],"picked":"bronze:Branch","floor":2.0},{"not_picked":["bronze:Deprecate","bronze:Overheat"],"picked":"bronze:Frontload","floor":4.0},{"not_picked":["bronze:DelayedSlice","bronze:BuggyMess","bronze:ForceShield"],"picked":"SKIP","floor":5.0},{"not_picked":["bronze:BronzeOrb","bronze:DarkDash"],"picked":"bronze:Verify","floor":6.0},{"not_picked":["bronze:Overheat","bronze:Frontload","bronze:Safeguard"],"picked":"Singing Bowl","floor":8.0},{"not_picked":["bronze:Repulsor+1","bronze:WildBeam","bronze:Backtrace"],"picked":"Singing Bowl","floor":9.0},{"not_picked":["bronze:Repulsor+1","bronze:Shield"],"picked":"bronze:ClassDefault+1","floor":10.0},{"not_picked":["bronze:FineTuning","bronze:Iterate","bronze:BitShift"],"picked":"Singing Bowl","floor":11.0},{"not_picked":["bronze:CutThrough","bronze:DelayedGuard","bronze:Branch"],"picked":"Singing Bowl","floor":13.0},{"not_picked":["bronze:CutThrough","bronze:DelayedGuard"],"picked":"bronze:Repair","floor":14.0},{"not_picked":["bronze:NullPointer","bronze:ClassDefault+1","bronze:Frontload"],"picked":"Singing Bowl","floor":15.0},{"not_picked":["bronze:SpaghettiCode","bronze:Assembly"],"picked":"bronze:Verify+1","floor":16.0},{"not_picked":["bronze:FineTuning+1","bronze:Iterate","bronze:WhirlingStrike"],"picked":"Singing Bowl","floor":19.0},{"not_picked":["bronze:Turbo","bronze:Invalidate","bronze:ChildClass+1"],"picked":"Singing Bowl","floor":20.0},{"not_picked":["bronze:BugBarrage","bronze:Turbo","bronze:ItsAFeature+1"],"picked":"Singing Bowl","floor":21.0},{"not_picked":["bronze:DelayedGuard+1","bronze:ShipIt","bronze:Deprecate"],"picked":"Singing Bowl","floor":26.0},{"not_picked":["bronze:WhirlingStrike","bronze:OilSpill","bronze:DarkDash+1"],"picked":"Singing Bowl","floor":28.0},{"not_picked":["bronze:Turbo+1","bronze:BitShift","bronze:DigitalCarnage"],"picked":"Singing Bowl","floor":30.0},{"not_picked":["bronze:Overheat+1","bronze:Philosophize","bronze:Deprecate"],"picked":"Singing Bowl","floor":31.0},{"not_picked":["bronze:BugBarrage","bronze:BitShift"],"picked":"bronze:ChosenStrike","floor":32.0},{"not_picked":["bronze:SpaghettiCode","bronze:Virus"],"picked":"bronze:Assembly","floor":33.0},{"not_picked":["bronze:ChosenStrike","bronze:BronzeArmor+1","bronze:ForceShield"],"picked":"Singing Bowl","floor":36.0},{"not_picked":["bronze:DelayedSlice+1","bronze:Frontload"],"picked":"bronze:Boost","floor":38.0},{"not_picked":["bronze:ForceShield+1","bronze:WhirlingStrike+1","bronze:Overheat+1"],"picked":"Singing Bowl","floor":40.0},{"not_picked":["bronze:GetLatest+1","bronze:OilSpill","bronze:BronzeArmor"],"picked":"Singing Bowl","floor":43},{"not_picked":["bronze:DelayedSlice","bronze:DelayedGuard+1"],"picked":"bronze:Format","floor":44},{"not_picked":["bronze:OilSpill+1","bronze:DelayedSlice+1","bronze:Branch"],"picked":"Singing Bowl","floor":46},{"not_picked":["bronze:Philosophize+1","bronze:Invalidate+1"],"picked":"bronze:Branch+1","floor":48},{"not_picked":["bronze:DigitalCarnage","bronze:DelayedSlice+1","bronze:Philosophize"],"picked":"Singing Bowl","floor":49},{"not_picked":["bronze:ForLoop","bronze:FineTuning","bronze:Turbo"],"picked":"Singing Bowl","floor":52}],"player_experience":551779,"relics_obtained":[{"floor":6.0,"key":"CaptainsWheel"},{"floor":7.0,"key":"Singing Bowl"},{"floor":8.0,"key":"Frozen Egg 2"},{"floor":20.0,"key":"Red Mask"},{"floor":24.0,"key":"Anchor"},{"floor":31.0,"key":"Girya"},{"floor":48,"key":"Incense Burner"},{"floor":52,"key":"White Beast Statue"}],"event_choices":[{"damage_healed":0.0,"max_hp_gain":0.0,"max_hp_loss":0.0,"gold_gain":0.0,"event_name":"Masked Bandits","player_choice":"Fought Bandits","floor":20.0,"gold_loss":0.0,"damage_taken":0.0},{"damage_healed":0.0,"max_hp_gain":0.0,"max_hp_loss":0.0,"gold_gain":0.0,"event_name":"Vampires","player_choice":"Ignored","floor":25.0,"gold_loss":0.0,"damage_taken":0.0},{"damage_healed":0,"gold_gain":0,"player_choice":"Fight","damage_taken":0,"max_hp_gain":0,"max_hp_loss":0,"event_name":"Mysterious Sphere","floor":48,"gold_loss":0}],"is_beta":false,"boss_relics":[{"not_picked":["Tiny House","Astrolabe"],"picked":"Cursed Key"},{"not_picked":["Calling Bell","Velvet Choker"],"picked":"Philosopher\u0027s Stone"}],"items_purged_floors":[26,40,44],"is_endless":false,"potions_floor_spawned":[2,5,9,13,14,15,19,21,30,32,33,43,46,49,52],"ascension_level":0}}