{"host":"nlbr7nnijupf3yfg","time":1610818299,"event":{"mods":["AchievementEnabler","BaseMod","Colored Powertips","DeckTracker","Hubris","Minty Spire (QoL Compilation)","Replay The Spire","StSLib","SuperFastMode"],"gold_per_floor":[110,110,126,51,62,62,95,105,105,137,137,137,137,154,154,249,249,266,266,118,118,118,118,118],"floor_reached":24,"language":"ENG","playtime":393,"items_purged":["Strike_R"],"score":284,"play_id":"c1908939-816a-45c7-b7d5-62a9dc3c3975","local_time":"20210116123139","is_ascension_mode":true,"campfire_choices":[{"data":"Sword Boomerang","floor":6,"key":"SMITH"},{"data":"Perfected Strike","floor":13,"key":"SMITH"},{"floor":15,"key":"REST"},{"floor":23,"key":"REST"}],"circlet_count":0,"master_deck":["Strike_R","Strike_R","Strike_R","Strike_R","Defend_R","Defend_R","Defend_R","Defend_R","Sword Boomerang+1","Dropkick","Perfected Strike+1","Fire Breathing","Replay:Undeath\u0027s Touch+1","Shockwave","Demonic Infusion","Burning Pact+1","Evolve","Bash","Perfected Strike"],"relics":["Burning Blood","NeowsBlessing","CultistMask","Pantograph","Boot","Juzu Bracelet","hubris:Teleporter","Runic Cube","Sling"],"acts_visited":["Exordium","TheCity"],"potions_floor_usage":[7,10,10,18,18,24],"damage_taken":[{"damage":0,"enemies":"Jaw Worm","floor":1,"turns":1},{"damage":0,"enemies":"Cultist","floor":3,"turns":1},{"damage":0,"enemies":"2 Louse","floor":5,"turns":1},{"damage":20,"enemies":"3 Sentries","floor":7,"turns":8},{"damage":21,"enemies":"Blue Slaver","floor":8,"turns":3},{"damage":0,"enemies":"Gremlin Nob","floor":10,"turns":2},{"damage":7,"enemies":"Large Slime","floor":14,"turns":5},{"damage":57,"enemies":"Fading Forest","floor":16,"turns":11},{"damage":46,"enemies":"2 Thieves","floor":18,"turns":4},{"damage":52,"enemies":"Replay:Snechameleon","floor":24,"turns":5}],"seed_played":"-2288619501054499620","potions_obtained":[{"floor":3,"key":"Fire Potion"},{"floor":7,"key":"EssenceOfSteel"},{"floor":8,"key":"Fire Potion"},{"floor":10,"key":"BlessingOfTheForge"},{"floor":14,"key":"Energy Potion"},{"floor":18,"key":"Explosive Potion"}],"is_trial":false,"path_per_floor":["M","?","M","$","M","R","E","M","T","E","?","T","R","M","R","B",null,"M","?","$","?","R","E"],"character_chosen":"IRONCLAD","items_purchased":["Sling"],"campfire_rested":2,"item_purchase_floors":[20],"current_hp_per_floor":[80,80,80,80,80,80,66,51,51,57,57,57,57,56,80,29,67,27,27,27,27,51,0,0],"gold":118,"neow_bonus":"THREE_ENEMY_KILL","is_daily":false,"chose_seed":false,"campfire_upgraded":2,"win_rate":0.0,"timestamp":1610818299,"path_taken":["M","?","M","$","M","R","E","?","T","E","?","?","R","M","R","BOSS","M","?","$","?","R","E"],"items_purchased_type":["Relic"],"build_version":"2020-12-22","purchased_purges":1,"victory":false,"max_hp_per_floor":[80,80,80,80,80,80,80,80,80,80,80,80,80,80,80,80,80,80,80,80,80,80,80,80],"card_choices":[{"not_picked":["Headbutt","Disarm"],"picked":"Sword Boomerang","floor":1},{"not_picked":["Clothesline","Sword Boomerang"],"picked":"Dropkick","floor":3},{"not_picked":["Feel No Pain","ReplayTheSpireMod:Corrosion Curse","Blood for Blood"],"picked":"SKIP","floor":5},{"not_picked":["Wild Strike","Bloodletting"],"picked":"Perfected Strike","floor":7},{"not_picked":["Clash","True Grit","Iron Wave"],"picked":"SKIP","floor":8},{"not_picked":["Hemokinesis","Seeing Red"],"picked":"Fire Breathing","floor":10},{"not_picked":["Iron Wave","Burning Pact"],"picked":"Shockwave","floor":14},{"not_picked":["Eclipse","Limit Break"],"picked":"Demonic Infusion","floor":16},{"not_picked":["ReplayTheSpireMod:LeadingStrike","Bloodletting+1"],"picked":"Burning Pact+1","floor":18}],"player_experience":38294,"relics_obtained":[{"floor":7,"key":"Pantograph"},{"floor":9,"key":"Boot"},{"floor":10,"key":"Juzu Bracelet"},{"floor":12,"key":"hubris:Teleporter"}],"event_choices":[{"damage_healed":0,"gold_gain":0,"player_choice":"Trade","damage_taken":0,"relics_obtained":["CultistMask"],"max_hp_gain":0,"max_hp_loss":0,"event_name":"FaceTrader","floor":2,"gold_loss":0},{"damage_healed":0,"gold_gain":0,"player_choice":"2 cards matched","damage_taken":0,"max_hp_gain":0,"max_hp_loss":0,"event_name":"Match and Keep!","floor":19,"gold_loss":0,"cards_obtained":["Evolve","Bash"]}],"is_beta":false,"boss_relics":[{"not_picked":["Replay:Drink Me","hubris:CrackedHourglass"],"picked":"Runic Cube"}],"items_purged_floors":[4],"is_endless":false,"potions_floor_spawned":[3,7,8,10,14,18],"killed_by":"Replay:Snechameleon","ascension_level":5}}