{"host":"qxtzqh2wotmxx3mc","time":1610770016,"event":{"mods":["AchievementEnabler","BaseMod","Better Altar","Better Note","Better Sensory Stone","Better Skull","Better Synergies","Better Third Choice","Better Vampires","Block Reminder","Curses Come First","Displayed Cursed Tome","Downfall","Minty Spire (QoL Compilation)","Quick Restart","Rare Cards Sparkle","Relic Stats","StSLib","Trackpad","Wandering Minibosses"],"gold_per_floor":[99,99,99,74,74,103,103,103,103,103,122,122,137,69,84,186,186,186,206,218,318,418,113,136,149,149,159,175,175,191,191,205,302,302,302,319,319,333,69,69,95,106,125,136,136,136,87,98,111,111,111,111],"floor_reached":50,"language":"ENG","playtime":3755,"items_purged":["champ:Strike"],"score":494,"play_id":"4a3ef7c8-ffb7-4a0c-bad0-e9d9a8cf7ad6","local_time":"20210115200656","is_ascension_mode":false,"campfire_choices":[{"data":"champ:Taunt","floor":1,"key":"SMITH"},{"data":"champ:SetATrap","floor":8,"key":"SMITH"},{"data":"champ:EnragedBash","floor":10,"key":"SMITH"},{"data":"champ:TornadoPunch","floor":12,"key":"SMITH"},{"data":"champ:GladiatorForm","floor":18,"key":"SMITH"},{"floor":26,"key":"REST"},{"data":"J.A.X.","floor":35,"key":"SMITH"}],"circlet_count":0,"master_deck":["champ:Strike","champ:Strike","champ:Defend","champ:Defend","champ:Defend","champ:Execute","champ:Taunt+1","champ:Backstep","champ:SetATrap+1","champ:TornadoPunch+1","champ:EnragedBash+1","champ:Duel","champ:ShieldThrow","champ:Endure","champ:BringItOn","champ:CrownThrow","champ:GladiatorForm+1","CurseOfTheBell","champ:DeathBlow+1","champ:FaceSlap","champ:Endure","champ:GutPunch","J.A.X.+1","champ:StanceDance","champ:MurderStrike+1","champ:AdrenalArmor","champ:ArenaPreparation","champ:EnGarde+1","champ:PreciseThrust+1","champ:PreciseThrust+1","champ:StanceDance","champ:FlashCut+1","champ:MurderStrike+1","champ:RisingSlash+1","champ:RapidStrikes+1","champ:FalseCounter","champ:GutPunch+1","champ:Lariat","Parasite","champ:ShieldSlam","expansioncontent:QuickStudy","champ:Devastate+1","Parasite"],"relics":["champ:ChampionCrown","downfall:HeartsMalice","Shuriken","trackpad:GuardianSpirit","Calling Bell","trackpad:ByrdCharm","Torii","MutagenicStrength","champ:BlackKnightHelmet","Molten Egg 2","champ:BerserkersGuideToSlaughter","MealTicket","downfall:RedIOU","Cursed Key","downfall:TeleportStone","Pear","Pen Nib","Regal Pillow","Anchor"],"acts_visited":["Exordium","TheCity","TheBeyond"],"potions_floor_usage":[15,20,21,43,50,50],"damage_taken":[{"damage":0,"enemies":"Jaw Worm","floor":2,"turns":1},{"damage":0,"enemies":"downfall:FleeingMerchant","floor":4,"turns":1},{"damage":0,"enemies":"Cultist","floor":5,"turns":1},{"damage":54,"enemies":"Lagavulin","floor":6,"turns":7},{"damage":5,"enemies":"2 Louse","floor":11,"turns":2},{"damage":6,"enemies":"2 Fungi Beasts","floor":13,"turns":2},{"damage":0,"enemies":"downfall:FleeingMerchant","floor":14,"turns":4},{"damage":0,"enemies":"3 Louse","floor":15,"turns":1},{"damage":52,"enemies":"IC_STATUS_ARCHETYPE","floor":16,"turns":8},{"damage":15,"enemies":"Spheric Guardian","floor":19,"turns":5},{"damage":40,"enemies":"Chosen","floor":20,"turns":6},{"damage":72,"enemies":"downfall:Augmenter","floor":21,"turns":8},{"damage":23,"enemies":"downfall:Augmenter","floor":22,"turns":9},{"damage":10,"enemies":"downfall:FleeingMerchant","floor":23,"turns":4},{"damage":41,"enemies":"Centurion and Healer","floor":25,"turns":5},{"damage":30,"enemies":"Snecko","floor":27,"turns":4},{"damage":5,"enemies":"Snake Plant","floor":28,"turns":5},{"damage":13,"enemies":"Centurion and Healer","floor":30,"turns":5},{"damage":25,"enemies":"Cultist and Chosen","floor":32,"turns":6},{"damage":44,"enemies":"DF_ARCHETYPE_CLAW","floor":33,"turns":8},{"damage":9,"enemies":"Orb Walker","floor":36,"turns":4},{"damage":17,"enemies":"3 Darklings","floor":38,"turns":4},{"damage":30,"enemies":"downfall:FleeingMerchant","floor":39,"turns":4},{"damage":66,"enemies":"Jaw Worm Horde","floor":42,"turns":5},{"damage":21,"enemies":"Spire Growth","floor":43,"turns":4},{"damage":9,"enemies":"3 Darklings","floor":44,"turns":3},{"damage":15,"enemies":"downfall:FleeingMerchant","floor":47,"turns":4},{"damage":30,"enemies":"4 Shapes","floor":48,"turns":4},{"damage":25,"enemies":"Writhing Mass","floor":49,"turns":4},{"damage":234,"enemies":"SI_POISON_ARCHETYPE","floor":50,"turns":7}],"seed_played":"3674231669848604677","potions_obtained":[{"floor":6,"key":"Swift Potion"},{"floor":11,"key":"Explosive Potion"},{"floor":16,"key":"CultistPotion"},{"floor":21,"key":"BlessingOfTheForge"},{"floor":25,"key":"DuplicationPotion"},{"floor":48,"key":"sneckomod:MuddlingPotion"},{"floor":49,"key":"DistilledChaos"}],"is_trial":false,"path_per_floor":["R","M","?","$","M","E","T","R","?","R","M","R","M","$","M","B",null,"R","M","M","?","?","$","T","M","R","M","M","?","M","?","M","B",null,"R","M","?","M","$","T","T","M","M","M","?","?","$","M","M","B"],"character_chosen":"THE_CHAMP","items_purchased":["champ:TornadoPunch","champ:BringItOn","champ:BerserkersGuideToSlaughter","champ:ArenaPreparation","Pear","champ:ShieldSlam","Anchor","expansioncontent:QuickStudy"],"campfire_rested":1,"item_purchase_floors":[4,14,23,23,39,47,47,47],"current_hp_per_floor":[90,90,90,90,90,61,61,61,90,90,90,90,89,89,89,67,90,90,90,90,33,30,30,30,24,51,61,71,71,78,78,83,89,90,90,90,90,73,100,100,100,64,73,69,100,100,100,100,100,0,0,0],"gold":111,"neow_bonus":"THREE_ENEMY_KILL","is_daily":false,"chose_seed":false,"campfire_upgraded":6,"win_rate":0.0,"timestamp":1610770016,"path_taken":["R","M","?","?","M","E","T","R","?","R","M","R","M","$","M","BOSS","R","M","M","?","?","$","T","M","R","M","M","?","M","?","M","BOSS","R","M","?","?","$","?","T","M","M","?","?","?","$","M","M","BOSS"],"items_purchased_type":["Card","Card","Relic","Card","Relic","Card","Relic","Card"],"build_version":"2020-12-22","purchased_purges":1,"victory":false,"max_hp_per_floor":[90,90,90,90,90,90,90,90,90,90,90,90,90,90,90,90,90,90,90,90,90,90,90,90,90,90,90,90,90,90,90,90,90,90,90,90,90,90,100,100,100,100,100,100,100,100,100,100,100,100,100,100],"relic_stats":{"Regal Pillow":0,"Torii":14,"counters":[30,132],"Shuriken":[35],"MealTicket":15,"Pen Nib":[6],"Cursed Key":2,"obtain_stats":[{"trackpad:GuardianSpirit":7,"champ:BlackKnightHelmet":22,"Regal Pillow":41,"Pear":39,"Torii":17,"champ:ChampionCrown":0,"downfall:HeartsMalice":0,"downfall:TeleportStone":37,"Pen Nib":40,"Cursed Key":34,"Calling Bell":17,"trackpad:ByrdCharm":17,"Anchor":47,"Shuriken":6,"MutagenicStrength":21,"Tiny Chest":17,"Molten Egg 2":22,"MealTicket":24,"downfall:RedIOU":29,"champ:BerserkersGuideToSlaughter":23},{"trackpad:GuardianSpirit":4,"champ:BlackKnightHelmet":13,"Regal Pillow":23,"Pear":23,"Torii":9,"champ:ChampionCrown":0,"downfall:HeartsMalice":0,"downfall:TeleportStone":21,"Pen Nib":23,"Cursed Key":20,"Calling Bell":9,"trackpad:ByrdCharm":9,"Anchor":27,"Shuriken":4,"MutagenicStrength":12,"Tiny Chest":9,"Molten Egg 2":13,"MealTicket":14,"downfall:RedIOU":17,"champ:BerserkersGuideToSlaughter":14},{"trackpad:GuardianSpirit":7,"champ:BlackKnightHelmet":52,"Regal Pillow":101,"Pear":101,"Torii":24,"champ:ChampionCrown":0,"downfall:HeartsMalice":0,"downfall:TeleportStone":93,"Pen Nib":101,"Cursed Key":89,"Calling Bell":24,"trackpad:ByrdCharm":24,"Anchor":117,"Shuriken":7,"MutagenicStrength":43,"Tiny Chest":24,"Molten Egg 2":52,"MealTicket":56,"downfall:RedIOU":70,"champ:BerserkersGuideToSlaughter":56}]},"card_choices":[{"not_picked":["champ:TornadoPunch","champ:PreciseThrust"],"picked":"champ:Backstep","floor":2},{"not_picked":["champ:FaceSlap","champ:FancyFootwork"],"picked":"champ:SetATrap","floor":4},{"not_picked":["champ:PerfectedStrike","champ:Backstep"],"picked":"champ:EnragedBash","floor":5},{"not_picked":["champ:CrookedStrike","champ:FanOfKnives"],"picked":"champ:Duel","floor":6},{"not_picked":["champ:Duel","champ:SetATrap","champ:ShieldWall"],"picked":"SKIP","floor":11},{"not_picked":["champ:ArenaPreparation","champ:PreciseThrust"],"picked":"champ:ShieldThrow","floor":13},{"not_picked":["champ:Circumvent","champ:PerfectedStrike"],"picked":"champ:Endure","floor":14},{"not_picked":["champ:PreemptiveStrike","champ:BringItOn"],"picked":"champ:CrownThrow","floor":15},{"not_picked":["champ:ShieldThrow","champ:IgnorePain"],"picked":"champ:GladiatorForm","floor":16},{"not_picked":["champ:CrownThrow","champ:Shatter"],"picked":"champ:DeathBlow+1","floor":19},{"not_picked":["champ:Circumvent","champ:RapidStrikes"],"picked":"champ:FaceSlap","floor":20},{"not_picked":[],"picked":"J.A.X.","floor":21},{"not_picked":["champ:BringItOn","champ:FocusedBerserking+1"],"picked":"champ:StanceDance","floor":21},{"not_picked":["champ:RisingSlash+1","champ:AdrenalArmor+1"],"picked":"champ:MurderStrike+1","floor":22},{"not_picked":["champ:SetATrap+1","champ:Duel+1"],"picked":"champ:AdrenalArmor","floor":23},{"not_picked":["champ:GutPunch+1","champ:Endure+1"],"picked":"champ:EnGarde+1","floor":25},{"not_picked":["champ:BringItOn","champ:EnGarde+1"],"picked":"champ:PreciseThrust+1","floor":27},{"not_picked":["champ:CrownThrow+1","champ:EnGarde"],"picked":"champ:PreciseThrust+1","floor":28},{"not_picked":["champ:BladeFlurry+1","champ:CalledShot"],"picked":"champ:StanceDance","floor":30},{"not_picked":["champ:GladiatorForm","champ:Endure+1"],"picked":"champ:FlashCut+1","floor":32},{"not_picked":["champ:IgnorePain","champ:StrikeOfGenius"],"picked":"champ:MurderStrike+1","floor":33},{"not_picked":["champ:PerfectedStrike+1","champ:FancyFootwork"],"picked":"champ:RisingSlash+1","floor":36},{"not_picked":["champ:FlashCut+1","champ:SkillfulDodge+1"],"picked":"champ:RapidStrikes+1","floor":38},{"not_picked":["champ:PerfectedStrike+1","champ:TornadoPunch+1"],"picked":"champ:FalseCounter","floor":39},{"not_picked":["champ:EndlessRage+1","champ:Circumvent","champ:RapidStrikes+1"],"picked":"SKIP","floor":42},{"not_picked":["champ:FalseCounter+1","champ:CrownThrow+1"],"picked":"champ:GutPunch+1","floor":43},{"not_picked":["champ:StanceDance","champ:FaceSlap+1"],"picked":"champ:Lariat","floor":44},{"not_picked":["champ:PreciseThrust+1","champ:Circumvent","champ:DefensiveShout+1"],"picked":"SKIP","floor":47},{"not_picked":["champ:PreciseThrust+1","champ:SetATrap+1"],"picked":"champ:Devastate+1","floor":48},{"not_picked":["champ:StanceDance","champ:FlashCut+1","champ:Circumvent"],"picked":"SKIP","floor":49}],"player_experience":145815,"relics_obtained":[{"floor":6,"key":"Shuriken"},{"floor":7,"key":"trackpad:GuardianSpirit"},{"floor":17,"key":"Tiny Chest"},{"floor":17,"key":"trackpad:ByrdCharm"},{"floor":17,"key":"Torii"},{"floor":21,"key":"MutagenicStrength"},{"floor":22,"key":"champ:BlackKnightHelmet"},{"floor":22,"key":"Molten Egg 2"},{"floor":24,"key":"MealTicket"},{"floor":40,"key":"Pen Nib"},{"floor":41,"key":"Regal Pillow"}],"event_choices":[{"cards_removed":["champ:Backstep"],"damage_healed":0,"gold_gain":0,"player_choice":"Give","damage_taken":0,"max_hp_gain":0,"max_hp_loss":0,"event_name":"betterNote:BetterNote","floor":3,"gold_loss":0,"cards_obtained":["None"]},{"damage_healed":30,"gold_gain":0,"player_choice":"Banana","damage_taken":0,"max_hp_gain":0,"max_hp_loss":0,"event_name":"Big Fish","floor":9,"gold_loss":0},{"damage_healed":0,"gold_gain":0,"player_choice":"Ignored","damage_taken":0,"max_hp_gain":0,"max_hp_loss":0,"event_name":"Ghosts","floor":31,"gold_loss":0}],"is_beta":false,"boss_relics":[{"not_picked":["SacredBark","Runic Dome"],"picked":"Calling Bell"},{"not_picked":["Black Star","Empty Cage"],"picked":"Cursed Key"}],"items_purged_floors":[23],"is_endless":false,"potions_floor_spawned":[6,11,13,16,19,21,25,32,33,36,48,49],"killed_by":"SI_POISON_ARCHETYPE","ascension_level":0}}