{"host":"sc0o2qwpf9j16a4i","time":1610829583,"event":{"mods":["AchievementEnabler","BaseMod","BetterRewards","Block Reminder","Colored Map","Colored Powertips","Custom Start","Highlight Path","Minty Spire (QoL Compilation)","Relic Stats"],"gold_per_floor":[118,118,118,128,63,63,34,109,109,109,152,170,170,185,185,276,276,294,308,79,79,100,100,100],"floor_reached":23,"language":"ENG","playtime":683,"items_purged":["Strike_B","Strike_B"],"score":578,"play_id":"48e3a5ca-8c18-4e7a-8d17-c39948e6bcfb","local_time":"20210116223943","is_ascension_mode":true,"campfire_choices":[{"data":"Gash","floor":6,"key":"SMITH"},{"data":"Beam Cell","floor":13,"key":"SMITH"},{"floor":15,"key":"REST"}],"circlet_count":0,"master_deck":["AscendersBane","Strike_B","Defend_B","Defend_B","Defend_B","Defend_B","Zap","Dualcast","Self Repair","Genetic Algorithm","Gash+1","Gash+1","Hologram","Beam Cell+1","Reboot","Cold Snap","Leap","Reinforced Body","Meteor Strike","Coolheaded"],"relics":["Cracked Core","Membership Card","FossilizedHelix","Gambling Chip","Golden Idol","Ginger","Philosopher\u0027s Stone","Question Card"],"acts_visited":["Exordium","TheCity"],"potions_floor_usage":[11,23],"damage_taken":[{"damage":0,"enemies":"Small Slimes","floor":1,"turns":3},{"damage":0,"enemies":"Jaw Worm","floor":4,"turns":4},{"damage":21,"enemies":"3 Sentries","floor":11,"turns":8},{"damage":0,"enemies":"2 Louse","floor":12,"turns":2},{"damage":30,"enemies":"Gremlin Gang","floor":14,"turns":5},{"damage":18,"enemies":"The Guardian","floor":16,"turns":10},{"damage":0,"enemies":"Spheric Guardian","floor":18,"turns":3},{"damage":28,"enemies":"Shell Parasite","floor":19,"turns":7},{"damage":0,"enemies":"Snecko","floor":22,"turns":5},{"damage":60,"enemies":"Gremlin Leader","floor":23,"turns":5}],"seed_played":"-6600079501307764735","potions_obtained":[{"floor":4,"key":"Block Potion"},{"floor":14,"key":"Weak Potion"},{"floor":19,"key":"Ancient Potion"},{"floor":22,"key":"FocusPotion"}],"is_trial":false,"path_per_floor":["M","?","?","M","$","R","$","?","T","?","E","M","R","M","R","B",null,"M","M","$","?","M","E"],"character_chosen":"DEFECT","items_purchased":["Membership Card","FossilizedHelix","Gambling Chip","Self Repair","Genetic Algorithm","SteroidPotion","Hologram","Reinforced Body","Question Card"],"campfire_rested":1,"item_purchase_floors":[0,0,0,0,0,5,7,20,20],"current_hp_per_floor":[53,58,58,65,65,65,65,54,54,54,40,47,47,24,44,33,60,67,46,46,46,53,0,0],"gold":100,"neow_bonus":"","is_daily":false,"chose_seed":false,"campfire_upgraded":2,"win_rate":0.0,"timestamp":1610829583,"path_taken":["M","?","?","M","$","R","$","?","T","?","E","M","R","M","R","BOSS","M","M","$","?","M","E"],"items_purchased_type":["Relic","Relic","Relic","Card","Card","Potion","Card","Card","Relic"],"build_version":"2020-12-22","purchased_purges":2,"victory":false,"max_hp_per_floor":[71,76,76,76,76,76,76,76,76,69,69,69,69,69,69,69,69,69,69,69,69,69,69,69],"relic_stats":{"counters":[34,154],"Golden Idol":45,"Gambling Chip":[30],"Ginger":[6],"Question Card":1,"obtain_stats":[{"Ice Cream":0,"Lantern":0,"Regal Pillow":0,"Golden Idol":10,"CeramicFish":9,"Astrolabe":17,"Omamori":7,"Juzu Bracelet":26,"Ginger":11,"Question Card":20,"Cables":9,"Old Coin":14,"Sozu":17,"Bronze Scales":7,"Gambling Chip":0,"MealTicket":11,"Philosopher\u0027s Stone":17,"Art of War":12,"Kunai":24,"Membership Card":0,"Cracked Core":0,"FossilizedHelix":0},{"Ice Cream":0,"Lantern":15,"Regal Pillow":15,"Golden Idol":26,"CeramicFish":19,"Astrolabe":22,"Omamori":5,"Juzu Bracelet":14,"Ginger":27,"Question Card":32,"Cables":6,"Old Coin":21,"Sozu":9,"Bronze Scales":19,"Gambling Chip":24,"MealTicket":7,"Philosopher\u0027s Stone":30,"Art of War":20,"Kunai":13,"Membership Card":24,"Cracked Core":0,"FossilizedHelix":24},{"Ice Cream":0,"Lantern":67,"Regal Pillow":67,"Golden Idol":109,"CeramicFish":83,"Astrolabe":98,"Omamori":19,"Juzu Bracelet":66,"Ginger":117,"Question Card":144,"Cables":21,"Old Coin":91,"Sozu":36,"Bronze Scales":83,"Gambling Chip":102,"MealTicket":26,"Philosopher\u0027s Stone":134,"Art of War":86,"Kunai":59,"Membership Card":102,"Cracked Core":0,"FossilizedHelix":102}]},"card_choices":[{"not_picked":["Redo","Storm"],"picked":"Gash","floor":1},{"not_picked":["Conserve Battery","Go for the Eyes"],"picked":"Gash","floor":4},{"not_picked":["Redo","Barrage","Turbo"],"picked":"SKIP","floor":11},{"not_picked":["Compile Driver","Doom and Gloom"],"picked":"Beam Cell","floor":12},{"not_picked":["Redo","Double Energy","Beam Cell"],"picked":"SKIP","floor":14},{"not_picked":["Seek","Rainbow"],"picked":"Reboot","floor":16},{"not_picked":["Loop","Ball Lightning"],"picked":"Cold Snap","floor":18},{"not_picked":["Cold Snap","Lockon"],"picked":"Leap","floor":19},{"not_picked":["Self Repair","Hello World","Cold Snap+1"],"picked":"Coolheaded","floor":22}],"player_experience":678414,"relics_obtained":[{"floor":11,"key":"Ginger"}],"event_choices":[{"damage_healed":0,"gold_gain":0,"player_choice":"Donut","damage_taken":0,"max_hp_gain":5,"max_hp_loss":0,"event_name":"Big Fish","floor":2,"gold_loss":0},{"damage_healed":0,"gold_gain":0,"player_choice":"Grow","damage_taken":0,"max_hp_gain":0,"max_hp_loss":0,"event_name":"Living Wall","floor":3,"gold_loss":0,"cards_upgraded":["Gash"]},{"damage_healed":0,"gold_gain":75,"player_choice":"Gather Gold","damage_taken":11,"max_hp_gain":0,"max_hp_loss":0,"event_name":"World of Goop","floor":8,"gold_loss":0},{"damage_healed":0,"gold_gain":0,"player_choice":"Lose Max HP","damage_taken":0,"relics_obtained":["Golden Idol"],"max_hp_gain":0,"max_hp_loss":7,"event_name":"Golden Idol","floor":10,"gold_loss":0},{"damage_healed":0,"gold_gain":0,"cards_transformed":["Strike_B"],"player_choice":"Transformed","damage_taken":0,"max_hp_gain":0,"max_hp_loss":0,"event_name":"Transmorgrifier","floor":21,"gold_loss":0,"cards_obtained":["Meteor Strike"]}],"is_beta":false,"boss_relics":[{"not_picked":["Snecko Eye","Runic Dome"],"picked":"Philosopher\u0027s Stone"}],"items_purged_floors":[5,20],"is_endless":false,"potions_floor_spawned":[4,14,19,22],"killed_by":"Gremlin Leader","ascension_level":20}}