{"host":"c3lc60y5x60jlt1y","time":1610801435,"event":{"mods":["AchievementEnabler","BaseMod","Bestiary","Colored Map","Minty Spire (QoL Compilation)","Quick Restart","StSLib","ojb\u0027s Info Mod"],"gold_per_floor":[12,12,12,37,37,71,71,104,129,0,0,18,94,129,129,252,252,267,366,390,411,411,411,452,452,475,575,596,614,638,659,659,782,782,803,238,252,1251,1251,1294,1294,1328,1380,1392,1419,1444,787,801,801,801],"floor_reached":51,"language":"ENG","playtime":4347,"items_purged":["Strike_B","Defend_B","Decay"],"score":986,"play_id":"d842478c-1099-4fc2-84d4-d6a69e5a2eeb","local_time":"20210116145035","is_ascension_mode":true,"campfire_choices":[{"data":"Dualcast","floor":7.0,"key":"SMITH"},{"data":"Streamline","floor":11.0,"key":"SMITH"},{"data":"Tempest","floor":15.0,"key":"SMITH"},{"floor":23.0,"key":"REST"},{"floor":25.0,"key":"REST"},{"floor":32.0,"key":"REST"},{"floor":41,"key":"REST"},{"floor":44,"key":"REST"},{"floor":49,"key":"REST"}],"circlet_count":0,"master_deck":["Defend_B","Zap","Dualcast+1","Ball Lightning","FTL","Cold Snap+1","Turbo","Capacitor","Streamline+1","Chill","Heatsinks","Tempest+1","Creative AI","Barrage","Defragment","Stack+1","Coolheaded+1","Loop","Coolheaded+1","Biased Cognition","Static Discharge+1","Force Field","Panacea","Secret Weapon","Thunder Strike","Coolheaded+1","Blizzard+1"],"relics":["Cracked Core","Golden Idol","Pen Nib","Whetstone","Bag of Preparation","Mummified Hand","Girya","Empty Cage","Enchiridion","Toy Ornithopter","Omamori","Orichalcum","Nuclear Battery","Chemical X","Singing Bowl","Art of War","MawBank","Ancient Tea Set","Strange Spoon","Bag of Marbles"],"acts_visited":["Exordium","TheCity","TheBeyond"],"potions_floor_usage":[40,46,50,50,50,50,50],"damage_taken":[{"damage":3.0,"enemies":"2 Louse","floor":1.0,"turns":3.0},{"damage":6.0,"enemies":"Small Slimes","floor":4.0,"turns":4.0},{"damage":14.0,"enemies":"Gremlin Nob","floor":6.0,"turns":3.0},{"damage":13.0,"enemies":"Lagavulin","floor":8.0,"turns":5.0},{"damage":0.0,"enemies":"Jaw Worm","floor":12.0,"turns":2.0},{"damage":4.0,"enemies":"3 Sentries","floor":13.0,"turns":4.0},{"damage":2.0,"enemies":"Gremlin Nob","floor":14.0,"turns":3.0},{"damage":12.0,"enemies":"The Guardian","floor":16.0,"turns":10.0},{"damage":1.0,"enemies":"Spheric Guardian","floor":18.0,"turns":3.0},{"damage":11.0,"enemies":"2 Thieves","floor":20.0,"turns":2.0},{"damage":11.0,"enemies":"Centurion and Healer","floor":21.0,"turns":5.0},{"damage":27.0,"enemies":"Book of Stabbing","floor":24.0,"turns":4.0},{"damage":17.0,"enemies":"Shelled Parasite and Fungi","floor":28.0,"turns":3.0},{"damage":0.0,"enemies":"Sentry and Sphere","floor":29.0,"turns":3.0},{"damage":4.0,"enemies":"Snake Plant","floor":31.0,"turns":3.0},{"damage":10.0,"enemies":"Champ","floor":33.0,"turns":8.0},{"damage":17,"enemies":"3 Darklings","floor":35,"turns":4},{"damage":8,"enemies":"Orb Walker","floor":37,"turns":3},{"damage":32,"enemies":"Reptomancer","floor":40,"turns":5},{"damage":8,"enemies":"Nemesis","floor":42,"turns":5},{"damage":4,"enemies":"Maw","floor":45,"turns":6},{"damage":8,"enemies":"Transient","floor":46,"turns":5},{"damage":4,"enemies":"3 Darklings","floor":48,"turns":4},{"damage":22,"enemies":"Donu and Deca","floor":50,"turns":5}],"seed_played":"1101929736186766930","potions_obtained":[{"floor":1.0,"key":"SkillPotion"},{"floor":8.0,"key":"Block Potion"},{"floor":12.0,"key":"PotionOfCapacity"},{"floor":16.0,"key":"Strength Potion"},{"floor":18.0,"key":"LiquidMemories"},{"floor":21.0,"key":"EssenceOfSteel"},{"floor":24.0,"key":"SteroidPotion"},{"floor":29.0,"key":"Explosive Potion"},{"floor":42,"key":"SkillPotion"},{"floor":45,"key":"SkillPotion"},{"floor":46,"key":"PowerPotion"}],"is_trial":false,"path_per_floor":["M","?","?","M","?","E","R","E","T","$","R","M","?","E","R","B",null,"M","?","M","M","?","R","E","R","T","?","M","M","T","M","R","B",null,"M","$","M","?","?","E","R","E","T","R","M","M","$","M","R","B",null],"character_chosen":"DEFECT","items_purchased":["Streamline","Chemical X","Force Field","Panacea","Secret Weapon","EntropicBrew","Ancient Tea Set","Strange Spoon","Bag of Marbles"],"campfire_rested":6,"item_purchase_floors":[10,36,36,36,36,47,47,47,47],"current_hp_per_floor":[65,65,65,59,59,45,45,32,32,32,32,32,28,26,26,14,55,54,54,43,32,16,36,9,29,29,29,12,12,12,8,28,28,59,42,42,34,34,34,9,30,24,24,45,41,38,38,34,55,56],"gold":801,"neow_bonus":"REMOVE_TWO","is_daily":false,"chose_seed":false,"campfire_upgraded":3,"win_rate":0.0,"timestamp":1610801435,"path_taken":["M","?","?","M","?","E","R","E","T","?","R","M","?","E","R","BOSS","M","?","M","M","?","R","E","R","T","?","M","?","?","M","R","BOSS","M","$","?","?","?","E","R","E","T","R","M","?","$","M","R","BOSS"],"items_purchased_type":["Card","Relic","Card","Card","Card","Potion","Relic","Relic","Relic"],"build_version":"2020-12-22","purchased_purges":3,"victory":true,"max_hp_per_floor":[75,69,69,69,69,69,69,69,69,69,69,69,69,69,69,69,69,69,69,69,69,69,69,69,69,69,69,69,69,69,69,69,69,69,69,69,69,69,69,71,71,73,73,73,73,73,73,73,73,73],"card_choices":[{"not_picked":["Scrape","Compile Driver"],"picked":"Ball Lightning","floor":1.0},{"not_picked":["Lockon","Doom and Gloom"],"picked":"FTL","floor":4.0},{"not_picked":["Recycle","Go for the Eyes"],"picked":"Turbo","floor":6.0},{"not_picked":["Doom and Gloom","Beam Cell"],"picked":"Capacitor","floor":8.0},{"not_picked":["Turbo","Undo"],"picked":"Chill","floor":12.0},{"not_picked":["Hologram","Sweeping Beam"],"picked":"Heatsinks","floor":13.0},{"not_picked":["Gash","Leap"],"picked":"Tempest","floor":14.0},{"not_picked":["Buffer","Reboot"],"picked":"Creative AI","floor":16.0},{"not_picked":["Streamline","Go for the Eyes+1"],"picked":"Barrage","floor":18.0},{"not_picked":["Hologram","Conserve Battery"],"picked":"Defragment","floor":20.0},{"not_picked":["Sweeping Beam+1","Turbo","Steam"],"picked":"SKIP","floor":21.0},{"not_picked":["Steam+1","Darkness"],"picked":"Stack+1","floor":24.0},{"not_picked":["Streamline","Consume"],"picked":"Coolheaded+1","floor":28.0},{"not_picked":["Gash","Redo"],"picked":"Loop","floor":29.0},{"not_picked":["Compile Driver+1","Beam Cell"],"picked":"Coolheaded+1","floor":31.0},{"not_picked":["Reboot","Rainbow"],"picked":"Biased Cognition","floor":33.0},{"not_picked":["Steam+1","Conserve Battery"],"picked":"Static Discharge+1","floor":35},{"not_picked":["Rebound+1","Redo+1","Darkness"],"picked":"SKIP","floor":37},{"not_picked":["Stack+1","Recycle+1","Compile Driver"],"picked":"Singing Bowl","floor":40},{"not_picked":["Rebound","Redo+1","Beam Cell"],"picked":"Singing Bowl","floor":42},{"not_picked":["Go for the Eyes","Rebound+1"],"picked":"Thunder Strike","floor":45},{"not_picked":["Capacitor","Hologram+1"],"picked":"Coolheaded+1","floor":46},{"not_picked":["Skim+1","Scrape+1"],"picked":"Blizzard+1","floor":48}],"player_experience":8113889,"relics_obtained":[{"floor":6.0,"key":"Pen Nib"},{"floor":8.0,"key":"Whetstone"},{"floor":9.0,"key":"Bag of Preparation"},{"floor":14.0,"key":"Girya"},{"floor":22.0,"key":"Enchiridion"},{"floor":24.0,"key":"Toy Ornithopter"},{"floor":26.0,"key":"Omamori"},{"floor":30.0,"key":"Orichalcum"},{"floor":40,"key":"Singing Bowl"},{"floor":42,"key":"Art of War"},{"floor":43,"key":"MawBank"}],"event_choices":[{"damage_healed":0.0,"max_hp_gain":0.0,"max_hp_loss":6.0,"gold_gain":0.0,"event_name":"Golden Idol","player_choice":"Lose Max HP","floor":2.0,"gold_loss":0.0,"damage_taken":0.0,"relics_obtained":["Golden Idol"]},{"damage_healed":0.0,"max_hp_gain":0.0,"max_hp_loss":0.0,"gold_gain":0.0,"event_name":"Liars Game","player_choice":"Ignored","floor":3.0,"gold_loss":0.0,"damage_taken":0.0},{"damage_healed":0.0,"max_hp_gain":0.0,"max_hp_loss":0.0,"gold_gain":0.0,"cards_transformed":["Strike_B"],"event_name":"Living Wall","player_choice":"Change","floor":5.0,"gold_loss":0.0,"damage_taken":0.0,"cards_obtained":["Cold Snap"]},{"damage_healed":0.0,"max_hp_gain":0.0,"max_hp_loss":0.0,"gold_gain":0.0,"event_name":"Dead Adventurer","player_choice":"Searched \u00273\u0027 times","floor":13.0,"gold_loss":0.0,"damage_taken":0.0,"relics_obtained":["Mummified Hand"]},{"damage_healed":0.0,"max_hp_gain":0.0,"max_hp_loss":0.0,"gold_gain":99.0,"event_name":"Nest","player_choice":"Stole From Cult","floor":19.0,"gold_loss":0.0,"damage_taken":0.0},{"damage_healed":0.0,"max_hp_gain":0.0,"max_hp_loss":0.0,"gold_gain":0.0,"event_name":"Cursed Tome","player_choice":"Obtained Book","floor":22.0,"gold_loss":0.0,"damage_taken":16.0},{"damage_healed":0.0,"max_hp_gain":0.0,"max_hp_loss":0.0,"gold_gain":100.0,"event_name":"Golden Shrine","player_choice":"Pray","floor":27.0,"gold_loss":0.0,"damage_taken":0.0},{"damage_healed":0,"gold_gain":999,"player_choice":"Gold","damage_taken":0,"max_hp_gain":0,"max_hp_loss":0,"event_name":"MindBloom","floor":38,"gold_loss":0,"cards_obtained":["Normality","Normality"]},{"damage_healed":0,"gold_gain":0,"player_choice":"Cursed","damage_taken":0,"max_hp_gain":0,"max_hp_loss":0,"event_name":"Wheel of Change","floor":39,"gold_loss":0,"cards_obtained":["Decay"]}],"is_beta":false,"boss_relics":[{"not_picked":["Runic Dome","Tiny House"],"picked":"Empty Cage"},{"not_picked":["FrozenCore","Astrolabe"],"picked":"Nuclear Battery"}],"items_purged_floors":[10,36,47],"is_endless":false,"potions_floor_spawned":[1,8,12,16,18,21,24,29,42,45,46],"ascension_level":7}}