{"host":"981nlwu0905dw1bz","time":1610803201,"event":{"mods":["AchievementEnabler","BaseMod","DeckTracker","Minty Spire (QoL Compilation)","Rare Cards Sparkle","SuperFastMode"],"gold_per_floor":[115,127,145,157,168,207,207,246,246,246,273,273,273,198,198,305,305,329,329,329,343,358,358,385,396,396,416,416,416,416,416],"floor_reached":30,"language":"KOR","playtime":561,"items_purged":["Strike_R"],"score":351,"play_id":"a5609535-860e-46ad-b5c3-5e7f0a648174","local_time":"20210116222001","is_ascension_mode":true,"campfire_choices":[{"data":"Uppercut","floor":7.0,"key":"SMITH"},{"data":"Armaments","floor":10.0,"key":"SMITH"},{"floor":15.0,"key":"REST"},{"floor":23.0,"key":"REST"}],"circlet_count":0,"master_deck":["Strike_R+1","Strike_R+1","Strike_R+1","Strike_R+1","Defend_R+1","Defend_R+1","Defend_R+1","Defend_R+1","Bash","Uppercut+1","Cleave","Shrug It Off","Armaments+1","Flex","Thunderclap","Offering","Reaper","Flex+1","Twin Strike+1"],"relics":["Black Blood","NeowsBlessing","CeramicFish","Centennial Puzzle","Meat on the Bone","Odd Mushroom","Dead Branch","Gremlin Horn","Charon\u0027s Ashes"],"acts_visited":["Exordium","TheCity"],"potions_floor_usage":[30],"damage_taken":[{"damage":0.0,"enemies":"Small Slimes","floor":1.0,"turns":1.0},{"damage":0.0,"enemies":"2 Louse","floor":2.0,"turns":1.0},{"damage":0.0,"enemies":"Jaw Worm","floor":3.0,"turns":1.0},{"damage":0.0,"enemies":"2 Fungi Beasts","floor":4.0,"turns":4.0},{"damage":9.0,"enemies":"Blue Slaver","floor":5.0,"turns":3.0},{"damage":25.0,"enemies":"Gremlin Nob","floor":6.0,"turns":4.0},{"damage":25.0,"enemies":"Lagavulin","floor":8.0,"turns":5.0},{"damage":24.0,"enemies":"The Mushroom Lair","floor":11.0,"turns":2.0},{"damage":36.0,"enemies":"Slime Boss","floor":16.0,"turns":12.0},{"damage":41.0,"enemies":"2 Thieves","floor":18.0,"turns":4.0},{"damage":56.0,"enemies":"3 Byrds","floor":21.0,"turns":6.0},{"damage":73.0,"enemies":"Centurion and Healer","floor":22.0,"turns":7.0},{"damage":47.0,"enemies":"Slavers","floor":24.0,"turns":4.0},{"damage":48.0,"enemies":"Snake Plant","floor":25.0,"turns":4.0},{"damage":7.0,"enemies":"Chosen and Byrds","floor":27.0,"turns":4.0},{"damage":103,"enemies":"Book of Stabbing","floor":30,"turns":6}],"seed_played":"-8269238127447399193","potions_obtained":[{"floor":2.0,"key":"SteroidPotion"},{"floor":3.0,"key":"CultistPotion"},{"floor":4.0,"key":"FairyPotion"},{"floor":22.0,"key":"SkillPotion"},{"floor":27.0,"key":"SkillPotion"}],"is_trial":false,"path_per_floor":["M","M","M","M","M","E","R","E","T","R","?","?","?","$","R","B",null,"M","?","?","M","M","R","E","M","T","M","?","?","E"],"character_chosen":"IRONCLAD","items_purchased":[],"campfire_rested":2,"item_purchase_floors":[],"current_hp_per_floor":[78,80,80,80,77,58,58,39,39,39,33,33,33,33,57,39,70,63,63,48,28,27,52,53,35,35,62,85,85,0,0],"gold":416,"neow_bonus":"THREE_ENEMY_KILL","is_daily":false,"chose_seed":false,"campfire_upgraded":2,"win_rate":0.0,"timestamp":1610803201,"path_taken":["M","M","M","M","M","E","R","E","T","R","?","?","?","$","R","BOSS","M","?","?","M","M","R","E","M","T","M","?","?","E"],"items_purchased_type":[],"build_version":"2020-12-22","purchased_purges":1,"victory":false,"max_hp_per_floor":[80,80,80,80,80,80,80,80,80,80,80,80,80,80,80,80,80,80,80,85,85,85,85,85,85,85,85,85,85,85,85],"card_choices":[{"not_picked":["Body Slam","Flex"],"picked":"Uppercut","floor":1.0},{"not_picked":["Iron Wave","True Grit"],"picked":"Cleave","floor":2.0},{"not_picked":["Headbutt","Whirlwind"],"picked":"Shrug It Off","floor":3.0},{"not_picked":["Twin Strike","Seeing Red"],"picked":"Armaments","floor":4.0},{"not_picked":["Pommel Strike","Disarm"],"picked":"Flex","floor":5.0},{"not_picked":["Combust","Second Wind"],"picked":"Thunderclap","floor":6.0},{"not_picked":["Havoc","Fiend Fire"],"picked":"Offering","floor":8.0},{"not_picked":["Corruption","Immolate"],"picked":"Reaper","floor":16.0},{"not_picked":["Metallicize","Armaments"],"picked":"Flex+1","floor":18.0},{"not_picked":["Anger","Iron Wave","Sword Boomerang+1"],"picked":"SKIP","floor":21.0},{"not_picked":["Pommel Strike","Rampage","Barricade"],"picked":"SKIP","floor":22.0},{"not_picked":["Hemokinesis","Flame Barrier","Shrug It Off"],"picked":"SKIP","floor":24.0},{"not_picked":["Flame Barrier","Pommel Strike","Warcry+1"],"picked":"SKIP","floor":25.0},{"not_picked":["Headbutt","Shrug It Off+1"],"picked":"Twin Strike+1","floor":27.0}],"player_experience":548259,"relics_obtained":[{"floor":6.0,"key":"CeramicFish"},{"floor":8.0,"key":"Centennial Puzzle"},{"floor":9.0,"key":"Meat on the Bone"},{"floor":11.0,"key":"Odd Mushroom"},{"floor":24.0,"key":"Gremlin Horn"},{"floor":26.0,"key":"Charon\u0027s Ashes"}],"event_choices":[{"damage_healed":0.0,"max_hp_gain":0.0,"max_hp_loss":0.0,"gold_gain":0.0,"event_name":"Mushrooms","player_choice":"Fought Mushrooms","floor":11.0,"gold_loss":0.0,"damage_taken":0.0},{"damage_healed":0.0,"max_hp_gain":0.0,"max_hp_loss":0.0,"gold_gain":0.0,"event_name":"Golden Idol","player_choice":"Ignored","floor":12.0,"gold_loss":0.0,"damage_taken":0.0},{"damage_healed":0.0,"max_hp_gain":0.0,"max_hp_loss":0.0,"gold_gain":0.0,"event_name":"Liars Game","player_choice":"Ignored","floor":13.0,"gold_loss":0.0,"damage_taken":0.0},{"damage_healed":0.0,"max_hp_gain":0.0,"max_hp_loss":0.0,"gold_gain":0.0,"event_name":"The Mausoleum","player_choice":"Opened","floor":19.0,"gold_loss":0.0,"damage_taken":0.0,"relics_obtained":["Dead Branch"]},{"damage_healed":0.0,"max_hp_gain":5.0,"max_hp_loss":0.0,"gold_gain":0.0,"event_name":"Forgotten Altar","player_choice":"Shed Blood","floor":20.0,"gold_loss":0.0,"damage_taken":20.0},{"damage_healed":28,"gold_gain":0,"player_choice":"Heal","damage_taken":0,"max_hp_gain":0,"max_hp_loss":0,"event_name":"The Library","floor":28,"gold_loss":0},{"damage_healed":0,"gold_gain":0,"player_choice":"Simplicity","damage_taken":0,"max_hp_gain":0,"max_hp_loss":0,"event_name":"Back to Basics","floor":29,"gold_loss":0,"cards_upgraded":["Strike_R","Strike_R","Strike_R","Strike_R","Defend_R","Defend_R","Defend_R","Defend_R"]}],"is_beta":false,"boss_relics":[{"not_picked":["Calling Bell","Runic Cube"],"picked":"Black Blood"}],"items_purged_floors":[14],"is_endless":false,"potions_floor_spawned":[2,3,4,22,27],"killed_by":"Book of Stabbing","ascension_level":7}}