{"host":"Kid Ruckus","time":1610830352,"event":{"mods":["BaseMod","Colored Map","Filter the Spire","Minty Spire (QoL Compilation)","Permanent Neow","Quick Restart","StSLib"],"gold_per_floor":[115,265,265,265,277,309,328,363,363,363,363],"floor_reached":10,"language":"ENG","playtime":431,"items_purged":[],"score":133,"play_id":"0fd8c320-56f1-4a1e-a478-cbce98e12eb2","local_time":"20210116155232","is_ascension_mode":true,"campfire_choices":[],"circlet_count":0,"master_deck":["AscendersBane","Strike_G","Strike_G","Strike_G","Strike_G","Strike_G","Defend_G","Defend_G","Defend_G","Defend_G","Defend_G","Survivor","Neutralize","Cloak And Dagger","Pain","Acrobatics","Heel Hook","Poisoned Stab","After Image"],"relics":["Coffee Dripper","WarpedTongs","Sundial","StoneCalendar","Prayer Wheel"],"acts_visited":[],"potions_floor_usage":[10],"damage_taken":[{"damage":0.0,"enemies":"2 Louse","floor":1.0,"turns":3.0},{"damage":3.0,"enemies":"Cultist","floor":5.0,"turns":4.0},{"damage":32.0,"enemies":"3 Sentries","floor":6.0,"turns":12.0},{"damage":2.0,"enemies":"Small Slimes","floor":7.0,"turns":3.0},{"damage":14.0,"enemies":"Gremlin Nob","floor":8.0,"turns":4.0},{"damage":3,"enemies":"Lagavulin","floor":10,"turns":4}],"seed_played":"-6730802674153010213","potions_obtained":[{"floor":6.0,"key":"Weak Potion"},{"floor":7.0,"key":"LiquidMemories"},{"floor":8.0,"key":"Swift Potion"}],"is_trial":false,"path_per_floor":["M","?","?","?","M","E","M","E","T","E"],"character_chosen":"THE_SILENT","items_purchased":[],"campfire_rested":0,"item_purchase_floors":[],"current_hp_per_floor":[59,59,59,59,56,24,22,8,8,5,5],"gold":363,"neow_bonus":"BOSS_RELIC","is_daily":false,"chose_seed":false,"campfire_upgraded":0,"win_rate":0.0,"timestamp":1610830352,"path_taken":["M","?","?","?","M","E","?","E","T","E"],"items_purchased_type":[],"build_version":"2020-12-18","purchased_purges":0,"victory":false,"max_hp_per_floor":[66,66,66,66,66,66,66,66,66,66,66],"card_choices":[{"not_picked":["Sucker Punch","Flying Knee"],"picked":"Cloak And Dagger","floor":1.0},{"not_picked":["Cloak And Dagger","Flechettes"],"picked":"Acrobatics","floor":5.0},{"not_picked":["A Thousand Cuts","All Out Attack"],"picked":"Heel Hook","floor":6.0},{"not_picked":["Prepared","Slice"],"picked":"Poisoned Stab","floor":7.0},{"not_picked":["Prepared","Caltrops"],"picked":"After Image","floor":8.0}],"player_experience":692299,"relics_obtained":[{"floor":6.0,"key":"Sundial"},{"floor":8.0,"key":"StoneCalendar"},{"floor":9.0,"key":"Prayer Wheel"}],"event_choices":[{"damage_healed":0.0,"max_hp_gain":0.0,"max_hp_loss":0.0,"gold_gain":150.0,"event_name":"Liars Game","player_choice":"AGREE","floor":2.0,"gold_loss":0.0,"damage_taken":0.0,"cards_obtained":["Doubt"]},{"cards_removed":["Doubt"],"damage_healed":0.0,"max_hp_gain":0.0,"max_hp_loss":0.0,"gold_gain":0.0,"event_name":"Living Wall","player_choice":"Forget","floor":3.0,"gold_loss":0.0,"damage_taken":0.0},{"damage_healed":0.0,"max_hp_gain":0.0,"max_hp_loss":0.0,"gold_gain":0.0,"event_name":"Accursed Blacksmith","player_choice":"Rummage","floor":4.0,"gold_loss":0.0,"damage_taken":0.0,"relics_obtained":["WarpedTongs"],"cards_obtained":["Pain"]}],"is_beta":true,"boss_relics":[],"items_purged_floors":[],"is_endless":false,"potions_floor_spawned":[6,7,8],"killed_by":"Lagavulin","ascension_level":15}}