{"host":"kxbvub3a5s21lqnr","time":1610808048,"event":{"mods":["Bard","BaseMod","Dota2Spire","Minty Spire (QoL Compilation)","MostiFishMod","Reimu£®≤©¿ˆ¡È√Œ£©","Remilia£®¿Ÿ√◊¿Ú—«£©","StSLib","The Cursed","The Hierophant","Yakumo Yukari mod","Youmu£®ªÍ∆«—˝√Œ£©","Yuyuko"],"gold_per_floor":[118,118,118,43,43,71,71,89,114,130,130,185,212,224,224,330,-1070,-1049,16,28,127,127,127,127,127,127,127,127,165,194,109,109,216,216,238,247,247,247,269,309,320,365,437,459,459,487,487,507,507,507,507,507,507,542,541],"floor_reached":56,"language":"ZHS","playtime":1954,"items_purged":["Poor:ReiMu","Defend_RM","Strike_RM","EmergencyRegeneration","Flash of Steel+1"],"score":1621,"play_id":"3d2dd2bb-41d3-4d5a-ac6b-e86b497c4717","local_time":"20210116224048","is_ascension_mode":false,"campfire_choices":[{"data":"ScarletShoot","floor":7,"key":"SMITH"},{"data":"TricksterDevil","floor":15,"key":"SMITH"},{"floor":23,"key":"RECALL"},{"data":"Panache","floor":25,"key":"SMITH"},{"data":"UnderTheZenith","floor":27,"key":"SMITH"},{"data":"KillingBlow","floor":32,"key":"SMITH"},{"floor":47,"key":"REST"},{"floor":49,"key":"REST"},{"floor":52,"key":"REST"}],"circlet_count":0,"master_deck":["Strike_RM+1","Strike_RM+1","Defend_RM+1","Defend_RM+1","RedMoon+1","ScarletShoot+1","DiffusionOfMisfortune+1","MiserableFate+1","HunterOfTheNight+1","MastersStateliness+1","MostiFishMod:KingOfFree+1","RedNightlessCastle+1","TricksterDevil+1","Bandage Up+1","RedRainbow+1","DemonKingCradle+1","TwelveNightmare+1","ScarletDevil+1","Panache+1","UnstableMagic+1","UnderTheZenith+1","CharismaGuard+1","ScarletImprint+1","KillingBlow+1","QueenOfMidnight+1","CharismaGuard+1","MostiFishMod:JungleRules+1","BloodHunter+1","ScarletMeister+1","DiffusionOfMisfortune+1","BombardNight+1","MastersStateliness+1","AfternoonTea+1","DiffusionOfMisfortune+1","BloodRain+1"],"relics":["ScarletHat","DaveBox","NeowsBlessing","SynthV:TestCard","YidongShenshe:ReiMu","Mastiff:ReiMu","Nunchaku","Dota2Spire:MonkeyKingBar","Centennial Puzzle","DiscerningMonocle","MawBank","Omamori","Pear","TheAbacus","SynthV:MejaisSoulstealer","Eternal Feather","Ice Cream","TentaclePot:ReiMu","BionicSphere","Ancient Tea Set","Dota2Spire:UrnOfShadows","OrangePellets","CeramicFish","Molten Egg 2","Dota2Spire:Bloodstone","Vajra","Dota2Spire:Dagon","Chemical X","Dota2Spire:OrchidMalevolence","Whetstone","Technique","MealTicket","AntiCross","Dota2Spire:EtherealBlade","Dota2Spire:OctarineCore","BrkXgEgg","Bottled Tornado"],"acts_visited":["Exordium","TheCity","TheBeyond","TheEnding"],"potions_floor_usage":[16,16,29,29,29,39,40,40,50,55,55],"damage_taken":[{"damage":0,"enemies":"2 Louse","floor":1,"turns":2},{"damage":0,"enemies":"Gremlin Nob","floor":6,"turns":1},{"damage":0,"enemies":"Cultist","floor":8,"turns":1},{"damage":0,"enemies":"Small Slimes","floor":10,"turns":3},{"damage":8,"enemies":"Blue Slaver","floor":13,"turns":4},{"damage":31,"enemies":"The Guardian","floor":16,"turns":10},{"damage":20,"enemies":"Shell Parasite","floor":18,"turns":5},{"damage":40,"enemies":"2 Thieves","floor":19,"turns":4},{"damage":6,"enemies":"Centurion and Healer","floor":20,"turns":3},{"damage":0,"enemies":"Slavers","floor":29,"turns":5},{"damage":4,"enemies":"Cultist and Chosen","floor":30,"turns":4},{"damage":14,"enemies":"Collector","floor":33,"turns":6},{"damage":0,"enemies":"3 Shapes","floor":35,"turns":4},{"damage":2,"enemies":"3 Darklings","floor":39,"turns":3},{"damage":59,"enemies":"Reptomancer","floor":40,"turns":3},{"damage":48,"enemies":"Reptomancer","floor":41,"turns":7},{"damage":0,"enemies":"Giant Head","floor":42,"turns":4},{"damage":41,"enemies":"Maw","floor":44,"turns":3},{"damage":30,"enemies":"Spire Growth","floor":46,"turns":1},{"damage":0,"enemies":"4 Shapes","floor":48,"turns":2},{"damage":0,"enemies":"Donu and Deca","floor":50,"turns":3},{"damage":33,"enemies":"Shield and Spear","floor":54,"turns":2},{"damage":34,"enemies":"The Heart","floor":55,"turns":4}],"seed_played":"8985312729644647079","potions_obtained":[{"floor":6,"key":"Dota2Spire:Clarity"},{"floor":10,"key":"SpeedPotion"},{"floor":19,"key":"ZuzhouPotion:ReiMu"},{"floor":20,"key":"Swift Potion"},{"floor":44,"key":"Strength Potion"},{"floor":46,"key":"GrandPatriotsElixir:ReiMu"},{"floor":54,"key":"ColorlessPotion"}],"is_trial":false,"path_per_floor":["M","?","?","$","?","E","R","M","T","M","?","T","M","$","R","B",null,"M","M","M","?","$","R","?","R","T","R","$","E","M","?","R","B",null,"M","$","?","$","M","E","?","E","T","M","?","M","R","M","R","B",null,"R","$","E","B",null],"character_chosen":"REMILIA","items_purchased":["Omamori","Pear","TheAbacus","MostiFishMod:KingOfFree","RedNightlessCastle","TricksterDevil","Bandage Up","RedRainbow","Strength Potion","Eternal Feather","Ice Cream","TentaclePot:ReiMu","Panache","UnstableMagic","Flash of Steel","Ancient Tea Set","Dota2Spire:UrnOfShadows","OrangePellets","CharismaGuard","Vajra","Dota2Spire:Dagon","Chemical X","MostiFishMod:JungleRules","PowerPotion","SpeedPotion","Ancient Potion","Dota2Spire:OrchidMalevolence","Whetstone","Technique","AttackPotion","Dota2Spire:EtherealBlade","Dota2Spire:OctarineCore","BrkXgEgg","BlessingOfTheForge"],"campfire_rested":3,"item_purchase_floors":[14,14,14,14,14,14,14,14,14,22,22,22,22,22,22,28,28,28,28,36,36,36,36,36,36,36,38,38,38,38,53,53,53,53],"current_hp_per_floor":[75,75,63,63,63,63,63,63,63,63,68,68,61,71,71,62,90,74,42,44,44,44,56,56,68,68,80,80,86,86,86,90,77,90,90,90,90,90,90,90,90,90,90,90,90,90,90,90,90,90,90,90,90,90,90],"gold":541,"neow_bonus":"THREE_ENEMY_KILL","is_daily":false,"chose_seed":false,"campfire_upgraded":5,"win_rate":0.0,"timestamp":1610808048,"path_taken":["M","?","?","$","?","E","R","?","T","M","?","?","M","$","R","BOSS","M","M","M","?","$","R","?","R","T","R","$","E","M","?","R","BOSS","M","$","?","$","M","E","?","E","T","M","?","M","R","M","R","BOSS","R","$","E","BOSS"],"items_purchased_type":["Relic","Relic","Relic","Card","Card","Card","Card","Card","Potion","Relic","Relic","Relic","Card","Card","Card","Relic","Relic","Relic","Card","Relic","Relic","Relic","Card","Potion","Potion","Potion","Relic","Relic","Relic","Potion","Relic","Relic","Relic","Potion"],"build_version":"2020-12-22","purchased_purges":5,"victory":true,"max_hp_per_floor":[75,75,75,75,75,75,75,75,75,75,80,80,80,90,90,90,90,90,90,90,90,90,90,90,90,90,90,90,90,90,90,90,90,90,90,90,90,90,90,90,90,90,90,90,90,90,90,90,90,90,90,90,90,90,90],"card_choices":[{"not_picked":["StarOfDavid","ReincarnationDial"],"picked":"BloodHunter","floor":1},{"not_picked":["ScarletDevil","ScarletGensokyo","BombardNight","StarOfDavid"],"picked":"DiffusionOfMisfortune","floor":6},{"not_picked":["BlasphemousPunishment","FavorOfDestiny","NightDance","MastersStateliness"],"picked":"MiserableFate","floor":8},{"not_picked":["EternalNight","DiffusionOfMisfortune","StarOfDavid","BadLadyScramble"],"picked":"HunterOfTheNight","floor":10},{"not_picked":["ForbiddenFruit","ScarletImprint","SuperhumanBloodyKnife","VampireSweep"],"picked":"MastersStateliness","floor":13},{"not_picked":["HeartBreak","TransientEternity","ScarletMeister","BloodyHallows"],"picked":"DemonKingCradle","floor":16},{"not_picked":["UltimateOffering","DiffusionOfMisfortune","Stigmanizer","EndlessAdversity"],"picked":"TwelveNightmare","floor":18},{"not_picked":["StarOfDavid","MiserableFate","VampireKiss","ReincarnationDial"],"picked":"ScarletDevil","floor":19},{"not_picked":["ScarletImprint","BombardNight","VampireFantasy+1","VampireKiss"],"picked":"UnderTheZenith+1","floor":20},{"not_picked":["EmergencyRegeneration","ScarletGensokyo+1","MiserableFate","MastersStateliness"],"picked":"ScarletImprint","floor":29},{"not_picked":["BombardNight","VampireKiss","Maim","AfternoonTea"],"picked":"KillingBlow","floor":30},{"not_picked":["TransientEternity","CurseOfVladTepes","CeilingFear","BloodyCatastrophe"],"picked":"QueenOfMidnight","floor":33},{"not_picked":["DiffusionOfMisfortune+1","ScarletImprint+1","VampirishNight+1","MastersStateliness"],"picked":"CharismaGuard","floor":35},{"not_picked":["LeisurelyOfLord+1","Stigmanizer+1","GlobalNightmare","MiserableFate+1"],"picked":"BloodHunter+1","floor":39},{"not_picked":["BlasphemousPunishment+1","FavorOfDestiny","VampireSweep+1","BloodHunter"],"picked":"ScarletMeister","floor":40},{"not_picked":["BloodRain","UnderTheZenith","ScarletDevil+1","ReincarnationDial"],"picked":"DiffusionOfMisfortune+1","floor":41},{"not_picked":["HeartBreak+1","DevilSight+1","NightDance+1","ScarletDevil+1"],"picked":"BombardNight+1","floor":42},{"not_picked":["StarOfDavid+1","UnderTheZenith","EndlessAdversity+1","ScarletDevil+1"],"picked":"MastersStateliness+1","floor":44},{"not_picked":["BlasphemousPunishment","NightLord+1","BloodyMagicSquare+1","VampireKiss+1"],"picked":"AfternoonTea+1","floor":46},{"not_picked":["VampireSweep+1","BloodHunter+1","StarOfDavid+1","LeisurelyOfLord+1"],"picked":"DiffusionOfMisfortune+1","floor":48},{"not_picked":["UnstableMagic","StarOfDavid+1","VampireClaw+1","CharismaGuard"],"picked":"BloodRain+1","floor":54}],"player_experience":73162,"relics_obtained":[{"floor":1,"key":"SynthV:TestCard"},{"floor":6,"key":"Dota2Spire:MonkeyKingBar"},{"floor":9,"key":"Centennial Puzzle"},{"floor":12,"key":"MawBank"},{"floor":26,"key":"BionicSphere"},{"floor":29,"key":"CeramicFish"},{"floor":40,"key":"MealTicket"},{"floor":42,"key":"AntiCross"},{"floor":54,"key":"Bottled Tornado"}],"event_choices":[{"damage_healed":0,"gold_gain":0,"player_choice":"¥¯◊ﬂ…Ò…Á","damage_taken":0,"relics_obtained":["YidongShenshe:ReiMu"],"max_hp_gain":0,"max_hp_loss":0,"event_name":"yidonshenshe","floor":2,"gold_loss":0,"cards_obtained":["Poor:ReiMu"]},{"damage_healed":0,"gold_gain":0,"player_choice":"Success","damage_taken":12,"relics_obtained":["Mastiff:ReiMu"],"max_hp_gain":0,"max_hp_loss":0,"event_name":"Scrap Ooze","floor":3,"gold_loss":0},{"cards_removed":["BloodHunter"],"damage_healed":0,"gold_gain":0,"player_choice":"Gave Card","damage_taken":0,"relics_obtained":["Nunchaku"],"max_hp_gain":0,"max_hp_loss":0,"event_name":"WeMeetAgain","floor":5,"gold_loss":0},{"damage_healed":0,"gold_gain":0,"player_choice":"Donut","damage_taken":0,"max_hp_gain":5,"max_hp_loss":0,"event_name":"Big Fish","floor":11,"gold_loss":0},{"damage_healed":0,"gold_gain":99,"player_choice":"Stole From Cult","damage_taken":0,"max_hp_gain":0,"max_hp_loss":0,"event_name":"Nest","floor":21,"gold_loss":0},{"damage_healed":0,"gold_gain":0,"cards_transformed":["Strike_RM","Defend_RM"],"player_choice":"Became Test Subject","damage_taken":0,"max_hp_gain":0,"max_hp_loss":0,"event_name":"Drug Dealer","floor":24,"gold_loss":0,"cards_obtained":["EmergencyRegeneration","UnderTheZenith"]},{"damage_healed":0,"gold_gain":0,"player_choice":"Obtained Relic","damage_taken":0,"relics_obtained":["Molten Egg 2"],"max_hp_gain":0,"max_hp_loss":0,"event_name":"Addict","floor":31,"gold_loss":85},{"cards_removed":["UnderTheZenith"],"damage_healed":0,"gold_gain":0,"player_choice":"Removed Skill","damage_taken":0,"max_hp_gain":0,"max_hp_loss":0,"event_name":"Falling","floor":37,"gold_loss":0},{"damage_healed":0,"gold_gain":0,"player_choice":"Ignored","damage_taken":0,"max_hp_gain":0,"max_hp_loss":0,"event_name":"Upgrade Shrine","floor":45,"gold_loss":0}],"is_beta":false,"boss_relics":[{"not_picked":["ShadowXiaoBlade","Calling Bell"],"picked":"SynthV:MejaisSoulstealer"},{"not_picked":["Empty Cage","ExusiaiGun"],"picked":"Dota2Spire:Bloodstone"}],"items_purged_floors":[4,14,22,36,38],"is_endless":false,"potions_floor_spawned":[6,10,19,20,41,44,46,54],"ascension_level":0}}