{"host":"jl3raagrljzztomj","time":1610765729,"event":{"mods":["Aspiration","BaseMod","Better Third Choice","BetterRewards","Colored Map","Colored Powertips","Custom Start","Hermit","Highlight Path","Marked Mod","Minty Spire (QoL Compilation)","Permanent Neow","Relic Stats","StSLib","SuperFastMode","The Runesmith"],"gold_per_floor":[109,1,76,76,26,57,57,75,75,75,88,120,136,30,30,126,126,146,146,165,8,8,43,57,92,92,16,16,16],"floor_reached":28,"language":"ENG","playtime":817,"items_purged":["Defend_B"],"score":289,"play_id":"1c841c93-d432-4976-a868-b13bf2b810de","local_time":"20210115205529","is_ascension_mode":false,"campfire_choices":[{"data":"Defragment","floor":7,"key":"SMITH"},{"data":"Dualcast","floor":10,"key":"SMITH"},{"data":"Defragment","floor":15,"key":"SMITH"}],"circlet_count":0,"master_deck":["Strike_B","Strike_B","Strike_B","Strike_B","Defend_B","Defend_B","Defend_B","Zap+1","Dualcast+1","Cold Snap","Defragment+1","Conserve Battery","Conserve Battery","Conserve Battery","Ball Lightning","Fission","Darkness","Defragment+1","Lockon","Fission","Conserve Battery","Chill","Madness","Sweeping Beam+1","Coolheaded+1","Machine Learning","Defragment"],"relics":["Cracked Core","Matryoshka","Omamori","Bronze Scales","PreservedInsect","StoneCalendar","Cursed Key","Blood Vial","Bottled Tornado","Pantograph","Bag of Preparation","Runesmith:Nanobots"],"acts_visited":["Exordium","TheCity"],"potions_floor_usage":[16,25,28,28],"damage_taken":[{"damage":3,"enemies":"2 Louse","floor":1,"turns":2},{"damage":3,"enemies":"3 Sentries","floor":6,"turns":8},{"damage":0,"enemies":"Jaw Worm","floor":8,"turns":3},{"damage":0,"enemies":"Small Slimes","floor":11,"turns":3},{"damage":1,"enemies":"Gremlin Nob","floor":12,"turns":3},{"damage":5,"enemies":"2 Fungi Beasts","floor":13,"turns":4},{"damage":10,"enemies":"The Guardian","floor":16,"turns":7},{"damage":12,"enemies":"Shell Parasite","floor":18,"turns":6},{"damage":3,"enemies":"3 Byrds","floor":20,"turns":4},{"damage":38,"enemies":"Gremlin Leader","floor":23,"turns":7},{"damage":8,"enemies":"Centurion and Healer","floor":24,"turns":7},{"damage":9,"enemies":"Book of Stabbing","floor":25,"turns":4},{"damage":27,"enemies":"Cultist and Chosen","floor":28,"turns":4}],"seed_played":"3136086739960256179","potions_obtained":[{"floor":11,"key":"DistilledChaos"},{"floor":12,"key":"PotionOfCapacity"},{"floor":16,"key":"DistilledChaos"},{"floor":18,"key":"Ancient Potion"},{"floor":23,"key":"CultistPotion"}],"is_trial":false,"path_per_floor":["M","$","?","?","$","E","R","M","T","R","M","E","M","$","R","B",null,"M","?","M","$","?","E","M","E","T","$","M"],"character_chosen":"DEFECT","items_purchased":["Defragment","Conserve Battery","Conserve Battery","Defragment","Lockon","Madness","Defragment"],"campfire_rested":0,"item_purchase_floors":[2,2,5,14,14,21,27],"current_hp_per_floor":[72,72,61,54,54,51,51,51,51,51,51,50,45,45,45,35,75,63,63,60,60,60,24,18,11,11,11,0,0],"gold":16,"neow_bonus":"UPGRADE_CARD","is_daily":false,"chose_seed":false,"campfire_upgraded":3,"win_rate":0.0,"timestamp":1610765729,"path_taken":["M","$","?","?","$","E","R","M","T","R","M","E","M","?","R","BOSS","M","?","M","$","?","E","M","E","T","$","M"],"items_purchased_type":["Card","Card","Card","Card","Card","Card","Card"],"build_version":"2020-12-22","purchased_purges":1,"victory":false,"max_hp_per_floor":[75,75,75,75,75,75,75,75,75,75,75,75,75,75,75,75,75,75,75,75,75,75,75,75,75,75,75,75,75],"relic_stats":{"Blood Vial":8,"counters":[13,62],"Bronze Scales":[164],"Pantograph":0,"StoneCalendar":[57],"PreservedInsect":106,"Bag of Preparation":[2],"Cursed Key":1,"obtain_stats":[{"Blood Vial":22,"Runesmith:Nanobots":26,"Matryoshka":4,"Bronze Scales":9,"Pantograph":25,"StoneCalendar":12,"PreservedInsect":9,"Omamori":6,"Bag of Preparation":26,"Bottled Tornado":23,"Cracked Core":0,"Cursed Key":17},{"Blood Vial":9,"Runesmith:Nanobots":12,"Matryoshka":1,"Bronze Scales":3,"Pantograph":12,"StoneCalendar":5,"PreservedInsect":3,"Omamori":2,"Bag of Preparation":12,"Bottled Tornado":10,"Cracked Core":0,"Cursed Key":7},{"Blood Vial":40,"Runesmith:Nanobots":58,"Matryoshka":2,"Bronze Scales":13,"Pantograph":58,"StoneCalendar":19,"PreservedInsect":13,"Omamori":10,"Bag of Preparation":58,"Bottled Tornado":47,"Cracked Core":0,"Cursed Key":30}]},"card_choices":[{"not_picked":["Steam","aspiration:Polymerization"],"picked":"Cold Snap","floor":1},{"not_picked":["Turbo","Streamline","Hello World"],"picked":"SKIP","floor":6},{"not_picked":["Leap","Aggregate"],"picked":"Conserve Battery","floor":8},{"not_picked":["Melter","Blizzard"],"picked":"Ball Lightning","floor":11},{"not_picked":["Gash","Ball Lightning"],"picked":"Fission","floor":12},{"not_picked":["Streamline","Sweeping Beam"],"picked":"Darkness","floor":13},{"not_picked":["Buffer","Biased Cognition"],"picked":"Fission","floor":16},{"not_picked":["Redo+1","Static Discharge"],"picked":"Conserve Battery","floor":18},{"not_picked":["Cold Snap+1","Self Repair"],"picked":"Chill","floor":20},{"not_picked":["All For One","Genetic Algorithm"],"picked":"Sweeping Beam+1","floor":23},{"not_picked":["Barrage+1","Cold Snap"],"picked":"Coolheaded+1","floor":24},{"not_picked":["Ball Lightning","Go for the Eyes"],"picked":"Machine Learning","floor":25}],"player_experience":968998,"relics_obtained":[{"floor":6,"key":"Omamori"},{"floor":9,"key":"Bronze Scales"},{"floor":9,"key":"PreservedInsect"},{"floor":12,"key":"StoneCalendar"},{"floor":23,"key":"Bottled Tornado"},{"floor":25,"key":"Pantograph"},{"floor":26,"key":"Bag of Preparation"},{"floor":26,"key":"Runesmith:Nanobots"}],"event_choices":[{"damage_healed":0,"gold_gain":75,"player_choice":"Gold","damage_taken":11,"max_hp_gain":0,"max_hp_loss":0,"event_name":"betterThird:BetterGoop","floor":3,"gold_loss":0},{"damage_healed":0,"gold_gain":0,"player_choice":"Relic ","damage_taken":7,"max_hp_gain":0,"max_hp_loss":0,"event_name":"betterThird:BetterScrap","floor":4,"gold_loss":0,"cards_obtained":["Collect"]},{"damage_healed":0,"gold_gain":0,"player_choice":"Ignored","damage_taken":0,"max_hp_gain":0,"max_hp_loss":0,"event_name":"Ghosts","floor":19,"gold_loss":0},{"damage_healed":0,"gold_gain":0,"player_choice":"Gave Potion","damage_taken":0,"relics_obtained":["Blood Vial"],"max_hp_gain":0,"max_hp_loss":0,"event_name":"WeMeetAgain","floor":22,"gold_loss":0}],"is_beta":false,"boss_relics":[{"not_picked":["Coffee Dripper","Runesmith:UraniumAnvil"],"picked":"Cursed Key"}],"items_purged_floors":[21],"is_endless":false,"potions_floor_spawned":[11,12,16,18,23],"killed_by":"Cultist and Chosen","ascension_level":0}}