{"host":"opg65mucj6ra7dr1","time":1610790510,"event":{"mods":["BaseMod","DeckTracker","Keyboard Shortcuts","Minty Spire (QoL Compilation)","Permanent Neow","Quick Restart","everything is the same but u backflip on backflip"],"gold_per_floor":[12,12,22,122,1,36,47,81,105,105,118,118,131,82,82,183,183,168,17,17,37,55,55,55,55,55,92,121,91,91,120,120,225,225,245,255,106,16,40,40,73,73,73,108,108,108,27,51,51,51,51,51,37,71,71],"floor_reached":56,"language":"KOR","playtime":2203,"items_purged":["Strike_G","Defend_G","Strike_G"],"score":1596,"play_id":"1ebf92a8-954b-4da3-a985-9354120b0d9a","local_time":"20210116184830","is_ascension_mode":true,"campfire_choices":[{"floor":10.0,"key":"REST"},{"floor":12.0,"key":"REST"},{"data":"Footwork","floor":15.0,"key":"SMITH"},{"data":"Catalyst","floor":23.0,"key":"SMITH"},{"data":"Doppelganger","floor":25.0,"key":"SMITH"},{"data":"Calculated Gamble","floor":32.0,"key":"SMITH"},{"data":"Night Terror","floor":40.0,"key":"SMITH"},{"floor":42.0,"key":"RECALL"},{"data":"Tactician","floor":46.0,"key":"SMITH"},{"data":"Footwork","floor":49.0,"key":"SMITH"},{"data":"Acrobatics","floor":52.0,"key":"SMITH"}],"circlet_count":0,"master_deck":["Strike_G","Defend_G","Defend_G","Survivor","Neutralize","Footwork+1","Tactician+1","Poisoned Stab","Backflip","Dagger Spray","PiercingWail","Escape Plan","Bouncing Flask+1","Deadly Poison","Deflect","Doppelganger+1","Catalyst+1","Calculated Gamble+1","Backflip","Prepared+1","Night Terror+1","Acrobatics+1","Footwork+1","Reflex+1","Footwork+1","Crippling Poison+1","Acrobatics","Escape Plan+1"],"relics":["Ring of the Snake","Omamori","Lantern","Blood Vial","Coffee Dripper","Oddly Smooth Stone","CeramicFish","Mummified Hand","Smiling Mask","HoveringKite","White Beast Statue","Juzu Bracelet","Akabeko"],"acts_visited":["Exordium","TheCity","TheBeyond","TheEnding"],"potions_floor_usage":[55,55],"damage_taken":[{"damage":3.0,"enemies":"Jaw Worm","floor":1.0,"turns":6.0},{"damage":9.0,"enemies":"Small Slimes","floor":3.0,"turns":6.0},{"damage":20.0,"enemies":"Gremlin Nob","floor":6.0,"turns":5.0},{"damage":3.0,"enemies":"Cultist","floor":7.0,"turns":5.0},{"damage":25.0,"enemies":"3 Sentries","floor":8.0,"turns":12.0},{"damage":0.0,"enemies":"2 Fungi Beasts","floor":11.0,"turns":3.0},{"damage":6.0,"enemies":"Gremlin Gang","floor":13.0,"turns":5.0},{"damage":11.0,"enemies":"The Guardian","floor":16.0,"turns":9.0},{"damage":5.0,"enemies":"2 Thieves","floor":18.0,"turns":4.0},{"damage":0.0,"enemies":"Spheric Guardian","floor":21.0,"turns":3.0},{"damage":31.0,"enemies":"Snecko","floor":22.0,"turns":7.0},{"damage":1.0,"enemies":"Book of Stabbing","floor":27.0,"turns":4.0},{"damage":20.0,"enemies":"Cultist and Chosen","floor":28.0,"turns":7.0},{"damage":0.0,"enemies":"3 Cultists","floor":30.0,"turns":2.0},{"damage":2.0,"enemies":"Chosen and Byrds","floor":31.0,"turns":4.0},{"damage":9.0,"enemies":"Automaton","floor":33.0,"turns":10.0},{"damage":13.0,"enemies":"3 Shapes","floor":35.0,"turns":6.0},{"damage":6.0,"enemies":"Orb Walker","floor":36.0,"turns":5.0},{"damage":0.0,"enemies":"Transient","floor":39.0,"turns":3.0},{"damage":16.0,"enemies":"Nemesis","floor":41.0,"turns":7.0},{"damage":0.0,"enemies":"Giant Head","floor":44.0,"turns":5.0},{"damage":10.0,"enemies":"Spire Growth","floor":48.0,"turns":4.0},{"damage":23.0,"enemies":"Time Eater","floor":50.0,"turns":13.0},{"damage":16.0,"enemies":"Shield and Spear","floor":54.0,"turns":5.0},{"damage":28,"enemies":"The Heart","floor":55,"turns":4}],"seed_played":"-8909492790221219114","potions_obtained":[{"floor":3.0,"key":"CunningPotion"},{"floor":8.0,"key":"Poison Potion"},{"floor":28.0,"key":"DistilledChaos"},{"floor":29.0,"key":"GamblersBrew"},{"floor":29.0,"key":"SmokeBomb"},{"floor":31.0,"key":"LiquidBronze"},{"floor":33.0,"key":"Weak Potion"},{"floor":36.0,"key":"Energy Potion"},{"floor":44.0,"key":"ColorlessPotion"},{"floor":48.0,"key":"Poison Potion"}],"is_trial":false,"path_per_floor":["M","?","M","?","$","E","M","E","T","R","M","R","M","$","R","B",null,"M","$","?","M","M","R","?","R","T","E","M","?","M","M","R","B",null,"M","M","$","?","M","R","E","R","T","E","?","R","$","M","R","B",null,"R","$","E","B",null],"character_chosen":"THE_SILENT","items_purchased":["Backflip","Deflect","Oddly Smooth Stone","Acrobatics","Footwork","Footwork","Acrobatics"],"campfire_rested":2,"item_purchase_floors":[5,14,19,37,37,47,53],"current_hp_per_floor":[60,60,51,51,51,31,28,3,3,24,26,47,43,43,43,34,61,58,58,58,60,31,31,31,31,31,32,14,14,16,16,16,9,55,44,40,40,40,42,42,28,28,28,30,30,30,30,22,22,1,50,50,50,36,10],"gold":71,"neow_bonus":"REMOVE_TWO","is_daily":false,"chose_seed":false,"campfire_upgraded":8,"win_rate":0.0,"timestamp":1610790510,"path_taken":["M","?","M","?","$","E","M","E","T","R","M","R","M","$","R","BOSS","M","$","?","M","M","R","?","R","T","E","?","?","?","M","R","BOSS","M","M","$","?","?","R","E","R","T","E","?","R","$","M","R","BOSS","R","$","E","BOSS"],"items_purchased_type":["Card","Card","Relic","Card","Card","Card","Card"],"build_version":"2020-12-22","purchased_purges":3,"victory":true,"max_hp_per_floor":[70,70,70,70,70,70,70,70,70,70,70,70,70,70,70,70,70,70,70,70,70,70,70,70,70,70,70,70,70,70,70,70,70,70,70,70,70,70,70,70,70,70,70,70,66,66,66,66,66,66,66,66,66,66,66],"card_choices":[{"not_picked":["Sucker Punch","Backflip"],"picked":"Footwork","floor":1.0},{"not_picked":["Distraction","Cloak And Dagger"],"picked":"Poisoned Stab","floor":3.0},{"not_picked":["Underhanded Strike","Setup"],"picked":"Dagger Spray","floor":6.0},{"not_picked":["Quick Slash","Grand Finale"],"picked":"PiercingWail","floor":7.0},{"not_picked":["Slice","Cloak And Dagger"],"picked":"Escape Plan","floor":8.0},{"not_picked":["Bane","Underhanded Strike"],"picked":"Bouncing Flask","floor":11.0},{"not_picked":["Acrobatics","Riddle With Holes"],"picked":"Deadly Poison","floor":13.0},{"not_picked":["Venomology","Wraith Form v2"],"picked":"Doppelganger","floor":16.0},{"not_picked":["Flechettes+1","Riddle With Holes","Terror+1"],"picked":"SKIP","floor":18.0},{"not_picked":["Deadly Poison","Dagger Throw"],"picked":"Catalyst","floor":21.0},{"not_picked":["Deadly Poison","Cloak And Dagger+1","Riddle With Holes"],"picked":"SKIP","floor":22.0},{"not_picked":["Flechettes","Underhanded Strike"],"picked":"Calculated Gamble","floor":27.0},{"not_picked":["PiercingWail+1","Crippling Poison"],"picked":"Backflip","floor":28.0},{"not_picked":["Setup+1","Choke"],"picked":"Prepared+1","floor":31.0},{"not_picked":["Bullet Time","Venomology"],"picked":"Night Terror","floor":33.0},{"not_picked":["Tactician","Riddle With Holes+1","Distraction"],"picked":"SKIP","floor":35.0},{"not_picked":["Masterful Stab","Underhanded Strike","Dagger Spray+1"],"picked":"SKIP","floor":36.0},{"not_picked":["Deadly Poison","Dagger Throw+1"],"picked":"Reflex+1","floor":39.0},{"not_picked":["Dodge and Roll+1","Reflex+1","Venomology"],"picked":"SKIP","floor":41.0},{"not_picked":["Prepared+1","Dodge and Roll","Tactician"],"picked":"SKIP","floor":44.0},{"not_picked":["Caltrops+1","Dodge and Roll+1"],"picked":"Crippling Poison+1","floor":48.0},{"not_picked":["Dagger Throw","Leg Sweep+1"],"picked":"Escape Plan+1","floor":54.0}],"player_experience":132288,"relics_obtained":[{"floor":6.0,"key":"Omamori"},{"floor":8.0,"key":"Lantern"},{"floor":9.0,"key":"Blood Vial"},{"floor":26.0,"key":"Mummified Hand"},{"floor":27.0,"key":"Smiling Mask"},{"floor":41.0,"key":"White Beast Statue"},{"floor":44.0,"key":"Juzu Bracelet"},{"floor":54.0,"key":"Akabeko"}],"event_choices":[{"damage_healed":0.0,"max_hp_gain":0.0,"max_hp_loss":0.0,"gold_gain":0.0,"cards_transformed":["Defend_G"],"event_name":"Living Wall","player_choice":"Change","floor":2.0,"gold_loss":0.0,"damage_taken":0.0,"cards_obtained":["Tactician"]},{"damage_healed":0.0,"max_hp_gain":0.0,"max_hp_loss":0.0,"gold_gain":100.0,"event_name":"Golden Shrine","player_choice":"Pray","floor":4.0,"gold_loss":0.0,"damage_taken":0.0},{"damage_healed":0.0,"max_hp_gain":0.0,"max_hp_loss":0.0,"gold_gain":0.0,"event_name":"The Mausoleum","player_choice":"Opened","floor":20.0,"gold_loss":0.0,"damage_taken":0.0,"relics_obtained":["CeramicFish"]},{"damage_healed":0.0,"max_hp_gain":0.0,"max_hp_loss":0.0,"gold_gain":0.0,"event_name":"Accursed Blacksmith","player_choice":"Forge","floor":24.0,"gold_loss":0.0,"damage_taken":0.0,"cards_upgraded":["Bouncing Flask"]},{"damage_healed":0.0,"max_hp_gain":0.0,"max_hp_loss":0.0,"gold_gain":0.0,"event_name":"The Woman in Blue","player_choice":"Bought 2 Potions","floor":29.0,"gold_loss":0.0,"damage_taken":0.0},{"cards_removed":["Defend_G"],"damage_healed":0.0,"max_hp_gain":0.0,"max_hp_loss":0.0,"gold_gain":0.0,"event_name":"Designer","player_choice":"Upgrade and Remove","floor":38.0,"gold_loss":90.0,"damage_taken":0.0,"cards_upgraded":["Footwork"]},{"damage_healed":0.0,"max_hp_gain":0.0,"max_hp_loss":4.0,"gold_gain":0.0,"event_name":"Winding Halls","player_choice":"Max HP","floor":45.0,"gold_loss":0.0,"damage_taken":0.0}],"is_beta":false,"boss_relics":[{"not_picked":["Busted Crown","Ring of the Serpent"],"picked":"Coffee Dripper"},{"not_picked":["Pandora\u0027s Box","SlaversCollar"],"picked":"HoveringKite"}],"items_purged_floors":[5,37,47],"is_endless":false,"potions_floor_spawned":[3,8,28,31,33,36,44,48,54],"ascension_level":7}}