{"host":"oehe2dxjvdgux73m","time":1610776311,"event":{"mods":["AchievementEnabler","BaseMod","Colored Map","Colored Powertips","DeckTracker","Keyboard Shortcuts","Minty Spire (QoL Compilation)","Permanent Neow","Quick Restart","StSLib","SuperFastMode"],"gold_per_floor":[118,135,154,154,170,170,196,196,196,225,243,263,273,302,302,379,379,393,393,382,400,46,71,71,71,95,95,112,112,145,165,165,239,239,253,273,273,292,292,319,319,349,349,349,360,360,386,74,74,74],"floor_reached":51,"language":"KOR","playtime":3613,"items_purged":["Writhe"],"score":1337,"play_id":"27484c45-d5ce-4777-b007-28407d570af9","local_time":"20210116145151","is_ascension_mode":true,"campfire_choices":[{"data":"Dagger Spray","floor":6.0,"key":"SMITH"},{"floor":8.0,"key":"REST"},{"data":"Eviscerate","floor":15.0,"key":"SMITH"},{"data":"Calculated Gamble","floor":24.0,"key":"SMITH"},{"data":"Calculated Gamble","floor":27.0,"key":"SMITH"},{"data":"Prepared","floor":32.0,"key":"SMITH"},{"floor":41.0,"key":"REST"},{"data":"Acrobatics","floor":44.0,"key":"SMITH"},{"data":"Flechettes","floor":46.0,"key":"SMITH"},{"data":"Adrenaline","floor":49,"key":"SMITH"}],"circlet_count":0,"master_deck":["AscendersBane","Strike_G","Strike_G+1","Strike_G+1","Defend_G","Defend_G","Defend_G","Defend_G","Defend_G","Survivor","Neutralize","Eviscerate+1","Adrenaline+1","Poisoned Stab","PiercingWail","Dagger Spray+1","Prepared+1","Calculated Gamble+1","Escape Plan","Terror","Acrobatics+1","Leg Sweep","PiercingWail","Burst","Backstab+1","Concentrate","Footwork+1","Backflip","Calculated Gamble+1","Backflip","Dodge and Roll","Concentrate+1","Corpse Explosion","Footwork+1","Backstab+1","Impatience","Dash","Flechettes+1","Noxious Fumes+1","Escape Plan","Flechettes+1"],"relics":["Ring of the Snake","PreservedInsect","Happy Flower","Sundial","Dream Catcher","Runic Pyramid","Frozen Egg 2","Potion Belt","Eternal Feather","Whetstone","Regal Pillow","HoveringKite","Anchor","Toy Ornithopter","Calipers","Peace Pipe","DollysMirror"],"acts_visited":["Exordium","TheCity","TheBeyond"],"potions_floor_usage":[50,50,50],"damage_taken":[{"damage":0.0,"enemies":"2 Louse","floor":1.0,"turns":3.0},{"damage":1.0,"enemies":"Cultist","floor":2.0,"turns":4.0},{"damage":0.0,"enemies":"Small Slimes","floor":3.0,"turns":3.0},{"damage":9.0,"enemies":"Blue Slaver","floor":5.0,"turns":5.0},{"damage":11.0,"enemies":"3 Sentries","floor":7.0,"turns":6.0},{"damage":20.0,"enemies":"Gremlin Nob","floor":10.0,"turns":4.0},{"damage":3.0,"enemies":"Large Slime","floor":11.0,"turns":6.0},{"damage":0.0,"enemies":"3 Louse","floor":12.0,"turns":2.0},{"damage":0.0,"enemies":"Exordium Wildlife","floor":13.0,"turns":2.0},{"damage":4.0,"enemies":"3 Sentries","floor":14.0,"turns":6.0},{"damage":11.0,"enemies":"Hexaghost","floor":16.0,"turns":11.0},{"damage":0.0,"enemies":"3 Byrds","floor":18.0,"turns":6.0},{"damage":0.0,"enemies":"2 Thieves","floor":20.0,"turns":4.0},{"damage":0.0,"enemies":"Snecko","floor":21.0,"turns":4.0},{"damage":0.0,"enemies":"Book of Stabbing","floor":23.0,"turns":5.0},{"damage":13.0,"enemies":"Chosen and Byrds","floor":28.0,"turns":7.0},{"damage":4.0,"enemies":"Slavers","floor":30.0,"turns":4.0},{"damage":7.0,"enemies":"Snake Plant","floor":31.0,"turns":6.0},{"damage":12.0,"enemies":"Automaton","floor":33.0,"turns":9.0},{"damage":9.0,"enemies":"3 Darklings","floor":35.0,"turns":2.0},{"damage":12.0,"enemies":"3 Shapes","floor":36.0,"turns":6.0},{"damage":1.0,"enemies":"Jaw Worm Horde","floor":38.0,"turns":3.0},{"damage":14.0,"enemies":"Giant Head","floor":40.0,"turns":10.0},{"damage":10.0,"enemies":"Reptomancer","floor":42.0,"turns":6.0},{"damage":13.0,"enemies":"Sphere and 2 Shapes","floor":45.0,"turns":6.0},{"damage":26.0,"enemies":"Giant Head","floor":47.0,"turns":10.0},{"damage":56,"enemies":"Awakened One","floor":50,"turns":22}],"seed_played":"-7439720484727974516","potions_obtained":[{"floor":1.0,"key":"Swift Potion"},{"floor":5.0,"key":"ColorlessPotion"},{"floor":11.0,"key":"Swift Potion"},{"floor":13.0,"key":"PowerPotion"},{"floor":14.0,"key":"FairyPotion"},{"floor":20.0,"key":"LiquidMemories"},{"floor":23.0,"key":"EssenceOfSteel"},{"floor":30.0,"key":"AttackPotion"},{"floor":31.0,"key":"Strength Potion"},{"floor":35.0,"key":"SkillPotion"},{"floor":36.0,"key":"CunningPotion"},{"floor":45.0,"key":"FearPotion"},{"floor":47.0,"key":"SkillPotion"}],"is_trial":false,"path_per_floor":["M","M","M","?","M","R","E","R","T","E","M","M","M","E","R","B",null,"M","?","M","M","$","E","R","?","T","R","M","?","E","M","R","B",null,"M","M","?","M","?","E","R","E","T","R","M","R","E","$","R","B",null],"character_chosen":"THE_SILENT","items_purchased":["Footwork+1","Potion Belt","Dexterity Potion","GhostInAJar","SteroidPotion","DollysMirror"],"campfire_rested":2,"item_purchase_floors":[22,22,22,48,48,48],"current_hp_per_floor":[59,58,58,58,49,49,38,56,56,36,33,33,33,29,29,18,50,50,50,50,50,50,50,60,60,60,60,47,37,33,26,44,32,57,48,36,36,35,25,11,65,55,55,65,52,65,44,44,65,19],"gold":74,"neow_bonus":"TRANSFORM_TWO_CARDS","is_daily":false,"chose_seed":false,"campfire_upgraded":8,"win_rate":0.0,"timestamp":1610776311,"path_taken":["M","M","M","?","?","R","E","R","T","E","M","M","M","E","R","BOSS","M","?","M","M","$","E","R","?","T","R","M","?","E","M","R","BOSS","M","M","?","M","?","E","R","E","T","R","M","R","E","$","R","BOSS"],"items_purchased_type":["Card","Relic","Potion","Potion","Potion","Relic"],"build_version":"2020-12-22","purchased_purges":1,"victory":true,"max_hp_per_floor":[60,60,60,60,60,60,60,60,60,60,60,60,60,60,60,60,60,60,60,60,60,60,60,60,60,60,60,60,65,65,65,65,65,65,65,65,65,65,65,65,65,65,65,65,65,65,65,65,65,65],"card_choices":[{"not_picked":["Outmaneuver","Underhanded Strike"],"picked":"Poisoned Stab","floor":1.0},{"not_picked":["Flechettes","Cloak And Dagger"],"picked":"PiercingWail","floor":2.0},{"not_picked":["Flying Knee","PiercingWail"],"picked":"Dagger Spray","floor":3.0},{"not_picked":["Flying Knee","Masterful Stab","Deflect"],"picked":"SKIP","floor":5.0},{"not_picked":["All Out Attack","Expertise"],"picked":"Calculated Gamble","floor":7.0},{"not_picked":["Skewer","Eviscerate"],"picked":"Escape Plan","floor":10.0},{"not_picked":["Flying Knee","Leg Sweep"],"picked":"Terror","floor":11.0},{"not_picked":["Slice","Outmaneuver"],"picked":"Acrobatics","floor":12.0},{"not_picked":["Riddle With Holes","Dagger Spray"],"picked":"Leg Sweep","floor":13.0},{"not_picked":["Slice","Catalyst"],"picked":"PiercingWail","floor":14.0},{"not_picked":["After Image","Glass Knife"],"picked":"Burst","floor":16.0},{"not_picked":["Poisoned Stab","Footwork"],"picked":"Underhanded Strike+1","floor":18.0},{"not_picked":["Expertise","Infinite Blades+1"],"picked":"Backstab+1","floor":20.0},{"not_picked":["Finisher","Quick Slash"],"picked":"Concentrate","floor":21.0},{"not_picked":["Quick Slash","Deflect"],"picked":"Backflip","floor":23.0},{"not_picked":["Setup","Tools of the Trade+1"],"picked":"Backflip","floor":28.0},{"not_picked":["Dash","Underhanded Strike"],"picked":"Dodge and Roll","floor":30.0},{"not_picked":["PiercingWail+1","Prepared"],"picked":"Concentrate+1","floor":31.0},{"not_picked":["Venomology","Glass Knife"],"picked":"Corpse Explosion","floor":33.0},{"not_picked":["Dagger Throw+1","Slice+1"],"picked":"Footwork+1","floor":35.0},{"not_picked":["Terror","Leg Sweep","Outmaneuver"],"picked":"SKIP","floor":36.0},{"not_picked":["Blade Dance","Deflect"],"picked":"Backstab+1","floor":38.0},{"not_picked":["Panache+1","HandOfGreed"],"picked":"Impatience","floor":39.0},{"not_picked":["Finisher","Endless Agony+1"],"picked":"Dash","floor":40.0},{"not_picked":["Sucker Punch","Backflip"],"picked":"Flechettes","floor":41.0},{"not_picked":["Night Terror","Bane"],"picked":"Noxious Fumes+1","floor":42.0},{"not_picked":["PiercingWail","Deadly Poison","Heel Hook"],"picked":"SKIP","floor":45.0},{"not_picked":["Dash+1","Predator"],"picked":"Escape Plan","floor":47.0}],"player_experience":210519,"relics_obtained":[{"floor":7.0,"key":"PreservedInsect"},{"floor":9.0,"key":"Happy Flower"},{"floor":10.0,"key":"Sundial"},{"floor":14.0,"key":"Dream Catcher"},{"floor":23.0,"key":"Eternal Feather"},{"floor":26.0,"key":"Whetstone"},{"floor":30.0,"key":"Regal Pillow"},{"floor":40.0,"key":"Anchor"},{"floor":42.0,"key":"Toy Ornithopter"},{"floor":43.0,"key":"Calipers"},{"floor":47.0,"key":"Peace Pipe"}],"event_choices":[{"damage_healed":0.0,"max_hp_gain":0.0,"max_hp_loss":0.0,"gold_gain":0.0,"event_name":"Match and Keep!","player_choice":"1 cards matched","floor":4.0,"gold_loss":0.0,"damage_taken":0.0,"cards_obtained":["Prepared"]},{"damage_healed":0.0,"max_hp_gain":0.0,"max_hp_loss":0.0,"gold_gain":0.0,"event_name":"The Mausoleum","player_choice":"Opened","floor":19.0,"gold_loss":0.0,"damage_taken":0.0,"relics_obtained":["Frozen Egg 2"],"cards_obtained":["Writhe"]},{"damage_healed":0.0,"max_hp_gain":0.0,"max_hp_loss":0.0,"gold_gain":0.0,"event_name":"The Library","player_choice":"Read","floor":25.0,"gold_loss":0.0,"damage_taken":0.0,"cards_obtained":["Calculated Gamble"]},{"damage_healed":0.0,"max_hp_gain":5.0,"max_hp_loss":0.0,"gold_gain":0.0,"event_name":"Forgotten Altar","player_choice":"Shed Blood","floor":29.0,"gold_loss":0.0,"damage_taken":15.0},{"cards_removed":["Underhanded Strike"],"damage_healed":0.0,"max_hp_gain":0.0,"max_hp_loss":0.0,"gold_gain":0.0,"event_name":"Falling","player_choice":"Removed Attack","floor":37.0,"gold_loss":0.0,"damage_taken":0.0},{"damage_healed":0.0,"max_hp_gain":0.0,"max_hp_loss":0.0,"gold_gain":0.0,"event_name":"SensoryStone","player_choice":"Memory 3","floor":39.0,"gold_loss":0.0,"damage_taken":10.0}],"is_beta":false,"boss_relics":[{"not_picked":["WristBlade","Runic Dome"],"picked":"Runic Pyramid"},{"not_picked":["Busted Crown","Coffee Dripper"],"picked":"HoveringKite"}],"items_purged_floors":[22],"is_endless":false,"potions_floor_spawned":[1,5,11,13,14,20,23,30,31,35,36,45,47],"ascension_level":14}}