{"host":"pgqkv8mh62pnrbci","time":1610797866,"event":{"mods":["2.2 Compatiblity","AchievementEnabler","BaseMod","Custom Start","DeckTracker","Minty Spire (QoL Compilation)","Replay The Spire","StSLib","SuperFastMode","¡¼?Úª?ø«¡½REMEMod"],"gold_per_floor":[113,149,206,225,60,60,94,94,94,94,124,124,89,147,147,147,147],"floor_reached":16,"language":"KOR","playtime":380,"items_purged":[],"score":195,"play_id":"211cf164-8e1e-4925-ac82-4ef487fe0b83","local_time":"20210116205106","is_ascension_mode":true,"campfire_choices":[{"floor":6.0,"key":"REST"},{"data":"HandOfGreed","floor":8.0,"key":"SMITH"},{"data":"Caltrops","floor":10.0,"key":"SMITH"},{"data":"Terror","floor":15.0,"key":"SMITH"}],"circlet_count":0,"master_deck":["AscendersBane","Strike_G","Strike_G","Strike_G","Strike_G","Defend_G","Defend_G","Defend_G","Defend_G","Defend_G","Survivor","Neutralize","HandOfGreed+1","Distraction","Escape Plan","PiercingWail","Terror+1","Caltrops+1","Cloak And Dagger","Dodge and Roll"],"relics":["Ring of the Snake","REME_ComplimentaryCards","Quantum Egg","Replay:Accelerometer","Calipers"],"acts_visited":["Exordium"],"potions_floor_usage":[],"damage_taken":[{"damage":8.0,"enemies":"Jaw Worm","floor":1.0,"turns":6.0},{"damage":1.0,"enemies":"2 Louse","floor":2.0,"turns":4.0},{"damage":7.0,"enemies":"Small Slimes","floor":3.0,"turns":5.0},{"damage":32.0,"enemies":"Exordium Thugs","floor":4.0,"turns":4.0},{"damage":1.0,"enemies":"2 Fungi Beasts","floor":7.0,"turns":5.0},{"damage":22.0,"enemies":"Gremlin Nob","floor":11.0,"turns":4.0},{"damage":34,"enemies":"Slime Boss","floor":16,"turns":6}],"seed_played":"8297371124572581098","potions_obtained":[{"floor":4.0,"key":"Block Potion"},{"floor":7.0,"key":"FearPotion"},{"floor":11.0,"key":"REME_GoldPotion"}],"is_trial":true,"path_per_floor":["M","M","M","M","$","R","M","R","T","R","E","?","?","?","R","B"],"character_chosen":"THE_SILENT","items_purchased":["Terror","Caltrops"],"campfire_rested":1,"item_purchase_floors":[5,5],"current_hp_per_floor":[51,50,43,11,11,30,29,29,29,29,7,7,23,23,23,0,0],"gold":147,"neow_bonus":"","is_daily":false,"chose_seed":false,"campfire_upgraded":3,"win_rate":0.0,"timestamp":1610797866,"path_taken":["M","M","M","M","$","R","M","R","T","R","E","?","?","?","R","BOSS"],"items_purchased_type":["Card","Card"],"build_version":"2020-12-22","purchased_purges":0,"victory":false,"max_hp_per_floor":[66,66,66,66,66,66,66,66,66,66,66,66,66,66,66,66,66],"card_choices":[{"not_picked":["Deadly Poison","ReplayTheSpireMod:Speed Training"],"picked":"Distraction","floor":1.0},{"not_picked":["Concentrate","Poisoned Stab"],"picked":"Escape Plan","floor":2.0},{"not_picked":["Dagger Throw","Flying Knee","Draining Mist"],"picked":"SKIP","floor":3.0},{"not_picked":["Setup","Poisoned Stab"],"picked":"PiercingWail","floor":4.0},{"not_picked":["Prepared","Outmaneuver","Dodge and Roll"],"picked":"SKIP","floor":7.0},{"not_picked":["Infinite Blades","Footwork"],"picked":"Cloak And Dagger","floor":11.0}],"player_experience":639875,"relics_obtained":[{"floor":9.0,"key":"Replay:Accelerometer"},{"floor":11.0,"key":"Calipers"}],"event_choices":[{"damage_healed":0.0,"max_hp_gain":0.0,"max_hp_loss":0.0,"gold_gain":0.0,"cards_transformed":["Strike_G"],"event_name":"Living Wall","player_choice":"Change","floor":12.0,"gold_loss":0.0,"damage_taken":0.0,"cards_obtained":["Dodge and Roll"]},{"damage_healed":16.0,"max_hp_gain":0.0,"max_hp_loss":0.0,"gold_gain":0.0,"event_name":"The Cleric","player_choice":"Healed","floor":13.0,"gold_loss":35.0,"damage_taken":0.0},{"damage_healed":0.0,"max_hp_gain":0.0,"max_hp_loss":0.0,"gold_gain":58.0,"event_name":"Golden Wing","player_choice":"Gained Gold","floor":14.0,"gold_loss":0.0,"damage_taken":0.0}],"is_beta":false,"boss_relics":[],"items_purged_floors":[],"is_endless":false,"potions_floor_spawned":[4,7,11],"killed_by":"Slime Boss","ascension_level":19}}