{"host":"6yti76gw1x84gcsv","time":1610780222,"event":{"mods":["100% Spire Juice","2.2 Compatiblity","AchievementEnabler","Act Like it!","Aspiration","BaseMod","Beaked The Cultist","Better Altar","Better Sensory Stone","Better Silent Start","Better-Laid Plans","BetterRewards","Block Reminder","CapriCore","Colored Map","Colored Powertips","Conspire","Curses Come First","Displayed Cursed Tome","Downfall","Faster Ascension Climbing","Fox Events","Friendly Minions","GifTheSpireLib","Good Game Mod","Googly Eyes","GungeonMod","Hermit","Hubris","Jess\u0027s Bottle","Lobotomy","Marked Mod","Minty Spire (QoL Compilation)","MostiFishMod","Pale of the Ancients","Permanent Neow","Potionbrewer","Prisma Mod","Reimu??????","Relic Stats","Shade Mod","Shop Mod","StSLib","Synergy Search","The Construct","The Hierophant","The Immortal","The Jungle","The Mystic","The Runesmith","The Senshi","Uncapped","WarShipGirlsR/????R mod"],"gold_per_floor":[199,217,217,229,36,36,36,0,0,15,0,10,23,42,54,158,158,58,77,77,97,115,134,157,174,13,39,307,341,141,166,180,280,280,280,294,307,68,68,68,119,136,170,232,271,300,344,356,384,396,426,456,468,333,333,353,353,353,353,353],"floor_reached":61,"language":"ENG","playtime":6436,"items_purged":[],"score":1662,"play_id":"03a88b96-4f61-4042-9b53-17bf3711e5c0","local_time":"20210116015702","is_ascension_mode":false,"campfire_choices":[{"floor":1,"key":"RECALL"},{"data":"bronze:HardenedForm","floor":9,"key":"SMITH"},{"data":"bronze:Mutator","floor":18,"key":"SMITH"},{"data":"bronze:HyperBeam","floor":30,"key":"SMITH"},{"data":"bronze:BronzeOrb","floor":35,"key":"SMITH"},{"data":"bronze:Philosophize","floor":55,"key":"SMITH"},{"floor":57,"key":"REST"}],"circlet_count":0,"master_deck":["bronze:Strike","bronze:Strike","bronze:Strike","bronze:Strike","bronze:Defend","bronze:Defend+1","bronze:Defend","bronze:Replicate+1","bronze:Goto","Master of Strategy","bronze:ForceShield","bronze:WhirlingStrike","bronze:BronzeOrb+1","bronze:WhirlingStrike","bronze:Frontload","bronze:DelayedGuard","bronze:CutThrough","bronze:Invalidate+1","bronze:BitShift","bronze:HardenedForm+1","bronze:Branch","bronze:DelayedSlice","bronze:BronzeOrb+1","bronze:CloningBeam","bronze:ClassDefault","bronze:DelayedSlice","bronze:Mutator+1","bronze:MaxOutput+1","bronze:Iterate","bronze:WildBeam","bronze:Flail","bronze:CutThrough","bronze:ChildClass","bronze:Overload+1","bronze:DelayedGuard+1","bronze:ItsAFeature","bronze:HyperBeam+1","bronze:Philosophize+1","bronze:Fortify","bronze:FindAndReplace","bronze:FollowUp+1","bronze:Frontload+1","expansioncontent:Chronoboost","Madness+1","bronze:Optimize+1","bronze:GetLatest+1","bronze:Optimize+1","bronze:ChosenStrike","bronze:Branch+1","bronze:ChildClass+1","bronze:Turbo","bronze:Turbo+1","bronze:OilSpill","bronze:GetLatest+1","bronze:FineTuning","bronze:DelayedSlice","bronze:ForLoop","bronze:ClassDefault+1","bronze:DelayedSlice+1"],"relics":["bronze:BronzeCore","DaveBox","REME:ComplimentaryCards","Lizard Tail","hubris:Towel","Technique","aspiration:Lifesprig","aspiration:FutureDiary","downfall:HeartBlessingRed","aspiration:Nostalgia","beaked:MendingPlumage","DemoMod:MonsterBlood","hubris:GlazedTorus","downfall:HeartBlessingGreen","downfall:HeartBlessingBlue","War Paint","PatriotShield","DemoMod:MeltedRock","Nunchaku","MawBank","hubris:AstralHammer","Anchor","Strawberry","paleoftheancients:Timepiece","paleoftheancients:KeyRelic","Sozu","CultistMask","paleoftheancients:SoulOfTheCollector","Orrery","DemoMod:GlassGuonStoneRelic","hubris:SphereOfDissonance"],"acts_visited":["Exordium","TheCity","TheBeyond","TheBeyond"],"potions_floor_usage":[16,27,27,28,32,50,50,60],"damage_taken":[{"damage":0,"enemies":"2 Louse","floor":2,"turns":2},{"damage":3,"enemies":"Jaw Worm","floor":4,"turns":6},{"damage":5,"enemies":"downfall:FleeingMerchant","floor":5,"turns":4},{"damage":8,"enemies":"Cultist","floor":10,"turns":4},{"damage":0,"enemies":"downfall:FleeingMerchant","floor":11,"turns":4},{"damage":0,"enemies":"2 Fungi Beasts","floor":12,"turns":2},{"damage":0,"enemies":"Blue Slaver","floor":13,"turns":2},{"damage":0,"enemies":"3 Louse","floor":14,"turns":2},{"damage":1,"enemies":"2 Fungi Beasts","floor":15,"turns":3},{"damage":41,"enemies":"DF_ARCHETYPE_STREAMLINE","floor":16,"turns":9},{"damage":0,"enemies":"Chosen","floor":19,"turns":3},{"damage":0,"enemies":"3 Cultists","floor":21,"turns":3},{"damage":0,"enemies":"Snake Plant","floor":22,"turns":3},{"damage":0,"enemies":"Sentry and Sphere","floor":23,"turns":2},{"damage":13,"enemies":"Snecko","floor":25,"turns":3},{"damage":18,"enemies":"downfall:FleeingMerchant","floor":26,"turns":4},{"damage":12,"enemies":"Slavers","floor":27,"turns":3},{"damage":25,"enemies":"downfall:FleeingMerchant","floor":28,"turns":4},{"damage":0,"enemies":"conspire:Head Lice","floor":29,"turns":5},{"damage":10,"enemies":"Slavers","floor":31,"turns":4},{"damage":0,"enemies":"Cultist and Chosen","floor":32,"turns":4},{"damage":46,"enemies":"WA_ARCHETYPE_CALM","floor":33,"turns":8},{"damage":0,"enemies":"3 Shapes","floor":36,"turns":1},{"damage":0,"enemies":"Orb Walker","floor":37,"turns":1},{"damage":0,"enemies":"Maw","floor":42,"turns":3},{"damage":0,"enemies":"Nemesis","floor":43,"turns":3},{"damage":0,"enemies":"Nemesis","floor":44,"turns":2},{"damage":0,"enemies":"Reptomancer","floor":45,"turns":2},{"damage":0,"enemies":"3 Darklings","floor":46,"turns":1},{"damage":0,"enemies":"conspire:MimicChest","floor":47,"turns":3},{"damage":0,"enemies":"Transient","floor":49,"turns":5},{"damage":0,"enemies":"IC_BLOCK_ARCHETYPE","floor":50,"turns":2},{"damage":0,"enemies":"IC_BLOCK_ARCHETYPE","floor":51,"turns":3},{"damage":0,"enemies":"IC_BLOCK_ARCHETYPE","floor":52,"turns":4},{"damage":44,"enemies":"IC_BLOCK_ARCHETYPE","floor":56,"turns":3},{"damage":0,"enemies":"paleoftheancients:N","floor":60,"turns":9}],"seed_played":"5359623711563067673","potions_obtained":[{"floor":2,"key":"bronze:FreeFunctionsPotion"},{"floor":4,"key":"SpeedPotion"},{"floor":10,"key":"Regen Potion"},{"floor":13,"key":"Guardian:BlockOnCardUsePotion"},{"floor":21,"key":"SpeedPotion"},{"floor":22,"key":"BlessingOfTheForge"},{"floor":27,"key":"potionbrewer:NoxiousPotion"},{"floor":29,"key":"potionbrewer:SplittingPotion"},{"floor":37,"key":"DemoMod:BlankPotion"},{"floor":44,"key":"ZuzhouPotion:ReiMu"},{"floor":49,"key":"potionbrewer:AcidPotion"}],"is_trial":false,"path_per_floor":["R","M","?","M","$","?","T","?","R","M","$","M","M","M","M","B",null,"R","M","?","M","M","M","T","M","$","E","$","E","R","E","M","B",null,"R","M","M","$","?","?","T","M","E","?","E","M","?","?","M","B","M","M","?","$","R","M","R","T","?","B",null],"character_chosen":"THE_AUTOMATON","items_purchased":["Technique","bronze:WhirlingStrike","aspiration:Nostalgia","bronze:ItsAFeature","DemoMod:MeltedRock","Orrery"],"campfire_rested":1,"item_purchase_floors":[5,5,26,28,38,54],"current_hp_per_floor":[70,70,70,67,62,62,62,62,62,54,54,54,54,54,53,27,70,70,70,70,70,70,70,70,57,39,54,52,77,87,82,87,61,87,87,87,87,87,87,70,70,87,87,87,87,87,94,94,94,94,94,94,94,94,94,73,94,94,94,94],"gold":353,"neow_bonus":"HUNDRED_GOLD","is_daily":false,"chose_seed":false,"campfire_upgraded":5,"win_rate":0.0,"timestamp":1610780222,"path_taken":["R","M","?","M","$","?","T","?","R","M","?","M","M","M","M","BOSS","R","M","?","?","M","M","T","M","$","E","$","E","R","E","M","BOSS","R","M","M","$","?","?","T","M","E","?","E","?","?","?","M","BOSS","M","M","?","$","R","M","R","T","?","BOSS"],"items_purchased_type":["Relic","Card","Relic","Card","Relic","Relic"],"build_version":"2020-12-22","purchased_purges":0,"victory":true,"max_hp_per_floor":[70,70,70,70,70,70,70,70,70,70,70,70,70,70,70,70,70,70,70,70,70,70,70,70,70,70,77,77,77,87,87,87,87,87,87,87,87,87,87,87,87,87,87,87,87,87,94,94,94,94,94,94,94,94,94,94,94,94,94,94],"relic_stats":{"Sozu":1,"Lizard Tail":0,"Nunchaku":[23],"counters":[36,126],"War Paint":["bronze:Invalidate","bronze:Defend"],"MawBank":132,"obtain_stats":[{"aspiration:Lifesprig":7,"PatriotShield":34,"bronze:BronzeCore":0,"DaveBox":0,"downfall:HeartBlessingGreen":30,"DemoMod:GlassGuonStoneRelic":2,"Sozu":50,"Lizard Tail":0,"Nunchaku":41,"DemoMod:MonsterBlood":27,"downfall:HeartBlessingBlue":30,"hubris:AstralHammer":44,"Strawberry":47,"DemoMod:MeltedRock":38,"aspiration:FutureDiary":17,"hubris:GlazedTorus":29,"paleoftheancients:KeyRelic":50,"downfall:HeartBlessingRed":18,"aspiration:Nostalgia":26,"hubris:SphereOfDissonance":58,"hubris:Towel":3,"War Paint":31,"MawBank":43,"paleoftheancients:Timepiece":50,"REME:ComplimentaryCards":0,"Anchor":45,"Orrery":54,"CultistMask":50,"Technique":5,"beaked:MendingPlumage":26,"paleoftheancients:SoulOfTheCollector":51},{"aspiration:Lifesprig":3,"PatriotShield":22,"bronze:BronzeCore":0,"DaveBox":0,"downfall:HeartBlessingGreen":19,"DemoMod:GlassGuonStoneRelic":1,"Sozu":32,"Lizard Tail":0,"Nunchaku":24,"DemoMod:MonsterBlood":17,"downfall:HeartBlessingBlue":19,"hubris:AstralHammer":27,"Strawberry":30,"DemoMod:MeltedRock":24,"aspiration:FutureDiary":10,"hubris:GlazedTorus":19,"paleoftheancients:KeyRelic":32,"downfall:HeartBlessingRed":10,"aspiration:Nostalgia":16,"hubris:SphereOfDissonance":35,"hubris:Towel":1,"War Paint":20,"MawBank":26,"paleoftheancients:Timepiece":32,"REME:ComplimentaryCards":0,"Anchor":28,"Orrery":34,"CultistMask":32,"Technique":3,"beaked:MendingPlumage":16,"paleoftheancients:SoulOfTheCollector":33},{"aspiration:Lifesprig":12,"PatriotShield":84,"bronze:BronzeCore":0,"DaveBox":0,"downfall:HeartBlessingGreen":68,"DemoMod:GlassGuonStoneRelic":2,"Sozu":107,"Lizard Tail":0,"Nunchaku":86,"DemoMod:MonsterBlood":59,"downfall:HeartBlessingBlue":68,"hubris:AstralHammer":94,"Strawberry":100,"DemoMod:MeltedRock":86,"aspiration:FutureDiary":38,"hubris:GlazedTorus":68,"paleoftheancients:KeyRelic":107,"downfall:HeartBlessingRed":38,"aspiration:Nostalgia":56,"hubris:SphereOfDissonance":117,"hubris:Towel":2,"War Paint":72,"MawBank":92,"paleoftheancients:Timepiece":107,"REME:ComplimentaryCards":0,"Anchor":96,"Orrery":114,"CultistMask":107,"Technique":12,"beaked:MendingPlumage":56,"paleoftheancients:SoulOfTheCollector":110}]},"card_choices":[{"not_picked":["bronze:BitShift","bronze:BugBarrage"],"picked":"bronze:ForceShield","floor":2},{"not_picked":["bronze:Shield","bronze:Turbo"],"picked":"bronze:WhirlingStrike","floor":4},{"not_picked":["bronze:Frontload","bronze:SpaghettiCode"],"picked":"bronze:BronzeOrb","floor":5},{"not_picked":[],"picked":"bronze:Frontload","floor":8},{"not_picked":[],"picked":"bronze:DelayedGuard","floor":8},{"not_picked":[],"picked":"bronze:CutThrough","floor":8},{"not_picked":[],"picked":"bronze:Invalidate","floor":8},{"not_picked":[],"picked":"bronze:BitShift","floor":8},{"not_picked":[],"picked":"bronze:HardenedForm","floor":8},{"not_picked":["bronze:Shield","bronze:Overheat"],"picked":"bronze:Branch","floor":10},{"not_picked":["bronze:Overheat","bronze:ForLoop"],"picked":"bronze:DelayedSlice","floor":11},{"not_picked":["bronze:BitShift","bronze:Branch"],"picked":"bronze:BronzeOrb","floor":12},{"not_picked":["bronze:Overload","bronze:BitShift"],"picked":"bronze:CloningBeam","floor":13},{"not_picked":["bronze:Iterate","bronze:CutThrough"],"picked":"bronze:ClassDefault","floor":14},{"not_picked":["bronze:BugBarrage","bronze:DarkDash"],"picked":"bronze:DelayedSlice","floor":15},{"not_picked":["bronze:SpaghettiCode","bronze:CleanCode"],"picked":"bronze:Mutator","floor":16},{"not_picked":["bronze:Iterate","bronze:FollowUp"],"picked":"bronze:MaxOutput","floor":19},{"not_picked":["bronze:WhirlingStrike","bronze:Shield"],"picked":"bronze:Iterate","floor":21},{"not_picked":["bronze:WhirlingStrike+1","bronze:Philosophize"],"picked":"bronze:WildBeam","floor":22},{"not_picked":["bronze:BitShift","bronze:BronzeArmor"],"picked":"bronze:Flail","floor":23},{"not_picked":["bronze:Break","bronze:OilSpill"],"picked":"bronze:CutThrough","floor":25},{"not_picked":["bronze:Shield","bronze:BugBarrage"],"picked":"bronze:ChildClass","floor":26},{"not_picked":["bronze:Deprecate","bronze:CutThrough"],"picked":"bronze:Overload+1","floor":27},{"not_picked":["bronze:ForceShield","bronze:MaxOutput"],"picked":"bronze:DelayedGuard+1","floor":28},{"not_picked":["bronze:MaxOutput","bronze:Branch"],"picked":"bronze:HyperBeam","floor":29},{"not_picked":["bronze:Shield","bronze:SpaghettiCode"],"picked":"bronze:Philosophize","floor":31},{"not_picked":["bronze:MaxOutput","bronze:Shield"],"picked":"bronze:Fortify","floor":32},{"not_picked":["bronze:SpaghettiCode","bronze:HyperBeam"],"picked":"bronze:FindAndReplace","floor":33},{"not_picked":["bronze:Backtrace","bronze:Turbo"],"picked":"bronze:FollowUp+1","floor":36},{"not_picked":["bronze:ThunderWave","bronze:Deprecate"],"picked":"bronze:Frontload+1","floor":37},{"not_picked":["expansioncontent:PolyBeam","expansioncontent:Hexaburn"],"picked":"expansioncontent:Chronoboost","floor":39},{"not_picked":["bronze:Turbo+1","bronze:MaxOutput+1"],"picked":"bronze:Optimize+1","floor":42},{"not_picked":["bronze:Safeguard","bronze:Fortify+1"],"picked":"bronze:GetLatest+1","floor":43},{"not_picked":["bronze:Overheat+1","bronze:WildBeam"],"picked":"bronze:Optimize+1","floor":44},{"not_picked":["bronze:AlphaBuild","bronze:Frontload"],"picked":"bronze:ChosenStrike","floor":45},{"not_picked":["bronze:DelayedGuard+1","bronze:ItsAFeature"],"picked":"bronze:Branch+1","floor":46},{"not_picked":["bronze:AlphaBuild","bronze:BitShift"],"picked":"bronze:ChildClass+1","floor":47},{"not_picked":["bronze:Frontload","bronze:Deprecate"],"picked":"bronze:Turbo","floor":49},{"not_picked":["bronze:DelayedGuard","bronze:BitShift+1"],"picked":"bronze:Turbo+1","floor":51},{"not_picked":["bronze:NullPointer","bronze:FollowUp+1"],"picked":"bronze:OilSpill","floor":52},{"not_picked":["bronze:DigitalCarnage","bronze:CloningBeam"],"picked":"bronze:GetLatest+1","floor":54},{"not_picked":["bronze:RecursiveStrike","bronze:Deprecate"],"picked":"bronze:FineTuning","floor":54},{"not_picked":["bronze:Overheat","bronze:Deprecate"],"picked":"bronze:DelayedSlice","floor":54},{"not_picked":["bronze:Deprecate+1","bronze:GetLatest+1"],"picked":"bronze:ForLoop","floor":54},{"not_picked":["bronze:Frontload","bronze:CleanCode"],"picked":"bronze:ClassDefault+1","floor":54},{"not_picked":["bronze:OilSpill+1","bronze:BitShift"],"picked":"bronze:DelayedSlice+1","floor":56}],"player_experience":155341,"relics_obtained":[{"floor":7,"key":"aspiration:Lifesprig"},{"floor":27,"key":"DemoMod:MonsterBlood"},{"floor":29,"key":"hubris:GlazedTorus"},{"floor":31,"key":"War Paint"},{"floor":41,"key":"Nunchaku"},{"floor":43,"key":"MawBank"},{"floor":44,"key":"hubris:AstralHammer"},{"floor":45,"key":"Anchor"},{"floor":47,"key":"Strawberry"},{"floor":51,"key":"paleoftheancients:SoulOfTheCollector"},{"floor":58,"key":"hubris:SphereOfDissonance"}],"event_choices":[{"damage_healed":0,"gold_gain":0,"player_choice":"Leave","damage_taken":0,"max_hp_gain":0,"max_hp_loss":0,"event_name":"conspire:Investor","floor":6,"gold_loss":0},{"damage_healed":0,"gold_gain":3,"player_choice":"2","damage_taken":0,"max_hp_gain":0,"max_hp_loss":17,"event_name":"betterStone:BetterStone","floor":40,"gold_loss":0},{"cards_removed":["bronze:Defend"],"damage_healed":0,"gold_gain":0,"player_choice":"Removed Skill","damage_taken":0,"max_hp_gain":0,"max_hp_loss":0,"event_name":"Falling","floor":48,"gold_loss":0}],"is_beta":false,"boss_relics":[{"not_picked":["RedLine:ReiMu","Transparent"],"picked":"aspiration:FutureDiary"},{"not_picked":["conspire:RoyalGoblet","OneHitWonderSystem"],"picked":"PatriotShield"}],"items_purged_floors":[],"is_endless":false,"potions_floor_spawned":[2,4,10,13,21,22,27,29,33,37,43,44,49,51],"ascension_level":0}}