{"host":"oehe2dxjvdgux73m","time":1610806367,"event":{"mods":["AchievementEnabler","BaseMod","Colored Map","Colored Powertips","DeckTracker","Keyboard Shortcuts","Minty Spire (QoL Compilation)","Permanent Neow","Quick Restart","StSLib","SuperFastMode"],"gold_per_floor":[115,265,190,208,68,97,97,97,97,116,116,142,66,16,16,16,16],"floor_reached":16,"language":"KOR","playtime":325,"items_purged":["Strike_G","Strike_G"],"score":255,"play_id":"698d60c0-e327-485c-a3c2-c7a86da4c131","local_time":"20210116231247","is_ascension_mode":true,"campfire_choices":[{"data":"Cloak And Dagger","floor":7.0,"key":"SMITH"},{"floor":15,"key":"REST"}],"circlet_count":0,"master_deck":["AscendersBane","Strike_G","Strike_G","Defend_G","Defend_G","Defend_G","Defend_G","Defend_G","Survivor","Neutralize","PiercingWail","Cloak And Dagger+1","Adrenaline","Predator","PiercingWail"],"relics":["Ring of the Snake","NeowsBlessing","Strawberry","Smiling Mask","Incense Burner"],"acts_visited":["Exordium"],"potions_floor_usage":[12,16],"damage_taken":[{"damage":0.0,"enemies":"Jaw Worm","floor":1.0,"turns":1.0},{"damage":0.0,"enemies":"2 Louse","floor":4.0,"turns":1.0},{"damage":0.0,"enemies":"3 Sentries","floor":6.0,"turns":1.0},{"damage":10.0,"enemies":"Cultist","floor":10.0,"turns":6.0},{"damage":36,"enemies":"Lagavulin","floor":12,"turns":8},{"damage":44,"enemies":"Hexaghost","floor":16,"turns":11}],"seed_played":"6030856521981224927","potions_obtained":[{"floor":6.0,"key":"Explosive Potion"},{"floor":10.0,"key":"DuplicationPotion"}],"is_trial":false,"path_per_floor":["M","?","?","M","$","E","R","?","T","M","?","E","$","$","R","B"],"character_chosen":"THE_SILENT","items_purchased":["Cloak And Dagger","GhostInAJar","PiercingWail"],"campfire_rested":1,"item_purchase_floors":[5,5,13],"current_hp_per_floor":[59,59,59,59,59,66,66,66,66,56,56,20,20,20,41,0,0],"gold":16,"neow_bonus":"THREE_ENEMY_KILL","is_daily":false,"chose_seed":false,"campfire_upgraded":1,"win_rate":0.0,"timestamp":1610806367,"path_taken":["M","?","?","M","$","E","R","?","T","M","?","E","?","$","R","BOSS"],"items_purchased_type":["Card","Potion","Card"],"build_version":"2020-12-22","purchased_purges":2,"victory":false,"max_hp_per_floor":[66,66,66,66,66,73,73,73,73,73,73,73,73,73,73,73,73],"card_choices":[{"not_picked":["Sucker Punch","Deflect"],"picked":"PiercingWail","floor":1.0},{"not_picked":["Underhanded Strike","Outmaneuver","Dagger Throw"],"picked":"SKIP","floor":4.0},{"not_picked":["Acrobatics","Dagger Spray"],"picked":"Adrenaline","floor":6.0},{"not_picked":["Cloak And Dagger","Infinite Blades"],"picked":"Predator","floor":10.0},{"not_picked":["Dagger Throw","Flechettes","Outmaneuver"],"picked":"SKIP","floor":12}],"player_experience":238314,"relics_obtained":[{"floor":6.0,"key":"Strawberry"},{"floor":9.0,"key":"Smiling Mask"},{"floor":12,"key":"Incense Burner"}],"event_choices":[{"damage_healed":0.0,"max_hp_gain":0.0,"max_hp_loss":0.0,"gold_gain":150.0,"event_name":"Liars Game","player_choice":"AGREE","floor":2.0,"gold_loss":0.0,"damage_taken":0.0,"cards_obtained":["Doubt"]},{"cards_removed":["Strike_G"],"damage_healed":0.0,"max_hp_gain":0.0,"max_hp_loss":0.0,"gold_gain":0.0,"event_name":"The Cleric","player_choice":"Card Removal","floor":3.0,"gold_loss":75.0,"damage_taken":0.0},{"damage_healed":0.0,"max_hp_gain":0.0,"max_hp_loss":0.0,"gold_gain":0.0,"event_name":"Dead Adventurer","player_choice":"Searched \u00270\u0027 times","floor":8.0,"gold_loss":0.0,"damage_taken":0.0},{"cards_removed":["Doubt"],"damage_healed":0.0,"max_hp_gain":0.0,"max_hp_loss":0.0,"gold_gain":0.0,"event_name":"Living Wall","player_choice":"Forget","floor":11.0,"gold_loss":0.0,"damage_taken":0.0}],"is_beta":false,"boss_relics":[],"items_purged_floors":[13,14],"is_endless":false,"potions_floor_spawned":[6,10],"killed_by":"Hexaghost","ascension_level":19}}