{"host":"r53pw7z744tg3fxg","time":1610819398,"event":{"mods":["AchievementEnabler","BaseMod","Colored Map","Colored Powertips","Highlight Path","Minty Spire (QoL Compilation)","Quick Restart","Transform Curses"],"gold_per_floor":[115,115,125,145,160,185,185,197,197,197,255,281,246,265,265,339,339,356,371,390,390,390,390,422,422,422,422,422,751,751,786,786,860,910,925,925,925,943,957,984,997,997,1046,1046,1058,1088,1088,1100,1100,1100,1100],"floor_reached":50,"language":"ENG","playtime":2160,"items_purged":[],"score":1248,"play_id":"a46bc1be-e336-40ac-bfc2-a0f5c0a78424","local_time":"20210116104958","is_ascension_mode":true,"campfire_choices":[{"data":"Eruption","floor":7.0,"key":"SMITH"},{"data":"Wallop","floor":10.0,"key":"SMITH"},{"data":"Prostrate","floor":15.0,"key":"SMITH"},{"floor":23.0,"key":"REST"},{"floor":25.0,"key":"REST"},{"floor":27.0,"key":"REST"},{"floor":32.0,"key":"REST"},{"floor":42.0,"key":"REST"},{"floor":44.0,"key":"REST"},{"floor":47.0,"key":"REST"},{"floor":49.0,"key":"REST"}],"circlet_count":0,"master_deck":["AscendersBane","Strike_P+1","Strike_P+1","Strike_P+1","Strike_P+1","Defend_P+1","Defend_P+1","Defend_P+1","Defend_P+1","Eruption+1","Vigilance+1","ThirdEye+1","SandsOfTime+1","Wallop+1","JustLucky","Tantrum","BowlingBash","Consecrate","Prostrate+1","Establishment","EmptyBody+1","FearNoEvil","Worship","CarveReality","ReachHeaven","LessonLearned","Worship","Ragnarok","WreathOfFlame","FollowUp","ConjureBlade","SpiritShield","PathToVictory+1","WindmillStrike","Conclude+1"],"relics":["PureWater","NeowsBlessing","Omamori","Singing Bowl","Bag of Preparation","Turnip","Snecko Eye","Necronomicon","Shovel","Question Card","Strawberry","Old Coin","Ornamental Fan","Bird Faced Urn","Tiny House","Pocketwatch","Happy Flower","Art of War"],"acts_visited":["Exordium","TheCity","TheBeyond"],"potions_floor_usage":[50],"damage_taken":[{"damage":0.0,"enemies":"Jaw Worm","floor":1.0,"turns":1.0},{"damage":0.0,"enemies":"Cultist","floor":3.0,"turns":1.0},{"damage":0.0,"enemies":"Small Slimes","floor":4.0,"turns":1.0},{"damage":0.0,"enemies":"2 Fungi Beasts","floor":5.0,"turns":3.0},{"damage":11.0,"enemies":"Lagavulin","floor":6.0,"turns":5.0},{"damage":9.0,"enemies":"Large Slime","floor":8.0,"turns":3.0},{"damage":11.0,"enemies":"Lagavulin Event","floor":11.0,"turns":5.0},{"damage":0.0,"enemies":"3 Sentries","floor":12.0,"turns":3.0},{"damage":0.0,"enemies":"Looter","floor":14.0,"turns":4.0},{"damage":0.0,"enemies":"Slime Boss","floor":16.0,"turns":4.0},{"damage":0.0,"enemies":"Chosen","floor":18.0,"turns":3.0},{"damage":14.0,"enemies":"2 Thieves","floor":19.0,"turns":5.0},{"damage":17.0,"enemies":"Chosen and Byrds","floor":20.0,"turns":4.0},{"damage":24.0,"enemies":"Book of Stabbing","floor":24.0,"turns":4.0},{"damage":4.0,"enemies":"Gremlin Leader","floor":29.0,"turns":4.0},{"damage":13.0,"enemies":"Slavers","floor":31.0,"turns":3.0},{"damage":60.0,"enemies":"Champ","floor":33.0,"turns":11.0},{"damage":34.0,"enemies":"3 Darklings","floor":35.0,"turns":4.0},{"damage":0.0,"enemies":"Orb Walker","floor":38.0,"turns":2.0},{"damage":9.0,"enemies":"3 Darklings","floor":39.0,"turns":3.0},{"damage":0.0,"enemies":"Giant Head","floor":40.0,"turns":4.0},{"damage":19.0,"enemies":"Maw","floor":41.0,"turns":8.0},{"damage":36.0,"enemies":"Writhing Mass","floor":45.0,"turns":5.0},{"damage":21.0,"enemies":"Nemesis","floor":46.0,"turns":5.0},{"damage":8.0,"enemies":"Sphere and 2 Shapes","floor":48.0,"turns":4.0},{"damage":84,"enemies":"Awakened One","floor":50,"turns":6}],"seed_played":"-8969022616771876632","potions_obtained":[{"floor":3.0,"key":"CultistPotion"},{"floor":4.0,"key":"PowerPotion"},{"floor":6.0,"key":"Fruit Juice"},{"floor":14.0,"key":"PowerPotion"},{"floor":16.0,"key":"Strength Potion"},{"floor":20.0,"key":"SmokeBomb"},{"floor":29.0,"key":"PowerPotion"},{"floor":34.0,"key":"SpeedPotion"},{"floor":35.0,"key":"Weak Potion"},{"floor":41.0,"key":"FearPotion"},{"floor":46.0,"key":"SpeedPotion"}],"is_trial":false,"path_per_floor":["M","?","M","M","M","E","R","M","T","R","?","E","?","M","R","B",null,"M","M","M","?","?","R","E","R","T","R","?","E","T","E","R","B",null,"M","?","?","M","M","E","M","R","T","R","M","E","R","M","R","B"],"character_chosen":"WATCHER","items_purchased":[],"campfire_rested":8,"item_purchase_floors":[],"current_hp_per_floor":[61,61,61,61,61,55,55,46,46,46,37,37,55,55,55,55,70,70,56,39,18,18,40,16,38,38,60,67,65,65,52,77,21,73,39,39,39,41,32,34,19,46,46,73,39,20,47,41,69,0,0],"gold":1100,"neow_bonus":"THREE_ENEMY_KILL","is_daily":false,"chose_seed":false,"campfire_upgraded":3,"win_rate":0.0,"timestamp":1610819398,"path_taken":["M","?","?","M","?","E","R","M","T","R","?","E","?","M","R","BOSS","M","M","M","?","?","R","E","R","T","R","?","E","?","E","R","BOSS","M","?","?","M","?","E","M","R","T","R","M","E","R","M","R","BOSS"],"items_purchased_type":[],"build_version":"2020-12-22","purchased_purges":0,"victory":false,"max_hp_per_floor":[68,68,68,68,68,73,73,73,73,73,75,75,75,75,75,75,75,75,75,75,75,75,75,75,75,75,75,82,84,84,84,84,84,89,89,89,89,91,91,91,93,93,93,93,93,93,93,95,95,95,95],"card_choices":[{"not_picked":["EmptyFist","JustLucky"],"picked":"ThirdEye","floor":1.0},{"not_picked":["FlyingSleeves","Halt"],"picked":"SandsOfTime","floor":3.0},{"not_picked":["Crescendo","BowlingBash"],"picked":"Wallop","floor":4.0},{"not_picked":["Indignation","MentalFortress"],"picked":"JustLucky","floor":5.0},{"not_picked":["EmptyFist","Omniscience"],"picked":"Tantrum","floor":6.0},{"not_picked":["Evaluate","Protect"],"picked":"BowlingBash","floor":8.0},{"not_picked":["SashWhip","Tantrum","LikeWater"],"picked":"Singing Bowl","floor":11.0},{"not_picked":["EmptyFist","CrushJoints"],"picked":"Consecrate","floor":12.0},{"not_picked":["FlurryOfBlows","Consecrate"],"picked":"Prostrate","floor":14.0},{"not_picked":["Omniscience","Scrawl"],"picked":"Establishment","floor":16.0},{"not_picked":["Worship","FlurryOfBlows"],"picked":"EmptyBody","floor":18.0},{"not_picked":["JustLucky","Indignation"],"picked":"FearNoEvil","floor":19.0},{"not_picked":["Evaluate","MentalFortress"],"picked":"Worship","floor":20.0},{"not_picked":["InnerPeace","Meditate"],"picked":"CarveReality","floor":24.0},{"not_picked":["Evaluate","EmptyBody","Vengeance","DeceiveReality"],"picked":"Singing Bowl","floor":29.0},{"not_picked":["Prostrate","FollowUp","Crescendo"],"picked":"ReachHeaven","floor":31.0},{"not_picked":["Establishment","Brilliance","MasterReality"],"picked":"LessonLearned","floor":33.0},{"not_picked":["Crescendo","PathToVictory","ThirdEye"],"picked":"Worship","floor":34.0},{"not_picked":["EmptyFist","FollowUp","ClearTheMind+1"],"picked":"Ragnarok","floor":35.0},{"not_picked":["Tantrum","Weave","DeceiveReality","Halt"],"picked":"Singing Bowl","floor":38.0},{"not_picked":["CutThroughFate","FollowUp","JustLucky+1"],"picked":"SpiritShield","floor":39.0},{"not_picked":["Halt","Conclude","SashWhip+1"],"picked":"PathToVictory+1","floor":40.0},{"not_picked":["FlurryOfBlows","BowlingBash","ThirdEye","EmptyBody+1"],"picked":"Singing Bowl","floor":41.0},{"not_picked":["Crescendo","DeceiveReality","CrushJoints"],"picked":"WindmillStrike","floor":45.0},{"not_picked":["ClearTheMind","Ragnarok","ThirdEye"],"picked":"Conclude+1","floor":46.0},{"not_picked":["ClearTheMind","JustLucky","BowlingBash+1","FlurryOfBlows"],"picked":"Singing Bowl","floor":48.0}],"player_experience":1278723,"relics_obtained":[{"floor":6.0,"key":"Omamori"},{"floor":9.0,"key":"Singing Bowl"},{"floor":11.0,"key":"Bag of Preparation"},{"floor":12.0,"key":"Turnip"},{"floor":21.0,"key":"Necronomicon"},{"floor":24.0,"key":"Shovel"},{"floor":26.0,"key":"Question Card"},{"floor":29.0,"key":"Old Coin"},{"floor":30.0,"key":"Ornamental Fan"},{"floor":31.0,"key":"Bird Faced Urn"},{"floor":40.0,"key":"Pocketwatch"},{"floor":43.0,"key":"Happy Flower"},{"floor":46.0,"key":"Art of War"}],"event_choices":[{"damage_healed":0.0,"max_hp_gain":0.0,"max_hp_loss":0.0,"gold_gain":0.0,"event_name":"Purifier","player_choice":"Ignored","floor":2.0,"gold_loss":0.0,"damage_taken":0.0},{"damage_healed":0.0,"max_hp_gain":0.0,"max_hp_loss":0.0,"gold_gain":0.0,"event_name":"Dead Adventurer","player_choice":"Searched \u00272\u0027 times","floor":11.0,"gold_loss":0.0,"damage_taken":0.0},{"damage_healed":18.0,"max_hp_gain":0.0,"max_hp_loss":0.0,"gold_gain":0.0,"event_name":"The Cleric","player_choice":"Healed","floor":13.0,"gold_loss":35.0,"damage_taken":0.0},{"damage_healed":0.0,"max_hp_gain":0.0,"max_hp_loss":0.0,"gold_gain":0.0,"event_name":"Cursed Tome","player_choice":"Obtained Book","floor":21.0,"gold_loss":0.0,"damage_taken":21.0},{"damage_healed":0.0,"max_hp_gain":0.0,"max_hp_loss":0.0,"gold_gain":0.0,"event_name":"Back to Basics","player_choice":"Simplicity","floor":22.0,"gold_loss":0.0,"damage_taken":0.0,"cards_upgraded":["Strike_P","Strike_P","Strike_P","Strike_P","Defend_P","Defend_P","Defend_P","Defend_P"]},{"damage_healed":0.0,"max_hp_gain":0.0,"max_hp_loss":0.0,"gold_gain":0.0,"event_name":"The Mausoleum","player_choice":"Opened","floor":28.0,"gold_loss":0.0,"damage_taken":0.0,"relics_obtained":["Strawberry"],"cards_obtained":["Writhe"]},{"damage_healed":0.0,"max_hp_gain":0.0,"max_hp_loss":0.0,"gold_gain":0.0,"event_name":"Tomb of Lord Red Mask","player_choice":"Ignored","floor":36.0,"gold_loss":0.0,"damage_taken":0.0},{"damage_healed":0.0,"max_hp_gain":0.0,"max_hp_loss":0.0,"gold_gain":0.0,"event_name":"Match and Keep!","player_choice":"3 cards matched","floor":37.0,"gold_loss":0.0,"damage_taken":0.0,"cards_obtained":["WreathOfFlame","FollowUp","ConjureBlade"]}],"is_beta":false,"boss_relics":[{"not_picked":["Cursed Key","Runic Pyramid"],"picked":"Snecko Eye"},{"not_picked":["Coffee Dripper","Philosopher\u0027s Stone"],"picked":"Tiny House"}],"items_purged_floors":[],"is_endless":false,"potions_floor_spawned":[3,4,6,14,16,20,29,35,41,46],"killed_by":"Awakened One","ascension_level":15}}