{"host":"sa7ebub27cgn5wai","time":1610764533,"event":{"mods":["BaseMod","Colored Map","Minty Spire (QoL Compilation)","SuperFastMode"],"gold_per_floor":[112,112,42,57,57,57,92,112,159,190,190,205,205,205,205,306,306,318,318,318,207,225,225,242,242,242],"floor_reached":25,"language":"KOR","playtime":577,"items_purged":[],"score":328,"play_id":"7380253e-b927-4af8-be87-561ce22f9b47","local_time":"20210116113533","is_ascension_mode":true,"campfire_choices":[{"data":"Predator","floor":6,"key":"SMITH"},{"data":"Dash","floor":11,"key":"SMITH"},{"data":"Tactician","floor":13,"key":"SMITH"},{"data":"Survivor","floor":15,"key":"SMITH"},{"floor":23,"key":"REST"}],"circlet_count":0,"master_deck":["Survivor+1","Neutralize","Predator+1","Deadly Poison+1","Dagger Spray","Dash+1","Dash+1","Tactician+1","Corpse Explosion","PiercingWail","Dodge and Roll","Skewer+1","Well Laid Plans","Dodge and Roll","Accuracy","Flechettes+1","Burst","Noxious Fumes","Caltrops","Sucker Punch+1","Tactician+1","Tactician","Footwork","Slice+1","Accuracy+1"],"relics":["Ring of the Snake","NeowsBlessing","Bag of Marbles","Mummified Hand","War Paint","Molten Egg 2","Tingsha","Pandora\u0027s Box","MutagenicStrength"],"acts_visited":["Exordium","TheCity"],"potions_floor_usage":[22],"damage_taken":[{"damage":0,"enemies":"Jaw Worm","floor":1,"turns":1},{"damage":0,"enemies":"Cultist","floor":4,"turns":1},{"damage":0,"enemies":"Lagavulin","floor":7,"turns":1},{"damage":0,"enemies":"Small Slimes","floor":8,"turns":2},{"damage":14,"enemies":"3 Sentries","floor":10,"turns":10},{"damage":0,"enemies":"3 Louse","floor":12,"turns":2},{"damage":30,"enemies":"The Guardian","floor":16,"turns":10},{"damage":16,"enemies":"Spheric Guardian","floor":18,"turns":4},{"damage":12,"enemies":"Chosen","floor":22,"turns":5},{"damage":18,"enemies":"Snake Plant","floor":24,"turns":3},{"damage":36,"enemies":"Chosen and Byrds","floor":25,"turns":5}],"seed_played":"44694308374710656","potions_obtained":[{"floor":1,"key":"Weak Potion"},{"floor":10,"key":"AttackPotion"},{"floor":22,"key":"Swift Potion"},{"floor":24,"key":"FearPotion"}],"is_trial":false,"path_per_floor":["M","?","$","M","$","R","E","M","T","E","R","M","R","?","R","B",null,"M","?","?","$","M","R","M","M"],"character_chosen":"THE_SILENT","items_purchased":["Predator","Tactician","Footwork"],"campfire_rested":1,"item_purchase_floors":[3,21,21],"current_hp_per_floor":[63,63,63,63,63,63,63,63,63,49,49,49,49,37,37,7,54,38,38,38,38,26,47,29,0,0],"gold":242,"neow_bonus":"THREE_ENEMY_KILL","is_daily":false,"chose_seed":false,"campfire_upgraded":4,"win_rate":0.0,"timestamp":1610764533,"path_taken":["M","?","$","?","$","R","E","M","T","E","R","M","R","?","R","BOSS","M","?","?","$","M","R","M","M"],"items_purchased_type":["Card","Card","Card"],"build_version":"2020-12-22","purchased_purges":0,"victory":false,"max_hp_per_floor":[70,70,70,70,70,70,70,70,70,70,70,70,70,70,70,70,70,70,70,70,70,70,70,70,70,70],"card_choices":[{"not_picked":["Choke","Outmaneuver"],"picked":"Quick Slash","floor":1},{"not_picked":["Crippling Poison","Dodge and Roll"],"picked":"Deadly Poison","floor":4},{"not_picked":["Infinite Blades","Distraction"],"picked":"Dagger Spray","floor":7},{"not_picked":["Endless Agony","Eviscerate"],"picked":"Dash","floor":8},{"not_picked":["Deflect","Outmaneuver"],"picked":"Dash+1","floor":10},{"not_picked":["Infinite Blades","Calculated Gamble"],"picked":"Tactician","floor":12},{"not_picked":["Wraith Form v2","Bullet Time"],"picked":"Corpse Explosion","floor":16},{"not_picked":["Skewer+1","Riddle With Holes+1"],"picked":"Sucker Punch+1","floor":18},{"not_picked":["Prepared","Caltrops"],"picked":"Slice+1","floor":22},{"not_picked":["Dodge and Roll","Choke+1"],"picked":"Accuracy+1","floor":24}],"player_experience":295679,"relics_obtained":[{"floor":7,"key":"Mummified Hand"},{"floor":9,"key":"War Paint"},{"floor":10,"key":"Molten Egg 2"}],"event_choices":[{"cards_removed":["Quick Slash"],"damage_healed":0,"gold_gain":0,"player_choice":"Gave Card","damage_taken":0,"relics_obtained":["Bag of Marbles"],"max_hp_gain":0,"max_hp_loss":0,"event_name":"WeMeetAgain","floor":2,"gold_loss":0},{"damage_healed":0,"gold_gain":0,"player_choice":"Success","damage_taken":12,"relics_obtained":["Tingsha"],"max_hp_gain":0,"max_hp_loss":0,"event_name":"Scrap Ooze","floor":14,"gold_loss":0},{"damage_healed":0,"gold_gain":0,"player_choice":"Inject Mutagens","damage_taken":0,"relics_obtained":["MutagenicStrength"],"max_hp_gain":0,"max_hp_loss":0,"event_name":"Drug Dealer","floor":19,"gold_loss":0},{"damage_healed":0,"gold_gain":0,"player_choice":"Copied","damage_taken":0,"max_hp_gain":0,"max_hp_loss":0,"event_name":"Duplicator","floor":20,"gold_loss":0,"cards_obtained":["Tactician"]}],"is_beta":false,"boss_relics":[{"not_picked":["Coffee Dripper","Philosopher\u0027s Stone"],"picked":"Pandora\u0027s Box"}],"items_purged_floors":[],"is_endless":false,"potions_floor_spawned":[1,10,22,24],"killed_by":"Chosen and Byrds","ascension_level":8}}