{"host":"y8cpnk8u7pqs5ve6","time":1610801628,"event":{"mods":["Act Like it!","BaseMod","Gold Saver","Hallownest","Hermit","Minty Spire (QoL Compilation)","Quick Restart","StSLib","The Cursed","The Servant 0.9.4","WarShipGirlsR/’ΩΩ¢…Ÿ≈ÆR mod","Yakumo Yukari mod"],"gold_per_floor":[788,738,738,738,613,642,642,659,659,677,691,691,691,707,707,782,782,799,818,423,373,389,389,389,314,314,328,339,61,78,96,96,96,96],"floor_reached":33,"language":"ZHS","playtime":1481,"items_purged":["Strike_R"],"score":538,"play_id":"a7983104-be75-4a01-81b9-e94634713b6a","local_time":"20210116205348","is_ascension_mode":true,"campfire_choices":[{"data":"Seeing Red","floor":12.0,"key":"SMITH"},{"data":"Pommel Strike","floor":15.0,"key":"SMITH"},{"data":"Armaments","floor":23.0,"key":"SMITH"},{"floor":32.0,"key":"REST"}],"circlet_count":0,"master_deck":["AscendersBane","Strike_R","Strike_R","Strike_R","Defend_R","Defend_R","Bash","Pommel Strike+1","Shrug It Off","Twin Strike","Shrug It Off","Seeing Red+1","Inflame","Thunderclap","Sword Boomerang+1","Inflame+1","Impervious","Pummel","Sword Boomerang","Armaments+1","Flex","Ghostly Armor","RitualDagger","Berserk","Whirlwind","Shrug It Off+1","Flex","Bloodletting+1","Flex+1","Whirlwind"],"relics":["Burning Blood","Akabeko","Prayer Wheel","Runic Cube","Chemical X","Potion Belt","Omamori","Toxic Egg 2"],"acts_visited":["Exordium","TheCity"],"potions_floor_usage":[33],"damage_taken":[{"damage":10.0,"enemies":"2 Louse","floor":1.0,"turns":2.0},{"damage":20.0,"enemies":"Gremlin Nob","floor":6.0,"turns":4.0},{"damage":0.0,"enemies":"Jaw Worm","floor":8.0,"turns":2.0},{"damage":0.0,"enemies":"Cultist","floor":10.0,"turns":2.0},{"damage":0.0,"enemies":"2 Fungi Beasts","floor":11.0,"turns":2.0},{"damage":11.0,"enemies":"Looter","floor":14.0,"turns":2.0},{"damage":0.0,"enemies":"Slime Boss","floor":16.0,"turns":5.0},{"damage":14.0,"enemies":"Spheric Guardian","floor":18.0,"turns":5.0},{"damage":18.0,"enemies":"3 Byrds","floor":19.0,"turns":4.0},{"damage":3.0,"enemies":"Sentry and Sphere","floor":22.0,"turns":4.0},{"damage":19.0,"enemies":"Snake Plant","floor":27.0,"turns":4.0},{"damage":14.0,"enemies":"Centurion and Healer","floor":28.0,"turns":2.0},{"damage":10.0,"enemies":"Chosen and Byrds","floor":30.0,"turns":3.0},{"damage":17.0,"enemies":"Snecko","floor":31.0,"turns":4.0},{"damage":38,"enemies":"Collector","floor":33,"turns":6}],"seed_played":"6180388385445609682","potions_obtained":[{"floor":6.0,"key":"BlessingOfTheForge"},{"floor":10.0,"key":"SmokeBomb"},{"floor":14.0,"key":"SkillPotion"},{"floor":22.0,"key":"DistilledChaos"},{"floor":30.0,"key":"ElixirPotion"}],"is_trial":false,"path_per_floor":["M","$","?","?","$","E","?","M","T","M","M","R","?","M","R","B",null,"M","M","$","?","M","R","?","?","T","M","M","$","M","M","R","B"],"character_chosen":"IRONCLAD","items_purchased":["Shrug It Off","Twin Strike","Chemical X","Potion Belt","Armaments","Toxic Egg 2"],"campfire_rested":1,"item_purchase_floors":[2,5,20,20,20,29],"current_hp_per_floor":[71,71,71,64,64,50,50,56,56,62,68,68,43,38,38,44,73,65,53,53,53,56,56,50,50,50,37,29,29,25,14,38,0,0],"gold":96,"neow_bonus":"TEN_PERCENT_HP_BONUS","is_daily":false,"chose_seed":false,"campfire_upgraded":3,"win_rate":0.0,"timestamp":1610801628,"path_taken":["M","$","?","?","$","E","?","M","T","?","M","R","?","M","R","BOSS","M","M","$","?","?","R","?","?","T","M","M","$","M","M","R","BOSS"],"items_purchased_type":["Card","Card","Relic","Relic","Card","Relic"],"build_version":"2020-12-22","purchased_purges":1,"victory":false,"max_hp_per_floor":[82,82,82,82,82,82,82,82,82,82,82,82,82,82,82,82,82,82,82,82,82,82,82,82,82,82,82,82,82,82,82,82,82,82],"card_choices":[{"not_picked":["Iron Wave","Armaments"],"picked":"Pommel Strike","floor":1.0},{"not_picked":["Intimidate","Havoc"],"picked":"Shrug It Off","floor":6.0},{"not_picked":["Evolve","Sever Soul"],"picked":"Inflame","floor":8.0},{"not_picked":["Blood for Blood","Rupture"],"picked":"Thunderclap","floor":10.0},{"not_picked":["Anger","Havoc"],"picked":"Sword Boomerang","floor":10.0},{"not_picked":["Blood for Blood","Sword Boomerang"],"picked":"Inflame","floor":11.0},{"not_picked":["Body Slam","Clothesline","Thunderclap"],"picked":"SKIP","floor":11.0},{"not_picked":["Heavy Blade","Rupture","Havoc"],"picked":"SKIP","floor":14.0},{"not_picked":["Burning Pact","Anger","True Grit"],"picked":"SKIP","floor":14.0},{"not_picked":["Brutality","Immolate"],"picked":"Impervious","floor":16.0},{"not_picked":["Headbutt","Shrug It Off"],"picked":"Pummel","floor":18.0},{"not_picked":["Fire Breathing","Wild Strike","Sword Boomerang"],"picked":"SKIP","floor":18.0},{"not_picked":["Metallicize","Body Slam"],"picked":"Sword Boomerang","floor":19.0},{"not_picked":["Sentinel","True Grit","Second Wind"],"picked":"SKIP","floor":19.0},{"not_picked":["Dropkick+1","Flame Barrier"],"picked":"Flex","floor":22.0},{"not_picked":["Clash","Rupture"],"picked":"Ghostly Armor","floor":22.0},{"not_picked":["Sword Boomerang","Inflame"],"picked":"Berserk","floor":27.0},{"not_picked":["Clothesline+1","Shrug It Off"],"picked":"Whirlwind","floor":27.0},{"not_picked":["True Grit","Iron Wave"],"picked":"Shrug It Off+1","floor":28.0},{"not_picked":["Heavy Blade","Rupture"],"picked":"Flex","floor":28.0},{"not_picked":["Sword Boomerang","Heavy Blade"],"picked":"Bloodletting+1","floor":30.0},{"not_picked":["Body Slam","Armaments+1"],"picked":"Flex+1","floor":30.0},{"not_picked":["Dropkick","Heavy Blade+1"],"picked":"Whirlwind","floor":31.0},{"not_picked":["Inflame","Clash","Blood for Blood"],"picked":"SKIP","floor":31.0}],"player_experience":220406,"relics_obtained":[{"floor":6.0,"key":"Akabeko"},{"floor":9.0,"key":"Prayer Wheel"},{"floor":26.0,"key":"Omamori"}],"event_choices":[{"damage_healed":0.0,"max_hp_gain":0.0,"max_hp_loss":0.0,"gold_gain":0.0,"event_name":"Liars Game","player_choice":"Ignored","floor":3.0,"gold_loss":0.0,"damage_taken":0.0},{"cards_removed":["Defend_R"],"damage_healed":0.0,"max_hp_gain":0.0,"max_hp_loss":0.0,"gold_gain":0.0,"event_name":"Golden Wing","player_choice":"Card Removal","floor":4.0,"gold_loss":0.0,"damage_taken":7.0},{"damage_healed":0.0,"max_hp_gain":0.0,"max_hp_loss":0.0,"gold_gain":0.0,"cards_transformed":["Defend_R"],"event_name":"Transmorgrifier","player_choice":"Transformed","floor":7.0,"gold_loss":0.0,"damage_taken":0.0,"cards_obtained":["Seeing Red"]},{"damage_healed":0.0,"max_hp_gain":0.0,"max_hp_loss":0.0,"gold_gain":0.0,"event_name":"Shining Light","player_choice":"Entered Light","floor":13.0,"gold_loss":0.0,"damage_taken":25.0,"cards_upgraded":["Inflame","Sword Boomerang"]},{"damage_healed":0.0,"max_hp_gain":0.0,"max_hp_loss":0.0,"gold_gain":0.0,"event_name":"The Joust","player_choice":"Bet on Murderer","floor":21.0,"gold_loss":50.0,"damage_taken":0.0},{"damage_healed":0.0,"max_hp_gain":0.0,"max_hp_loss":0.0,"gold_gain":0.0,"event_name":"Nest","player_choice":"Joined the Cult","floor":24.0,"gold_loss":0.0,"damage_taken":6.0,"cards_obtained":["RitualDagger"]},{"cards_removed":["Strike_R"],"damage_healed":0.0,"max_hp_gain":0.0,"max_hp_loss":0.0,"gold_gain":0.0,"event_name":"Beggar","player_choice":"Gave Gold","floor":25.0,"gold_loss":75.0,"damage_taken":0.0}],"is_beta":false,"boss_relics":[{"not_picked":["Ectoplasm","Snecko Eye"],"picked":"Runic Cube"}],"items_purged_floors":[5],"is_endless":false,"potions_floor_spawned":[6,10,14,18,19,22,30],"killed_by":"Collector","ascension_level":16}}