{"host":"cijwx898anu8dehj","time":1610829949,"event":{"mods":["AchievementEnabler","AlwaysNeverKeys","BaseMod","Colored Map","Colored Powertips","Highlight Path","Minty Spire (QoL Compilation)","Rare Cards Sparkle","Relic Stats","Slay-I"],"gold_per_floor":[114,129,144,159,234,234,264,264,289,319,349,349,349,379,391,503,515,542,569,581,613,368,398,428,458,508,508,423,423,189,189,189,289,289,304,319,319,541,541,571,571,21,71,71,101,151,1,1,1,1],"floor_reached":51,"language":"ENG","playtime":3441,"items_purged":["Strike_G","Strike_G","Strike_G"],"score":1031,"play_id":"4c8cd4b0-dcfa-4f50-9a71-e133fe54471e","local_time":"20210116184549","daily_mods":["Allstar","Flight","Night Terrors"],"is_ascension_mode":false,"campfire_choices":[{"data":"Mayhem","floor":6.0,"key":"SMITH"},{"data":"Glass Knife","floor":8.0,"key":"SMITH"},{"data":"Neutralize","floor":12.0,"key":"SMITH"},{"data":"Sucker Punch","floor":13.0,"key":"SMITH"},{"floor":15.0,"key":"REST"},{"data":"Finisher","floor":27.0,"key":"SMITH"},{"data":"Adrenaline","floor":29.0,"key":"SMITH"},{"data":"Metamorphosis","floor":32.0,"key":"SMITH"},{"data":"Backflip","floor":41.0,"key":"SMITH"},{"data":"Panacea","floor":44.0,"key":"SMITH"},{"data":"Dash","floor":49.0,"key":"SMITH"}],"circlet_count":0,"master_deck":["Strike_G","Strike_G","Defend_G","Defend_G","Defend_G","Defend_G","Defend_G","Survivor","Neutralize+1","Impatience","Dark Shackles","Panacea+1","Mayhem+1","PanicButton","Blade Dance","Finisher+1","Glass Knife+1","Sucker Punch+1","Infinite Blades","Adrenaline+1","Slice+1","RitualDagger","Metamorphosis+1","Blade Dance","Blade Dance","Dash+1","Finisher+1","Adrenaline","Skewer+1","Madness","Madness","Backflip+1","Prepared+1","Secret Technique","Panacea"],"relics":["Ring of the Snake","PreservedInsect","Orichalcum","HornCleat","Blood Vial","MawBank","Philosopher\u0027s Stone","Red Mask","Letter Opener","Bottled Lightning","Bottled Tornado","Smiling Mask","Oddly Smooth Stone","Boot","Runic Pyramid","Darkstone Periapt","TungstenRod","Eternal Feather","Potion Belt","Thread and Needle","Mango"],"acts_visited":["TheCity","TheBeyond"],"potions_floor_usage":[50,50,50,50],"damage_taken":[{"damage":1.0,"enemies":"2 Louse","floor":1.0,"turns":4.0},{"damage":0.0,"enemies":"Small Slimes","floor":2.0,"turns":3.0},{"damage":0.0,"enemies":"Jaw Worm","floor":3.0,"turns":3.0},{"damage":4.0,"enemies":"Large Slime","floor":4.0,"turns":5.0},{"damage":23.0,"enemies":"Gremlin Nob","floor":7.0,"turns":5.0},{"damage":0.0,"enemies":"Lagavulin","floor":10.0,"turns":6.0},{"damage":0.0,"enemies":"3 Sentries","floor":11.0,"turns":4.0},{"damage":0.0,"enemies":"Lagavulin","floor":14.0,"turns":2.0},{"damage":21.0,"enemies":"Slime Boss","floor":16.0,"turns":9.0},{"damage":8.0,"enemies":"2 Thieves","floor":18.0,"turns":4.0},{"damage":0.0,"enemies":"Spheric Guardian","floor":19.0,"turns":3.0},{"damage":0.0,"enemies":"Masked Bandits","floor":21.0,"turns":4.0},{"damage":17.0,"enemies":"Gremlin Leader","floor":23.0,"turns":6.0},{"damage":0.0,"enemies":"Book of Stabbing","floor":24.0,"turns":3.0},{"damage":0.0,"enemies":"Gremlin Leader","floor":25.0,"turns":4.0},{"damage":0.0,"enemies":"Collector","floor":33.0,"turns":5.0},{"damage":0.0,"enemies":"3 Darklings","floor":35.0,"turns":5.0},{"damage":2.0,"enemies":"Orb Walker","floor":36.0,"turns":2.0},{"damage":0.0,"enemies":"Reptomancer","floor":40.0,"turns":1.0},{"damage":0.0,"enemies":"Giant Head","floor":45.0,"turns":5.0},{"damage":0.0,"enemies":"Mind Bloom Boss Battle","floor":46.0,"turns":3.0},{"damage":46,"enemies":"Time Eater","floor":50,"turns":11}],"seed_played":"2700428786693623746","potions_obtained":[{"floor":2.0,"key":"Strength Potion"},{"floor":4.0,"key":"BlessingOfTheForge"},{"floor":7.0,"key":"DistilledChaos"},{"floor":11.0,"key":"DistilledChaos"},{"floor":16.0,"key":"Strength Potion"},{"floor":23.0,"key":"LiquidMemories"},{"floor":24.0,"key":"Ancient Potion"},{"floor":33.0,"key":"Poison Potion"},{"floor":40.0,"key":"BlessingOfTheForge"}],"is_trial":false,"path_per_floor":["M","M","M","M","?","R","E","R","T","E","E","R","R","E","R","B",null,"M","M","?","?","$","E","E","E","T","R","?","R","$","?","R","B",null,"M","M","?","?","?","E","R","$","T","R","E","?","$","?","R","B",null],"character_chosen":"THE_SILENT","items_purchased":["Metamorphosis","Boot","Dash","TungstenRod","Eternal Feather","SkillPotion","FearPotion"],"campfire_rested":1,"item_purchase_floors":[22,30,30,42,42,47,47],"current_hp_per_floor":[69,69,69,65,54,54,31,31,31,31,31,31,31,33,65,44,65,57,59,53,55,55,40,42,44,44,44,44,44,44,44,44,46,65,65,63,63,63,55,57,57,57,57,65,65,79,79,70,79,33],"gold":1,"neow_bonus":"","is_daily":true,"chose_seed":false,"campfire_upgraded":10,"win_rate":0.0,"timestamp":1610829949,"path_taken":["M","M","M","M","?","R","E","R","T","E","E","R","R","E","R","BOSS","M","M","?","?","$","E","E","E","T","R","?","R","$","?","R","BOSS","M","M","?","?","?","E","R","$","T","R","E","?","$","?","R","BOSS"],"items_purchased_type":["Card","Relic","Card","Relic","Relic","Potion","Potion"],"build_version":"2020-12-22","purchased_purges":3,"victory":true,"max_hp_per_floor":[70,70,70,70,70,70,70,70,70,70,70,70,70,70,65,65,65,65,65,65,65,65,65,65,65,65,65,65,65,65,65,65,65,65,65,65,65,65,65,65,65,65,65,65,65,79,79,79,79,79],"relic_stats":{"Darkstone Periapt":0,"counters":[20,90],"Eternal Feather":17,"PreservedInsect":406,"Letter Opener":[128],"Orichalcum":[138],"MawBank":96,"Smiling Mask":125,"Boot":[63],"Blood Vial":16,"obtain_stats":[{"Darkstone Periapt":40,"Potion Belt":43,"Oddly Smooth Stone":28,"Eternal Feather":42,"Thread and Needle":45,"Mango":46,"PreservedInsect":7,"Letter Opener":23,"Orichalcum":9,"Bottled Tornado":25,"MawBank":14,"Smiling Mask":26,"Boot":30,"Blood Vial":11,"HornCleat":10,"Philosopher\u0027s Stone":17,"Red Mask":21,"Bottled Lightning":24,"TungstenRod":42,"Ring of the Snake":0,"Runic Pyramid":34},{"Darkstone Periapt":17,"Potion Belt":17,"Oddly Smooth Stone":13,"Eternal Feather":17,"Thread and Needle":18,"Mango":19,"PreservedInsect":3,"Letter Opener":11,"Orichalcum":3,"Bottled Tornado":13,"MawBank":6,"Smiling Mask":13,"Boot":13,"Blood Vial":5,"HornCleat":4,"Philosopher\u0027s Stone":7,"Red Mask":10,"Bottled Lightning":12,"TungstenRod":17,"Ring of the Snake":0,"Runic Pyramid":14},{"Darkstone Periapt":71,"Potion Belt":71,"Oddly Smooth Stone":58,"Eternal Feather":71,"Thread and Needle":76,"Mango":79,"PreservedInsect":13,"Letter Opener":51,"Orichalcum":13,"Bottled Tornado":58,"MawBank":25,"Smiling Mask":58,"Boot":58,"Blood Vial":23,"HornCleat":19,"Philosopher\u0027s Stone":34,"Red Mask":45,"Bottled Lightning":54,"TungstenRod":71,"Ring of the Snake":0,"Runic Pyramid":63}],"TungstenRod":7,"Ring of the Snake":[40]},"card_choices":[{"not_picked":["Deadly Poison","Noxious Fumes"],"picked":"Blade Dance","floor":1.0},{"not_picked":["Eviscerate","Concentrate","Flying Knee"],"picked":"SKIP","floor":2.0},{"not_picked":["Acrobatics","Phantasmal Killer"],"picked":"Finisher","floor":3.0},{"not_picked":["Well Laid Plans","Escape Plan","Dodge and Roll"],"picked":"SKIP","floor":4.0},{"not_picked":["Masterful Stab","Reflex"],"picked":"Glass Knife","floor":7.0},{"not_picked":["Caltrops","Riddle With Holes"],"picked":"Sucker Punch","floor":10.0},{"not_picked":["Eviscerate","Dagger Spray","Deadly Poison"],"picked":"SKIP","floor":11.0},{"not_picked":["PiercingWail","Blade Dance"],"picked":"Infinite Blades","floor":14.0},{"not_picked":["Glass Knife","A Thousand Cuts"],"picked":"Adrenaline","floor":16.0},{"not_picked":["Dagger Spray","Riddle With Holes"],"picked":"Slice+1","floor":18.0},{"not_picked":["Flying Knee","Dagger Throw"],"picked":"Infinite Blades","floor":19.0},{"not_picked":["Catalyst","Concentrate","Underhanded Strike"],"picked":"SKIP","floor":23.0},{"not_picked":["Masterful Stab+1","Footwork+1"],"picked":"Blade Dance","floor":24.0},{"not_picked":["Eviscerate+1","Envenom"],"picked":"Blade Dance","floor":25.0},{"not_picked":["Grand Finale","Tools of the Trade"],"picked":"Adrenaline","floor":33.0},{"not_picked":["PiercingWail+1","Dagger Spray+1"],"picked":"Skewer+1","floor":35.0},{"not_picked":["Reflex+1","Flying Knee","Acrobatics+1"],"picked":"SKIP","floor":36.0},{"not_picked":["Quick Slash","Acrobatics+1"],"picked":"Backflip","floor":40.0},{"not_picked":["Caltrops","Slice","Cloak And Dagger"],"picked":"SKIP","floor":45.0},{"not_picked":["Acrobatics","Sucker Punch+1"],"picked":"Prepared+1","floor":46.0},{"not_picked":["Mind Blast","HandOfGreed"],"picked":"Secret Technique","floor":48.0},{"not_picked":["Good Instincts","Madness"],"picked":"Panacea","floor":48.0}],"player_experience":1023671,"relics_obtained":[{"floor":7.0,"key":"PreservedInsect"},{"floor":9.0,"key":"Orichalcum"},{"floor":10.0,"key":"HornCleat"},{"floor":11.0,"key":"Blood Vial"},{"floor":14.0,"key":"MawBank"},{"floor":21.0,"key":"Red Mask"},{"floor":23.0,"key":"Letter Opener"},{"floor":24.0,"key":"Bottled Lightning"},{"floor":25.0,"key":"Bottled Tornado"},{"floor":26.0,"key":"Smiling Mask"},{"floor":40.0,"key":"Darkstone Periapt"},{"floor":43.0,"key":"Potion Belt"},{"floor":45.0,"key":"Thread and Needle"},{"floor":46.0,"key":"Mango"}],"event_choices":[{"damage_healed":0.0,"max_hp_gain":0.0,"max_hp_loss":0.0,"gold_gain":75.0,"event_name":"World of Goop","player_choice":"Gather Gold","floor":5.0,"gold_loss":0.0,"damage_taken":11.0},{"damage_healed":0.0,"max_hp_gain":0.0,"max_hp_loss":0.0,"gold_gain":0.0,"event_name":"Nest","player_choice":"Joined the Cult","floor":20.0,"gold_loss":0.0,"damage_taken":6.0,"cards_obtained":["RitualDagger"]},{"damage_healed":0.0,"max_hp_gain":0.0,"max_hp_loss":0.0,"gold_gain":0.0,"event_name":"Masked Bandits","player_choice":"Fought Bandits","floor":21.0,"gold_loss":0.0,"damage_taken":0.0},{"damage_healed":0.0,"max_hp_gain":0.0,"max_hp_loss":0.0,"gold_gain":0.0,"event_name":"Addict","player_choice":"Obtained Relic","floor":28.0,"gold_loss":85.0,"damage_taken":0.0,"relics_obtained":["Oddly Smooth Stone"]},{"damage_healed":0.0,"max_hp_gain":0.0,"max_hp_loss":0.0,"gold_gain":0.0,"event_name":"Duplicator","player_choice":"Copied","floor":31.0,"gold_loss":0.0,"damage_taken":0.0,"cards_obtained":["Finisher"]},{"cards_removed":["Infinite Blades"],"damage_healed":0.0,"max_hp_gain":0.0,"max_hp_loss":0.0,"gold_gain":0.0,"event_name":"Falling","player_choice":"Removed Power","floor":37.0,"gold_loss":0.0,"damage_taken":0.0},{"damage_healed":0.0,"max_hp_gain":0.0,"max_hp_loss":0.0,"gold_gain":222.0,"event_name":"Tomb of Lord Red Mask","player_choice":"Wore Mask","floor":38.0,"gold_loss":0.0,"damage_taken":0.0},{"damage_healed":0.0,"max_hp_gain":0.0,"max_hp_loss":0.0,"gold_gain":0.0,"event_name":"Winding Halls","player_choice":"Embrace Madness","floor":39.0,"gold_loss":0.0,"damage_taken":8.0,"cards_obtained":["Madness","Madness"]},{"damage_healed":0.0,"max_hp_gain":0.0,"max_hp_loss":0.0,"gold_gain":0.0,"event_name":"MindBloom","player_choice":"Fight","floor":46.0,"gold_loss":0.0,"damage_taken":0.0},{"damage_healed":0.0,"max_hp_gain":0.0,"max_hp_loss":0.0,"gold_gain":0.0,"event_name":"SensoryStone","player_choice":"Memory 3","floor":48.0,"gold_loss":0.0,"damage_taken":10.0}],"is_beta":false,"boss_relics":[{"not_picked":["Runic Dome","Fusion Hammer"],"picked":"Philosopher\u0027s Stone"},{"not_picked":["SlaversCollar","Busted Crown"],"picked":"Runic Pyramid"}],"items_purged_floors":[22,30,47],"is_endless":false,"potions_floor_spawned":[2,4,7,11,16,23,24,33,36,40],"ascension_level":0}}