{"host":"p245q48pmopyklqs","time":1610838429,"event":{"mods":["BaseMod","DeckTracker","Downfall","Minty Spire (QoL Compilation)","StSLib","SuperFastMode"],"gold_per_floor":[99,112,112,122,297,447,447,477,477,68,81,97,97,114,134,134,134],"floor_reached":16,"language":"ENG","playtime":740,"items_purged":["Doubt"],"score":102,"play_id":"40ae618a-803a-4765-93c1-005e0c0fdccb","local_time":"20210117080709","is_ascension_mode":false,"campfire_choices":[{"data":"sneckomod:TailWhip","floor":9,"key":"SMITH"},{"data":"expansioncontent:DashGenerateEvil","floor":13,"key":"SMITH"}],"circlet_count":0,"master_deck":["sneckomod:Strike","sneckomod:Strike","sneckomod:Strike","sneckomod:Defend","sneckomod:Defend","sneckomod:Defend","sneckomod:TailWhip+1","sneckomod:SnekBite","sneckomod:Unknown","bronze:WildBeam","sneckomod:UnknownUncommonAttack","downfall:Icky","sneckomod:SerpentIdol+1","expansioncontent:DashGenerateEvil+1","sneckomod:Nope+1","sneckomod:Nope+1","sneckomod:MasterEye"],"relics":["sneckomod:SneckoSoul","downfall:ShatteredFragment","Eternal Feather","Toxic Egg 2","Orichalcum"],"acts_visited":["Exordium"],"potions_floor_usage":[8,16,16],"damage_taken":[{"damage":0,"enemies":"Small Slimes","floor":2,"turns":3},{"damage":0,"enemies":"2 Louse","floor":4,"turns":2},{"damage":21,"enemies":"Lagavulin","floor":8,"turns":6},{"damage":0,"enemies":"downfall:FleeingMerchant","floor":10,"turns":4},{"damage":3,"enemies":"Jaw Worm","floor":11,"turns":2},{"damage":0,"enemies":"Large Slime","floor":12,"turns":5},{"damage":7,"enemies":"Gremlin Gang","floor":14,"turns":3},{"damage":1,"enemies":"Red Slaver","floor":15,"turns":2},{"damage":63,"enemies":"SI_SHIV_ARCHETYPE","floor":16,"turns":5}],"seed_played":"4045616733899289643","potions_obtained":[{"floor":4,"key":"champ:CounterPotion"},{"floor":12,"key":"sneckomod:OffclassReductionPotion"},{"floor":14,"key":"sneckomod:MuddlingPotion"}],"is_trial":false,"path_per_floor":["R","M","?","M","?","?","T","E","R","$","M","M","R","M","M","B"],"character_chosen":"THE_SNECKO","items_purchased":["expansioncontent:DashGenerateEvil","Orichalcum"],"campfire_rested":0,"item_purchase_floors":[10,10],"current_hp_per_floor":[99,99,78,78,78,78,78,57,63,63,60,60,69,62,61,0,0],"gold":134,"neow_bonus":"TEN_PERCENT_HP_BONUS","is_daily":false,"chose_seed":false,"campfire_upgraded":2,"win_rate":0.0,"timestamp":1610838429,"path_taken":["R","M","?","M","?","?","T","E","R","$","M","M","R","M","M","BOSS"],"items_purchased_type":["Card","Relic"],"build_version":"2020-12-22","purchased_purges":1,"victory":false,"max_hp_per_floor":[99,99,99,99,99,99,99,99,99,99,99,99,99,99,99,99,99],"card_choices":[{"not_picked":["sneckomod:UnknownDraw","sneckomod:Unknown1Cost","sneckomod:SoulRoll"],"picked":"SKIP","floor":2},{"not_picked":["sneckomod:PureSnecko","sneckomod:Unknown1Cost"],"picked":"sneckomod:UnknownUncommonAttack","floor":4},{"not_picked":["sneckomod:TrashToTreasure+1","sneckomod:SlitherStrike"],"picked":"sneckomod:SerpentIdol+1","floor":8},{"not_picked":["sneckomod:UnknownUncommonAttack","sneckomod:IronFang","sneckomod:QuickBite"],"picked":"SKIP","floor":10},{"not_picked":["sneckomod:SoulDraw+1","sneckomod:UnknownWeak+1"],"picked":"sneckomod:Nope+1","floor":11},{"not_picked":["sneckomod:UnknownBlock+1","sneckomod:Unknown1Cost+1"],"picked":"sneckomod:Nope+1","floor":12},{"not_picked":["sneckomod:UnknownCommonSkill+1","sneckomod:SoulRoll+1","sneckomod:DiceBlock+1"],"picked":"SKIP","floor":14},{"not_picked":["sneckomod:Mudshield","sneckomod:Unknown2Cost+1"],"picked":"sneckomod:MasterEye","floor":15}],"player_experience":2373871,"relics_obtained":[{"floor":7,"key":"Eternal Feather"},{"floor":8,"key":"Toxic Egg 2"}],"event_choices":[],"is_beta":false,"boss_relics":[],"items_purged_floors":[10],"is_endless":false,"potions_floor_spawned":[4,12,14],"killed_by":"SI_SHIV_ARCHETYPE","ascension_level":0}}