{"host":"ewfe3cr33ktd9xzj","time":1610781832,"event":{"mods":["AchievementEnabler","BaseMod","Colored Map","Custom Start","DeckTracker","Minty Spire (QoL Compilation)","Permanent Neow","Quick Restart","Rare Cards Sparkle","StSLib","everything is the same but u backflip on backflip"],"gold_per_floor":[13,63,78,3,3,3,29,29,53,81,98,98,118,137,137,216,216,235,125,139,153,103,103,120,120,193,212,83,83,83,33,33,107,107,121,133,133,83,136,136,7,21,67,102,102,102,121,132,132,132,132,132,132,82,115,115],"floor_reached":57,"language":"KOR","playtime":2538,"items_purged":["Strike_P","Strike_P","WreathOfFlame","Strike_P","Defend_P+1","Defend_P+1","Defend_P+1"],"score":2880,"play_id":"f0bb978d-41a1-492d-bb51-7b413ff3a6b3","local_time":"20210116162352","is_ascension_mode":true,"campfire_choices":[{"data":"Eruption","floor":6.0,"key":"SMITH"},{"data":"Ragnarok","floor":12.0,"key":"SMITH"},{"data":"Scrawl","floor":15.0,"key":"SMITH"},{"floor":23.0,"key":"REST"},{"floor":25.0,"key":"REST"},{"floor":29.0,"key":"RECALL"},{"floor":32.0,"key":"REST"},{"floor":40.0,"key":"REST"},{"floor":46.0,"key":"REST"},{"floor":49.0,"key":"REST"},{"floor":53.0,"key":"REST"}],"circlet_count":0,"master_deck":["AscendersBane","Defend_P+1","Eruption+1","Vigilance+1","Adaptation+1","MentalFortress+1","WheelKick+1","Scrawl+1","Vault+1","Fasting2+1","InnerPeace","Wish+1","Sanctity+1"],"relics":["PureWater","Oddly Smooth Stone","Smiling Mask","Pear","Fusion Hammer","Runic Pyramid","Mark of the Bloom","GoldenEye","PreservedInsect","Bottled Tornado","Toxic Egg 2","Pocketwatch"],"acts_visited":["Exordium","TheCity","TheBeyond","TheEnding"],"potions_floor_usage":[56,56],"damage_taken":[{"damage":10.0,"enemies":"Small Slimes","floor":1.0,"turns":6.0},{"damage":1.0,"enemies":"Cultist","floor":3.0,"turns":3.0},{"damage":0.0,"enemies":"Gremlin Nob","floor":7.0,"turns":2.0},{"damage":3.0,"enemies":"Lagavulin","floor":10.0,"turns":5.0},{"damage":0.0,"enemies":"Jaw Worm","floor":11.0,"turns":3.0},{"damage":8.0,"enemies":"Red Slaver","floor":13.0,"turns":3.0},{"damage":0.0,"enemies":"Blue Slaver","floor":14.0,"turns":3.0},{"damage":48.0,"enemies":"Hexaghost","floor":16.0,"turns":4.0},{"damage":15.0,"enemies":"Shell Parasite","floor":18.0,"turns":5.0},{"damage":0.0,"enemies":"2 Thieves","floor":20.0,"turns":3.0},{"damage":18.0,"enemies":"Snake Plant","floor":21.0,"turns":5.0},{"damage":1.0,"enemies":"Centurion and Healer","floor":24.0,"turns":3.0},{"damage":0.0,"enemies":"Snecko","floor":27.0,"turns":3.0},{"damage":30.0,"enemies":"Automaton","floor":33.0,"turns":9.0},{"damage":11.0,"enemies":"Orb Walker","floor":35.0,"turns":5.0},{"damage":0.0,"enemies":"3 Shapes","floor":36.0,"turns":3.0},{"damage":0.0,"enemies":"2 Orb Walkers","floor":39.0,"turns":3.0},{"damage":0.0,"enemies":"Writhing Mass","floor":42.0,"turns":2.0},{"damage":0.0,"enemies":"Nemesis","floor":44.0,"turns":2.0},{"damage":0.0,"enemies":"Maw","floor":47.0,"turns":3.0},{"damage":0.0,"enemies":"4 Shapes","floor":48.0,"turns":2.0},{"damage":16.0,"enemies":"Time Eater","floor":50.0,"turns":8.0},{"damage":6.0,"enemies":"Awakened One","floor":51.0,"turns":4.0},{"damage":0.0,"enemies":"Shield and Spear","floor":55.0,"turns":3.0},{"damage":8,"enemies":"The Heart","floor":56,"turns":7}],"seed_played":"-4867413618867344857","potions_obtained":[{"floor":3.0,"key":"StancePotion"},{"floor":10.0,"key":"DistilledChaos"},{"floor":14.0,"key":"Strength Potion"},{"floor":18.0,"key":"AttackPotion"},{"floor":24.0,"key":"Energy Potion"},{"floor":35.0,"key":"SteroidPotion"},{"floor":39.0,"key":"SkillPotion"},{"floor":47.0,"key":"Ancient Potion"},{"floor":55.0,"key":"LiquidBronze"}],"is_trial":false,"path_per_floor":["M","?","M","$","$","R","E","?","T","E","M","R","M","M","R","B",null,"M","?","M","M","$","R","M","R","T","M","$","R","?","$","R","B",null,"M","M","?","$","?","R","$","M","T","E","?","R","M","M","R","B","B",null,"R","$","E","B",null],"character_chosen":"WATCHER","items_purchased":["Fasting2","InnerPeace"],"campfire_rested":7,"item_purchase_floors":[28,41],"current_hp_per_floor":[51,51,50,50,50,50,50,50,50,57,57,57,49,49,49,1,59,44,44,44,26,26,49,48,71,71,71,71,71,71,71,78,48,71,60,60,60,60,60,60,60,60,60,60,60,60,60,60,60,44,38,38,38,38,38,30],"gold":115,"neow_bonus":"THREE_RARE_CARDS","is_daily":false,"chose_seed":false,"campfire_upgraded":3,"win_rate":0.0,"timestamp":1610781832,"path_taken":["M","?","M","$","?","R","E","?","T","E","M","R","M","M","R","BOSS","M","?","?","M","$","R","M","R","T","M","$","R","?","$","R","BOSS","M","M","?","$","?","R","$","M","T","E","?","R","M","?","R","BOSS","BOSS","R","$","E","BOSS"],"items_purchased_type":["Card","Card"],"build_version":"2020-12-22","purchased_purges":7,"victory":true,"max_hp_per_floor":[68,68,68,68,68,68,68,68,68,78,78,78,78,78,78,78,78,78,78,78,78,78,78,78,78,78,78,78,78,78,78,78,78,78,78,78,78,78,78,78,78,78,78,78,78,78,78,78,78,78,78,78,78,78,78,78],"card_choices":[{"not_picked":["DeusExMachina","SpiritShield"],"picked":"Ragnarok","floor":0.0},{"not_picked":["Crescendo","EmptyBody"],"picked":"Adaptation","floor":1.0},{"not_picked":["Protect","Prostrate","FlurryOfBlows"],"picked":"SKIP","floor":3.0},{"not_picked":["Consecrate","BowlingBash"],"picked":"MentalFortress","floor":7.0},{"not_picked":["Meditate","PathToVictory"],"picked":"WheelKick","floor":10.0},{"not_picked":["Weave","CutThroughFate"],"picked":"WreathOfFlame","floor":11.0},{"not_picked":["PathToVictory","WaveOfTheHand"],"picked":"Scrawl","floor":13.0},{"not_picked":["FlyingSleeves","ClearTheMind","PathToVictory"],"picked":"SKIP","floor":14.0},{"not_picked":["Devotion","Blasphemy"],"picked":"Vault","floor":16.0},{"not_picked":["CutThroughFate","SignatureMove","Perseverance"],"picked":"SKIP","floor":18.0},{"not_picked":["Tantrum","BowlingBash","Perseverance"],"picked":"SKIP","floor":20.0},{"not_picked":["EmptyFist","ClearTheMind+1","EmptyBody"],"picked":"SKIP","floor":21.0},{"not_picked":["Halt","Weave","FlurryOfBlows"],"picked":"SKIP","floor":24.0},{"not_picked":["ForeignInfluence","Meditate","FollowUp"],"picked":"SKIP","floor":27.0},{"not_picked":["ThirdEye","Prostrate","FlyingSleeves"],"picked":"SKIP","floor":35.0},{"not_picked":["Prostrate+1","ThirdEye","Wireheading"],"picked":"SKIP","floor":36.0},{"not_picked":["Evaluate","Study","ThirdEye"],"picked":"SKIP","floor":42.0},{"not_picked":["EmptyBody","FollowUp","CutThroughFate"],"picked":"SKIP","floor":44.0},{"not_picked":["EmptyBody","FollowUp","CutThroughFate"],"picked":"SKIP","floor":44.0},{"not_picked":["Study","Crescendo+1","Wireheading"],"picked":"SKIP","floor":47.0},{"not_picked":["Prostrate+1","Conclude"],"picked":"Wish+1","floor":48.0},{"not_picked":["WheelKick","ClearTheMind+1"],"picked":"Sanctity+1","floor":55.0}],"player_experience":43314,"relics_obtained":[{"floor":7.0,"key":"Oddly Smooth Stone"},{"floor":9.0,"key":"Smiling Mask"},{"floor":10.0,"key":"Pear"},{"floor":39.0,"key":"GoldenEye"},{"floor":43.0,"key":"PreservedInsect"},{"floor":44.0,"key":"Bottled Tornado"},{"floor":55.0,"key":"Pocketwatch"}],"event_choices":[{"damage_healed":0.0,"max_hp_gain":0.0,"max_hp_loss":0.0,"gold_gain":50.0,"event_name":"Golden Shrine","player_choice":"Pray","floor":2.0,"gold_loss":0.0,"damage_taken":0.0},{"damage_healed":0.0,"max_hp_gain":0.0,"max_hp_loss":0.0,"gold_gain":0.0,"event_name":"Liars Game","player_choice":"Ignored","floor":8.0,"gold_loss":0.0,"damage_taken":0.0},{"cards_removed":["Strike_P"],"damage_healed":0.0,"max_hp_gain":0.0,"max_hp_loss":0.0,"gold_gain":0.0,"event_name":"Designer","player_choice":"Upgrade and Remove","floor":19.0,"gold_loss":110.0,"damage_taken":0.0,"cards_upgraded":["Defend_P"]},{"damage_healed":0.0,"max_hp_gain":0.0,"max_hp_loss":0.0,"gold_gain":0.0,"event_name":"MindBloom","player_choice":"Upgrade","floor":37.0,"gold_loss":0.0,"damage_taken":0.0,"cards_upgraded":["Defend_P","Defend_P","Defend_P","Vigilance","Adaptation","MentalFortress","WheelKick","Vault","Fasting2"],"relics_obtained":["Mark of the Bloom"]},{"damage_healed":0.0,"max_hp_gain":0.0,"max_hp_loss":0.0,"gold_gain":0.0,"event_name":"Mysterious Sphere","player_choice":"Fight","floor":39.0,"gold_loss":0.0,"damage_taken":0.0},{"cards_removed":["Ragnarok"],"damage_healed":0.0,"max_hp_gain":0.0,"max_hp_loss":0.0,"gold_gain":0.0,"event_name":"WeMeetAgain","player_choice":"Gave Card","floor":45.0,"gold_loss":0.0,"damage_taken":0.0,"relics_obtained":["Toxic Egg 2"]}],"is_beta":false,"boss_relics":[{"not_picked":["Runic Dome","SacredBark"],"picked":"Fusion Hammer"},{"not_picked":["Astrolabe","SlaversCollar"],"picked":"Runic Pyramid"}],"items_purged_floors":[4,22,28,31,38,41,54],"is_endless":false,"potions_floor_spawned":[3,10,14,18,24,35,39,47,55],"ascension_level":20}}