{"host":"3xls0xm49ftugio7","time":1610830410,"event":{"mods":["2.2 Compatiblity","AchievementEnabler","Act Like it!","BaseMod","Colored Powertips","GifTheSpireLib","Minty Spire (QoL Compilation)","Quick Restart","Relic Stats","StSLib"],"gold_per_floor":[14,14,30,46,46,46,80,139,163,113,127,127,138,153,153,153,153],"floor_reached":16,"language":"ENG","playtime":572,"items_purged":["Strike_B"],"score":204,"play_id":"df6a36ea-bfc1-4f04-aca9-e72e8e727ba4","local_time":"20210116225330","is_ascension_mode":true,"campfire_choices":[{"data":"Chill","floor":6,"key":"SMITH"},{"data":"Defragment","floor":15,"key":"SMITH"}],"circlet_count":0,"master_deck":["AscendersBane","Strike_B","Strike_B","Strike_B","Defend_B","Defend_B","Defend_B","Defend_B","Zap","Dualcast+1","Panache","Conserve Battery","Streamline","Chill+1","Hologram","Beam Cell","Defragment+1","Coolheaded","Barrage"],"relics":["Cracked Core","Smiling Mask","Thread and Needle","PreservedInsect","Blood Vial","Dream Catcher"],"acts_visited":["Exordium"],"potions_floor_usage":[8,16],"damage_taken":[{"damage":7,"enemies":"Jaw Worm","floor":1,"turns":4},{"damage":0,"enemies":"2 Louse","floor":3,"turns":2},{"damage":1,"enemies":"Cultist","floor":4,"turns":3},{"damage":17,"enemies":"Lagavulin","floor":7,"turns":7},{"damage":4,"enemies":"3 Sentries","floor":8,"turns":9},{"damage":0,"enemies":"Exordium Wildlife","floor":11,"turns":5},{"damage":0,"enemies":"3 Louse","floor":13,"turns":3},{"damage":0,"enemies":"2 Fungi Beasts","floor":14,"turns":3},{"damage":37,"enemies":"Hexaghost","floor":16,"turns":11}],"seed_played":"-6961926673264956844","potions_obtained":[{"floor":3,"key":"GamblersBrew"},{"floor":4,"key":"FocusPotion"},{"floor":8,"key":"Ancient Potion"},{"floor":14,"key":"EssenceOfDarkness"}],"is_trial":false,"path_per_floor":["M","?","M","M","?","R","E","?","T","$","M","T","M","M","R","B"],"character_chosen":"DEFECT","items_purchased":[],"campfire_rested":0,"item_purchase_floors":[],"current_hp_per_floor":[57,57,57,56,45,45,28,24,24,24,26,26,28,30,30,0,0],"gold":153,"neow_bonus":"RANDOM_COLORLESS_2","is_daily":false,"chose_seed":false,"campfire_upgraded":2,"win_rate":0.0,"timestamp":1610830410,"path_taken":["M","?","M","M","?","R","E","?","T","$","?","?","M","M","R","BOSS"],"items_purchased_type":[],"build_version":"2020-12-22","purchased_purges":1,"victory":false,"max_hp_per_floor":[71,71,71,71,71,71,71,71,71,71,71,71,71,71,71,71,71],"relic_stats":{"Blood Vial":8,"Dream Catcher":0,"counters":[9,47],"PreservedInsect":0,"Smiling Mask":25,"obtain_stats":[{"Blood Vial":9,"Dream Catcher":12,"Thread and Needle":7,"PreservedInsect":8,"Cracked Core":0,"Smiling Mask":5},{"Blood Vial":5,"Dream Catcher":6,"Thread and Needle":4,"PreservedInsect":5,"Cracked Core":0,"Smiling Mask":3},{"Blood Vial":25,"Dream Catcher":30,"Thread and Needle":16,"PreservedInsect":25,"Cracked Core":0,"Smiling Mask":9}]},"card_choices":[{"not_picked":["Mayhem","Violence"],"picked":"Panache","floor":0},{"not_picked":["Scrape","Chaos"],"picked":"Conserve Battery","floor":1},{"not_picked":["Sweeping Beam","Loop"],"picked":"Streamline","floor":3},{"not_picked":["Hello World","Hologram"],"picked":"Chill","floor":4},{"not_picked":["Tempest","Beam Cell"],"picked":"Hologram","floor":7},{"not_picked":["Rebound","Streamline"],"picked":"Beam Cell","floor":8},{"not_picked":["Sweeping Beam","Barrage"],"picked":"Defragment","floor":11},{"not_picked":["Tempest","Heatsinks"],"picked":"Coolheaded","floor":13},{"not_picked":["Lockon","Amplify"],"picked":"Barrage","floor":14}],"player_experience":694829,"relics_obtained":[{"floor":7,"key":"Thread and Needle"},{"floor":8,"key":"PreservedInsect"},{"floor":9,"key":"Blood Vial"},{"floor":12,"key":"Dream Catcher"}],"event_choices":[{"damage_healed":0,"gold_gain":0,"player_choice":"Grow","damage_taken":0,"max_hp_gain":0,"max_hp_loss":0,"event_name":"Living Wall","floor":2,"gold_loss":0,"cards_upgraded":["Dualcast"]},{"damage_healed":0,"gold_gain":0,"player_choice":"Success","damage_taken":11,"relics_obtained":["Smiling Mask"],"max_hp_gain":0,"max_hp_loss":0,"event_name":"Scrap Ooze","floor":5,"gold_loss":0},{"damage_healed":0,"gold_gain":0,"player_choice":"Searched \u00271\u0027 times","damage_taken":0,"max_hp_gain":0,"max_hp_loss":0,"event_name":"Dead Adventurer","floor":8,"gold_loss":0}],"is_beta":false,"boss_relics":[],"items_purged_floors":[10],"is_endless":false,"potions_floor_spawned":[3,4,8,11,14],"killed_by":"Hexaghost","ascension_level":20}}