{"host":"nz11ypxva4e39b7q","time":1610841033,"event":{"mods":["BaseMod","Better Vampires","Colored Map","Downfall","Minty Spire (QoL Compilation)","StSLib"],"gold_per_floor":[110,63,63,82,7,37,37,72,96,124,124,124,142,92,92,197,197,216,216,216,116,116,143,153,188,188,188,94,94,119,194,194,294,294,310,330,330,107,107,134,150,150,177,212,230,239,266,116,116,116,116,116,77,108,108],"floor_reached":56,"language":"ENG","playtime":3201,"items_purged":["bronze:Strike","bronze:Strike","bronze:Break","bronze:Defend"],"score":1719,"play_id":"17903da9-d1fb-4b4f-ba64-2e78192b77ec","local_time":"20210117005033","is_ascension_mode":true,"campfire_choices":[{"data":"bronze:Separator","floor":12.0,"key":"SMITH"},{"data":"bronze:Replicate","floor":15.0,"key":"SMITH"},{"data":"bronze:Defend","floor":27.0,"key":"SMITH"},{"data":"bronze:MaxOutput","floor":32.0,"key":"SMITH"},{"data":"bronze:Terminator","floor":42.0,"key":"SMITH"},{"floor":49,"key":"RECALL"},{"data":"bronze:Defend","floor":52,"key":"SMITH"}],"circlet_count":0,"master_deck":["bronze:Defend+1","bronze:Defend+1","bronze:Replicate+1","bronze:Goto","bronze:Separator+1","bronze:Terminator+1","bronze:ThunderWave","bronze:MaxOutput+1","Deep Breath+1","bronze:Assembly+1","bronze:Verify","Finesse+1","bronze:Repulsor+1","Madness+1","Madness+1","Panacea+1","bronze:Iterate"],"relics":["Busted Crown","Ancient Tea Set","Guardian:PocketSentry","Regal Pillow","Juzu Bracelet","Runic Pyramid","Bird Faced Urn","Blood Vial","Toxic Egg 2","FossilizedHelix","Centennial Puzzle","Coffee Dripper","Boot","CeramicFish","Pen Nib","Blue Candle","Toy Ornithopter"],"acts_visited":["Exordium","TheCity","TheBeyond","TheEnding"],"potions_floor_usage":[47,55,55,55],"damage_taken":[{"damage":1.0,"enemies":"Jaw Worm","floor":1.0,"turns":4.0},{"damage":0.0,"enemies":"Small Slimes","floor":4.0,"turns":2.0},{"damage":0.0,"enemies":"Gremlin Nob","floor":6.0,"turns":2.0},{"damage":8.0,"enemies":"3 Sentries","floor":8.0,"turns":7.0},{"damage":6.0,"enemies":"Lagavulin","floor":10.0,"turns":7.0},{"damage":0.0,"enemies":"2 Louse","floor":13.0,"turns":2.0},{"damage":15.0,"enemies":"The Guardian","floor":16.0,"turns":6.0},{"damage":0.0,"enemies":"Chosen","floor":18.0,"turns":3.0},{"damage":11.0,"enemies":"Slavers","floor":23.0,"turns":4.0},{"damage":2.0,"enemies":"2 Thieves","floor":24.0,"turns":2.0},{"damage":13.0,"enemies":"Book of Stabbing","floor":25.0,"turns":4.0},{"damage":0.0,"enemies":"Slavers","floor":30.0,"turns":2.0},{"damage":0.0,"enemies":"Automaton","floor":33.0,"turns":4.0},{"damage":0.0,"enemies":"3 Shapes","floor":35.0,"turns":2.0},{"damage":0.0,"enemies":"Orb Walker","floor":36.0,"turns":3.0},{"damage":0.0,"enemies":"Nemesis","floor":40.0,"turns":3.0},{"damage":0.0,"enemies":"Jaw Worm Horde","floor":41.0,"turns":2.0},{"damage":0.0,"enemies":"Reptomancer","floor":44.0,"turns":3.0},{"damage":0,"enemies":"Giant Head","floor":47,"turns":3},{"damage":0,"enemies":"Time Eater","floor":50,"turns":5},{"damage":0,"enemies":"Shield and Spear","floor":54,"turns":4},{"damage":0,"enemies":"The Heart","floor":55,"turns":6}],"seed_played":"7970600396578294327","potions_obtained":[{"floor":1.0,"key":"SkillPotion"},{"floor":4.0,"key":"SneckoOil"},{"floor":13.0,"key":"Block Potion"},{"floor":16.0,"key":"champ:CounterPotion"},{"floor":18.0,"key":"PowerPotion"},{"floor":25.0,"key":"Slimebound:ThreeZeroPotion"},{"floor":33.0,"key":"SpeedPotion"},{"floor":40.0,"key":"Strength Potion"},{"floor":47,"key":"ColorlessPotion"}],"is_trial":false,"path_per_floor":["M","$","?","M","$","E","T","E","T","E","?","R","M","?","R","B",null,"M","?","?","$","?","E","M","E","T","R","$","?","E","?","R","B",null,"M","M","?","$","?","E","M","R","T","E","?","?","E","$","R","B",null,"R","$","E","B",null],"character_chosen":"THE_AUTOMATON","items_purchased":["bronze:Separator","Deep Breath+1","Finesse+1","bronze:Iterate"],"campfire_rested":0,"item_purchase_floors":[2,28,38,53],"current_hp_per_floor":[69,69,69,69,69,69,69,61,61,55,55,55,55,55,55,40,70,70,70,70,70,70,59,59,50,50,50,50,50,54,47,47,51,70,70,70,70,70,70,70,70,70,70,70,61,61,69,69,69,70,70,70,70,70,70],"gold":108,"neow_bonus":"BOSS_RELIC","is_daily":false,"chose_seed":false,"campfire_upgraded":6,"win_rate":0.0,"timestamp":1610841033,"path_taken":["M","$","?","M","?","E","?","E","T","E","?","R","M","?","R","BOSS","M","?","?","$","?","E","M","E","T","R","$","?","E","?","R","BOSS","M","M","?","?","?","E","M","R","T","E","?","?","E","$","R","BOSS","R","$","E","BOSS"],"items_purchased_type":["Card","Card","Card","Card"],"build_version":"2020-12-22","purchased_purges":4,"victory":true,"max_hp_per_floor":[70,70,70,70,70,70,70,70,70,70,70,70,70,70,70,70,70,70,70,70,70,70,70,70,70,70,70,70,70,70,70,70,70,70,70,70,70,70,70,70,70,70,70,70,70,70,70,70,70,70,70,70,70,70,70],"card_choices":[{"not_picked":["bronze:Fortify"],"picked":"SKIP","floor":1.0},{"not_picked":["bronze:DelayedSlice"],"picked":"SKIP","floor":4.0},{"not_picked":[],"picked":"bronze:Terminator","floor":6.0},{"not_picked":["bronze:ForLoop"],"picked":"SKIP","floor":8.0},{"not_picked":["bronze:ItsAFeature"],"picked":"SKIP","floor":10.0},{"not_picked":["bronze:BugBarrage"],"picked":"SKIP","floor":13.0},{"not_picked":[],"picked":"bronze:ThunderWave","floor":16.0},{"not_picked":["bronze:ItsAFeature"],"picked":"SKIP","floor":18.0},{"not_picked":[],"picked":"bronze:MaxOutput","floor":23.0},{"not_picked":["bronze:Constructor"],"picked":"SKIP","floor":24.0},{"not_picked":["bronze:Shield+1"],"picked":"SKIP","floor":25.0},{"not_picked":["bronze:Turbo+1"],"picked":"SKIP","floor":30.0},{"not_picked":[],"picked":"bronze:Assembly+1","floor":33.0},{"not_picked":["bronze:ForceShield+1"],"picked":"SKIP","floor":35.0},{"not_picked":["bronze:DelayedSlice"],"picked":"SKIP","floor":36.0},{"not_picked":["bronze:DigitalCarnage"],"picked":"SKIP","floor":40.0},{"not_picked":["bronze:DigitalCarnage"],"picked":"SKIP","floor":40.0},{"not_picked":["bronze:BronzeArmor+1"],"picked":"SKIP","floor":41.0},{"not_picked":[],"picked":"bronze:Repulsor+1","floor":44.0},{"not_picked":[],"picked":"Panacea+1","floor":46},{"not_picked":["bronze:Shield+1"],"picked":"SKIP","floor":47},{"not_picked":["bronze:CutThrough"],"picked":"SKIP","floor":54}],"player_experience":1191843,"relics_obtained":[{"floor":6.0,"key":"Ancient Tea Set"},{"floor":8.0,"key":"Guardian:PocketSentry"},{"floor":9.0,"key":"Regal Pillow"},{"floor":10.0,"key":"Juzu Bracelet"},{"floor":23.0,"key":"Blood Vial"},{"floor":25.0,"key":"Toxic Egg 2"},{"floor":26.0,"key":"FossilizedHelix"},{"floor":30.0,"key":"Centennial Puzzle"},{"floor":40.0,"key":"Boot"},{"floor":43.0,"key":"CeramicFish"},{"floor":44.0,"key":"Pen Nib"},{"floor":47,"key":"Blue Candle"},{"floor":54,"key":"Toy Ornithopter"}],"event_choices":[{"damage_healed":0.0,"max_hp_gain":0.0,"max_hp_loss":0.0,"gold_gain":0.0,"event_name":"Liars Game","player_choice":"Ignored","floor":3.0,"gold_loss":0.0,"damage_taken":0.0},{"cards_removed":["bronze:Defend"],"damage_healed":0.0,"max_hp_gain":0.0,"max_hp_loss":0.0,"gold_gain":0.0,"event_name":"Living Wall","player_choice":"Forget","floor":11.0,"gold_loss":0.0,"damage_taken":0.0},{"cards_removed":["bronze:Strike"],"damage_healed":0.0,"max_hp_gain":0.0,"max_hp_loss":0.0,"gold_gain":0.0,"event_name":"The Cleric","player_choice":"Card Removal","floor":14.0,"gold_loss":50.0,"damage_taken":0.0},{"damage_healed":0.0,"max_hp_gain":0.0,"max_hp_loss":0.0,"gold_gain":0.0,"event_name":"The Mausoleum","player_choice":"Opened","floor":20.0,"gold_loss":0.0,"damage_taken":0.0,"relics_obtained":["Bird Faced Urn"]},{"damage_healed":0.0,"max_hp_gain":0.0,"max_hp_loss":0.0,"gold_gain":0.0,"event_name":"Vampires","player_choice":"Ignored","floor":29.0,"gold_loss":0.0,"damage_taken":0.0},{"damage_healed":0.0,"max_hp_gain":0.0,"max_hp_loss":0.0,"gold_gain":75.0,"event_name":"FaceTrader","player_choice":"Touch","floor":31.0,"gold_loss":0.0,"damage_taken":7.0},{"damage_healed":0.0,"max_hp_gain":0.0,"max_hp_loss":0.0,"gold_gain":0.0,"event_name":"Match and Keep!","player_choice":"1 cards matched","floor":37.0,"gold_loss":0.0,"damage_taken":0.0,"cards_obtained":["bronze:Verify"]},{"damage_healed":0.0,"max_hp_gain":0.0,"max_hp_loss":0.0,"gold_gain":0.0,"event_name":"Lab","player_choice":"Got Potions","floor":39.0,"gold_loss":0.0,"damage_taken":0.0},{"damage_healed":0.0,"max_hp_gain":0.0,"max_hp_loss":0.0,"gold_gain":0.0,"event_name":"Winding Halls","player_choice":"Embrace Madness","floor":45.0,"gold_loss":0.0,"damage_taken":9.0,"cards_obtained":["Madness","Madness"]},{"damage_healed":0,"gold_gain":0,"player_choice":"Memory 1","damage_taken":0,"max_hp_gain":0,"max_hp_loss":0,"event_name":"SensoryStone","floor":46,"gold_loss":0}],"is_beta":false,"boss_relics":[{"not_picked":["Fusion Hammer","Ectoplasm"],"picked":"Runic Pyramid"},{"not_picked":["Calling Bell","Astrolabe"],"picked":"Coffee Dripper"}],"items_purged_floors":[5,21,38,48],"is_endless":false,"potions_floor_spawned":[1,4,13,16,18,25,33,40,47],"ascension_level":1}}