{"host":"h3vysik1bw5w0dm6","time":1610834904,"event":{"mods":["AchievementEnabler","Aspiration","BaseMod","Better Note","Better Sensory Stone","Better Vampires","BetterRewards","Colored Powertips","Conspire","Friendly Minions","Googly Eyes","Gremlin Skip","Halation","Infinite Spire","Minty Spire (QoL Compilation)","Quick Restart","Shop Mod","StSLib"],"gold_per_floor":[118,118,193,193,207,207,128,128,152,163,191,191,210,240,240,344,344,358,369,369,369,382,382,414,21,21,40,40,40,55,90,90,192,192,204,58,58,69,69,101,101,101,149,149,178,111,137,163,163,163],"floor_reached":51,"language":"ENG","playtime":6994,"items_purged":["Pain"],"score":1262,"play_id":"57d39397-8401-482a-88f4-14b96ee24f8c","local_time":"20210116230824","is_ascension_mode":true,"campfire_choices":[{"data":"Dark Embrace","floor":6,"key":"SMITH"},{"data":"Feel No Pain","floor":8,"key":"SMITH"},{"floor":12,"key":"REST"},{"data":"Warcry","floor":15,"key":"SMITH"},{"data":"Fiend Fire","floor":23,"key":"SMITH"},{"data":"Seeing Red","floor":29,"key":"SMITH"},{"data":"True Grit","floor":32,"key":"SMITH"},{"data":"Corruption","floor":42,"key":"SMITH"},{"data":"Seek","floor":44,"key":"SMITH"},{"data":"Magnetism","floor":49,"key":"SMITH"}],"circlet_count":0,"master_deck":["conspire:GhostlyStrike","conspire:GhostlyStrike","conspire:GhostlyStrike","conspire:GhostlyStrike","conspire:GhostlyStrike","conspire:GhostlyDefend","conspire:GhostlyDefend","conspire:GhostlyDefend","conspire:GhostlyDefend","Dark Embrace+1","Feel No Pain+1","Carnage","Warcry+1","Fiend Fire+1","Battle Trance","Magnetism+1","Finesse","Seeing Red+1","True Grit+1","True Grit+1","Corruption+1","Heatsinks","Fiend Fire+1","Doubt","Seek+1","Juggernaut","BootSequence","Hologram"],"relics":["Burning Blood","Dead Branch","aspiration:TomeofQuesting","halation:PrussianBluePaint","infinitespire:FocusingShard","conspire:RunicOctahedron","infinitespire:Bottled Soul","halation:PromiseList","Molten Egg 2","Paper Frog","Centennial Puzzle","aspiration:DefectSkillbook","DollysMirror","Regal Pillow","conspire:DeflatedDodgeball","Philosopher\u0027s Stone","MealTicket","infinitespire:PuzzleCube","Art of War","Letter Opener"],"acts_visited":["Exordium","TheCity","TheBeyond"],"potions_floor_usage":[27,33,33,45,50,50],"damage_taken":[{"damage":18,"enemies":"Jaw Worm","floor":1,"turns":5},{"damage":0,"enemies":"conspire:RoseBush","floor":5,"turns":5},{"damage":6,"enemies":"Small Slimes","floor":10,"turns":4},{"damage":12,"enemies":"Lagavulin","floor":11,"turns":7},{"damage":8,"enemies":"Blue Slaver","floor":13,"turns":6},{"damage":2,"enemies":"Gremlin Nob","floor":14,"turns":3},{"damage":6,"enemies":"Slime Boss","floor":16,"turns":3},{"damage":9,"enemies":"Chosen","floor":18,"turns":4},{"damage":20,"enemies":"3 Byrds","floor":19,"turns":6},{"damage":0,"enemies":"conspire:HollyBat","floor":22,"turns":5},{"damage":9,"enemies":"conspire:SneckoGhost","floor":24,"turns":4},{"damage":0,"enemies":"Shelled Parasite and Fungi","floor":27,"turns":3},{"damage":1,"enemies":"Sentry and Sphere","floor":30,"turns":3},{"damage":20,"enemies":"Slavers","floor":31,"turns":4},{"damage":43,"enemies":"Champ","floor":33,"turns":5},{"damage":2,"enemies":"3 Shapes","floor":35,"turns":3},{"damage":0,"enemies":"Orb Walker","floor":38,"turns":2},{"damage":3,"enemies":"Giant Head","floor":40,"turns":3},{"damage":14,"enemies":"Reptomancer","floor":45,"turns":2},{"damage":1,"enemies":"Giant Head","floor":48,"turns":3},{"damage":30,"enemies":"Awakened One","floor":50,"turns":6}],"seed_played":"-3723698398544039317","potions_obtained":[{"floor":10,"key":"Strength Potion"},{"floor":11,"key":"Ancient Potion"},{"floor":13,"key":"Block Potion"},{"floor":16,"key":"SpeedPotion"},{"floor":19,"key":"BloodPotion"},{"floor":27,"key":"CultistPotion"},{"floor":33,"key":"Fruit Juice"},{"floor":35,"key":"HeartOfIron"},{"floor":48,"key":"FearPotion"}],"is_trial":false,"path_per_floor":["M","?","?","?","M","R","$","R","T","M","E","R","M","E","R","B",null,"M","M","?","?","M","R","E","$","T","M","$","R","M","E","R","B",null,"M","$","?","M","?","E","AVR","R","T","R","E","$","T","E","R","B",null],"character_chosen":"IRONCLAD","items_purchased":["Feel No Pain","halation:PromiseList","Molten Egg 2","DollysMirror","BootSequence"],"campfire_rested":1,"item_purchase_floors":[7,25,25,36,46],"current_hp_per_floor":[60,60,49,49,55,55,55,55,55,55,49,73,71,75,75,75,80,77,63,63,63,69,69,66,66,66,72,72,72,77,63,63,31,85,85,85,85,85,85,85,85,85,85,85,77,85,85,85,85,61],"gold":163,"neow_bonus":"","is_daily":false,"chose_seed":false,"campfire_upgraded":9,"win_rate":0.0,"timestamp":1610834904,"path_taken":["M","?","?","?","M","R","$","R","T","M","E","R","M","E","R","BOSS","M","M","?","?","M","R","E","?","T","?","$","R","M","E","R","BOSS","M","?","?","M","?","E","AVR","R","T","R","E","$","?","E","R","BOSS"],"items_purchased_type":["Card","Relic","Relic","Relic","Card"],"build_version":"2020-12-22","purchased_purges":1,"victory":true,"max_hp_per_floor":[80,80,80,80,80,80,80,80,80,80,80,80,80,80,80,80,80,80,80,80,80,80,80,80,80,80,80,80,80,80,80,80,85,85,85,85,85,85,85,85,85,85,85,85,85,85,85,85,85,85],"card_choices":[{"not_picked":["Twin Strike","Ghostly Armor"],"picked":"Dark Embrace","floor":1},{"not_picked":["Headbutt","Inflame","Perfected Strike"],"picked":"SKIP","floor":5},{"not_picked":["Clothesline","Shrug It Off","Anger"],"picked":"SKIP","floor":10},{"not_picked":["Entrench","Dropkick","Headbutt"],"picked":"SKIP","floor":11},{"not_picked":["Combust","Sword Boomerang"],"picked":"Carnage","floor":13},{"not_picked":["Shockwave","Limit Break"],"picked":"Warcry","floor":14},{"not_picked":["Exhume","Corruption"],"picked":"Fiend Fire","floor":16},{"not_picked":["Cleave","Heavy Blade+1","Headbutt"],"picked":"SKIP","floor":18},{"not_picked":["Armaments+1","Clothesline"],"picked":"Battle Trance","floor":19},{"not_picked":["Impatience","Deep Breath"],"picked":"Magnetism","floor":20},{"not_picked":["Trip","Deep Breath"],"picked":"Finesse","floor":20},{"not_picked":["Dropkick+1","conspire:Charge","Sword Boomerang"],"picked":"SKIP","floor":22},{"not_picked":["Rage","Clash+1"],"picked":"Seeing Red","floor":24},{"not_picked":["Inflame","Twin Strike+1","Sword Boomerang+1"],"picked":"SKIP","floor":27},{"not_picked":["Whirlwind+1","Berserk"],"picked":"True Grit+1","floor":30},{"not_picked":["Perfected Strike+1","Flex"],"picked":"True Grit","floor":31},{"not_picked":["Exhume","Immolate+1"],"picked":"Corruption","floor":33},{"not_picked":["Fire Breathing","Barrage+1","Combust+1"],"picked":"Heatsinks","floor":35},{"not_picked":["Dual Wield+1","Twin Strike+1","Anger+1","Reprogram+1"],"picked":"SKIP","floor":38},{"not_picked":["Cleave+1","Havoc+1","Cold Snap+1"],"picked":"Seek","floor":40},{"not_picked":["Genetic Algorithm","Sweeping Beam+1","Hemokinesis+1"],"picked":"Juggernaut","floor":45},{"not_picked":["Iron Wave+1","Gash+1","conspire:Rain"],"picked":"Hologram","floor":48}],"player_experience":345480,"relics_obtained":[{"floor":9,"key":"aspiration:TomeofQuesting"},{"floor":11,"key":"halation:PrussianBluePaint"},{"floor":14,"key":"infinitespire:FocusingShard"},{"floor":24,"key":"infinitespire:Bottled Soul"},{"floor":26,"key":"Paper Frog"},{"floor":31,"key":"Centennial Puzzle"},{"floor":40,"key":"Regal Pillow"},{"floor":43,"key":"MealTicket"},{"floor":45,"key":"infinitespire:PuzzleCube"},{"floor":47,"key":"Art of War"},{"floor":48,"key":"Letter Opener"}],"event_choices":[{"damage_healed":0,"gold_gain":0,"player_choice":"Agree","damage_taken":0,"max_hp_gain":0,"max_hp_loss":0,"event_name":"conspire:LoneGhost","floor":2,"gold_loss":0},{"damage_healed":0,"gold_gain":75,"player_choice":"Gather Gold","damage_taken":11,"max_hp_gain":0,"max_hp_loss":0,"event_name":"World of Goop","floor":3,"gold_loss":0},{"damage_healed":0,"gold_gain":0,"player_choice":"Grow","damage_taken":0,"max_hp_gain":0,"max_hp_loss":0,"event_name":"Living Wall","floor":4,"gold_loss":0,"cards_upgraded":["Bash"]},{"damage_healed":0,"gold_gain":2,"player_choice":"1","damage_taken":0,"max_hp_gain":0,"max_hp_loss":0,"event_name":"betterStone:BetterStone","floor":20,"gold_loss":0},{"cards_removed":["Bash"],"damage_healed":0,"gold_gain":0,"player_choice":"Elegance","damage_taken":0,"max_hp_gain":0,"max_hp_loss":0,"event_name":"Back to Basics","floor":21,"gold_loss":0},{"damage_healed":0,"gold_gain":0,"player_choice":"Leave","damage_taken":0,"max_hp_gain":0,"max_hp_loss":0,"event_name":"conspire:Investor","floor":37,"gold_loss":0}],"is_beta":false,"boss_relics":[{"not_picked":["aspiration:SecretTechniqueScroll","halation:SmartPhone"],"picked":"conspire:RunicOctahedron"},{"not_picked":["aspiration:RunicSpoon","halation:LoveArrow"],"picked":"aspiration:DefectSkillbook"}],"items_purged_floors":[41],"is_endless":false,"potions_floor_spawned":[10,11,13,16,19,22,24,27,30,33,35,38,48],"ascension_level":2}}