{"host":"ibckqdmmf9y74ymf","time":1610806504,"event":{"mods":["2.2 Compatiblity","BaseMod","Colored Map","Curses Come First","Highlight Path","Minty Spire (QoL Compilation)","Quick Restart","Rare Cards Sparkle","Relic Stats","StSLib"],"gold_per_floor":[119,119,119,131,145,145,145],"floor_reached":6,"language":"ENG","playtime":129,"items_purged":[],"score":72,"play_id":"b9e9978e-31c6-4415-a840-d878d2fef173","local_time":"20210116151504","is_ascension_mode":true,"campfire_choices":[],"circlet_count":0,"master_deck":["AscendersBane","Strike_P","Strike_P","Strike_P","Strike_P","Defend_P","Defend_P","Defend_P","Defend_P","Eruption+1","Vigilance","Halt","CrushJoints","CutThroughFate"],"relics":["PureWater","NeowsBlessing","Orichalcum"],"acts_visited":["Exordium"],"potions_floor_usage":[],"damage_taken":[{"damage":0,"enemies":"Jaw Worm","floor":1,"turns":1},{"damage":0,"enemies":"Cultist","floor":4,"turns":1},{"damage":0,"enemies":"2 Louse","floor":5,"turns":1},{"damage":14,"enemies":"3 Sentries","floor":6,"turns":3}],"seed_played":"1222419537779270332","potions_obtained":[{"floor":5,"key":"FearPotion"}],"is_trial":false,"path_per_floor":["M","?","?","M","M","E"],"character_chosen":"WATCHER","items_purchased":[],"campfire_rested":0,"item_purchase_floors":[],"current_hp_per_floor":[61,43,43,43,43,29,29],"gold":145,"neow_bonus":"THREE_ENEMY_KILL","is_daily":false,"chose_seed":false,"campfire_upgraded":0,"win_rate":0.0,"timestamp":1610806504,"path_taken":["M","?","?","?","M","E"],"items_purchased_type":[],"build_version":"2020-12-22","purchased_purges":0,"victory":false,"max_hp_per_floor":[68,68,68,68,68,68,68],"relic_stats":{"counters":[4,6],"Orichalcum":[12],"obtain_stats":[{"NeowsBlessing":0,"PureWater":0,"Orichalcum":2},{"NeowsBlessing":0,"PureWater":0,"Orichalcum":1},{"NeowsBlessing":0,"PureWater":0,"Orichalcum":1}]},"card_choices":[{"not_picked":["Evaluate","Pray"],"picked":"Halt","floor":1},{"not_picked":["Consecrate","Prostrate"],"picked":"CrushJoints","floor":4},{"not_picked":["FlurryOfBlows","PathToVictory"],"picked":"CutThroughFate","floor":5}],"player_experience":914888,"relics_obtained":[],"event_choices":[{"damage_healed":0,"gold_gain":0,"player_choice":"Success","damage_taken":18,"relics_obtained":["Orichalcum"],"max_hp_gain":0,"max_hp_loss":0,"event_name":"Scrap Ooze","floor":2,"gold_loss":0},{"damage_healed":0,"gold_gain":0,"player_choice":"Forge","damage_taken":0,"max_hp_gain":0,"max_hp_loss":0,"event_name":"Accursed Blacksmith","floor":3,"gold_loss":0,"cards_upgraded":["Eruption"]}],"is_beta":false,"boss_relics":[],"items_purged_floors":[],"is_endless":false,"potions_floor_spawned":[5],"killed_by":"3 Sentries","ascension_level":20}}