{"host":"wy5pcbg592uilh9l","time":1610767405,"event":{"mods":["AchievementEnabler","Act Like it!","BaseMod","BetterRewards","Curses Come First","Gensokyo","Hubris","Infinite Spire","Marisa????????","Minty Spire (QoL Compilation)","Permanent Neow","Poor People Problems","Replay The Spire","StSLib","The Runesmith"],"gold_per_floor":[157,195,225,269,269,328,328,378,378,378,378,405,444,444,444,549,549,624,723,756,829,789,850,850,892,946,966,996,1021,714,714,714,824,824,838,882,907,470,518,556,556,556,608,633,645,645],"floor_reached":45,"language":"ENG","playtime":3053,"items_purged":["Strike_R","Defend_R","Defend_R","Strike_R","Strike_R"],"score":915,"play_id":"8bb4a6e0-bc22-4435-bcfa-113b07e6ebfd","local_time":"20210115212325","is_ascension_mode":true,"campfire_choices":[{"data":"Fire Breathing","floor":7.0,"key":"SMITH"},{"floor":11.0,"key":"REST"},{"data":"infinitespire:Collect","floor":15.0,"key":"SMITH"},{"floor":24.0,"key":"REST"},{"floor":32.0,"key":"REST"},{"floor":41.0,"key":"REST"}],"circlet_count":0,"master_deck":["Strike_R","Strike_R","Defend_R+1","Defend_R+1","Bash+1","Fire Breathing+1","HandOfGreed","Shrug It Off","Dropkick","ReplayTheSpireMod:Strike From Hell","Double Tap","Burning Pact","Replay:Hysterical Blindness","Replay:Sluggish","infinitespire:Collect+1","Flex","Parasite","Limit Break+1","Warcry+1","Spot Weakness","Thunderclap+1","Anger","Flex","Midas Touch+1","Power Through","Demonic Infusion","Flex","Wild Strike+1","Fire Breathing","True Grit","True Grit","ReplayTheSpireMod:Necrogeddon"],"relics":["Burning Blood","Membership Card","Replay:Bandana","hubris:TenFootPole","Happy Flower","Chemical X","Blue Doll","ReplayTheSpireMod:Lightbulb","Unceasing Top","Bronze Scales","PreservedInsect","Busted Crown","FossilizedHelix","Replay:Wax Seal","Brimstone","infinitespire:Burning Sword","Whetstone","Simple Rune","Art of War","hubris:Towel"],"acts_visited":["Exordium","TheCity","TheBeyond"],"potions_floor_usage":[44,44],"damage_taken":[{"damage":4.0,"enemies":"Small Slimes","floor":1.0,"turns":4.0},{"damage":6.0,"enemies":"2 Louse","floor":2.0,"turns":2.0},{"damage":0.0,"enemies":"Jaw Worm","floor":3.0,"turns":2.0},{"damage":6.0,"enemies":"Looter","floor":4.0,"turns":4.0},{"damage":10.0,"enemies":"Gremlin Nob","floor":6.0,"turns":3.0},{"damage":12.0,"enemies":"3 Sentries","floor":8.0,"turns":4.0},{"damage":26.0,"enemies":"Gremlin Nob","floor":13.0,"turns":4.0},{"damage":38.0,"enemies":"The Guardian","floor":16.0,"turns":6.0},{"damage":6.0,"enemies":"2 Thieves","floor":18.0,"turns":3.0},{"damage":11.0,"enemies":"Spheric Guardian","floor":20.0,"turns":3.0},{"damage":4.0,"enemies":"3 Cultists","floor":21.0,"turns":3.0},{"damage":34.0,"enemies":"Replay:Snechameleon","floor":23.0,"turns":3.0},{"damage":23.0,"enemies":"Centurion and Healer","floor":25.0,"turns":3.0},{"damage":16.0,"enemies":"Snake Plant","floor":27.0,"turns":3.0},{"damage":10.0,"enemies":"Sentry and Sphere","floor":28.0,"turns":4.0},{"damage":0.0,"enemies":"Centurion and Healer","floor":29.0,"turns":4.0},{"damage":13.0,"enemies":"hubris:MusketHawk","floor":33.0,"turns":6.0},{"damage":8.0,"enemies":"Orb Walker","floor":35.0,"turns":3.0},{"damage":14.0,"enemies":"3 Shapes","floor":36.0,"turns":3.0},{"damage":14.0,"enemies":"3 Darklings","floor":37.0,"turns":3.0},{"damage":23.0,"enemies":"Jaw Worm Horde","floor":39.0,"turns":3.0},{"damage":30.0,"enemies":"Nightmare","floor":40.0,"turns":5.0},{"damage":2,"enemies":"Transient","floor":44,"turns":5},{"damage":52,"enemies":"R_Hoarder","floor":45,"turns":3}],"seed_played":"9029465533220611128","potions_obtained":[{"floor":1.0,"key":"infinitespire:BlackPotion"},{"floor":3.0,"key":"Explosive Potion"},{"floor":6.0,"key":"Swift Potion"},{"floor":8.0,"key":"Strength Potion"},{"floor":20.0,"key":"BloodPotion"},{"floor":21.0,"key":"Swift Potion"},{"floor":28.0,"key":"Elixir"},{"floor":33.0,"key":"EssenceOfSteel"},{"floor":35.0,"key":"Block Potion"},{"floor":36.0,"key":"Adrenaline Potion"},{"floor":40.0,"key":"Adrenaline Potion"}],"is_trial":false,"path_per_floor":["M","M","M","M","?","E","R","E","T","?","R","T","E","?","R","B",null,"M","?","M","M","?","E","R","M","T","M","M","M","$","?","R","B",null,"M","M","M","$","M","NM","R","?","T","M","E"],"character_chosen":"IRONCLAD","items_purchased":["Membership Card","Replay:Bandana","Fire Breathing","hubris:TenFootPole","HandOfGreed","Happy Flower","Chemical X","Shrug It Off","Brimstone","Flex","Midas Touch+1","Strength Potion","AttackPotion","PowerPotion","Fire Breathing","Whetstone","Simple Rune","True Grit","ReplayTheSpireMod:Necrogeddon","Swift Potion","Explosive Potion"],"campfire_rested":4,"item_purchase_floors":[0,0,0,0,0,0,0,0,30,30,30,30,30,30,38,38,38,38,38,38,38],"current_hp_per_floor":[39,39,45,45,45,41,41,35,35,35,59,59,39,59,59,27,67,67,67,62,64,64,36,60,43,43,49,45,51,51,51,75,68,77,75,67,59,59,42,18,42,42,42,46,0,0],"gold":645,"neow_bonus":"","is_daily":false,"chose_seed":false,"campfire_upgraded":2,"win_rate":0.0,"timestamp":1610767405,"path_taken":["M","M","M","M","?","E","R","E","T","?","R","?","E","?","R","BOSS","M","?","M","M","?","E","R","M","T","M","?","M","$","?","R","BOSS","M","M","M","$","M","NM","R","?","T","M","E"],"items_purchased_type":["Relic","Relic","Card","Relic","Card","Relic","Relic","Card","Relic","Card","Card","Potion","Potion","Potion","Card","Relic","Relic","Card","Card","Potion","Potion"],"build_version":"2020-12-22","purchased_purges":5,"victory":false,"max_hp_per_floor":[80,80,80,80,80,80,80,80,80,80,80,80,80,80,80,80,80,80,80,80,80,80,80,80,80,80,80,80,80,80,80,80,80,80,80,80,80,80,80,80,80,80,80,80,80,80],"card_choices":[{"not_picked":["hubris:ReadiedAction","Heavy Blade","Anger"],"picked":"SKIP","floor":1.0},{"not_picked":["Headbutt","Iron Wave"],"picked":"Dropkick","floor":2.0},{"not_picked":["Flex","Body Slam"],"picked":"ReplayTheSpireMod:Strike From Hell","floor":3.0},{"not_picked":["Second Wind","Heavy Blade","ReplayTheSpireMod:Corrosion Curse"],"picked":"SKIP","floor":4.0},{"not_picked":["Headbutt","Brutality","Sentinel"],"picked":"SKIP","floor":6.0},{"not_picked":["Pommel Strike","Cleave"],"picked":"Burning Pact","floor":8.0},{"not_picked":["infinitespire:FutureSight","ReplayTheSpireMod:Chaos Vortex"],"picked":"infinitespire:Collect","floor":10.0},{"not_picked":["Eclipse","Combust"],"picked":"Flex","floor":13.0},{"not_picked":["Offering","Berserk"],"picked":"Limit Break","floor":16.0},{"not_picked":[],"picked":"Warcry+1","floor":18.0},{"not_picked":["Perfected Strike"],"picked":"SKIP","floor":20.0},{"not_picked":[],"picked":"Spot Weakness","floor":21.0},{"not_picked":["Flame Barrier+1"],"picked":"SKIP","floor":23.0},{"not_picked":["Second Wind+1"],"picked":"SKIP","floor":25.0},{"not_picked":[],"picked":"Thunderclap","floor":27.0},{"not_picked":["Ghostly Armor"],"picked":"SKIP","floor":28.0},{"not_picked":[],"picked":"Anger","floor":29.0},{"not_picked":[],"picked":"Demonic Infusion","floor":33.0},{"not_picked":[],"picked":"Flex","floor":35.0},{"not_picked":["Carnage"],"picked":"SKIP","floor":36.0},{"not_picked":[],"picked":"Wild Strike+1","floor":37.0},{"not_picked":["Pommel Strike"],"picked":"SKIP","floor":39.0},{"not_picked":["Intimidate"],"picked":"SKIP","floor":40.0},{"not_picked":["ReplayTheSpireMod:Strike From Hell"],"picked":"SKIP","floor":44}],"player_experience":280198,"relics_obtained":[{"floor":6.0,"key":"Blue Doll"},{"floor":8.0,"key":"ReplayTheSpireMod:Lightbulb"},{"floor":9.0,"key":"Unceasing Top"},{"floor":12.0,"key":"Bronze Scales"},{"floor":13.0,"key":"PreservedInsect"},{"floor":23.0,"key":"FossilizedHelix"},{"floor":26.0,"key":"Replay:Wax Seal"},{"floor":40.0,"key":"Art of War"}],"event_choices":[{"damage_healed":20.0,"max_hp_gain":0.0,"max_hp_loss":0.0,"gold_gain":0.0,"event_name":"Mushrooms","player_choice":"Healed and dodged fight","floor":14.0,"gold_loss":0.0,"damage_taken":0.0,"cards_obtained":["Parasite"]},{"damage_healed":0.0,"max_hp_gain":0.0,"max_hp_loss":0.0,"gold_gain":99.0,"event_name":"Nest","player_choice":"Stole From Cult","floor":19.0,"gold_loss":0.0,"damage_taken":0.0},{"damage_healed":0.0,"max_hp_gain":0.0,"max_hp_loss":0.0,"gold_gain":0.0,"event_name":"Designer","player_choice":"Upgrade","floor":22.0,"gold_loss":40.0,"damage_taken":0.0,"cards_upgraded":["Limit Break"]},{"damage_healed":0.0,"max_hp_gain":0.0,"max_hp_loss":0.0,"gold_gain":0.0,"event_name":"The Library","player_choice":"Read","floor":31.0,"gold_loss":0.0,"damage_taken":0.0,"cards_obtained":["Power Through"]}],"is_beta":false,"boss_relics":[{"not_picked":["Sozu","Ectoplasm"],"picked":"Busted Crown"},{"not_picked":["hubris:RunicObelisk","Replay:Ancient Bell"],"picked":"infinitespire:Burning Sword"}],"items_purged_floors":[0,0,0,30,38],"is_endless":true,"potions_floor_spawned":[1,3,6,8,20,21,28,33,35,36,40],"killed_by":"R_Hoarder","ascension_level":5}}