{"host":"9d9dhukr2jywmy0f","time":1610797443,"event":{"mods":["2.2 Compatiblity","Alarm Clock","BaseMod","Bestiary","Block Reminder","Colored Map","Colored Powertips","Curses Come First","DeckTracker","Highlight Path","Key Reminder","Minty Spire (QoL Compilation)","Quick Restart","Rare Cards Sparkle","Relic Sorter","Relic Stats","Spire Birthday Party","StSLib","SuperFastMode","Synergy Search","TestMod","Unceasing Turn Reminder","Unknown Chances"],"gold_per_floor":[110,110,121,121,141,141,141,141],"floor_reached":7,"language":"ZHS","playtime":423,"items_purged":[],"score":132,"play_id":"9aa8d2b4-491e-482d-9dab-f036163a5cc4","local_time":"20210116194403","is_ascension_mode":true,"campfire_choices":[{"data":"Neutralize","floor":6.0,"key":"SMITH"}],"circlet_count":0,"master_deck":["AscendersBane","Strike_G","Strike_G","Strike_G","Strike_G","Strike_G","Defend_G","Defend_G","Defend_G","Defend_G","Defend_G","Survivor","Neutralize+1","Blur","Terror"],"relics":["testmod-HarvestTotem","testmod-CardMagician","Juzu Bracelet","Gremlin Horn"],"acts_visited":["Exordium"],"potions_floor_usage":[],"damage_taken":[{"damage":3.0,"enemies":"Cultist","floor":1.0,"turns":4.0},{"damage":0.0,"enemies":"Small Slimes","floor":3.0,"turns":5.0},{"damage":0.0,"enemies":"2 Louse","floor":5.0,"turns":4.0},{"damage":24,"enemies":"Lagavulin","floor":7,"turns":11}],"seed_played":"-4818888955751853638","potions_obtained":[{"floor":3.0,"key":"Fire Potion"}],"is_trial":false,"path_per_floor":["M","?","M","?","M","R","E"],"character_chosen":"THE_SILENT","items_purchased":[],"campfire_rested":0,"item_purchase_floors":[],"current_hp_per_floor":[122,122,122,111,111,111,87,87],"gold":141,"neow_bonus":"BOSS_RELIC","is_daily":false,"chose_seed":false,"campfire_upgraded":1,"win_rate":0.0,"timestamp":1610797443,"path_taken":["M","?","M","?","M","R","E"],"items_purchased_type":[],"build_version":"2020-11-30","purchased_purges":0,"victory":false,"max_hp_per_floor":[132,132,132,132,132,132,132,132],"relic_stats":{"Gremlin Horn":[1,1],"counters":[4,24],"Juzu Bracelet":0,"obtain_stats":[{"testmod-TestBox":0,"Gremlin Horn":4,"testmod-CardMagician":0,"testmod-HarvestTotem":0,"Juzu Bracelet":2,"Ring of the Snake":0},{"testmod-TestBox":0,"Gremlin Horn":2,"testmod-CardMagician":0,"testmod-HarvestTotem":0,"Juzu Bracelet":1,"Ring of the Snake":0},{"testmod-TestBox":0,"Gremlin Horn":9,"testmod-CardMagician":0,"testmod-HarvestTotem":0,"Juzu Bracelet":4,"Ring of the Snake":0}]},"card_choices":[{"not_picked":["Dagger Spray","Finisher"],"picked":"Blur","floor":1.0},{"not_picked":["Bane","Skewer"],"picked":"Terror","floor":3.0},{"not_picked":["Deflect","Concentrate","Sucker Punch"],"picked":"SKIP","floor":5.0}],"player_experience":826587,"relics_obtained":[],"event_choices":[{"damage_healed":0.0,"max_hp_gain":0.0,"max_hp_loss":0.0,"gold_gain":0.0,"event_name":"给自己的盒子","player_choice":"Swap Relic","floor":2.0,"relics_lost":["testmod-TestBox"],"gold_loss":0.0,"damage_taken":0.0,"relics_obtained":["Juzu Bracelet"]},{"damage_healed":0.0,"max_hp_gain":0.0,"max_hp_loss":0.0,"gold_gain":0.0,"event_name":"Scrap Ooze","player_choice":"Success","floor":4.0,"gold_loss":0.0,"damage_taken":11.0,"relics_obtained":["Gremlin Horn"]}],"is_beta":false,"boss_relics":[],"items_purged_floors":[],"is_endless":false,"potions_floor_spawned":[3],"killed_by":"Lagavulin","ascension_level":20}}