{"host":"z42sc0n2dozsmk72","time":1610771924,"event":{"mods":["AchievementEnabler","BaseMod","Better Third Choice","Colored Map","Curses Come First","Highlight Path","Minty Spire (QoL Compilation)","Permanent Neow","Quick Restart","Relic Stats","Shop Mod","StSLib","egg","slay the spire mod where everything is the same but ironclad has a cowboy hat"],"gold_per_floor":[166,166,183,196,209,209,234,252,252,270,270,270,301,318,318,417,417,427,417,431,446,459,459,486,486,510,545,559,575,604,529,529,625,625,641,641,654,226,242,268,268,297,297,297,311,338,338,351,351,351,351,351,37,67,67],"floor_reached":56,"language":"ENG","playtime":6976,"items_purged":["Defend_P"],"score":1416,"play_id":"5c67f7dc-2937-462e-9199-dfb28feb3b15","local_time":"20210116173844","is_ascension_mode":true,"campfire_choices":[{"data":"Wallop","floor":6.0,"key":"SMITH"},{"data":"LessonLearned","floor":12.0,"key":"SMITH"},{"data":"TalkToTheHand","floor":15.0,"key":"SMITH"},{"data":"Fasting2","floor":23.0,"key":"SMITH"},{"data":"Fasting2","floor":25.0,"key":"SMITH"},{"floor":32.0,"key":"REST"},{"data":"Strike_P+1","floor":41.0,"key":"PURGE"},{"floor":44.0,"key":"RECALL"},{"data":"Strike_P+1","floor":47.0,"key":"PURGE"},{"data":"Defend_P+1","floor":49.0,"key":"PURGE"},{"data":"Defend_P+1","floor":52.0,"key":"PURGE"}],"circlet_count":0,"master_deck":["Defend_P+1","Eruption+1","Vigilance+1","EmptyBody+1","Wallop+1","TalkToTheHand+1","FearNoEvil+1","FearNoEvil","EmptyBody+1","Protect+1","EmptyBody+1","LessonLearned+1","FlurryOfBlows+1","LikeWater+1","DevaForm+1","ClearTheMind+1","Fasting2+1","Sanctity+1","Fasting2+1","Fasting2+1","TalkToTheHand","Protect+1","Wallop+1","EmptyMind+1","Alpha+1","Halt+1","Eruption+1","Impatience+1","Study","Wallop","Wireheading+1","Meditate+1","Meditate+1","TalkToTheHand","DevaForm"],"relics":["Tiny House","PreservedInsect","Pear","Oddly Smooth Stone","SacredBark","Peace Pipe","War Paint","HornCleat","The Courier","Fusion Hammer","Mummified Hand","Unceasing Top","Bag of Preparation","Potion Belt","Lantern","TeardropLocket"],"acts_visited":["Exordium","TheCity","TheBeyond","TheEnding"],"potions_floor_usage":[55,55],"damage_taken":[{"damage":0.0,"enemies":"2 Louse","floor":1.0,"turns":3.0},{"damage":0.0,"enemies":"Cultist","floor":3.0,"turns":5.0},{"damage":0.0,"enemies":"Small Slimes","floor":4.0,"turns":3.0},{"damage":0.0,"enemies":"Blue Slaver","floor":5.0,"turns":5.0},{"damage":13.0,"enemies":"3 Sentries","floor":7.0,"turns":9.0},{"damage":0.0,"enemies":"Looter","floor":8.0,"turns":3.0},{"damage":0.0,"enemies":"Lots of Slimes","floor":10.0,"turns":6.0},{"damage":0.0,"enemies":"Gremlin Nob","floor":13.0,"turns":3.0},{"damage":0.0,"enemies":"Large Slime","floor":14.0,"turns":4.0},{"damage":25.0,"enemies":"Hexaghost","floor":16.0,"turns":16.0},{"damage":6.0,"enemies":"Spheric Guardian","floor":18.0,"turns":7.0},{"damage":0.0,"enemies":"2 Thieves","floor":19.0,"turns":4.0},{"damage":4.0,"enemies":"Snake Plant","floor":20.0,"turns":3.0},{"damage":1.0,"enemies":"Sentry and Sphere","floor":21.0,"turns":4.0},{"damage":4.0,"enemies":"Centurion and Healer","floor":22.0,"turns":7.0},{"damage":19.0,"enemies":"Slavers","floor":24.0,"turns":5.0},{"damage":44.0,"enemies":"Gremlin Leader","floor":27.0,"turns":11.0},{"damage":0.0,"enemies":"Shelled Parasite and Fungi","floor":28.0,"turns":12.0},{"damage":0.0,"enemies":"3 Cultists","floor":29.0,"turns":8.0},{"damage":0.0,"enemies":"Book of Stabbing","floor":30.0,"turns":5.0},{"damage":9.0,"enemies":"Champ","floor":33.0,"turns":12.0},{"damage":0.0,"enemies":"3 Darklings","floor":35.0,"turns":8.0},{"damage":0.0,"enemies":"Orb Walker","floor":37.0,"turns":7.0},{"damage":6.0,"enemies":"Spire Growth","floor":39.0,"turns":6.0},{"damage":22.0,"enemies":"Nemesis","floor":40.0,"turns":7.0},{"damage":9.0,"enemies":"Reptomancer","floor":42.0,"turns":9.0},{"damage":0.0,"enemies":"Sphere and 2 Shapes","floor":45.0,"turns":4.0},{"damage":0.0,"enemies":"Nemesis","floor":46.0,"turns":9.0},{"damage":1.0,"enemies":"Maw","floor":48.0,"turns":8.0},{"damage":10.0,"enemies":"Awakened One","floor":50.0,"turns":10.0},{"damage":10.0,"enemies":"Shield and Spear","floor":54.0,"turns":6.0},{"damage":26,"enemies":"The Heart","floor":55,"turns":9}],"seed_played":"-496649764737443271","potions_obtained":[{"floor":0.0,"key":"PowerPotion"},{"floor":4.0,"key":"BottledMiracle"},{"floor":5.0,"key":"PowerPotion"},{"floor":11.0,"key":"FearPotion"},{"floor":20.0,"key":"Explosive Potion"},{"floor":22.0,"key":"BottledMiracle"},{"floor":24.0,"key":"PowerPotion"},{"floor":27.0,"key":"BlessingOfTheForge"},{"floor":39.0,"key":"AttackPotion"},{"floor":42.0,"key":"Ambrosia"},{"floor":45.0,"key":"DuplicationPotion"},{"floor":46.0,"key":"DuplicationPotion"}],"is_trial":false,"path_per_floor":["M","?","M","M","M","R","E","M","T","M","?","R","E","M","R","B",null,"M","M","M","M","M","R","E","R","T","E","M","M","E","?","R","B",null,"M","?","M","$","M","E","R","E","T","R","M","E","R","M","R","B",null,"R","$","E","B",null],"character_chosen":"WATCHER","items_purchased":["Mummified Hand","Study","LiquidBronze","Wallop","TalkToTheHand","DevaForm","Lantern"],"campfire_rested":1,"item_purchase_floors":[38,38,38,38,53,53,53],"current_hp_per_floor":[77,77,77,77,77,77,64,64,74,74,74,74,74,74,74,49,87,81,81,77,76,72,72,53,53,53,9,9,9,9,9,35,26,87,87,87,87,87,81,59,59,50,50,50,50,50,50,49,49,39,87,87,87,77,51],"gold":67,"neow_bonus":"BOSS_RELIC","is_daily":false,"chose_seed":false,"campfire_upgraded":5,"win_rate":0.0,"timestamp":1610771924,"path_taken":["M","?","?","M","M","R","E","M","T","M","?","R","E","M","R","BOSS","M","M","M","M","M","R","E","R","T","E","?","M","E","?","R","BOSS","M","?","M","$","M","E","R","E","T","R","?","E","R","M","R","BOSS","R","$","E","BOSS"],"items_purchased_type":["Relic","Card","Potion","Card","Card","Card","Relic"],"build_version":"2020-12-22","purchased_purges":1,"victory":true,"max_hp_per_floor":[77,77,77,77,77,77,77,77,87,87,87,87,87,87,87,87,87,87,87,87,87,87,87,87,87,87,87,87,87,87,87,87,87,87,87,87,87,87,87,87,87,87,87,87,87,87,87,87,87,87,87,87,87,87,87],"relic_stats":{"Peace Pipe":4,"counters":[32,218],"Mummified Hand":[79],"PreservedInsect":373,"Bag of Preparation":[12],"War Paint":["Defend_P","EmptyBody"],"obtain_stats":[{"Potion Belt":46,"Lantern":53,"Tiny House":0,"Pear":9,"SacredBark":17,"Oddly Smooth Stone":13,"PreservedInsect":7,"The Courier":30,"Bag of Preparation":42,"TeardropLocket":54,"War Paint":26,"Peace Pipe":24,"HornCleat":27,"Mummified Hand":38,"Fusion Hammer":34,"PureWater":0,"Unceasing Top":40},{"Potion Belt":28,"Lantern":30,"Tiny House":0,"Pear":6,"SacredBark":10,"Oddly Smooth Stone":8,"PreservedInsect":5,"The Courier":20,"Bag of Preparation":26,"TeardropLocket":31,"War Paint":16,"Peace Pipe":16,"HornCleat":17,"Mummified Hand":23,"Fusion Hammer":21,"PureWater":0,"Unceasing Top":25},{"Potion Belt":185,"Lantern":203,"Tiny House":0,"Pear":28,"SacredBark":57,"Oddly Smooth Stone":37,"PreservedInsect":25,"The Courier":123,"Bag of Preparation":172,"TeardropLocket":209,"War Paint":87,"Peace Pipe":87,"HornCleat":98,"Mummified Hand":150,"Fusion Hammer":135,"PureWater":0,"Unceasing Top":163}],"Unceasing Top":[4]},"card_choices":[{"not_picked":["Halt","WreathOfFlame"],"picked":"EmptyBody","floor":0.0},{"not_picked":["CrushJoints","ClearTheMind"],"picked":"Wallop","floor":1.0},{"not_picked":["Weave","ClearTheMind"],"picked":"FearNoEvil","floor":3.0},{"not_picked":["CutThroughFate","SignatureMove"],"picked":"FearNoEvil","floor":4.0},{"not_picked":["FollowUp","BowlingBash"],"picked":"EmptyBody","floor":5.0},{"not_picked":["JustLucky","SashWhip"],"picked":"Protect","floor":7.0},{"not_picked":["ClearTheMind","WheelKick"],"picked":"EmptyBody","floor":8.0},{"not_picked":["JustLucky","Prostrate"],"picked":"LessonLearned","floor":10.0},{"not_picked":["Wallop","ClearTheMind"],"picked":"FlurryOfBlows","floor":13.0},{"not_picked":["Protect","Halt"],"picked":"LikeWater","floor":14.0},{"not_picked":["MasterReality","Devotion"],"picked":"DevaForm","floor":16.0},{"not_picked":["Collect","Crescendo+1"],"picked":"ClearTheMind+1","floor":18.0},{"not_picked":["Swivel+1","ClearTheMind"],"picked":"Fasting2","floor":19.0},{"not_picked":["EmptyFist+1","PathToVictory+1"],"picked":"Sanctity","floor":20.0},{"not_picked":["Consecrate+1","FollowUp"],"picked":"Fasting2","floor":21.0},{"not_picked":["EmptyBody","Wireheading"],"picked":"Fasting2","floor":22.0},{"not_picked":["Tantrum","ClearTheMind+1"],"picked":"TalkToTheHand","floor":24.0},{"not_picked":["Evaluate+1","Halt"],"picked":"Protect+1","floor":27.0},{"not_picked":["Wireheading+1","Evaluate"],"picked":"Wallop+1","floor":28.0},{"not_picked":["Meditate","Crescendo","Consecrate+1"],"picked":"SKIP","floor":29.0},{"not_picked":["Protect","EmptyBody"],"picked":"EmptyMind","floor":30.0},{"not_picked":["MasterReality","SpiritShield"],"picked":"Alpha","floor":33.0},{"not_picked":["JustLucky","SignatureMove"],"picked":"Halt+1","floor":35.0},{"not_picked":["Consecrate+1","PathToVictory+1","Collect"],"picked":"SKIP","floor":37.0},{"not_picked":["Protect","ReachHeaven+1"],"picked":"Wireheading","floor":39.0},{"not_picked":["Worship","Indignation"],"picked":"Meditate+1","floor":40.0},{"not_picked":["Prostrate","Fasting2","SandsOfTime+1"],"picked":"SKIP","floor":42.0},{"not_picked":["FlyingSleeves","Indignation","FollowUp"],"picked":"SKIP","floor":45.0},{"not_picked":["Sanctity+1","Halt"],"picked":"Meditate+1","floor":46.0},{"not_picked":["Consecrate","BattleHymn+1","EmptyBody"],"picked":"SKIP","floor":48.0},{"not_picked":["Halt","MasterReality","ThirdEye+1"],"picked":"SKIP","floor":54.0}],"player_experience":836202,"relics_obtained":[{"floor":7.0,"key":"PreservedInsect"},{"floor":9.0,"key":"Pear"},{"floor":13.0,"key":"Oddly Smooth Stone"},{"floor":24.0,"key":"Peace Pipe"},{"floor":26.0,"key":"War Paint"},{"floor":27.0,"key":"HornCleat"},{"floor":30.0,"key":"The Courier"},{"floor":40.0,"key":"Unceasing Top"},{"floor":42.0,"key":"Bag of Preparation"},{"floor":46.0,"key":"Potion Belt"},{"floor":54.0,"key":"TeardropLocket"}],"event_choices":[{"damage_healed":0.0,"max_hp_gain":0.0,"max_hp_loss":0.0,"gold_gain":0.0,"cards_transformed":["Strike_P"],"event_name":"Transmorgrifier","player_choice":"Transformed","floor":2.0,"gold_loss":0.0,"damage_taken":0.0,"cards_obtained":["TalkToTheHand"]},{"damage_healed":0.0,"max_hp_gain":0.0,"max_hp_loss":0.0,"gold_gain":0.0,"event_name":"Lab","player_choice":"Got Potions","floor":11.0,"gold_loss":0.0,"damage_taken":0.0},{"cards_removed":["Strike_P"],"damage_healed":0.0,"max_hp_gain":0.0,"max_hp_loss":0.0,"gold_gain":0.0,"event_name":"Beggar","player_choice":"Gave Gold","floor":31.0,"gold_loss":75.0,"damage_taken":0.0},{"damage_healed":0.0,"max_hp_gain":0.0,"max_hp_loss":0.0,"gold_gain":0.0,"event_name":"Match and Keep!","player_choice":"2 cards matched","floor":36.0,"gold_loss":0.0,"damage_taken":0.0,"cards_obtained":["Eruption","Impatience"]}],"is_beta":false,"boss_relics":[{"not_picked":["Astrolabe","Calling Bell"],"picked":"SacredBark"},{"not_picked":["SlaversCollar","Velvet Choker"],"picked":"Fusion Hammer"}],"items_purged_floors":[38],"is_endless":false,"potions_floor_spawned":[4,5,13,14,20,22,24,27,39,42,45,46],"ascension_level":1}}