{"host":"ci7cmvrwpmzqnw7e","time":1610785690,"event":{"mods":["BaseMod","BetterRewards","Colored Map","Googly Eyes","Highlight Path","Kratos Character Expansion","Minty Spire (QoL Compilation)","Random Character Button","Rare Cards Sparkle","Shop Mod","StSLib","The Saiyan","The Senshi","The Wild Card","????"],"gold_per_floor":[109,124,27,40,58,92,92,118,118,135,135,161,171,171,171,274,274,285,285,285,285,295,295,330,330,330,349,366,400,412,439,439,539,539,555,555,566,53,105,131,60,74,99,116,150,162,194,212,212,212,212,212,140,168,168],"floor_reached":56,"language":"ENG","playtime":3899,"items_purged":["PlaceholderMod:BaseStrike"],"score":1475,"play_id":"3591b32a-b396-4d15-8c93-71ea8d0d3eef","local_time":"20210116012809","is_ascension_mode":true,"campfire_choices":[{"data":"PlaceholderMod:MultipleOxi","floor":7,"key":"SMITH"},{"data":"PlaceholderMod:EnergyAbsorb","floor":11,"key":"SMITH"},{"floor":15,"key":"REST"},{"data":"PlaceholderMod:Inner","floor":23,"key":"SMITH"},{"data":"PlaceholderMod:ComplexForm","floor":25,"key":"SMITH"},{"floor":32,"key":"REST"},{"floor":49,"key":"RECALL"},{"data":"PlaceholderMod:MultiReaction","floor":52,"key":"SMITH"}],"circlet_count":0,"master_deck":["PlaceholderMod:BaseStrike","PlaceholderMod:BaseStrike","PlaceholderMod:BaseStrike","PlaceholderMod:BaseDefend","PlaceholderMod:BaseDefend","PlaceholderMod:BaseDefend","PlaceholderMod:BaseDefend","PlaceholderMod:BaseDefend","PlaceholderMod:Crystal","PlaceholderMod:PoisonWhip","PlaceholderMod:ParasiteChange","PlaceholderMod:ThreeBenzyolStart","PlaceholderMod:MultipleOxi+1","PlaceholderMod:EnergyAbsorb+1","PlaceholderMod:SprayAttack+1","PlaceholderMod:Break","PlaceholderMod:HealingAttack+1","PlaceholderMod:StressReaction","PlaceholderMod:ConsolidateHit","PlaceholderMod:StrongAcid","PlaceholderMod:EnergyAbsorb","PlaceholderMod:DirectingGroup","PlaceholderMod:Inner+1","PlaceholderMod:Package","PlaceholderMod:ContinueSpray+1","PlaceholderMod:ComplexForm+1","PlaceholderMod:ComplexForm+1","PlaceholderMod:Crystallization+1","PlaceholderMod:Corrosion","PlaceholderMod:GrowthForm+1","PlaceholderMod:ContinueSpray+1","PlaceholderMod:AbsorbTouch","PlaceholderMod:PoisonBlast+1","PlaceholderMod:PoisonBlast+1","PlaceholderMod:Crystallization+1","PlaceholderMod:DiffusionPoison+1","PlaceholderMod:MultiReaction+1","PlaceholderMod:MultipleOxi"],"relics":["PlaceholderMod:Tancle","Whetstone","Ornamental Fan","Mango","PlaceholderMod:EltdownShards","PlaceholderMod:LiveLive","Smiling Mask","Mummified Hand","Dream Catcher","Frozen Egg 2","TungstenRod","Mercury Hourglass","Velvet Choker","PlaceholderMod:Abhoth","theSenshi:FeatherClipsRelic","Thread and Needle","Letter Opener","PlaceholderMod:DeVermisMysteriis","MealTicket","Ginger"],"acts_visited":["Exordium","TheCity","TheBeyond","TheEnding"],"potions_floor_usage":[6,10,12,29,29,39,39,45,46,50,50],"damage_taken":[{"damage":2,"enemies":"Jaw Worm","floor":1,"turns":4},{"damage":0,"enemies":"Small Slimes","floor":2,"turns":4},{"damage":4,"enemies":"2 Louse","floor":4,"turns":3},{"damage":9,"enemies":"Blue Slaver","floor":5,"turns":2},{"damage":28,"enemies":"3 Sentries","floor":6,"turns":5},{"damage":0,"enemies":"Lagavulin","floor":8,"turns":3},{"damage":7,"enemies":"Looter","floor":10,"turns":3},{"damage":16,"enemies":"3 Sentries","floor":12,"turns":6},{"damage":27,"enemies":"Gremlin Gang","floor":13,"turns":4},{"damage":0,"enemies":"Slime Boss","floor":16,"turns":6},{"damage":0,"enemies":"Shell Parasite","floor":18,"turns":5},{"damage":10,"enemies":"3 Byrds","floor":22,"turns":7},{"damage":10,"enemies":"Book of Stabbing","floor":24,"turns":4},{"damage":0,"enemies":"Cultist and Chosen","floor":27,"turns":5},{"damage":17,"enemies":"Centurion and Healer","floor":28,"turns":3},{"damage":52,"enemies":"Slavers","floor":29,"turns":4},{"damage":8,"enemies":"Chosen and Byrds","floor":30,"turns":4},{"damage":7,"enemies":"Book of Stabbing","floor":31,"turns":5},{"damage":6,"enemies":"Champ","floor":33,"turns":7},{"damage":22,"enemies":"3 Darklings","floor":35,"turns":4},{"damage":0,"enemies":"3 Shapes","floor":37,"turns":3},{"damage":23,"enemies":"2 Orb Walkers","floor":39,"turns":4},{"damage":4,"enemies":"Nemesis","floor":40,"turns":5},{"damage":27,"enemies":"Spire Growth","floor":42,"turns":4},{"damage":0,"enemies":"4 Shapes","floor":44,"turns":4},{"damage":0,"enemies":"Giant Head","floor":45,"turns":6},{"damage":6,"enemies":"Writhing Mass","floor":46,"turns":5},{"damage":16,"enemies":"Nemesis","floor":47,"turns":5},{"damage":4,"enemies":"3 Darklings","floor":48,"turns":4},{"damage":101,"enemies":"Awakened One","floor":50,"turns":10},{"damage":61,"enemies":"Shield and Spear","floor":54,"turns":5},{"damage":27,"enemies":"The Heart","floor":55,"turns":15}],"seed_played":"-5963046180964823321","potions_obtained":[{"floor":2,"key":"Fire Potion"},{"floor":4,"key":"DistilledChaos"},{"floor":10,"key":"Fruit Juice"},{"floor":12,"key":"SteroidPotion"},{"floor":13,"key":"Fire Potion"},{"floor":18,"key":"PowerPotion"},{"floor":24,"key":"FearPotion"},{"floor":27,"key":"BlessingOfTheForge"},{"floor":28,"key":"Regen Potion"},{"floor":33,"key":"BlessingOfTheForge"},{"floor":35,"key":"AttackPotion"},{"floor":44,"key":"EssenceOfSteel"},{"floor":46,"key":"BlessingOfTheForge"},{"floor":47,"key":"DuplicationPotion"}],"is_trial":false,"path_per_floor":["M","M","$","M","M","E","R","E","T","M","R","E","M","?","R","B",null,"M","?","?","T","M","R","E","R","T","M","M","E","M","E","R","B",null,"M","?","M","$","?","E","$","M","T","M","E","M","E","M","R","B",null,"R","$","E","B",null],"character_chosen":"THE_PLACEHOLDER","items_purchased":["PlaceholderMod:EnergyAbsorb","PlaceholderMod:SprayAttack","PlaceholderMod:Abhoth","PlaceholderMod:PlaceholderPotion","theSenshi:FeatherClipsRelic","PlaceholderMod:PoisonBlast+1","PlaceholderMod:MultipleOxi"],"campfire_rested":2,"item_purchase_floors":[3,3,38,38,38,41,53],"current_hp_per_floor":[76,76,76,72,63,45,45,45,59,57,57,41,14,38,67,81,97,97,97,97,97,97,97,87,87,87,87,79,61,53,46,75,84,97,75,75,80,80,68,85,85,69,69,75,94,94,93,94,94,14,94,94,94,39,33],"gold":168,"neow_bonus":"TRANSFORM_CARD","is_daily":false,"chose_seed":false,"campfire_upgraded":5,"win_rate":0.0,"timestamp":1610785689,"path_taken":["M","M","$","M","M","E","R","E","T","M","R","E","M","?","R","BOSS","M","?","?","?","M","R","E","R","T","M","M","E","M","E","R","BOSS","M","?","?","$","?","E","?","M","T","M","E","M","E","M","R","BOSS","R","$","E","BOSS"],"items_purchased_type":["Card","Card","Relic","Potion","Relic","Card","Card"],"build_version":"2020-12-22","purchased_purges":1,"victory":true,"max_hp_per_floor":[78,78,78,78,78,78,78,78,92,97,97,97,97,97,97,97,97,97,97,97,97,97,97,97,97,97,97,97,97,97,97,97,97,97,97,94,94,94,94,94,94,94,94,94,94,94,94,94,94,94,94,94,94,94,94],"card_choices":[{"not_picked":["PlaceholderMod:SeverePoisonStrike","PlaceholderMod:StressReaction"],"picked":"PlaceholderMod:ThreeBenzyolStart","floor":1},{"not_picked":["PlaceholderMod:AngryAttack","PlaceholderMod:ProliferateStrike"],"picked":"PlaceholderMod:MultipleOxi","floor":2},{"not_picked":["PlaceholderMod:NutritionAbsorb","PlaceholderMod:ConsolidateHit"],"picked":"PlaceholderMod:Break","floor":4},{"not_picked":["PlaceholderMod:EnergyAbsorb","PlaceholderMod:SubstitutionNucleophilic1"],"picked":"PlaceholderMod:HealingAttack","floor":5},{"not_picked":["PlaceholderMod:ProliferateStrike","PlaceholderMod:Turn"],"picked":"PlaceholderMod:StressReaction","floor":6},{"not_picked":["PlaceholderMod:ProliferateStrike","PlaceholderMod:ThreeBenzyolStart"],"picked":"PlaceholderMod:ConsolidateHit","floor":8},{"not_picked":["PlaceholderMod:AngryAttack","PlaceholderMod:HardStinger"],"picked":"PlaceholderMod:StrongAcid","floor":10},{"not_picked":["PlaceholderMod:Internalization","PlaceholderMod:SprayAttack"],"picked":"PlaceholderMod:EnergyAbsorb","floor":12},{"not_picked":["PlaceholderMod:ParasiteChange","PlaceholderMod:OHStrongAttack"],"picked":"PlaceholderMod:DirectingGroup","floor":13},{"not_picked":["PlaceholderMod:QualitativeChange","PlaceholderMod:ReactionCatalyze"],"picked":"PlaceholderMod:Inner","floor":16},{"not_picked":["PlaceholderMod:HardStinger","PlaceholderMod:DissolvingSpikes"],"picked":"PlaceholderMod:Package","floor":18},{"not_picked":["PlaceholderMod:HealingAttack","PlaceholderMod:OHStrongAttack+1"],"picked":"PlaceholderMod:ContinueSpray+1","floor":22},{"not_picked":["PlaceholderMod:RadicalHit","PlaceholderMod:EvolutionSpray"],"picked":"PlaceholderMod:ComplexForm","floor":24},{"not_picked":["PlaceholderMod:InnerStable","PlaceholderMod:Package","PlaceholderMod:RadicalHit"],"picked":"SKIP","floor":27},{"not_picked":["PlaceholderMod:ProliferateStrike","PlaceholderMod:Hard","PlaceholderMod:PoisonExcitation"],"picked":"SKIP","floor":28},{"not_picked":["PlaceholderMod:Corrosion","PlaceholderMod:ParasiteChange"],"picked":"PlaceholderMod:ComplexForm+1","floor":29},{"not_picked":["PlaceholderMod:Sweep","PlaceholderMod:FastReaction","PlaceholderMod:Corrosion+1"],"picked":"SKIP","floor":30},{"not_picked":["PlaceholderMod:AngryAttack","PlaceholderMod:NearChange"],"picked":"PlaceholderMod:Crystallization+1","floor":31},{"not_picked":["PlaceholderMod:FastReaction+1","PlaceholderMod:TriggerStrike"],"picked":"PlaceholderMod:Corrosion","floor":32},{"not_picked":["PlaceholderMod:FinalSpray","PlaceholderMod:Assimilation"],"picked":"PlaceholderMod:GrowthForm+1","floor":33},{"not_picked":["PlaceholderMod:EvolutionSpray+1","PlaceholderMod:ThreeBenzyolStart+1","PlaceholderMod:PoisonAbsorb+1"],"picked":"SKIP","floor":35},{"not_picked":["PlaceholderMod:Turn+1","PlaceholderMod:OHStrongAttack+1","PlaceholderMod:Break+1"],"picked":"SKIP","floor":37},{"not_picked":["PlaceholderMod:ConsolidateHit","PlaceholderMod:SeverePoisonStrike+1"],"picked":"PlaceholderMod:ContinueSpray+1","floor":39},{"not_picked":["PlaceholderMod:ProliferateStrike+1","PlaceholderMod:RadicalHit"],"picked":"PlaceholderMod:AbsorbTouch","floor":40},{"not_picked":["PlaceholderMod:HealingAttack+1","PlaceholderMod:TriggerStrike"],"picked":"PlaceholderMod:PoisonBlast+1","floor":42},{"not_picked":["PlaceholderMod:EnergyAbsorb+1","PlaceholderMod:HealingAttack+1"],"picked":"PlaceholderMod:Crystallization+1","floor":44},{"not_picked":["PlaceholderMod:Package","PlaceholderMod:PoisonExcitation"],"picked":"PlaceholderMod:DiffusionPoison+1","floor":45},{"not_picked":["PlaceholderMod:PoisonAbsorb+1","PlaceholderMod:PoisonExcitation","PlaceholderMod:SpinBlade"],"picked":"SKIP","floor":46},{"not_picked":["PlaceholderMod:PoisonAbsorb+1","PlaceholderMod:InnerStable+1"],"picked":"PlaceholderMod:MultiReaction","floor":47},{"not_picked":["PlaceholderMod:NutritionAbsorb","PlaceholderMod:PoisonExcitation","PlaceholderMod:Package"],"picked":"SKIP","floor":48},{"not_picked":["PlaceholderMod:SevereHeat","PlaceholderMod:Stratification+1","PlaceholderMod:HardStinger"],"picked":"SKIP","floor":54}],"player_experience":42366,"relics_obtained":[{"floor":6,"key":"Whetstone"},{"floor":8,"key":"Ornamental Fan"},{"floor":9,"key":"Mango"},{"floor":12,"key":"PlaceholderMod:EltdownShards"},{"floor":21,"key":"Mummified Hand"},{"floor":24,"key":"Dream Catcher"},{"floor":26,"key":"Frozen Egg 2"},{"floor":29,"key":"TungstenRod"},{"floor":31,"key":"Mercury Hourglass"},{"floor":39,"key":"Thread and Needle"},{"floor":40,"key":"Letter Opener"},{"floor":45,"key":"PlaceholderMod:DeVermisMysteriis"},{"floor":47,"key":"MealTicket"},{"floor":54,"key":"Ginger"}],"event_choices":[{"damage_healed":24,"gold_gain":0,"player_choice":"Healed and dodged fight","damage_taken":0,"max_hp_gain":0,"max_hp_loss":0,"event_name":"Mushrooms","floor":14,"gold_loss":0,"cards_obtained":["Parasite"]},{"damage_healed":0,"gold_gain":0,"player_choice":"Ignored","damage_taken":0,"max_hp_gain":0,"max_hp_loss":0,"event_name":"Ghosts","floor":19,"gold_loss":0},{"damage_healed":0,"gold_gain":0,"player_choice":"Opened","damage_taken":0,"relics_obtained":["Smiling Mask"],"max_hp_gain":0,"max_hp_loss":0,"event_name":"The Mausoleum","floor":20,"gold_loss":0,"cards_obtained":["Writhe"]},{"cards_removed":["Writhe","Parasite"],"damage_healed":0,"gold_gain":0,"player_choice":"Removed Curses","damage_taken":0,"max_hp_gain":0,"max_hp_loss":0,"event_name":"Fountain of Cleansing","floor":36,"gold_loss":0},{"damage_healed":0,"gold_gain":0,"player_choice":"Fight","damage_taken":0,"max_hp_gain":0,"max_hp_loss":0,"event_name":"Mysterious Sphere","floor":39,"gold_loss":0}],"is_beta":false,"boss_relics":[{"not_picked":["SlaversCollar","SacredBark"],"picked":"PlaceholderMod:LiveLive"},{"not_picked":["Tiny House","Coffee Dripper"],"picked":"Velvet Choker"}],"items_purged_floors":[38],"is_endless":false,"potions_floor_spawned":[2,4,10,12,13,18,24,27,28,33,35,44,46,47],"ascension_level":1}}