{"host":"3jhxjeq8h3mqaq9s","time":1610766985,"event":{"mods":["BaseMod","Bestiary","Colored Map","Highlight Path","Minty Spire (QoL Compilation)","Rare Cards Sparkle","Relic Stats","StSLib","everything is the same but u backflip on backflip","slay the spire mod where everything is the same but ironclad has a cowboy hat"],"gold_per_floor":[111,36,36,36,36,67,79,110,110,123,123,134,134,154,154,154,154],"floor_reached":16,"language":"ENG","playtime":659,"items_purged":["Defend_P"],"score":169,"play_id":"8ba3285b-6f80-4661-a479-ebc232576023","local_time":"20210115221625","is_ascension_mode":true,"campfire_choices":[{"data":"BowlingBash","floor":11,"key":"SMITH"},{"data":"Vigilance","floor":13,"key":"SMITH"},{"data":"EmptyFist","floor":15,"key":"SMITH"}],"circlet_count":0,"master_deck":["Strike_P+1","Strike_P","Strike_P","Defend_P","Defend_P","Defend_P","Eruption+1","Vigilance+1","Indignation","CutThroughFate","LessonLearned","BowlingBash+1","Tantrum","EmptyFist+1"],"relics":["PureWater","NeowsBlessing","HornCleat","Regal Pillow","Blood Vial"],"acts_visited":["Exordium"],"potions_floor_usage":[8,16],"damage_taken":[{"damage":0,"enemies":"Small Slimes","floor":1,"turns":1},{"damage":0,"enemies":"Lagavulin","floor":6,"turns":1},{"damage":0,"enemies":"Cultist","floor":7,"turns":1},{"damage":28,"enemies":"3 Sentries","floor":8,"turns":7},{"damage":0,"enemies":"2 Louse","floor":10,"turns":1},{"damage":12,"enemies":"Exordium Thugs","floor":12,"turns":2},{"damage":4,"enemies":"Red Slaver","floor":14,"turns":3},{"damage":53,"enemies":"The Guardian","floor":16,"turns":7}],"seed_played":"-3942697578883754117","potions_obtained":[{"floor":1,"key":"SkillPotion"},{"floor":6,"key":"Dexterity Potion"},{"floor":8,"key":"ColorlessPotion"}],"is_trial":false,"path_per_floor":["M","$","?","$","?","E","M","E","T","M","R","M","R","M","R","B"],"character_chosen":"WATCHER","items_purchased":[],"campfire_rested":0,"item_purchase_floors":[],"current_hp_per_floor":[72,72,72,72,72,72,72,44,44,46,46,36,36,34,34,0,0],"gold":154,"neow_bonus":"THREE_ENEMY_KILL","is_daily":false,"chose_seed":false,"campfire_upgraded":3,"win_rate":0.0,"timestamp":1610766985,"path_taken":["M","$","?","?","?","E","M","E","T","M","R","M","R","M","R","BOSS"],"items_purchased_type":[],"build_version":"2020-12-22","purchased_purges":1,"victory":false,"max_hp_per_floor":[72,72,72,72,72,72,72,72,72,72,72,72,72,72,72,72,72],"relic_stats":{"Blood Vial":8,"Regal Pillow":0,"counters":[8,23],"obtain_stats":[{"Blood Vial":9,"Regal Pillow":8,"HornCleat":6,"NeowsBlessing":0,"PureWater":0},{"Blood Vial":4,"Regal Pillow":4,"HornCleat":2,"NeowsBlessing":0,"PureWater":0},{"Blood Vial":10,"Regal Pillow":10,"HornCleat":2,"NeowsBlessing":0,"PureWater":0}]},"card_choices":[{"not_picked":["Crescendo","EmptyBody"],"picked":"Indignation","floor":1},{"not_picked":["Sanctity","EmptyBody","Worship"],"picked":"SKIP","floor":6},{"not_picked":["Crescendo","Swivel"],"picked":"CutThroughFate","floor":7},{"not_picked":["BowlingBash","ForeignInfluence"],"picked":"LessonLearned","floor":8},{"not_picked":["Prostrate","MentalFortress"],"picked":"BowlingBash","floor":10},{"not_picked":["FlyingSleeves","Vengeance"],"picked":"Tantrum","floor":12},{"not_picked":["FlurryOfBlows","ReachHeaven"],"picked":"EmptyFist","floor":14}],"player_experience":2459143,"relics_obtained":[{"floor":6,"key":"HornCleat"},{"floor":8,"key":"Regal Pillow"},{"floor":9,"key":"Blood Vial"}],"event_choices":[{"cards_removed":["Strike_P"],"damage_healed":0,"gold_gain":0,"player_choice":"Offered Basic","damage_taken":0,"max_hp_gain":0,"max_hp_loss":0,"event_name":"Bonfire Elementals","floor":3,"gold_loss":0},{"damage_healed":0,"gold_gain":0,"player_choice":"Upgraded","damage_taken":0,"max_hp_gain":0,"max_hp_loss":0,"event_name":"Upgrade Shrine","floor":5,"gold_loss":0,"cards_upgraded":["Eruption"]}],"is_beta":false,"boss_relics":[],"items_purged_floors":[2],"is_endless":false,"potions_floor_spawned":[1,6,8],"killed_by":"The Guardian","ascension_level":5}}