{"host":"y1t8p8u0dxvsm95y","time":1610774246,"event":{"mods":["BaseMod","Colored Map","Colored Powertips","Downfall","Hermit","Infinite Spire","Minty Spire (QoL Compilation)","Quick Restart","Somnambulant","StSLib","The Blackbeard","The Clintock","The Construct","The Cursed","The Elementalist","The Exalted","The Factory","The Forsaken","The Hayseed","The Hierophant","The Judge","The Jungle","The Mystic","The Necromancer","The Problem Sleuth","The Runesmith","The Senshi","The Servant 0.9.4","The Wild Card","TheBandit"],"gold_per_floor":[99,112,129,129,184,96,121,152,152,170,170,200,220,231,250,347,347,347,362,362,362,362,380,380,380,128,128,138,152,152,92,110,213,213,213,223,223,233,251,251,251,251,267,279,279,279,279],"floor_reached":46,"language":"ENG","playtime":3117,"items_purged":[],"score":482,"play_id":"a90155c2-d209-45ed-9dcf-d1b8ff50017d","local_time":"20210116001726","is_ascension_mode":false,"campfire_choices":[{"data":"bronze:Replicate","floor":1,"key":"SMITH"},{"floor":9,"key":"REST"},{"floor":11,"key":"REST"},{"data":"bronze:SpaghettiCode","floor":18,"key":"SMITH"},{"data":"bronze:Format","floor":25,"key":"SMITH"},{"data":"bronze:Format","floor":30,"key":"SMITH"},{"data":"bronze:Verify","floor":35,"key":"SMITH"},{"floor":40,"key":"REST"},{"data":"Madness","floor":45,"key":"SMITH"}],"circlet_count":0,"master_deck":["bronze:Strike+1","bronze:Strike","bronze:Strike+1","bronze:Defend","bronze:Defend","bronze:Defend","bronze:Replicate+1","bronze:Goto","bronze:FollowUp","bronze:DelayedSlice","bronze:CutThrough","bronze:BronzeOrb","bronze:SpaghettiCode+1","bronze:Frontload","bronze:Boost","bronze:BronzeArmor","bronze:ForceShield","bronze:Shield","bronze:Format+1","bronze:ChosenStrike+1","elementalist:Earth_Emblem","bronze:Format+1","bronze:Frontload+1","Madness+1","bronze:Allocate+1","bronze:Shell","bronze:Iterate","bronze:Turbo","bronze:WhirlingStrike","bronze:ClassDefault","bronze:Verify+1","bronze:Repulsor+1","bronze:HyperBeam","bronze:Deprecate+1","bronze:ForLoop+1","bronze:DelayedSlice+1","bronze:Assembly","Parasite","bronze:Flail"],"relics":["bronze:BronzeCore","Bromod:ArcaneMomentum","Whetstone","Bromod:ArcaneNullifier","Empty Cage","Nloth\u0027s Gift","HornCleat","HandDrill","Bromod:ArcaneEnergize","ClockworkSouvenir","bronze:PlatinumCore","Bronze Scales"],"acts_visited":["Exordium","TheCity","TheBeyond"],"potions_floor_usage":[14,33,33,43,46,46],"damage_taken":[{"damage":0,"enemies":"Cultist","floor":2,"turns":4},{"damage":1,"enemies":"Jaw Worm","floor":3,"turns":4},{"damage":28,"enemies":"Lagavulin Event","floor":5,"turns":6},{"damage":0,"enemies":"downfall:FleeingMerchant","floor":6,"turns":4},{"damage":33,"enemies":"3 Sentries","floor":8,"turns":7},{"damage":2,"enemies":"Small Slimes","floor":10,"turns":2},{"damage":16,"enemies":"Lagavulin","floor":12,"turns":7},{"damage":4,"enemies":"Lots of Slimes","floor":13,"turns":3},{"damage":0,"enemies":"2 Fungi Beasts","floor":14,"turns":3},{"damage":7,"enemies":"Gremlin Gang","floor":15,"turns":4},{"damage":13,"enemies":"WA_ARCHETYPE_RETAIN","floor":16,"turns":10},{"damage":2,"enemies":"Shell Parasite","floor":19,"turns":4},{"damage":5,"enemies":"Spheric Guardian","floor":23,"turns":6},{"damage":0,"enemies":"downfall:FleeingMerchant","floor":26,"turns":4},{"damage":0,"enemies":"Cultist and Chosen","floor":28,"turns":4},{"damage":11,"enemies":"Chosen and Byrds","floor":29,"turns":6},{"damage":2,"enemies":"downfall:FleeingMerchant","floor":31,"turns":4},{"damage":20,"enemies":"Snake Plant","floor":32,"turns":4},{"damage":40,"enemies":"SI_MIRROR_ARCHETYPE","floor":33,"turns":12},{"damage":0,"enemies":"3 Shapes","floor":36,"turns":5},{"damage":12,"enemies":"3 Darklings","floor":38,"turns":6},{"damage":11,"enemies":"Spire Growth","floor":39,"turns":5},{"damage":2,"enemies":"Sphere and 2 Shapes","floor":43,"turns":4},{"damage":7,"enemies":"Writhing Mass","floor":44,"turns":4},{"damage":91,"enemies":"Nemesis","floor":46,"turns":11}],"seed_played":"2291882447571575905","potions_obtained":[{"floor":5,"key":"bronze:FreeFunctionsPotion"},{"floor":10,"key":"LiquidMemories"},{"floor":13,"key":"Dexterity Potion"},{"floor":14,"key":"Guardian:BlockOnCardUsePotion"},{"floor":32,"key":"LiquidBronze"},{"floor":33,"key":"Swift Potion"},{"floor":36,"key":"PowerPotion"},{"floor":43,"key":"bronze:CleanCodePotion"}],"is_trial":false,"path_per_floor":["R","M","M","?","?","$","T","E","R","M","R","E","M","M","M","B",null,"R","M","?","?","?","M","T","R","$","?","M","M","R","$","M","B",null,"R","M","AVR","M","M","R","T","?","M","M","R","E"],"character_chosen":"THE_AUTOMATON","items_purchased":["bronze:SpaghettiCode","HandDrill","Madness","bronze:WhirlingStrike"],"campfire_rested":3,"item_purchase_floors":[6,26,26,31],"current_hp_per_floor":[77,77,76,76,48,48,48,17,40,40,63,49,47,49,44,33,77,77,75,75,75,75,70,70,70,70,87,87,76,76,74,54,14,87,87,87,87,75,64,87,87,87,85,78,78,0,0],"gold":279,"neow_bonus":"TEN_PERCENT_HP_BONUS","is_daily":false,"chose_seed":false,"campfire_upgraded":6,"win_rate":0.0,"timestamp":1610774246,"path_taken":["R","M","M","?","?","$","T","E","R","M","R","E","M","M","M","BOSS","R","M","?","?","?","?","T","R","$","?","?","M","R","?","M","BOSS","R","M","AVR","M","M","R","T","?","M","M","R","E"],"items_purchased_type":["Card","Relic","Card","Card"],"build_version":"2020-12-22","purchased_purges":0,"victory":false,"max_hp_per_floor":[77,77,77,77,77,77,77,77,77,77,77,77,77,77,77,77,77,77,77,77,77,77,77,77,77,77,87,87,87,87,87,87,87,87,87,87,87,87,87,87,87,87,87,87,87,87,87],"card_choices":[{"not_picked":["bronze:DelayedGuard","bronze:BuggyMess"],"picked":"bronze:FollowUp","floor":2},{"not_picked":["bronze:Shield","bronze:BugBarrage"],"picked":"bronze:DelayedSlice","floor":3},{"not_picked":["bronze:ForLoop","bronze:BugBarrage"],"picked":"bronze:CutThrough","floor":5},{"not_picked":["bronze:BugBarrage","bronze:WildBeam"],"picked":"bronze:BronzeOrb","floor":6},{"not_picked":["bronze:BitShift","bronze:BuggyMess"],"picked":"bronze:Frontload","floor":8},{"not_picked":["bronze:Invalidate","bronze:Flail"],"picked":"bronze:Boost","floor":10},{"not_picked":["bronze:Overheat","bronze:Return"],"picked":"bronze:BronzeArmor","floor":12},{"not_picked":["bronze:DarkDash","bronze:FollowUp"],"picked":"bronze:ForceShield","floor":13},{"not_picked":["bronze:DelayedSlice","bronze:Turbo"],"picked":"bronze:Shield","floor":14},{"not_picked":["bronze:ChildClass","bronze:Boost"],"picked":"bronze:Format","floor":15},{"not_picked":["bronze:BurnOut","bronze:ShipIt"],"picked":"bronze:FindAndReplace","floor":16},{"not_picked":["bronze:ChildClass","bronze:Frontload"],"picked":"bronze:ChosenStrike+1","floor":19},{"not_picked":["bronze:DarkDash","bronze:GetLatest"],"picked":"bronze:Format","floor":23},{"not_picked":["bronze:WildBeam","bronze:ForLoop+1"],"picked":"bronze:Frontload+1","floor":26},{"not_picked":["bronze:WildBeam+1","bronze:DigitalCarnage"],"picked":"bronze:Allocate+1","floor":28},{"not_picked":["bronze:CutThrough","bronze:FineTuning"],"picked":"bronze:Shell","floor":29},{"not_picked":["bronze:Shield","bronze:CutThrough"],"picked":"bronze:Turbo","floor":31},{"not_picked":["bronze:Turbo","bronze:Shield+1"],"picked":"bronze:ClassDefault","floor":32},{"not_picked":["bronze:BurnOut","bronze:RecursiveStrike"],"picked":"bronze:Verify","floor":33},{"not_picked":["bronze:Invalidate","bronze:Branch+1"],"picked":"bronze:HyperBeam","floor":36},{"not_picked":["bronze:BuggyMess","bronze:Repulsor"],"picked":"bronze:Deprecate+1","floor":38},{"not_picked":["bronze:Turbo+1","bronze:Iterate+1"],"picked":"bronze:ForLoop+1","floor":39},{"not_picked":["bronze:ItsAFeature+1","bronze:Invalidate+1"],"picked":"bronze:Assembly","floor":43},{"not_picked":["bronze:CloningBeam","bronze:BuggyMess+1"],"picked":"bronze:Flail","floor":44}],"player_experience":1189181,"relics_obtained":[{"floor":5,"key":"Bromod:ArcaneMomentum"},{"floor":7,"key":"Blood Vial"},{"floor":8,"key":"Whetstone"},{"floor":12,"key":"Bromod:ArcaneNullifier"},{"floor":24,"key":"HornCleat"},{"floor":41,"key":"Bronze Scales"}],"event_choices":[{"cards_removed":["bronze:FindAndReplace"],"damage_healed":7,"gold_gain":0,"player_choice":"Offered Rare","damage_taken":0,"max_hp_gain":10,"max_hp_loss":0,"event_name":"Bonfire Elementals","floor":27,"gold_loss":0},{"damage_healed":0,"gold_gain":0,"player_choice":"Ignored","damage_taken":0,"max_hp_gain":0,"max_hp_loss":0,"event_name":"NoteForYourself","floor":42,"gold_loss":0}],"is_beta":false,"boss_relics":[{"not_picked":["Runesmith:UraniumAnvil","Velvet Choker"],"picked":"Empty Cage"},{"not_picked":["Runic Pyramid","Bromod:ArcaneBarrier"],"picked":"Bromod:ArcaneEnergize"}],"items_purged_floors":[],"is_endless":false,"potions_floor_spawned":[5,10,13,14,16,28,32,33,36,38,43],"killed_by":"Nemesis","ascension_level":0}}