{"host":"dftyqn972q7tuon4","time":1610762941,"event":{"mods":["AchievementEnabler","BaseMod","Better Altar","Better Match","Better Note","Better Sensory Stone","Better Skull","Better Third Choice","Colored Powertips","Highlight Path","Minty Spire (QoL Compilation)","Permanent Neow","Quick Restart","StSLib"],"gold_per_floor":[115,135,135,60,60,86,86,104,104,128,141,154,54,54,54,54,54],"floor_reached":16,"language":"ENG","playtime":461,"items_purged":["Defend_B","Defend_B"],"score":150,"play_id":"8d8d5883-1cd2-4b04-a94a-bc913238d679","local_time":"20210116030901","is_ascension_mode":true,"campfire_choices":[{"data":"Storm","floor":7.0,"key":"SMITH"},{"floor":15,"key":"REST"}],"circlet_count":0,"master_deck":["AscendersBane","Strike_B","Strike_B","Defend_B","Defend_B","Zap","Dualcast","Coolheaded+1","Self Repair","Storm+1","Storm","Double Energy","Chill"],"relics":["Cracked Core","Blue Candle","Mercury Hourglass","Toy Ornithopter"],"acts_visited":["Exordium"],"potions_floor_usage":[12,16],"damage_taken":[{"damage":2.0,"enemies":"Jaw Worm","floor":1.0,"turns":4.0},{"damage":1.0,"enemies":"Cultist","floor":2.0,"turns":3.0},{"damage":52.0,"enemies":"Gremlin Nob","floor":6.0,"turns":6.0},{"damage":6.0,"enemies":"2 Louse","floor":8.0,"turns":3.0},{"damage":11.0,"enemies":"Looter","floor":11.0,"turns":2.0},{"damage":15,"enemies":"Gremlin Gang","floor":12,"turns":2},{"damage":19,"enemies":"Hexaghost","floor":16,"turns":9}],"seed_played":"6433483636721855564","potions_obtained":[{"floor":6.0,"key":"PowerPotion"},{"floor":8.0,"key":"Weak Potion"},{"floor":11.0,"key":"FocusPotion"}],"is_trial":false,"path_per_floor":["M","M","?","$","?","E","R","M","T","T","M","M","$","?","R","B"],"character_chosen":"DEFECT","items_purchased":[],"campfire_rested":1,"item_purchase_floors":[],"current_hp_per_floor":[66,65,65,65,65,20,20,21,21,21,17,14,14,7,29,15,15],"gold":54,"neow_bonus":"TRANSFORM_CARD","is_daily":false,"chose_seed":false,"campfire_upgraded":1,"win_rate":0.0,"timestamp":1610762941,"path_taken":["M","M","?","?","?","E","R","M","T","?","M","?","$","?","R","BOSS"],"items_purchased_type":[],"build_version":"2020-12-22","purchased_purges":2,"victory":false,"max_hp_per_floor":[75,75,75,75,75,75,75,75,75,75,75,75,75,75,75,75,75],"card_choices":[{"not_picked":["Go for the Eyes","Steam"],"picked":"Coolheaded","floor":1.0},{"not_picked":["Conserve Battery","Reinforced Body"],"picked":"Self Repair","floor":2.0},{"not_picked":["Rip and Tear","Melter"],"picked":"Storm","floor":6.0},{"not_picked":["Sweeping Beam","Ball Lightning"],"picked":"Storm","floor":8.0},{"not_picked":["Go for the Eyes","Gash"],"picked":"Double Energy","floor":11.0},{"not_picked":["Coolheaded","Go for the Eyes"],"picked":"Chill","floor":12}],"player_experience":659663,"relics_obtained":[{"floor":6.0,"key":"Blue Candle"},{"floor":9.0,"key":"Mercury Hourglass"},{"floor":10.0,"key":"Toy Ornithopter"}],"event_choices":[{"damage_healed":0.0,"max_hp_gain":0.0,"max_hp_loss":0.0,"gold_gain":0.0,"event_name":"Upgrade Shrine","player_choice":"Upgraded","floor":3.0,"gold_loss":0.0,"damage_taken":0.0,"cards_upgraded":["Coolheaded"]},{"cards_removed":["Strike_B"],"damage_healed":0.0,"max_hp_gain":0.0,"max_hp_loss":0.0,"gold_gain":0.0,"event_name":"Living Wall","player_choice":"Forget","floor":5.0,"gold_loss":0.0,"damage_taken":0.0},{"cards_removed":["Hello World"],"damage_healed":0,"gold_gain":0,"player_choice":"Card Removal","damage_taken":7,"max_hp_gain":0,"max_hp_loss":0,"event_name":"Golden Wing","floor":14,"gold_loss":0}],"is_beta":false,"boss_relics":[],"items_purged_floors":[4,13],"is_endless":false,"potions_floor_spawned":[6,8,11],"killed_by":"Hexaghost","ascension_level":10}}