{"host":"l60rmjjsfi0fipmi","time":1610756827,"event":{"mods":["BaseMod","Colored Map","DeckTracker","Highlight Path","Minty Spire (QoL Compilation)","StSLib","The Cursed"],"gold_per_floor":[114,64,75,51,69,69,98,98,98,98,98,108,108,124,124,219,219,231,241,256,355,355,355,384,384,384,418,436,436,452,468,468,563,563,577,588,606,95,95,95,95,95,95],"floor_reached":42,"language":"ENG","playtime":3078,"items_purged":["Strike_B"],"score":526,"play_id":"d2cc87e5-45e8-43d6-9b5b-90c2685396a2","local_time":"20210115192707","is_ascension_mode":true,"campfire_choices":[{"data":"Redo","floor":6,"key":"SMITH"},{"data":"Zap","floor":10,"key":"SMITH"},{"floor":15,"key":"REST"},{"data":"Dualcast","floor":23,"key":"SMITH"},{"floor":25,"key":"REST"},{"floor":29,"key":"REST"},{"floor":32,"key":"REST"},{"floor":40,"key":"REST"}],"circlet_count":0,"master_deck":["Strike_B+1","Defend_B","Defend_B","Defend_B","Defend_B","Zap+1","Dualcast+1","Redo+1","Doom and Gloom","Ball Lightning","Compile Driver+1","Cold Snap","Parasite","Rainbow+1","Electrodynamics","Cold Snap","BootSequence+1","Beam Cell","Rebound","Coolheaded+1","Hologram+1","Go for the Eyes","Hologram+1","Seek+1","CurseOfTheBell","Leap+1","Undo+1","Coolheaded+1","Conserve Battery+1"],"relics":["Cracked Core","Nunchaku","White Beast Statue","Black Star","Regal Pillow","Toxic Egg 2","Singing Bowl","The Courier","Dream Catcher","Calling Bell","Omamori","Pantograph","Shovel","Anchor","Bronze Scales","Bottled Flame"],"acts_visited":["Exordium","TheCity","TheBeyond"],"potions_floor_usage":[24,33,33,33,37,42,42,42],"damage_taken":[{"damage":4,"enemies":"Jaw Worm","floor":1,"turns":3},{"damage":7,"enemies":"Small Slimes","floor":3,"turns":3},{"damage":1,"enemies":"Cultist","floor":5,"turns":3},{"damage":20,"enemies":"Gremlin Nob","floor":7,"turns":3},{"damage":15,"enemies":"Exordium Wildlife","floor":12,"turns":3},{"damage":0,"enemies":"2 Fungi Beasts","floor":14,"turns":2},{"damage":21,"enemies":"The Guardian","floor":16,"turns":10},{"damage":7,"enemies":"3 Byrds","floor":18,"turns":2},{"damage":0,"enemies":"Spheric Guardian","floor":19,"turns":3},{"damage":22,"enemies":"Shelled Parasite and Fungi","floor":20,"turns":7},{"damage":43,"enemies":"Slavers","floor":24,"turns":4},{"damage":10,"enemies":"Gremlin Leader","floor":27,"turns":5},{"damage":29,"enemies":"Centurion and Healer","floor":28,"turns":5},{"damage":8,"enemies":"3 Cultists","floor":30,"turns":4},{"damage":25,"enemies":"Snake Plant","floor":31,"turns":4},{"damage":38,"enemies":"Champ","floor":33,"turns":11},{"damage":8,"enemies":"3 Shapes","floor":35,"turns":6},{"damage":31,"enemies":"3 Darklings","floor":36,"turns":8},{"damage":31,"enemies":"Sphere and 2 Shapes","floor":37,"turns":5},{"damage":60,"enemies":"Transient","floor":42,"turns":5}],"seed_played":"-3270422138966813521","potions_obtained":[{"floor":3,"key":"SpeedPotion"},{"floor":12,"key":"Explosive Potion"},{"floor":14,"key":"FocusPotion"},{"floor":18,"key":"PotionOfCapacity"},{"floor":24,"key":"ColorlessPotion"},{"floor":31,"key":"Block Potion"},{"floor":33,"key":"BlessingOfTheForge"},{"floor":35,"key":"ColorlessPotion"},{"floor":36,"key":"Energy Potion"},{"floor":37,"key":"BlessingOfTheForge"}],"is_trial":false,"path_per_floor":["M","?","M","$","M","R","E","?","T","R","?","M","?","M","R","B",null,"M","M","M","?","?","R","E","R","T","E","M","R","M","M","R","B",null,"M","M","M","$","?","R","?","M"],"character_chosen":"DEFECT","items_purchased":["Compile Driver","Anchor","Bronze Scales","Bottled Flame"],"campfire_rested":5,"item_purchase_floors":[4,38,38,38],"current_hp_per_floor":[71,71,64,64,63,63,43,61,61,61,46,31,31,31,53,32,75,68,68,46,46,46,46,3,40,40,30,1,38,32,7,45,7,77,69,38,7,7,7,45,45,0,0],"gold":95,"neow_bonus":"TRANSFORM_CARD","is_daily":false,"chose_seed":false,"campfire_upgraded":3,"win_rate":0.0,"timestamp":1610756827,"path_taken":["M","?","M","$","M","R","E","?","T","R","?","M","?","M","R","BOSS","M","M","M","?","?","R","E","R","T","E","M","R","M","M","R","BOSS","M","M","M","?","?","R","?","M"],"items_purchased_type":["Card","Relic","Relic","Relic"],"build_version":"2020-12-22","purchased_purges":1,"victory":false,"max_hp_per_floor":[75,75,75,75,75,75,75,75,75,75,75,75,75,75,75,75,75,75,75,75,75,75,75,75,75,75,75,75,75,77,77,77,77,77,77,77,77,77,77,77,77,77,77],"card_choices":[{"not_picked":["Turbo","Barrage"],"picked":"Doom and Gloom","floor":1},{"not_picked":["Darkness","Redo"],"picked":"Ball Lightning","floor":3},{"not_picked":["Redo","Blizzard","Turbo"],"picked":"SKIP","floor":5},{"not_picked":["Reprogram","Redo"],"picked":"Cold Snap","floor":7},{"not_picked":["Cold Snap","Steam"],"picked":"Rainbow","floor":12},{"not_picked":["Rip and Tear","Aggregate"],"picked":"Gash","floor":14},{"not_picked":["Machine Learning","Biased Cognition"],"picked":"Electrodynamics","floor":16},{"not_picked":["Ball Lightning","Auto Shields"],"picked":"Cold Snap","floor":18},{"not_picked":["Consume+1","Hello World+1"],"picked":"BootSequence","floor":19},{"not_picked":["Chill","Ball Lightning"],"picked":"Beam Cell","floor":20},{"not_picked":["Genetic Algorithm+1","Tempest+1","Static Discharge"],"picked":"SKIP","floor":24},{"not_picked":["Chaos+1","Cold Snap+1"],"picked":"Rebound","floor":27},{"not_picked":["Darkness+1","Steam+1"],"picked":"Coolheaded+1","floor":28},{"not_picked":["Reinforced Body+1","Conserve Battery+1"],"picked":"Hologram+1","floor":29},{"not_picked":["Storm","Buffer","Aggregate+1"],"picked":"Singing Bowl","floor":30},{"not_picked":["Chill+1","Streamline"],"picked":"Go for the Eyes","floor":31},{"not_picked":["White Noise+1","Fusion+1"],"picked":"Hologram+1","floor":32},{"not_picked":["Meteor Strike","Reboot+1"],"picked":"Seek+1","floor":33},{"not_picked":["Rebound+1","Gash"],"picked":"Leap+1","floor":35},{"not_picked":["Stack+1","BootSequence+1"],"picked":"Undo+1","floor":36},{"not_picked":["Static Discharge+1","Loop"],"picked":"Coolheaded+1","floor":37},{"not_picked":["Aggregate+1","Lockon"],"picked":"Conserve Battery+1","floor":40}],"player_experience":412050,"relics_obtained":[{"floor":7,"key":"Nunchaku"},{"floor":9,"key":"White Beast Statue"},{"floor":24,"key":"Regal Pillow"},{"floor":24,"key":"Toxic Egg 2"},{"floor":26,"key":"Singing Bowl"},{"floor":27,"key":"The Courier"},{"floor":27,"key":"Dream Catcher"},{"floor":34,"key":"Omamori"},{"floor":34,"key":"Pantograph"},{"floor":34,"key":"Shovel"}],"event_choices":[{"cards_removed":["Strike_B"],"damage_healed":0,"gold_gain":0,"player_choice":"Card Removal","damage_taken":0,"max_hp_gain":0,"max_hp_loss":0,"event_name":"The Cleric","floor":2,"gold_loss":50},{"damage_healed":18,"gold_gain":0,"player_choice":"Healed and dodged fight","damage_taken":0,"max_hp_gain":0,"max_hp_loss":0,"event_name":"Mushrooms","floor":8,"gold_loss":0,"cards_obtained":["Parasite"]},{"damage_healed":0,"gold_gain":0,"player_choice":"Entered Light","damage_taken":15,"max_hp_gain":0,"max_hp_loss":0,"event_name":"Shining Light","floor":11,"gold_loss":0,"cards_upgraded":["Strike_B","Compile Driver"]},{"damage_healed":0,"gold_gain":0,"player_choice":"Grow","damage_taken":0,"max_hp_gain":0,"max_hp_loss":0,"event_name":"Living Wall","floor":13,"gold_loss":0,"cards_upgraded":["Rainbow"]},{"damage_healed":0,"gold_gain":99,"player_choice":"Stole From Cult","damage_taken":0,"max_hp_gain":0,"max_hp_loss":0,"event_name":"Nest","floor":21,"gold_loss":0},{"damage_healed":0,"gold_gain":0,"player_choice":"Forge","damage_taken":0,"max_hp_gain":0,"max_hp_loss":0,"event_name":"Accursed Blacksmith","floor":22,"gold_loss":0,"cards_upgraded":["BootSequence"]},{"cards_removed":["Gash"],"damage_healed":0,"gold_gain":0,"player_choice":"Removed Attack","damage_taken":0,"max_hp_gain":0,"max_hp_loss":0,"event_name":"Falling","floor":39,"gold_loss":0},{"damage_healed":0,"gold_gain":0,"player_choice":"Ignored","damage_taken":0,"max_hp_gain":0,"max_hp_loss":0,"event_name":"Mysterious Sphere","floor":41,"gold_loss":0}],"is_beta":false,"boss_relics":[{"not_picked":["Runic Pyramid","Pandora\u0027s Box"],"picked":"Black Star"},{"not_picked":["Fusion Hammer","Runic Dome"],"picked":"Calling Bell"}],"items_purged_floors":[38],"is_endless":false,"potions_floor_spawned":[3,12,14,16,18,19,20,24,27,28,30,31,33,35,36,37],"killed_by":"Transient","ascension_level":4}}