{"host":"oehe2dxjvdgux73m","time":1610790533,"event":{"mods":["AchievementEnabler","BaseMod","Colored Map","Colored Powertips","DeckTracker","Keyboard Shortcuts","Minty Spire (QoL Compilation)","Permanent Neow","Quick Restart","StSLib","SuperFastMode"],"gold_per_floor":[109,125,125,90,109,143,143,143,219,219,247,267,28,54,54,131,131,142,142,156,156,71,71,101,101,101,133,133,147,159,172,172,249,249,265,265,265,265,136,136,154,154,223,49,76,96,109,124,124,124],"floor_reached":51,"language":"KOR","playtime":2225,"items_purged":["Strike_G","Strike_G"],"score":1324,"play_id":"0550ff71-0bf3-45dd-baf1-0f427db8e9cb","local_time":"20210116184853","is_ascension_mode":true,"campfire_choices":[{"data":"Neutralize","floor":7.0,"key":"SMITH"},{"data":"Dagger Spray","floor":10.0,"key":"SMITH"},{"data":"Catalyst","floor":15.0,"key":"SMITH"},{"data":"Noxious Fumes","floor":23.0,"key":"SMITH"},{"data":"Deadly Poison","floor":25.0,"key":"SMITH"},{"floor":28.0,"key":"REST"},{"data":"Concentrate","floor":32.0,"key":"SMITH"},{"floor":40.0,"key":"REST"},{"floor":42.0,"key":"REST"},{"floor":49.0,"key":"REST"}],"circlet_count":0,"master_deck":["AscendersBane","Strike_G","Strike_G","Defend_G","Defend_G","Defend_G","Defend_G","Defend_G+1","Survivor","Neutralize+1","PiercingWail+1","Dagger Spray+1","Cloak And Dagger","Deadly Poison+1","Catalyst+1","Noxious Fumes+1","Escape Plan","Corpse Explosion","Noxious Fumes+1","Backflip","Concentrate+1","Footwork","PiercingWail","Footwork","Calculated Gamble","Acrobatics","Reflex","Footwork"],"relics":["Ring of the Snake","Blood Vial","Singing Bowl","Bronze Scales","SacredBark","Darkstone Periapt","Unceasing Top","Blue Candle","FossilizedHelix","Fusion Hammer","Mercury Hourglass","Smiling Mask"],"acts_visited":["Exordium","TheCity","TheBeyond"],"potions_floor_usage":[50,50],"damage_taken":[{"damage":0.0,"enemies":"Cultist","floor":1.0,"turns":4.0},{"damage":7.0,"enemies":"Small Slimes","floor":2.0,"turns":4.0},{"damage":0.0,"enemies":"2 Louse","floor":5.0,"turns":3.0},{"damage":27.0,"enemies":"3 Sentries","floor":6.0,"turns":10.0},{"damage":22.0,"enemies":"Gremlin Nob","floor":11.0,"turns":5.0},{"damage":1.0,"enemies":"2 Fungi Beasts","floor":12.0,"turns":3.0},{"damage":2.0,"enemies":"Lagavulin","floor":14.0,"turns":6.0},{"damage":20.0,"enemies":"Hexaghost","floor":16.0,"turns":8.0},{"damage":2.0,"enemies":"3 Byrds","floor":18.0,"turns":4.0},{"damage":3.0,"enemies":"Shell Parasite","floor":20.0,"turns":5.0},{"damage":9.0,"enemies":"Slavers","floor":24.0,"turns":4.0},{"damage":35.0,"enemies":"Book of Stabbing","floor":27.0,"turns":6.0},{"damage":0.0,"enemies":"Snake Plant","floor":29.0,"turns":4.0},{"damage":4.0,"enemies":"Shelled Parasite and Fungi","floor":30.0,"turns":6.0},{"damage":10.0,"enemies":"Sentry and Sphere","floor":31.0,"turns":5.0},{"damage":32.0,"enemies":"Champ","floor":33.0,"turns":12.0},{"damage":6.0,"enemies":"Orb Walker","floor":35.0,"turns":4.0},{"damage":0.0,"enemies":"3 Shapes","floor":41.0,"turns":4.0},{"damage":30.0,"enemies":"Reptomancer","floor":45.0,"turns":6.0},{"damage":20.0,"enemies":"Jaw Worm Horde","floor":46.0,"turns":3.0},{"damage":0.0,"enemies":"Writhing Mass","floor":47.0,"turns":7.0},{"damage":41.0,"enemies":"Spire Growth","floor":48.0,"turns":6.0},{"damage":34,"enemies":"Awakened One","floor":50,"turns":16}],"seed_played":"-690199825681480116","potions_obtained":[{"floor":5.0,"key":"PowerPotion"},{"floor":14.0,"key":"GhostInAJar"},{"floor":16.0,"key":"SteroidPotion"},{"floor":20.0,"key":"Swift Potion"},{"floor":27.0,"key":"Block Potion"},{"floor":30.0,"key":"LiquidMemories"},{"floor":41.0,"key":"Ancient Potion"},{"floor":45.0,"key":"LiquidBronze"}],"is_trial":false,"path_per_floor":["M","M","?","?","M","E","R","?","T","R","E","M","$","E","R","B",null,"M","?","M","?","?","R","E","R","T","E","R","M","M","M","R","B",null,"M","?","?","?","$","R","M","R","T","$","E","M","M","M","R","B",null],"character_chosen":"THE_SILENT","items_purchased":["Catalyst","Noxious Fumes","PiercingWail","Footwork","Regen Potion"],"campfire_rested":4,"item_purchase_floors":[13,13,39,44,44],"current_hp_per_floor":[59,52,32,48,48,21,21,66,66,66,44,45,45,45,45,27,56,58,58,57,57,57,57,52,52,52,19,40,42,42,36,36,8,59,55,55,55,55,55,72,74,74,74,74,71,53,55,16,38,6],"gold":124,"neow_bonus":"TRANSFORM_CARD","is_daily":false,"chose_seed":false,"campfire_upgraded":6,"win_rate":0.0,"timestamp":1610790533,"path_taken":["M","?","?","?","M","E","R","?","T","R","E","?","$","E","R","BOSS","M","?","M","?","?","R","E","R","T","E","R","M","M","M","R","BOSS","M","?","?","?","$","R","M","R","T","$","E","M","M","M","R","BOSS"],"items_purchased_type":["Card","Card","Card","Card","Potion"],"build_version":"2020-12-22","purchased_purges":2,"victory":true,"max_hp_per_floor":[66,66,66,66,66,66,66,66,66,66,66,66,66,66,66,66,66,68,68,68,68,68,68,70,70,70,70,70,70,72,74,74,76,76,76,76,72,72,72,72,74,74,74,74,74,74,74,74,74,74],"card_choices":[{"not_picked":["Prepared","Dodge and Roll","Quick Slash"],"picked":"SKIP","floor":1.0},{"not_picked":["Slice","Underhanded Strike"],"picked":"PiercingWail","floor":2.0},{"not_picked":["Slice","Crippling Poison"],"picked":"Dagger Spray","floor":5.0},{"not_picked":["Accuracy","Flechettes","Flying Knee"],"picked":"SKIP","floor":6.0},{"not_picked":["Flying Knee","Dagger Throw"],"picked":"Cloak And Dagger","floor":11.0},{"not_picked":["Blade Dance","Prepared"],"picked":"Deadly Poison","floor":12.0},{"not_picked":["Eviscerate","Setup"],"picked":"Escape Plan","floor":14.0},{"not_picked":["Die Die Die","After Image"],"picked":"Corpse Explosion","floor":16.0},{"not_picked":["Quick Slash","Choke","Backstab"],"picked":"Singing Bowl","floor":18.0},{"not_picked":["Acrobatics","Prepared"],"picked":"Noxious Fumes+1","floor":20.0},{"not_picked":["Terror","Flechettes","Dagger Throw+1"],"picked":"Singing Bowl","floor":24.0},{"not_picked":["Outmaneuver","Reflex+1"],"picked":"Backflip","floor":27.0},{"not_picked":["Underhanded Strike","Riddle With Holes+1"],"picked":"Concentrate","floor":29.0},{"not_picked":["Quick Slash","Underhanded Strike+1","Outmaneuver+1"],"picked":"Singing Bowl","floor":30.0},{"not_picked":["Tools of the Trade","Poisoned Stab","Dagger Throw"],"picked":"Singing Bowl","floor":31.0},{"not_picked":["Tools of the Trade","Storm of Steel","A Thousand Cuts"],"picked":"Singing Bowl","floor":33.0},{"not_picked":["Underhanded Strike","Dash"],"picked":"Footwork","floor":35.0},{"not_picked":["Sucker Punch","Infinite Blades","Blade Dance"],"picked":"Singing Bowl","floor":41.0},{"not_picked":["Concentrate","Sucker Punch"],"picked":"Calculated Gamble","floor":45.0},{"not_picked":["Underhanded Strike","Finisher"],"picked":"Acrobatics","floor":46.0},{"not_picked":["Skewer","Blade Dance"],"picked":"Reflex","floor":47.0},{"not_picked":["Deadly Poison","Underhanded Strike+1"],"picked":"Footwork","floor":48.0}],"player_experience":223854,"relics_obtained":[{"floor":6.0,"key":"Blood Vial"},{"floor":9.0,"key":"Singing Bowl"},{"floor":14.0,"key":"Bronze Scales"},{"floor":24.0,"key":"Unceasing Top"},{"floor":26.0,"key":"Blue Candle"},{"floor":27.0,"key":"FossilizedHelix"},{"floor":43.0,"key":"Mercury Hourglass"},{"floor":45.0,"key":"Smiling Mask"}],"event_choices":[{"damage_healed":0.0,"max_hp_gain":0.0,"max_hp_loss":0.0,"gold_gain":0.0,"event_name":"Shining Light","player_choice":"Entered Light","floor":3.0,"gold_loss":0.0,"damage_taken":20.0,"cards_upgraded":["PiercingWail","Defend_G"]},{"damage_healed":16.0,"max_hp_gain":0.0,"max_hp_loss":0.0,"gold_gain":0.0,"event_name":"The Cleric","player_choice":"Healed","floor":4.0,"gold_loss":35.0,"damage_taken":0.0},{"cards_removed":["All Out Attack"],"damage_healed":45.0,"max_hp_gain":0.0,"max_hp_loss":0.0,"gold_gain":0.0,"event_name":"Bonfire Elementals","player_choice":"Offered Uncommon","floor":8.0,"gold_loss":0.0,"damage_taken":0.0},{"damage_healed":0.0,"max_hp_gain":0.0,"max_hp_loss":0.0,"gold_gain":0.0,"event_name":"Vampires","player_choice":"Ignored","floor":19.0,"gold_loss":0.0,"damage_taken":0.0},{"damage_healed":0.0,"max_hp_gain":0.0,"max_hp_loss":0.0,"gold_gain":0.0,"event_name":"The Mausoleum","player_choice":"Ignored","floor":21.0,"gold_loss":0.0,"damage_taken":0.0},{"damage_healed":0.0,"max_hp_gain":0.0,"max_hp_loss":0.0,"gold_gain":0.0,"event_name":"Addict","player_choice":"Obtained Relic","floor":22.0,"gold_loss":85.0,"damage_taken":0.0,"relics_obtained":["Darkstone Periapt"]},{"damage_healed":0.0,"max_hp_gain":0.0,"max_hp_loss":0.0,"gold_gain":0.0,"event_name":"Tomb of Lord Red Mask","player_choice":"Ignored","floor":36.0,"gold_loss":0.0,"damage_taken":0.0},{"damage_healed":0.0,"max_hp_gain":0.0,"max_hp_loss":4.0,"gold_gain":0.0,"event_name":"Winding Halls","player_choice":"Max HP","floor":37.0,"gold_loss":0.0,"damage_taken":0.0},{"damage_healed":0.0,"max_hp_gain":0.0,"max_hp_loss":0.0,"gold_gain":0.0,"event_name":"SecretPortal","player_choice":"Ignored","floor":38.0,"gold_loss":0.0,"damage_taken":0.0}],"is_beta":false,"boss_relics":[{"not_picked":["Snecko Eye","HoveringKite"],"picked":"SacredBark"},{"not_picked":["Runic Pyramid","Sozu"],"picked":"Fusion Hammer"}],"items_purged_floors":[13,39],"is_endless":false,"potions_floor_spawned":[5,14,16,20,27,30,41,45],"ascension_level":16}}