{"host":"u94b8se4p65mmtuf","time":1610756607,"event":{"mods":["BaseMod","Downfall","Hubris","Infinite Spire","Jorbs\u0027s Wanderer Trilogy","Minty Spire (QoL Compilation)","Replay The Spire","StSLib","SuperFastMode","The Animator","The Jungle"],"gold_per_floor":[112,112,125,125,99,126,126,139,139,169,169,180,180,215,215,313,313,333,349,367,367,381,381,381,22,74,74,91,91,107,206,206,306,306,321,337,337,337,349,377,377,377,377,377,377,377],"floor_reached":45,"language":"ENG","playtime":1401,"items_purged":[],"score":510,"play_id":"b341bc5f-872a-490d-bf90-3cbf19e8e462","local_time":"20210115192327","is_ascension_mode":true,"campfire_choices":[{"data":"Beam Cell","floor":7,"key":"SMITH"},{"data":"Heavy Blade","floor":11,"key":"SMITH"},{"data":"Zap","floor":15,"key":"SMITH"},{"data":"ReplayTheSpireMod:Calculation Training","floor":23,"key":"SMITH"},{"data":"Barrage","floor":44,"key":"SMITH"}],"circlet_count":0,"master_deck":["Strike_B+1","Strike_B+1","Strike_B+1","Defend_B+1","Defend_B+1","Zap+1","Leap","Bash","Beam Cell+1","Heatsinks","Compile Driver","Core Surge","ReplayTheSpireMod:Calculation Training+1","Heavy Blade+1","BootSequence","Scrape","Double Tap","Coolheaded+1","Stack+1","hubris:PowerSurge+1","Finesse","infinitespire:Oblivion+1","Fusion+1","Meteor Strike","Capacitor+1","Amplify+1","hubris:DoWhile+1","Barrage+1","Barrage+1","infinitespire:Oblivion+1","Ball Lightning+1"],"relics":["Bird Faced Urn","Iron Core","Pantograph","hubris:BottledRain","infinitespire:Freezer","StoneCalendar","Ring of Chaos","hubris:Towel","Membership Card","Carrot","hubris:BallOfYels","infinitespire:EmpoweringShard","hubris:SlimyHat","Astrolabe","White Beast Statue","hubris:Icosahedron","Replay:Bottled Eggs"],"acts_visited":["Exordium","TheCity","TheBeyond"],"potions_floor_usage":[6,14,14,22,33,45],"damage_taken":[{"damage":5,"enemies":"2 Louse","floor":1,"turns":3},{"damage":6,"enemies":"Small Slimes","floor":3,"turns":3},{"damage":16,"enemies":"Gremlin Nob","floor":6,"turns":4},{"damage":6,"enemies":"Jaw Worm","floor":8,"turns":2},{"damage":12,"enemies":"3 Sentries","floor":10,"turns":6},{"damage":0,"enemies":"3 Louse","floor":12,"turns":3},{"damage":0,"enemies":"Lagavulin","floor":14,"turns":3},{"damage":19,"enemies":"Hexaghost","floor":16,"turns":7},{"damage":21,"enemies":"3 Byrds","floor":18,"turns":5},{"damage":7,"enemies":"Chosen","floor":19,"turns":4},{"damage":7,"enemies":"Snake Plant","floor":20,"turns":2},{"damage":2,"enemies":"Centurion and Healer","floor":22,"turns":6},{"damage":0,"enemies":"Shelled Parasite and Fungi","floor":28,"turns":3},{"damage":0,"enemies":"Snake Plant","floor":30,"turns":1},{"damage":35,"enemies":"Champ","floor":33,"turns":7},{"damage":0,"enemies":"3 Shapes","floor":35,"turns":7},{"damage":0,"enemies":"Orb Walker","floor":36,"turns":1},{"damage":33,"enemies":"4 Shapes","floor":39,"turns":5},{"damage":17,"enemies":"R_Hoarder","floor":40,"turns":5},{"damage":30,"enemies":"Reptomancer","floor":45,"turns":3}],"seed_played":"5722481014906271496","potions_obtained":[{"floor":1,"key":"Block Potion"},{"floor":6,"key":"Milkshake"},{"floor":12,"key":"SteroidPotion"},{"floor":16,"key":"Milkshake"},{"floor":19,"key":"Block Potion"},{"floor":20,"key":"Languid Potion"},{"floor":28,"key":"Doom Potion"},{"floor":35,"key":"DistilledChaos"}],"is_trial":false,"path_per_floor":["M","?","M","?","$","E","R","M","T","E","R","M","?","E","R","B",null,"M","M","M","?","M","R","?","$","T","?","M","AVR","M","?","R","B",null,"M","M","AVR","?","M","E","?","?","T","R","E"],"character_chosen":"DEFECT","items_purchased":["Compile Driver","Membership Card","hubris:PowerSurge+1","Carrot","Finesse"],"campfire_rested":0,"item_purchase_floors":[5,25,25,25,25],"current_hp_per_floor":[63,63,57,57,57,43,43,37,37,27,27,27,47,49,49,49,68,47,42,35,35,35,35,35,35,35,35,35,35,35,35,35,29,68,68,68,68,68,35,20,20,20,20,20,0,0],"gold":377,"neow_bonus":"ONE_RARE_RELIC","is_daily":false,"chose_seed":false,"campfire_upgraded":5,"win_rate":0.0,"timestamp":1610756607,"path_taken":["M","?","M","?","$","E","R","M","T","E","R","M","?","E","R","BOSS","M","M","M","?","M","R","?","?","T","?","?","AVR","M","?","R","BOSS","M","M","AVR","?","?","E","?","?","T","R","E"],"items_purchased_type":["Card","Relic","Card","Relic","Card"],"build_version":"2020-12-22","purchased_purges":0,"victory":false,"max_hp_per_floor":[68,68,68,68,68,68,68,68,68,68,68,68,68,68,68,68,68,68,68,68,68,68,68,68,68,68,68,68,68,68,68,68,68,68,68,68,68,68,68,68,68,68,68,68,68,68],"card_choices":[{"not_picked":["hubris:PowerSurge","Panic Button"],"picked":"Leap","floor":1},{"not_picked":["Lockon","Turbo"],"picked":"Beam Cell","floor":3},{"not_picked":["Tempest","Cold Snap"],"picked":"Core Surge","floor":6},{"not_picked":["FIFO Queue","Evolve"],"picked":"ReplayTheSpireMod:Calculation Training","floor":8},{"not_picked":["Headbutt","BasicCrystalCard"],"picked":"Heavy Blade","floor":10},{"not_picked":["Steam","Stack"],"picked":"BootSequence","floor":12},{"not_picked":["Capacitor","Heavy Blade"],"picked":"Scrape","floor":14},{"not_picked":["Rainbow","Mirror Shield"],"picked":"Double Tap","floor":16},{"not_picked":["Streamline","Blizzard","Leap"],"picked":"SKIP","floor":18},{"not_picked":["Panic Button+1","Aggregate"],"picked":"Coolheaded+1","floor":19},{"not_picked":["Consume","Steam"],"picked":"Stack+1","floor":20},{"not_picked":["Rebound","Go for the Eyes","Panic Button"],"picked":"SKIP","floor":22},{"not_picked":["Hologram","ReplayTheSpireMod:System Scan","Leap+1"],"picked":"SKIP","floor":28},{"not_picked":["ReplayGash","Gash"],"picked":"Fusion+1","floor":30},{"not_picked":["Mirror Shield","ReplayTheSpireMod:Fabricate Wheel"],"picked":"Meteor Strike","floor":33},{"not_picked":["Streamline+1","Redo+1"],"picked":"Barrage+1","floor":35},{"not_picked":["Beam Cell","Stack+1"],"picked":"Barrage","floor":36},{"not_picked":["Scrape+1","Steam"],"picked":"Ball Lightning+1","floor":39},{"not_picked":["Meteor Strike","ReplayTheSpireMod:System Scan+1","Rebound"],"picked":"SKIP","floor":40}],"player_experience":107815,"relics_obtained":[{"floor":6,"key":"Pantograph"},{"floor":9,"key":"hubris:BottledRain"},{"floor":10,"key":"infinitespire:Freezer"},{"floor":14,"key":"StoneCalendar"},{"floor":26,"key":"hubris:BallOfYels"},{"floor":27,"key":"infinitespire:EmpoweringShard"},{"floor":40,"key":"White Beast Statue"},{"floor":43,"key":"Replay:Bottled Eggs"}],"event_choices":[{"damage_healed":0,"gold_gain":0,"player_choice":"Simplicity","damage_taken":0,"max_hp_gain":0,"max_hp_loss":0,"event_name":"Back to Basics","floor":21,"gold_loss":0,"cards_upgraded":["Strike_B","Strike_B","Strike_B","Strike_B","Defend_B","Defend_B","Defend_B","Defend_B"]},{"damage_healed":0,"gold_gain":0,"player_choice":"Relic","damage_taken":0,"max_hp_gain":0,"max_hp_loss":0,"event_name":"Wheel of Change","floor":27,"gold_loss":0},{"damage_healed":0,"gold_gain":99,"player_choice":"Stole From Cult","damage_taken":0,"max_hp_gain":0,"max_hp_loss":0,"event_name":"Nest","floor":31,"gold_loss":0},{"damage_healed":0,"gold_gain":0,"player_choice":"Upgraded","damage_taken":0,"max_hp_gain":0,"max_hp_loss":0,"event_name":"Upgrade Shrine","floor":38,"gold_loss":0,"cards_upgraded":["infinitespire:Oblivion"]}],"is_beta":false,"boss_relics":[{"not_picked":["Pandora\u0027s Box","hubris:Backtick"],"picked":"Ring of Chaos"},{"not_picked":["Snecko Eye","Painkiller Herb"],"picked":"Astrolabe"}],"items_purged_floors":[],"is_endless":false,"potions_floor_spawned":[1,6,12,16,19,20,28,35,36],"killed_by":"Reptomancer","ascension_level":1}}