{"host":"sct5htsgcw1q318k","time":1610824425,"event":{"mods":["BaseMod","Colored Map","Minty Spire (QoL Compilation)","Permanent Neow"],"gold_per_floor":[119,119,139,12,23,23,38,73,100,111,111,143,153,166,166,238,238,257,257,257,271,290,318,334,334,334,364,364,393,413,438,438,512,512,522,109,126,145,157,187,198,230,230,243,243,273,2,54,54,54],"floor_reached":51,"language":"ENG","playtime":7349,"items_purged":["Pain"],"score":1750,"play_id":"45467a6d-c839-4529-b485-d61af879b0db","local_time":"20210116131345","is_ascension_mode":true,"campfire_choices":[{"data":"Feed","floor":6.0,"key":"SMITH"},{"data":"Carnage","floor":11.0,"key":"SMITH"},{"floor":15.0,"key":"REST"},{"data":"Ghostly","floor":25.0,"key":"SMITH"},{"data":"Ghostly","floor":28.0,"key":"SMITH"},{"data":"Shockwave","floor":32,"key":"SMITH"},{"data":"1","floor":45,"key":"LIFT"},{"data":"2","floor":49,"key":"LIFT"}],"circlet_count":0,"master_deck":["AscendersBane","Strike_R","Strike_R","Strike_R","Strike_R+1","Strike_R+1","Defend_R","Defend_R","Defend_R","Defend_R","Bash","Clumsy","Feed+1","Shrug It Off","Carnage+1","Cleave","Whirlwind","Flame Barrier","Shockwave+1","Dual Wield","True Grit","Corruption","Shrug It Off+1","Ghostly+1","Ghostly+1","Ghostly","Ghostly","Ghostly","Barricade","Dark Embrace+1","Shrug It Off","Impervious","Carnage","Shrug It Off","Twin Strike+1","Shrug It Off+1","Sentinel","Barricade","Sentinel","Entrench","Dual Wield+1"],"relics":["Burning Blood","WarpedTongs","Centennial Puzzle","Dream Catcher","Whetstone","Snecko Eye","GremlinMask","Self Forming Clay","Anchor","PreservedInsect","Akabeko","Darkstone Periapt","Fusion Hammer","Bag of Marbles","Sling","Girya","MealTicket","Eternal Feather","Potion Belt","Lantern","Pocketwatch"],"acts_visited":["Exordium","TheCity","TheBeyond"],"potions_floor_usage":[50,50,50,50],"damage_taken":[{"damage":3.0,"enemies":"2 Louse","floor":1.0,"turns":6.0},{"damage":9.0,"enemies":"Cultist","floor":3.0,"turns":3.0},{"damage":7.0,"enemies":"Jaw Worm","floor":5.0,"turns":4.0},{"damage":14.0,"enemies":"Looter","floor":7.0,"turns":3.0},{"damage":24.0,"enemies":"Lagavulin","floor":8.0,"turns":6.0},{"damage":12.0,"enemies":"Gremlin Gang","floor":10.0,"turns":5.0},{"damage":12.0,"enemies":"3 Sentries","floor":12.0,"turns":6.0},{"damage":6.0,"enemies":"Red Slaver","floor":13.0,"turns":2.0},{"damage":0.0,"enemies":"2 Fungi Beasts","floor":14.0,"turns":5.0},{"damage":37.0,"enemies":"The Guardian","floor":16.0,"turns":12.0},{"damage":9.0,"enemies":"Shell Parasite","floor":18.0,"turns":4.0},{"damage":2.0,"enemies":"Spheric Guardian","floor":21.0,"turns":7.0},{"damage":2.0,"enemies":"Centurion and Healer","floor":22.0,"turns":8.0},{"damage":6.0,"enemies":"Gremlin Leader","floor":23.0,"turns":7.0},{"damage":3.0,"enemies":"Snake Plant","floor":24.0,"turns":7.0},{"damage":0.0,"enemies":"Slavers","floor":27.0,"turns":10.0},{"damage":1.0,"enemies":"Gremlin Leader","floor":29.0,"turns":8.0},{"damage":0.0,"enemies":"Cultist and Chosen","floor":30.0,"turns":6.0},{"damage":0.0,"enemies":"Book of Stabbing","floor":31.0,"turns":4.0},{"damage":7,"enemies":"Champ","floor":33,"turns":10},{"damage":0,"enemies":"Orb Walker","floor":35,"turns":8},{"damage":2,"enemies":"3 Darklings","floor":37,"turns":4},{"damage":0,"enemies":"Sphere and 2 Shapes","floor":38,"turns":3},{"damage":8,"enemies":"Spire Growth","floor":39,"turns":5},{"damage":0,"enemies":"Reptomancer","floor":40,"turns":7},{"damage":0,"enemies":"Jaw Worm Horde","floor":41,"turns":2},{"damage":0,"enemies":"Nemesis","floor":42,"turns":3},{"damage":55,"enemies":"4 Shapes","floor":44,"turns":7},{"damage":0,"enemies":"Giant Head","floor":46,"turns":4},{"damage":0,"enemies":"2 Orb Walkers","floor":48,"turns":5},{"damage":4,"enemies":"Awakened One","floor":50,"turns":10}],"seed_played":"8457536682217039324","potions_obtained":[{"floor":1.0,"key":"AttackPotion"},{"floor":8.0,"key":"Energy Potion"},{"floor":14.0,"key":"Swift Potion"},{"floor":23.0,"key":"HeartOfIron"},{"floor":24.0,"key":"PowerPotion"},{"floor":33,"key":"BlessingOfTheForge"},{"floor":38,"key":"SteroidPotion"},{"floor":39,"key":"LiquidMemories"},{"floor":48,"key":"SkillPotion"}],"is_trial":false,"path_per_floor":["M","?","M","$","M","R","M","E","T","M","R","E","M","M","R","B",null,"M","?","?","M","M","E","M","R","T","E","R","E","M","E","R","B",null,"M","$","M","M","M","E","M","E","T","M","R","E","$","?","R","B",null],"character_chosen":"IRONCLAD","items_purchased":["SpeedPotion","Bag of Marbles","Sling","Carnage","Shrug It Off","Entrench","Lantern","FearPotion"],"campfire_rested":1,"item_purchase_floors":[4,36,36,36,36,47,47,47],"current_hp_per_floor":[74,74,74,74,76,76,72,58,58,56,56,54,58,68,100,73,102,103,58,58,62,70,74,78,78,78,86,86,90,98,102,102,105,106,110,110,110,110,112,118,118,122,122,77,98,108,123,133,134,138],"gold":54,"neow_bonus":"THREE_RARE_CARDS","is_daily":false,"chose_seed":false,"campfire_upgraded":5,"win_rate":0.0,"timestamp":1610824425,"path_taken":["M","?","M","$","M","R","?","E","T","M","R","E","?","M","R","BOSS","M","?","?","M","M","E","M","R","T","E","R","E","M","E","R","BOSS","M","$","M","M","M","E","M","E","T","?","R","E","?","?","R","BOSS"],"items_purchased_type":["Potion","Relic","Relic","Card","Card","Card","Relic","Potion"],"build_version":"2020-12-22","purchased_purges":1,"victory":true,"max_hp_per_floor":[78,78,81,81,84,84,88,92,92,96,96,100,104,108,108,112,112,116,58,58,62,70,74,78,78,78,86,86,90,98,102,102,106,106,110,110,110,110,114,118,118,122,122,126,126,130,130,134,134,138],"card_choices":[{"not_picked":["Demon Form","Limit Break"],"picked":"Feed","floor":0.0},{"not_picked":["Dark Embrace","Havoc","Sentinel"],"picked":"SKIP","floor":1.0},{"not_picked":["Thunderclap","Anger"],"picked":"Shrug It Off","floor":3.0},{"not_picked":["Warcry","Anger","Heavy Blade"],"picked":"SKIP","floor":5.0},{"not_picked":["True Grit","Thunderclap"],"picked":"Carnage","floor":7.0},{"not_picked":["Thunderclap","Iron Wave"],"picked":"Cleave","floor":8.0},{"not_picked":["Armaments","Body Slam"],"picked":"Whirlwind","floor":10.0},{"not_picked":["Headbutt","Bloodletting"],"picked":"Flame Barrier","floor":12.0},{"not_picked":["Clothesline","Anger"],"picked":"Shockwave","floor":13.0},{"not_picked":["Cleave","Berserk"],"picked":"Dual Wield","floor":14.0},{"not_picked":["Iron Wave","Clothesline"],"picked":"True Grit","floor":15.0},{"not_picked":["Bludgeon","Limit Break"],"picked":"Corruption","floor":16.0},{"not_picked":["Hemokinesis","Thunderclap"],"picked":"Shrug It Off+1","floor":18.0},{"not_picked":["Pommel Strike","Twin Strike","Rupture"],"picked":"SKIP","floor":21.0},{"not_picked":["Thunderclap","Rage","Warcry"],"picked":"SKIP","floor":22.0},{"not_picked":["Twin Strike","Combust"],"picked":"Barricade","floor":23.0},{"not_picked":["Carnage","Perfected Strike","Hemokinesis"],"picked":"SKIP","floor":24.0},{"not_picked":["Immolate","Power Through"],"picked":"Dark Embrace+1","floor":27.0},{"not_picked":["Uppercut","Berserk","Sever Soul+1"],"picked":"SKIP","floor":29.0},{"not_picked":["Headbutt","Perfected Strike"],"picked":"Shrug It Off","floor":30.0},{"not_picked":["Iron Wave","Second Wind","Flex"],"picked":"SKIP","floor":31},{"not_picked":["Brutality","Reaper"],"picked":"Impervious","floor":33},{"not_picked":["Burning Pact","Headbutt","Thunderclap"],"picked":"SKIP","floor":35},{"not_picked":["True Grit","Rage"],"picked":"Twin Strike+1","floor":37},{"not_picked":["Rupture","Armaments"],"picked":"Shrug It Off+1","floor":38},{"not_picked":["Clothesline","Anger+1","Rage+1"],"picked":"SKIP","floor":39},{"not_picked":["Anger","Flex"],"picked":"Sentinel","floor":40},{"not_picked":["Uppercut","Armaments"],"picked":"Barricade","floor":41},{"not_picked":["True Grit+1","Perfected Strike","Warcry"],"picked":"SKIP","floor":42},{"not_picked":["Inflame+1","Wild Strike+1"],"picked":"Sentinel","floor":44},{"not_picked":["Clash","Ghostly Armor","Headbutt"],"picked":"SKIP","floor":46},{"not_picked":["Searing Blow","Sword Boomerang"],"picked":"Dual Wield+1","floor":48}],"player_experience":822063,"relics_obtained":[{"floor":8.0,"key":"Centennial Puzzle"},{"floor":9.0,"key":"Dream Catcher"},{"floor":12.0,"key":"Whetstone"},{"floor":23.0,"key":"Self Forming Clay"},{"floor":26.0,"key":"Anchor"},{"floor":27.0,"key":"PreservedInsect"},{"floor":29.0,"key":"Akabeko"},{"floor":31,"key":"Darkstone Periapt"},{"floor":40,"key":"Girya"},{"floor":42,"key":"MealTicket"},{"floor":43,"key":"Eternal Feather"},{"floor":46,"key":"Potion Belt"},{"floor":48,"key":"Pocketwatch"}],"event_choices":[{"damage_healed":0.0,"max_hp_gain":0.0,"max_hp_loss":0.0,"gold_gain":0.0,"event_name":"Accursed Blacksmith","player_choice":"Rummage","floor":2.0,"gold_loss":0.0,"damage_taken":0.0,"relics_obtained":["WarpedTongs"],"cards_obtained":["Pain"]},{"damage_healed":0.0,"max_hp_gain":0.0,"max_hp_loss":58.0,"gold_gain":0.0,"event_name":"Ghosts","player_choice":"Became a Ghost","floor":19.0,"gold_loss":0.0,"damage_taken":0.0,"cards_obtained":["Ghostly","Ghostly","Ghostly","Ghostly","Ghostly"]},{"damage_healed":0.0,"max_hp_gain":0.0,"max_hp_loss":0.0,"gold_gain":0.0,"event_name":"FaceTrader","player_choice":"Trade","floor":20.0,"gold_loss":0.0,"damage_taken":0.0,"relics_obtained":["GremlinMask"]},{"damage_healed":0,"gold_gain":0,"player_choice":"Fight","damage_taken":0,"max_hp_gain":0,"max_hp_loss":0,"event_name":"Mysterious Sphere","floor":48,"gold_loss":0}],"is_beta":false,"boss_relics":[{"not_picked":["Velvet Choker","SacredBark"],"picked":"Snecko Eye"},{"not_picked":["Tiny House","Philosopher\u0027s Stone"],"picked":"Fusion Hammer"}],"items_purged_floors":[4],"is_endless":false,"potions_floor_spawned":[1,7,8,14,16,23,24,27,33,38,39,42,48],"ascension_level":14}}