{"host":"szp1d6dso4pv7ddl","time":1610770405,"event":{"mods":["AchievementEnabler","Alarm Clock","BaseMod","Bestiary","Block Reminder","Colored Map","Colored Powertips","Curses Come First","Dark Map","Displayed Cursed Tome","Highlight Path","Minty Spire (QoL Compilation)","Permanent Neow","Quick Restart","Relic Sorter","Relic Stats","StSLib","Synergy Search"],"gold_per_floor":[10,10,10,10,30,30,30,49,49,49,60,60,91,103,103,204,204,217,217,236,255,205,205,205],"floor_reached":23,"language":"ENG","playtime":948,"items_purged":["Strike_B"],"score":258,"play_id":"522d3319-5672-4da6-b571-ccb6f927bf7e","local_time":"20210115201325","is_ascension_mode":true,"campfire_choices":[{"data":"Reinforced Body","floor":6,"key":"SMITH"},{"data":"Streamline","floor":12,"key":"SMITH"},{"data":"Doom and Gloom","floor":15,"key":"SMITH"}],"circlet_count":0,"master_deck":["Strike_B","Strike_B","Defend_B","Defend_B","Zap+1","Doom and Gloom+1","Capacitor","Reinforced Body+1","Cold Snap","Streamline+1","Gash","Multi-Cast","Scrape+1","Coolheaded+1"],"relics":["Cracked Core","Velvet Choker","White Beast Statue","Prayer Wheel","Smiling Mask"],"acts_visited":["Exordium","TheCity"],"potions_floor_usage":[16,21,23,23,23],"damage_taken":[{"damage":0,"enemies":"Cultist","floor":1,"turns":4},{"damage":0,"enemies":"Small Slimes","floor":5,"turns":3},{"damage":7,"enemies":"Jaw Worm","floor":8,"turns":5},{"damage":6,"enemies":"Looter","floor":11,"turns":4},{"damage":6,"enemies":"Gremlin Nob","floor":13,"turns":3},{"damage":0,"enemies":"Large Slime","floor":14,"turns":4},{"damage":24,"enemies":"Hexaghost","floor":16,"turns":8},{"damage":10,"enemies":"Chosen","floor":18,"turns":4},{"damage":2,"enemies":"Spheric Guardian","floor":20,"turns":4},{"damage":5,"enemies":"Chosen and Byrds","floor":21,"turns":4},{"damage":49,"enemies":"Book of Stabbing","floor":23,"turns":4}],"seed_played":"-4288357250884239471","potions_obtained":[{"floor":1,"key":"Swift Potion"},{"floor":11,"key":"PowerPotion"},{"floor":13,"key":"DuplicationPotion"},{"floor":14,"key":"Block Potion"},{"floor":16,"key":"LiquidBronze"},{"floor":20,"key":"AttackPotion"},{"floor":21,"key":"SkillPotion"}],"is_trial":false,"path_per_floor":["M","?","?","$","M","R","?","M","T","?","M","R","E","M","R","B",null,"M","?","M","M","$","E"],"character_chosen":"DEFECT","items_purchased":[],"campfire_rested":0,"item_purchase_floors":[],"current_hp_per_floor":[68,68,73,73,73,73,66,59,59,59,53,53,47,47,47,23,66,56,56,54,49,49,0,0],"gold":205,"neow_bonus":"REMOVE_TWO","is_daily":false,"chose_seed":false,"campfire_upgraded":3,"win_rate":0.0,"timestamp":1610770405,"path_taken":["M","?","?","?","M","R","?","M","T","?","M","R","E","M","R","BOSS","M","?","M","?","$","E"],"items_purchased_type":[],"build_version":"2020-12-22","purchased_purges":1,"victory":false,"max_hp_per_floor":[75,75,80,80,80,80,80,80,80,80,80,80,80,80,80,80,80,80,80,80,80,80,80,80],"relic_stats":{"counters":[11,47],"Prayer Wheel":4,"Smiling Mask":25,"obtain_stats":[{"Velvet Choker":17,"Prayer Wheel":13,"Cracked Core":0,"Smiling Mask":19,"White Beast Statue":9},{"Velvet Choker":7,"Prayer Wheel":5,"Cracked Core":0,"Smiling Mask":8,"White Beast Statue":3},{"Velvet Choker":31,"Prayer Wheel":19,"Cracked Core":0,"Smiling Mask":35,"White Beast Statue":12}]},"card_choices":[{"not_picked":["Ball Lightning","Conserve Battery"],"picked":"Doom and Gloom","floor":1},{"not_picked":["Recycle","Coolheaded"],"picked":"Reinforced Body","floor":5},{"not_picked":["Go for the Eyes","Lockon"],"picked":"Cold Snap","floor":8},{"not_picked":["Go for the Eyes","Sweeping Beam"],"picked":"Streamline","floor":11},{"not_picked":["Thunder Strike","Streamline","Ball Lightning"],"picked":"SKIP","floor":13},{"not_picked":["Barrage","Steam"],"picked":"Gash","floor":14},{"not_picked":["Turbo","Fusion","Go for the Eyes"],"picked":"SKIP","floor":14},{"not_picked":["Core Surge","Hyperbeam"],"picked":"Multi-Cast","floor":16},{"not_picked":["Lockon","Cold Snap"],"picked":"Scrape+1","floor":18},{"not_picked":["Cold Snap","Conserve Battery+1","Lockon"],"picked":"SKIP","floor":18},{"not_picked":["Cold Snap","Conserve Battery+1","Lockon"],"picked":"SKIP","floor":18},{"not_picked":["Steam","White Noise","Consume"],"picked":"SKIP","floor":20},{"not_picked":["Lockon","Steam Power+1","Glacier"],"picked":"SKIP","floor":20},{"not_picked":["Steam","White Noise","Consume"],"picked":"SKIP","floor":20},{"not_picked":["Lockon","Steam Power+1","Glacier"],"picked":"SKIP","floor":20},{"not_picked":["Leap","Stack"],"picked":"Coolheaded+1","floor":21},{"not_picked":["Ball Lightning+1","Undo","Barrage"],"picked":"SKIP","floor":21}],"player_experience":1181677,"relics_obtained":[{"floor":9,"key":"White Beast Statue"},{"floor":13,"key":"Prayer Wheel"}],"event_choices":[{"damage_healed":0,"gold_gain":0,"cards_transformed":["Dualcast"],"player_choice":"Change","damage_taken":0,"max_hp_gain":0,"max_hp_loss":0,"event_name":"Living Wall","floor":2,"gold_loss":0,"cards_obtained":["Capacitor"]},{"damage_healed":0,"gold_gain":0,"player_choice":"Donut","damage_taken":0,"max_hp_gain":5,"max_hp_loss":0,"event_name":"Big Fish","floor":3,"gold_loss":0},{"cards_removed":["Defend_B"],"damage_healed":0,"gold_gain":0,"player_choice":"Card Removal","damage_taken":7,"max_hp_gain":0,"max_hp_loss":0,"event_name":"Golden Wing","floor":7,"gold_loss":0},{"damage_healed":0,"gold_gain":0,"player_choice":"Forge","damage_taken":0,"max_hp_gain":0,"max_hp_loss":0,"event_name":"Accursed Blacksmith","floor":10,"gold_loss":0,"cards_upgraded":["Zap"]},{"damage_healed":0,"gold_gain":0,"player_choice":"Gave Potion","damage_taken":0,"relics_obtained":["Smiling Mask"],"max_hp_gain":0,"max_hp_loss":0,"event_name":"WeMeetAgain","floor":19,"gold_loss":0}],"is_beta":false,"boss_relics":[{"not_picked":["Sozu","Astrolabe"],"picked":"Velvet Choker"}],"items_purged_floors":[22],"is_endless":false,"potions_floor_spawned":[1,11,13,14,16,18,20,21],"killed_by":"Book of Stabbing","ascension_level":7}}