{"host":"cdcsem0stf6rethc","time":1610767175,"event":{"mods":["AchievementEnabler","BaseMod","Colored Map","Highlight Path","Marisa£®ÏF”Í°°ƒß¿Ì…≥£©","Minty Spire (QoL Compilation)","StSLib"],"gold_per_floor":[109,109,125,125,125,125,145,179,179,179,203,203,156,169,169,293,293,314,337,154,429,429,429],"floor_reached":22,"language":"ENG","playtime":1247,"items_purged":[],"score":184,"play_id":"f51868fc-0b3b-441a-ab20-cd7536e60bb0","local_time":"20210116111935","is_ascension_mode":false,"campfire_choices":[{"data":"NonDirectionalLaser","floor":6,"key":"SMITH"},{"data":"FairyDestructionRay","floor":10,"key":"SMITH"},{"data":"OpenUniverse","floor":12,"key":"SMITH"},{"floor":15,"key":"REST"}],"circlet_count":0,"master_deck":["Strike_MRS","Strike_MRS","Strike_MRS","Strike_MRS","Defend_MRS","Defend_MRS","Defend_MRS","Defend_MRS","MasterSpark","UpSweep","NonDirectionalLaser+1","StarBarrage+1","FairyDestructionRay+1","OpenUniverse+1","DeepEcoloBomb","MysteriousBeam","JA","Robbery+1","DC","WitchOfGreed"],"relics":["BewitchedHakkero","NeowsBlessing","Golden Idol","Gremlin Horn","Kunai","Omamori","Mummified Hand"],"acts_visited":["Exordium","TheCity"],"potions_floor_usage":[16,16,16,22,22],"damage_taken":[{"damage":0,"enemies":"2 Louse","floor":1,"turns":1},{"damage":0,"enemies":"Jaw Worm","floor":3,"turns":1},{"damage":0,"enemies":"Cultist","floor":7,"turns":1},{"damage":28,"enemies":"Gremlin Nob","floor":8,"turns":4},{"damage":0,"enemies":"Large Slime","floor":11,"turns":4},{"damage":20,"enemies":"Looter","floor":14,"turns":3},{"damage":29,"enemies":"The Guardian","floor":16,"turns":9},{"damage":7,"enemies":"Chosen","floor":18,"turns":3},{"damage":21,"enemies":"Shell Parasite","floor":19,"turns":4},{"damage":47,"enemies":"Shelled Parasite and Fungi","floor":22,"turns":3}],"seed_played":"8696287418958133711","potions_obtained":[{"floor":3,"key":"ShroomBrew"},{"floor":5,"key":"Weak Potion"},{"floor":5,"key":"PowerPotion"},{"floor":16,"key":"ColorlessPotion"},{"floor":19,"key":"SkillPotion"}],"is_trial":false,"path_per_floor":["M","?","M","?","?","R","M","E","T","R","M","R","?","M","R","B",null,"M","M","$","?","M"],"character_chosen":"MARISA","items_purchased":["WitchOfGreed","Omamori"],"campfire_rested":1,"item_purchase_floors":[20,20],"current_hp_per_floor":[75,57,57,57,57,57,57,29,29,29,29,29,29,9,31,2,75,68,47,47,47,0,0],"gold":429,"neow_bonus":"THREE_ENEMY_KILL","is_daily":false,"chose_seed":false,"campfire_upgraded":3,"win_rate":0.0,"timestamp":1610767175,"path_taken":["M","?","M","?","?","R","?","E","T","R","M","R","?","M","R","BOSS","M","M","$","?","?"],"items_purchased_type":["Card","Relic"],"build_version":"2020-12-22","purchased_purges":0,"victory":false,"max_hp_per_floor":[75,75,75,75,75,75,75,75,75,75,75,75,75,75,75,75,75,75,75,75,75,75,75],"card_choices":[{"not_picked":["6A","GrandCross"],"picked":"NonDirectionalLaser","floor":1},{"not_picked":["GravityBeat","MilkyWay"],"picked":"StarBarrage","floor":3},{"not_picked":["DragonMeteor","ManaConvection"],"picked":"FairyDestructionRay","floor":7},{"not_picked":["DC","MagicAbsorber"],"picked":"OpenUniverse","floor":8},{"not_picked":["MilkyWay","PropBag"],"picked":"DeepEcoloBomb","floor":11},{"not_picked":["AsteroidBelt","DC"],"picked":"MysteriousBeam","floor":14},{"not_picked":["SuperNova","AbsoluteMagnitude"],"picked":"JA","floor":16},{"not_picked":["DC","NonDirectionalLaser"],"picked":"Robbery+1","floor":18},{"not_picked":["WitchLeyline+1","GravityBeat"],"picked":"DC","floor":19}],"player_experience":73312,"relics_obtained":[{"floor":8,"key":"Gremlin Horn"},{"floor":9,"key":"Kunai"}],"event_choices":[{"damage_healed":0,"gold_gain":0,"player_choice":"Take Damage","damage_taken":18,"relics_obtained":["Golden Idol"],"max_hp_gain":0,"max_hp_loss":0,"event_name":"Golden Idol","floor":2,"gold_loss":0},{"damage_healed":0,"gold_gain":0,"player_choice":"Grow","damage_taken":0,"max_hp_gain":0,"max_hp_loss":0,"event_name":"Living Wall","floor":4,"gold_loss":0,"cards_upgraded":["StarBarrage"]},{"damage_healed":0,"gold_gain":0,"player_choice":"Got Potions","damage_taken":0,"max_hp_gain":0,"max_hp_loss":0,"event_name":"Lab","floor":5,"gold_loss":0},{"damage_healed":0,"gold_gain":0,"player_choice":"Left Gold","damage_taken":0,"max_hp_gain":0,"max_hp_loss":0,"event_name":"World of Goop","floor":13,"gold_loss":47},{"damage_healed":0,"gold_gain":275,"player_choice":"Desecrate","damage_taken":0,"max_hp_gain":0,"max_hp_loss":0,"event_name":"Golden Shrine","floor":21,"gold_loss":0,"cards_obtained":["Regret"]}],"is_beta":false,"boss_relics":[{"not_picked":["Black Star","Ectoplasm"],"picked":"BewitchedHakkero"}],"items_purged_floors":[],"is_endless":false,"potions_floor_spawned":[3,7,11,16,19],"killed_by":"Shelled Parasite and Fungi","ascension_level":0}}