{"host":"Krakhan","time":1610819475,"event":{"mods":["AchievementEnabler","BaseMod","Colored Map","Colored Powertips","Faster Ascension Climbing","Highlight Path","Minty Spire (QoL Compilation)","Rare Cards Sparkle","Relic Stats","StSLib"],"gold_per_floor":[116,130,145,223,242,242,273,273,573,573,588,37,64,84,84,180,180,190,190,200,200,125,154,164,15,41,140,140,166,179,213,213,311,311,330,330,343,37,52,79,95,125,125,141,46,61,283,283,283,283],"floor_reached":51,"language":"ENG","playtime":3163,"items_purged":["Strike_B"],"score":949,"play_id":"76640b5e-051b-4436-8b73-434d6394b56d","local_time":"20210116125115","is_ascension_mode":true,"campfire_choices":[{"data":"Defragment","floor":6.0,"key":"SMITH"},{"data":"Beam Cell","floor":8.0,"key":"SMITH"},{"data":"Defragment","floor":15.0,"key":"SMITH"},{"floor":32,"key":"REST"},{"floor":49,"key":"REST"}],"circlet_count":0,"master_deck":["Strike_B+1","Strike_B+1","Defend_B+1","Defend_B+1","Defend_B+1","Zap+1","Dualcast+1","Defragment+1","Beam Cell+1","Conserve Battery+1","Barrage+1","Machine Learning+1","Defragment+1","Multi-Cast+1","Core Surge+1","Hologram+1","Ghostly+1","Ghostly+1","Ghostly+1","Ghostly+1","Ghostly+1","Capacitor+1","Cold Snap+1","Coolheaded+1","Glacier+1","Seek+1","Echo Form+1","Compile Driver+1","Echo Form+1","Chaos+1","Loop+1","Barrage+1","Hologram+1"],"relics":["Nuclear Battery","Meat on the Bone","Darkstone Periapt","Old Coin","Bottled Tornado","Toolbox","Bronze Scales","Fusion Hammer","Juzu Bracelet","Letter Opener","ClockworkSouvenir","Tiny Chest","Red Mask","Torii","Runic Pyramid","Blood Vial","DollysMirror","DataDisk","Akabeko","Eternal Feather","Bottled Flame","Mark of the Bloom"],"acts_visited":["Exordium","TheCity","TheBeyond"],"potions_floor_usage":[23,50,50,50],"damage_taken":[{"damage":1.0,"enemies":"Cultist","floor":1.0,"turns":4.0},{"damage":0.0,"enemies":"Small Slimes","floor":2.0,"turns":4.0},{"damage":1.0,"enemies":"Jaw Worm","floor":3.0,"turns":3.0},{"damage":10.0,"enemies":"Large Slime","floor":5.0,"turns":5.0},{"damage":21.0,"enemies":"Gremlin Nob","floor":7.0,"turns":5.0},{"damage":7.0,"enemies":"2 Fungi Beasts","floor":11.0,"turns":4.0},{"damage":5.0,"enemies":"3 Sentries","floor":13.0,"turns":14.0},{"damage":14.0,"enemies":"Blue Slaver","floor":14.0,"turns":3.0},{"damage":35.0,"enemies":"Hexaghost","floor":16.0,"turns":9.0},{"damage":15.0,"enemies":"3 Byrds","floor":18.0,"turns":3.0},{"damage":2,"enemies":"Chosen","floor":20,"turns":5},{"damage":5,"enemies":"Book of Stabbing","floor":23,"turns":5},{"damage":4,"enemies":"Snake Plant","floor":24,"turns":5},{"damage":2,"enemies":"Masked Bandits","floor":29,"turns":3},{"damage":0,"enemies":"Centurion and Healer","floor":30,"turns":7},{"damage":0,"enemies":"Slavers","floor":31,"turns":3},{"damage":2,"enemies":"Champ","floor":33,"turns":13},{"damage":1,"enemies":"Orb Walker","floor":35,"turns":5},{"damage":2,"enemies":"3 Darklings","floor":37,"turns":5},{"damage":3,"enemies":"Writhing Mass","floor":39,"turns":7},{"damage":0,"enemies":"Giant Head","floor":40,"turns":8},{"damage":1,"enemies":"Transient","floor":41,"turns":5},{"damage":0,"enemies":"Reptomancer","floor":42,"turns":7},{"damage":0,"enemies":"Maw","floor":44,"turns":7},{"damage":0,"enemies":"Writhing Mass","floor":46,"turns":9},{"damage":0,"enemies":"Donu and Deca","floor":50,"turns":9}],"seed_played":"4907767479906412306","potions_obtained":[{"floor":3.0,"key":"SmokeBomb"},{"floor":5.0,"key":"Strength Potion"},{"floor":7.0,"key":"FocusPotion"},{"floor":13.0,"key":"EssenceOfSteel"},{"floor":16.0,"key":"EssenceOfSteel"},{"floor":23,"key":"FearPotion"},{"floor":29,"key":"SkillPotion"},{"floor":35,"key":"Ancient Potion"},{"floor":44,"key":"EssenceOfSteel"}],"is_trial":false,"path_per_floor":["M","M","M","T","M","R","E","R","T","?","M","$","E","M","R","B",null,"M","?","M","?","?","E","M","$","T","?","?","?","M","E","R","B",null,"M","T","M","$","M","E","M","E","T","M","$","M","?","?","R","B",null],"character_chosen":"DEFECT","items_purchased":["Defragment","Bottled Tornado","Toolbox","ClockworkSouvenir","DollysMirror","DataDisk","CultistPotion"],"campfire_rested":2,"item_purchase_floors":[12,12,12,25,38,38,45],"current_hp_per_floor":[74,74,73,73,63,63,42,42,42,35,40,40,47,45,45,22,75,60,37,35,35,35,30,26,26,26,26,22,32,32,32,42,40,42,41,41,40,40,39,41,41,42,42,42,42,42,42,42,42,42],"gold":283,"neow_bonus":"BOSS_RELIC","is_daily":false,"chose_seed":false,"campfire_upgraded":3,"win_rate":0.0,"timestamp":1610819475,"path_taken":["M","?","M","?","M","R","E","R","T","?","M","$","E","M","R","BOSS","M","?","M","?","?","E","M","$","T","?","?","?","M","E","R","BOSS","M","?","M","?","M","E","M","E","T","M","$","M","?","?","R","BOSS"],"items_purchased_type":["Card","Relic","Relic","Relic","Relic","Relic","Potion"],"build_version":"2020-12-18","purchased_purges":1,"victory":true,"max_hp_per_floor":[75,75,75,75,75,75,75,75,75,75,75,75,75,75,75,75,75,75,37,37,37,37,37,37,37,37,37,42,42,42,42,42,42,42,42,42,42,42,42,42,42,42,42,42,42,42,42,42,42,42],"relic_stats":{"Darkstone Periapt":0,"Blood Vial":7,"Mark of the Bloom":32,"Torii":5,"counters":[26,157],"Bronze Scales":[457],"Tiny Chest":1,"Eternal Feather":0,"Juzu Bracelet":1,"Letter Opener":[343],"obtain_stats":[{"Darkstone Periapt":7,"Mark of the Bloom":48,"Torii":31,"Eternal Feather":42,"Juzu Bracelet":21,"Letter Opener":23,"Bottled Tornado":12,"Akabeko":40,"Nuclear Battery":0,"Old Coin":9,"ClockworkSouvenir":25,"Blood Vial":36,"DataDisk":38,"Bottled Flame":43,"DollysMirror":38,"Bronze Scales":13,"Toolbox":12,"Tiny Chest":26,"Fusion Hammer":17,"Red Mask":29,"Cracked Core":0,"Meat on the Bone":4,"Runic Pyramid":34},{"Darkstone Periapt":5,"Mark of the Bloom":25,"Torii":16,"Eternal Feather":23,"Juzu Bracelet":11,"Letter Opener":12,"Bottled Tornado":6,"Akabeko":21,"Nuclear Battery":0,"Old Coin":5,"ClockworkSouvenir":13,"Blood Vial":18,"DataDisk":19,"Bottled Flame":23,"DollysMirror":19,"Bronze Scales":7,"Toolbox":6,"Tiny Chest":13,"Fusion Hammer":9,"Red Mask":14,"Cracked Core":0,"Meat on the Bone":3,"Runic Pyramid":17},{"Darkstone Periapt":21,"Mark of the Bloom":148,"Torii":82,"Eternal Feather":132,"Juzu Bracelet":59,"Letter Opener":64,"Bottled Tornado":25,"Akabeko":120,"Nuclear Battery":0,"Old Coin":21,"ClockworkSouvenir":69,"Blood Vial":100,"DataDisk":105,"Bottled Flame":132,"DollysMirror":105,"Bronze Scales":39,"Toolbox":25,"Tiny Chest":69,"Fusion Hammer":51,"Red Mask":72,"Cracked Core":0,"Meat on the Bone":11,"Runic Pyramid":95}],"Meat on the Bone":60},"card_choices":[{"not_picked":["Turbo","Consume"],"picked":"Defragment","floor":1.0},{"not_picked":["Leap","Stack","Storm"],"picked":"SKIP","floor":2.0},{"not_picked":["Turbo","Steam"],"picked":"Beam Cell","floor":3.0},{"not_picked":["Chill","Turbo"],"picked":"Conserve Battery","floor":5.0},{"not_picked":["Coolheaded","Recycle"],"picked":"Barrage","floor":7.0},{"not_picked":["Conserve Battery","Steam"],"picked":"Machine Learning","floor":11.0},{"not_picked":["Compile Driver","Force Field"],"picked":"Multi-Cast","floor":13.0},{"not_picked":["Beam Cell","Reprogram","Stack"],"picked":"SKIP","floor":14.0},{"not_picked":["Reboot","Fission"],"picked":"Core Surge","floor":16.0},{"not_picked":["Genetic Algorithm","Beam Cell"],"picked":"Hologram","floor":18},{"not_picked":["Compile Driver","Glacier"],"picked":"Capacitor+1","floor":20},{"not_picked":["Ball Lightning","Consume"],"picked":"Cold Snap","floor":23},{"not_picked":["Barrage+1","Static Discharge"],"picked":"Coolheaded+1","floor":24},{"not_picked":["Conserve Battery+1","Beam Cell"],"picked":"Glacier","floor":29},{"not_picked":["Stack","Go for the Eyes","Double Energy"],"picked":"SKIP","floor":30},{"not_picked":["Conserve Battery","Steam Power"],"picked":"Seek","floor":31},{"not_picked":["Fission","Multi-Cast"],"picked":"Echo Form","floor":33},{"not_picked":["Steam+1","Turbo","Gash"],"picked":"SKIP","floor":35},{"not_picked":["Coolheaded+1","Turbo"],"picked":"Compile Driver+1","floor":37},{"not_picked":["Go for the Eyes","Rebound+1"],"picked":"Chaos+1","floor":39},{"not_picked":["Conserve Battery","Static Discharge+1"],"picked":"Loop+1","floor":40},{"not_picked":["Lockon","FTL","BootSequence"],"picked":"SKIP","floor":41},{"not_picked":["Rip and Tear+1","Sunder","Blizzard"],"picked":"SKIP","floor":42},{"not_picked":["Leap","Chill","Barrage"],"picked":"SKIP","floor":44},{"not_picked":["Leap","Chill"],"picked":"Barrage","floor":44},{"not_picked":["Compile Driver","Beam Cell+1"],"picked":"Hologram","floor":46}],"player_experience":1326991,"relics_obtained":[{"floor":4.0,"key":"Meat on the Bone"},{"floor":7.0,"key":"Darkstone Periapt"},{"floor":9.0,"key":"Old Coin"},{"floor":13.0,"key":"Bronze Scales"},{"floor":23,"key":"Letter Opener"},{"floor":26,"key":"Tiny Chest"},{"floor":29,"key":"Red Mask"},{"floor":31,"key":"Torii"},{"floor":36,"key":"Blood Vial"},{"floor":40,"key":"Akabeko"},{"floor":42,"key":"Eternal Feather"},{"floor":43,"key":"Bottled Flame"}],"event_choices":[{"cards_removed":["Strike_B"],"damage_healed":0.0,"max_hp_gain":0.0,"max_hp_loss":0.0,"gold_gain":0.0,"event_name":"Golden Wing","player_choice":"Card Removal","floor":10.0,"gold_loss":0.0,"damage_taken":7.0},{"damage_healed":0,"gold_gain":0,"player_choice":"Became a Ghost","damage_taken":0,"max_hp_gain":0,"max_hp_loss":38,"event_name":"Ghosts","floor":19,"gold_loss":0,"cards_obtained":["Ghostly","Ghostly","Ghostly","Ghostly","Ghostly"]},{"damage_healed":0,"gold_gain":0,"player_choice":"Opened","damage_taken":0,"relics_obtained":["Juzu Bracelet"],"max_hp_gain":0,"max_hp_loss":0,"event_name":"The Mausoleum","floor":21,"gold_loss":0},{"cards_removed":["Defend_B"],"damage_healed":0,"gold_gain":0,"player_choice":"Gave Gold","damage_taken":0,"max_hp_gain":0,"max_hp_loss":0,"event_name":"Beggar","floor":22,"gold_loss":75},{"damage_healed":0,"gold_gain":99,"player_choice":"Stole From Cult","damage_taken":0,"max_hp_gain":0,"max_hp_loss":0,"event_name":"Nest","floor":27,"gold_loss":0},{"damage_healed":0,"gold_gain":0,"player_choice":"Shed Blood","damage_taken":9,"max_hp_gain":5,"max_hp_loss":0,"event_name":"Forgotten Altar","floor":28,"gold_loss":0},{"damage_healed":0,"gold_gain":0,"player_choice":"Fought Bandits","damage_taken":0,"max_hp_gain":0,"max_hp_loss":0,"event_name":"Masked Bandits","floor":29,"gold_loss":0},{"damage_healed":0,"gold_gain":222,"player_choice":"Wore Mask","damage_taken":0,"max_hp_gain":0,"max_hp_loss":0,"event_name":"Tomb of Lord Red Mask","floor":47,"gold_loss":0},{"damage_healed":0,"gold_gain":0,"player_choice":"Upgrade","damage_taken":0,"relics_obtained":["Mark of the Bloom"],"max_hp_gain":0,"max_hp_loss":0,"event_name":"MindBloom","floor":48,"gold_loss":0,"cards_upgraded":["Strike_B","Strike_B","Defend_B","Defend_B","Defend_B","Zap","Dualcast","Conserve Battery","Barrage","Machine Learning","Multi-Cast","Core Surge","Hologram","Ghostly","Ghostly","Ghostly","Ghostly","Ghostly","Cold Snap","Glacier","Seek","Echo Form","Echo Form","Barrage","Hologram"]}],"is_beta":true,"boss_relics":[{"not_picked":["SacredBark","Tiny House"],"picked":"Fusion Hammer"},{"not_picked":["Black Star","Philosopher\u0027s Stone"],"picked":"Runic Pyramid"}],"items_purged_floors":[12],"is_endless":false,"potions_floor_spawned":[3,5,7,13,16,23,29,31,33,35,37,40,41,44],"ascension_level":1}}