{"host":"7vlopc64487frs6y","time":1610814178,"event":{"mods":["Aspiration","BaseMod","BetterRewards","Colored Map","Good Game Mod","Highlight Path","Minty Spire (QoL Compilation)","Quick Restart","Replay The Spire","Shop Mod","StSLib","TestMod","Unceasing Turn Reminder"],"gold_per_floor":[110,122,138,158,158,191,191,231,254,274,40,58,58,96,96,212,212,229,250,9,35,35,35,81,108,154,154,194,220,259,38,38,151,151,151],"floor_reached":34,"language":"ZHS","playtime":2308,"items_purged":["Defend_G","Strike_G"],"score":971,"play_id":"bcbf0f1a-baa7-4316-b426-1bf172ee5ed4","local_time":"20210117002258","is_ascension_mode":true,"campfire_choices":[{"data":"Acrobatics","floor":7.0,"key":"SMITH"},{"floor":13.0,"key":"RECALL"},{"data":"Well Laid Plans","floor":15.0,"key":"SMITH"},{"data":"Deep Breath","floor":23.0,"key":"SMITH"},{"data":"Blade Dance","floor":32.0,"key":"SMITH"}],"circlet_count":0,"master_deck":["AscendersBane","Strike_G","Strike_G","Strike_G","Strike_G","Defend_G","Defend_G","Defend_G","Defend_G","Survivor","Neutralize","Acrobatics+1","Cloak And Dagger+1","Quick Slash","Backstab","Swift Strike","Well Laid Plans+1","Adrenaline","Blade Dance+1","Accuracy","Deep Breath+1","Backflip","Acrobatics","Choke+1","Slice","Burst"],"relics":["Ring of the Snake","testmod-TestBox","testmod-DeterminationOfClimber","NeowsBlessing","Snake Skull","Bag of Preparation","Boot","testmod-Prudence","Akabeko","testmod-TurbochargingSystem","MawBank"],"acts_visited":[],"potions_floor_usage":[],"damage_taken":[{"damage":0.0,"enemies":"2 Louse","floor":1.0,"turns":1.0},{"damage":0.0,"enemies":"Jaw Worm","floor":2.0,"turns":1.0},{"damage":0.0,"enemies":"Cultist","floor":3.0,"turns":1.0},{"damage":11.0,"enemies":"Gremlin Gang","floor":4.0,"turns":4.0},{"damage":22.0,"enemies":"Gremlin Nob","floor":6.0,"turns":5.0},{"damage":0.0,"enemies":"3 Sentries","floor":8.0,"turns":6.0},{"damage":7.0,"enemies":"Large Slime","floor":10.0,"turns":4.0},{"damage":0.0,"enemies":"Exordium Thugs","floor":12.0,"turns":2.0},{"damage":0.0,"enemies":"Gremlin Nob","floor":14.0,"turns":1.0},{"damage":3.0,"enemies":"Hexaghost","floor":16.0,"turns":5.0},{"damage":0.0,"enemies":"Shell Parasite","floor":18.0,"turns":1.0},{"damage":0.0,"enemies":"Chosen","floor":19.0,"turns":2.0},{"damage":0.0,"enemies":"Snake Plant","floor":21.0,"turns":1.0},{"damage":2.0,"enemies":"Slavers","floor":24.0,"turns":2.0},{"damage":0.0,"enemies":"Shelled Parasite and Fungi","floor":25.0,"turns":1.0},{"damage":0.0,"enemies":"HollowMod:Nosk","floor":28.0,"turns":2.0},{"damage":0.0,"enemies":"3 Cultists","floor":29.0,"turns":1.0},{"damage":0.0,"enemies":"Slavers","floor":30.0,"turns":1.0},{"damage":0.0,"enemies":"Collector","floor":33.0,"turns":1.0}],"seed_played":"-1581140071193729507","potions_obtained":[{"floor":1.0,"key":"SpeedPotion"},{"floor":2.0,"key":"Weak Potion"},{"floor":3.0,"key":"Strength Potion"},{"floor":14.0,"key":"PowerPotion"},{"floor":24.0,"key":"EssenceOfSteel"},{"floor":27.0,"key":"EntropicBrew"}],"is_trial":false,"path_per_floor":["M","M","M","M","?","E","R","E","T","M","$","M","R","E","R","B",null,"M","M","$","M","$","R","E","M","T","?","E","M","E","$","R","B",null],"character_chosen":"THE_SILENT","items_purchased":["Backstab","Swift Strike","Blade Dance","Accuracy","Deep Breath","Backflip","Slice","Burst"],"campfire_rested":0,"item_purchase_floors":[11,11,20,20,20,20,31,31],"current_hp_per_floor":[63,63,63,56,56,40,40,49,49,49,49,55,55,62,62,70,70,70,70,70,70,70,70,70,70,70,70,70,70,70,70,70,70,70,70],"gold":151,"neow_bonus":"THREE_ENEMY_KILL","is_daily":false,"chose_seed":false,"campfire_upgraded":4,"win_rate":0.0,"timestamp":1610814178,"path_taken":["M","M","M","M","?","E","R","E","T","M","$","M","R","E","R","BOSS","M","M","$","M","$","R","E","M","T","?","E","M","E","?","R","BOSS"],"items_purchased_type":["Card","Card","Card","Card","Card","Card","Card","Card"],"build_version":"2020-12-22","purchased_purges":2,"victory":false,"max_hp_per_floor":[70,70,70,70,70,70,70,70,70,70,70,70,70,70,70,70,70,70,70,70,70,70,70,70,70,70,70,70,70,70,70,70,70,70,70],"card_choices":[{"not_picked":["All Out Attack","PiercingWail","Bouncing Flask"],"picked":"SKIP","floor":1.0},{"not_picked":["Distraction","PiercingWail"],"picked":"Acrobatics","floor":2.0},{"not_picked":["Predator","Outmaneuver"],"picked":"Cloak And Dagger","floor":3.0},{"not_picked":["Underhanded Strike","Dagger Spray"],"picked":"Quick Slash","floor":4.0},{"not_picked":["Well Laid Plans","Glass Knife","Backflip"],"picked":"SKIP","floor":6.0},{"not_picked":["Crippling Poison","Dagger Throw","Flechettes"],"picked":"SKIP","floor":8.0},{"not_picked":["Dagger Spray","Poisoned Stab","Acrobatics"],"picked":"SKIP","floor":10.0},{"not_picked":["Dodge and Roll","Underhanded Strike","Prepared"],"picked":"SKIP","floor":12.0},{"not_picked":["PiercingWail","Underhanded Strike"],"picked":"Well Laid Plans","floor":14.0},{"not_picked":["Tools of the Trade","Malaise"],"picked":"Adrenaline","floor":16.0},{"not_picked":["All Out Attack","Reflex","Deadly Poison+1"],"picked":"SKIP","floor":18.0},{"not_picked":["Flying Knee","Dash","Outmaneuver"],"picked":"SKIP","floor":19.0},{"not_picked":["Outmaneuver","Footwork"],"picked":"Acrobatics","floor":21.0},{"not_picked":["Night Terror","Dagger Throw","Finisher"],"picked":"SKIP","floor":24.0},{"not_picked":["PiercingWail","Sucker Punch","Cloak And Dagger"],"picked":"SKIP","floor":25.0},{"not_picked":["Footwork","Glass Knife"],"picked":"Choke+1","floor":28.0},{"not_picked":["PiercingWail+1","Outmaneuver","Underhanded Strike"],"picked":"SKIP","floor":29.0},{"not_picked":["Predator","Deadly Poison","Well Laid Plans"],"picked":"SKIP","floor":30.0}],"player_experience":626243,"relics_obtained":[{"floor":6.0,"key":"Snake Skull"},{"floor":8.0,"key":"Bag of Preparation"},{"floor":14.0,"key":"Boot"},{"floor":24.0,"key":"Akabeko"},{"floor":26.0,"key":"testmod-TurbochargingSystem"},{"floor":30.0,"key":"MawBank"}],"event_choices":[{"damage_healed":0.0,"max_hp_gain":0.0,"max_hp_loss":0.0,"gold_gain":0.0,"event_name":"Living Wall","player_choice":"Grow","floor":5.0,"gold_loss":0.0,"damage_taken":0.0,"cards_upgraded":["Cloak And Dagger"]},{"damage_healed":0.0,"max_hp_gain":0.0,"max_hp_loss":0.0,"gold_gain":0.0,"event_name":"Lab","player_choice":"Got Potions","floor":27.0,"gold_loss":0.0,"damage_taken":0.0}],"is_beta":false,"boss_relics":[{"not_picked":["testmod-DreamHouse","Sozu"],"picked":"testmod-Prudence"}],"items_purged_floors":[11,31],"is_endless":false,"potions_floor_spawned":[1,2,3,14,24,25,29,33],"ascension_level":12}}