{"host":"yn8qackkbxgt4nh1","time":1610762695,"event":{"mods":["BaseMod","Colored Map","Colored Powertips","DeckTracker","Minty Spire (QoL Compilation)","SuperFastMode"],"gold_per_floor":[113,126,126,126,126,161,161,199,226,240,270,195,195,220,220,322,322,341,365,374,407,180,223,243,268,318,336,336,336,223,245,245,344,407,429,453,486,507,520,520,553,553,553,569,583,112,172,146,146,146,146],"floor_reached":50,"language":"KOR","playtime":2274,"items_purged":["Strike_G","Strike_G","Phantasmal Killer"],"score":958,"play_id":"43697fe4-4e18-4649-8185-49ed40d6b444","local_time":"20210116110455","is_ascension_mode":true,"campfire_choices":[{"data":"Glass Knife","floor":7.0,"key":"SMITH"},{"data":"Deadly Poison","floor":13.0,"key":"SMITH"},{"data":"Footwork","floor":15.0,"key":"SMITH"},{"floor":28.0,"key":"REST"},{"floor":32.0,"key":"REST"},{"floor":40,"key":"REST"},{"floor":42,"key":"REST"},{"floor":49,"key":"REST"}],"circlet_count":0,"master_deck":["AscendersBane","Survivor","Neutralize","Glass Knife+1","Footwork+1","Deadly Poison+1","PiercingWail","Leg Sweep","Corpse Explosion","Backstab","Bouncing Flask","Acrobatics","Deadly Poison","Reflex","Malaise","PiercingWail","Doppelganger","Envenom","Finisher","Malaise","Slice","Acrobatics+1","Noxious Fumes","Backflip","Reflex","Tactician"],"relics":["Ring of the Snake","Bag of Preparation","Golden Idol","Happy Flower","Singing Bowl","CeramicFish","Fusion Hammer","TwistedFunnel","Anchor","Orichalcum","Pandora\u0027s Box","Bottled Tornado","Paper Crane","Tingsha","Shovel"],"acts_visited":["TheBeyond"],"potions_floor_usage":[50],"damage_taken":[{"damage":0.0,"enemies":"2 Louse","floor":1.0,"turns":2.0},{"damage":4.0,"enemies":"Small Slimes","floor":2.0,"turns":3.0},{"damage":7.0,"enemies":"Lagavulin","floor":6.0,"turns":8.0},{"damage":11.0,"enemies":"3 Sentries","floor":8.0,"turns":9.0},{"damage":0.0,"enemies":"Jaw Worm","floor":10.0,"turns":3.0},{"damage":0.0,"enemies":"2 Fungi Beasts","floor":11.0,"turns":3.0},{"damage":0.0,"enemies":"3 Louse","floor":14.0,"turns":3.0},{"damage":6.0,"enemies":"The Guardian","floor":16.0,"turns":14.0},{"damage":10.0,"enemies":"Spheric Guardian","floor":18.0,"turns":5.0},{"damage":5.0,"enemies":"3 Byrds","floor":19.0,"turns":3.0},{"damage":9.0,"enemies":"Sentry and Sphere","floor":21.0,"turns":6.0},{"damage":0.0,"enemies":"Gremlin Leader","floor":23.0,"turns":8.0},{"damage":0.0,"enemies":"Centurion and Healer","floor":24.0,"turns":3.0},{"damage":0.0,"enemies":"Snake Plant","floor":25.0,"turns":4.0},{"damage":9.0,"enemies":"Chosen and Byrds","floor":27.0,"turns":4.0},{"damage":5.0,"enemies":"Snecko","floor":31.0,"turns":4.0},{"damage":68.0,"enemies":"Collector","floor":33.0,"turns":11.0},{"damage":0,"enemies":"3 Darklings","floor":35,"turns":2},{"damage":3,"enemies":"3 Shapes","floor":36,"turns":3},{"damage":8,"enemies":"Sphere and 2 Shapes","floor":37,"turns":4},{"damage":36,"enemies":"Spire Growth","floor":38,"turns":5},{"damage":2,"enemies":"3 Darklings","floor":39,"turns":4},{"damage":45,"enemies":"Nemesis","floor":41,"turns":9},{"damage":12,"enemies":"Writhing Mass","floor":44,"turns":7},{"damage":0,"enemies":"4 Shapes","floor":45,"turns":4},{"damage":17,"enemies":"2 Orb Walkers","floor":47,"turns":3},{"damage":63,"enemies":"Donu and Deca","floor":50,"turns":10}],"seed_played":"3725414348345196292","potions_obtained":[{"floor":1.0,"key":"ColorlessPotion"},{"floor":6.0,"key":"Energy Potion"},{"floor":14.0,"key":"SteroidPotion"},{"floor":16.0,"key":"GhostInAJar"},{"floor":21.0,"key":"PowerPotion"},{"floor":23.0,"key":"Swift Potion"},{"floor":29.0,"key":"FairyPotion"},{"floor":35,"key":"FearPotion"}],"is_trial":false,"path_per_floor":["M","M","?","?","?","E","R","E","T","M","M","?","R","M","R","B",null,"M","M","?","M","$","E","M","M","T","M","R","?","$","M","R","B",null,"M","M","M","M","M","R","E","R","T","M","M","$","?","$","R","B"],"character_chosen":"THE_SILENT","items_purchased":["TwistedFunnel","Deadly Poison","Reflex","Tingsha","Tactician"],"campfire_rested":5,"item_purchase_floors":[22,30,46,46,48],"current_hp_per_floor":[59,55,50,50,27,20,20,11,11,13,13,13,13,15,15,9,56,48,43,43,34,34,36,38,40,40,33,57,57,57,52,76,8,64,64,61,53,19,19,44,27,53,53,43,45,45,30,30,58,0,0],"gold":146,"neow_bonus":"ONE_RANDOM_RARE_CARD","is_daily":false,"chose_seed":false,"campfire_upgraded":3,"win_rate":0.0,"timestamp":1610762695,"path_taken":["M","M","?","?","?","E","R","E","T","?","M","?","R","M","R","BOSS","M","M","?","M","$","E","M","M","T","M","R","?","$","M","R","BOSS","M","?","M","M","M","R","E","R","T","M","M","?","?","$","R","BOSS"],"items_purchased_type":["Relic","Card","Card","Relic","Card"],"build_version":"2020-12-22","purchased_purges":3,"victory":false,"max_hp_per_floor":[66,66,66,66,66,66,66,68,68,70,70,70,70,72,72,72,72,74,74,74,74,74,76,78,80,80,82,82,82,82,82,82,82,82,82,82,82,84,86,86,88,88,88,90,92,92,94,94,94,94,94],"card_choices":[{"not_picked":["Finisher","Prepared"],"picked":"Footwork","floor":1.0},{"not_picked":["Sucker Punch","Acrobatics"],"picked":"Deadly Poison","floor":2.0},{"not_picked":["Grand Finale","Reflex"],"picked":"PiercingWail","floor":6.0},{"not_picked":["Wraith Form v2","Finisher","Tools of the Trade"],"picked":"Singing Bowl","floor":8.0},{"not_picked":["Sucker Punch","Deadly Poison","Escape Plan"],"picked":"Singing Bowl","floor":10.0},{"not_picked":["Sucker Punch","PiercingWail"],"picked":"Leg Sweep","floor":11.0},{"not_picked":["Finisher","PiercingWail","All Out Attack"],"picked":"Singing Bowl","floor":14.0},{"not_picked":["Malaise","Envenom"],"picked":"Corpse Explosion","floor":16.0},{"not_picked":["Predator","Outmaneuver","Finisher"],"picked":"Singing Bowl","floor":18.0},{"not_picked":["Deflect","Prepared"],"picked":"Backstab","floor":19.0},{"not_picked":["Dagger Spray","Dagger Throw"],"picked":"Acrobatics","floor":21.0},{"not_picked":["Caltrops","Endless Agony","Bouncing Flask"],"picked":"Singing Bowl","floor":23.0},{"not_picked":["Cloak And Dagger","Poisoned Stab","Deadly Poison"],"picked":"Singing Bowl","floor":24.0},{"not_picked":["PiercingWail","Outmaneuver","Underhanded Strike"],"picked":"Singing Bowl","floor":25.0},{"not_picked":["Well Laid Plans","Quick Slash","Poisoned Stab"],"picked":"Singing Bowl","floor":27.0},{"not_picked":["All Out Attack","Calculated Gamble"],"picked":"Reflex","floor":31.0},{"not_picked":["Venomology","A Thousand Cuts"],"picked":"Malaise","floor":33.0},{"not_picked":["Dagger Throw","Heel Hook"],"picked":"Acrobatics+1","floor":35},{"not_picked":["Distraction","Underhanded Strike"],"picked":"Noxious Fumes","floor":36},{"not_picked":["PiercingWail+1","Distraction"],"picked":"Backflip","floor":37},{"not_picked":["Backstab","Quick Slash","Unload"],"picked":"Singing Bowl","floor":38},{"not_picked":["Riddle With Holes","Backstab","Bane"],"picked":"Singing Bowl","floor":39},{"not_picked":["PiercingWail","Dagger Spray","Dagger Throw"],"picked":"Singing Bowl","floor":41},{"not_picked":["Bane","Backflip","Blade Dance"],"picked":"Singing Bowl","floor":44},{"not_picked":["Predator","Dagger Throw+1","Acrobatics"],"picked":"Singing Bowl","floor":45},{"not_picked":["Cloak And Dagger","Underhanded Strike","Dodge and Roll"],"picked":"Singing Bowl","floor":47}],"player_experience":680164,"relics_obtained":[{"floor":6.0,"key":"Happy Flower"},{"floor":8.0,"key":"Singing Bowl"},{"floor":9.0,"key":"CeramicFish"},{"floor":23.0,"key":"Anchor"},{"floor":26.0,"key":"Orichalcum"},{"floor":41,"key":"Bottled Tornado"},{"floor":43,"key":"Paper Crane"},{"floor":47,"key":"Shovel"}],"event_choices":[{"damage_healed":0.0,"max_hp_gain":0.0,"max_hp_loss":0.0,"gold_gain":0.0,"event_name":"Scrap Ooze","player_choice":"Success","floor":3.0,"gold_loss":0.0,"damage_taken":5.0,"relics_obtained":["Bag of Preparation"]},{"damage_healed":0.0,"max_hp_gain":0.0,"max_hp_loss":0.0,"gold_gain":0.0,"event_name":"Liars Game","player_choice":"Ignored","floor":4.0,"gold_loss":0.0,"damage_taken":0.0},{"damage_healed":0.0,"max_hp_gain":0.0,"max_hp_loss":0.0,"gold_gain":0.0,"event_name":"Golden Idol","player_choice":"Take Damage","floor":5.0,"gold_loss":0.0,"damage_taken":23.0,"relics_obtained":["Golden Idol"]},{"cards_removed":["Strike_G"],"damage_healed":0.0,"max_hp_gain":0.0,"max_hp_loss":0.0,"gold_gain":0.0,"event_name":"The Cleric","player_choice":"Card Removal","floor":12.0,"gold_loss":75.0,"damage_taken":0.0},{"damage_healed":0.0,"max_hp_gain":0.0,"max_hp_loss":0.0,"gold_gain":0.0,"event_name":"The Library","player_choice":"Read","floor":20.0,"gold_loss":0.0,"damage_taken":0.0,"cards_obtained":["Bouncing Flask"]},{"damage_healed":0.0,"max_hp_gain":0.0,"max_hp_loss":0.0,"gold_gain":0.0,"event_name":"Lab","player_choice":"Got Potions","floor":29.0,"gold_loss":0.0,"damage_taken":0.0},{"damage_healed":0,"gold_gain":0,"player_choice":"Fight","damage_taken":0,"max_hp_gain":0,"max_hp_loss":0,"event_name":"Mysterious Sphere","floor":47,"gold_loss":0}],"is_beta":false,"boss_relics":[{"not_picked":["Velvet Choker","Calling Bell"],"picked":"Fusion Hammer"},{"not_picked":["Coffee Dripper","Runic Pyramid"],"picked":"Pandora\u0027s Box"}],"items_purged_floors":[22,30,46],"is_endless":false,"potions_floor_spawned":[1,6,14,16,21,23,27,31,35,36],"killed_by":"Donu and Deca","ascension_level":15}}