{"host":"j015jhc2yy25u1i1","time":1610835534,"event":{"mods":["AchievementEnabler","BaseMod","Colored Map","Colored Powertips","Dark Map","Highlight Path","Minty Spire (QoL Compilation)"],"gold_per_floor":[212,22,36,56,71,102,122,122,122,149,165,45,62,78,78,176,176,194,119,19,34,54,54,54,54],"floor_reached":24,"language":"ENG","playtime":2069,"items_purged":["Strike_G","Strike_G"],"score":223,"play_id":"4b0c4144-6595-46aa-893f-1275dc3e2fe6","local_time":"20210116151854","is_ascension_mode":true,"campfire_choices":[{"floor":8,"key":"REST"},{"floor":15,"key":"REST"},{"data":"Noxious Fumes","floor":23,"key":"SMITH"}],"circlet_count":0,"master_deck":["Strike_G","Strike_G","Strike_G","Defend_G","Defend_G","Defend_G","Defend_G","Survivor","Neutralize","Well Laid Plans","Noxious Fumes","Backflip","Dagger Throw","Skewer","Poisoned Stab","Infinite Blades","Caltrops","Footwork","PiercingWail","Catalyst","Envenom","Noxious Fumes+1","Backstab"],"relics":["Ring of the Snake","Darkstone Periapt","Question Card","Pantograph","Coffee Dripper"],"acts_visited":["Exordium","TheCity"],"potions_floor_usage":[1,5,6,6,6,10,18,22,22],"damage_taken":[{"damage":0,"enemies":"2 Louse","floor":1,"turns":4},{"damage":0,"enemies":"Small Slimes","floor":3,"turns":3},{"damage":4,"enemies":"Jaw Worm","floor":4,"turns":6},{"damage":9,"enemies":"Gremlin Gang","floor":5,"turns":3},{"damage":19,"enemies":"Lagavulin","floor":6,"turns":12},{"damage":4,"enemies":"Looter","floor":7,"turns":4},{"damage":20,"enemies":"Gremlin Nob","floor":10,"turns":4},{"damage":17,"enemies":"Lots of Slimes","floor":11,"turns":4},{"damage":6,"enemies":"Red Slaver","floor":13,"turns":5},{"damage":22,"enemies":"Gremlin Gang","floor":14,"turns":5},{"damage":17,"enemies":"The Guardian","floor":16,"turns":12},{"damage":24,"enemies":"Spheric Guardian","floor":18,"turns":6},{"damage":9,"enemies":"Shell Parasite","floor":21,"turns":5},{"damage":20,"enemies":"3 Cultists","floor":22,"turns":6},{"damage":36,"enemies":"Slavers","floor":24,"turns":3}],"seed_played":"486510818200349938","potions_obtained":[{"floor":1,"key":"EntropicBrew"},{"floor":5,"key":"DistilledChaos"},{"floor":6,"key":"CunningPotion"},{"floor":11,"key":"FairyPotion"},{"floor":14,"key":"SkillPotion"},{"floor":16,"key":"ColorlessPotion"},{"floor":18,"key":"Regen Potion"}],"is_trial":false,"path_per_floor":["M","$","M","M","M","E","M","R","T","E","M","$","M","M","R","B",null,"M","?","$","M","M","R","E"],"character_chosen":"THE_SILENT","items_purchased":["Noxious Fumes","Backflip","Footwork","PiercingWail"],"campfire_rested":2,"item_purchase_floors":[2,2,12,12],"current_hp_per_floor":[70,70,70,66,57,38,34,55,55,35,18,18,12,16,37,45,70,46,46,46,37,31,31,0,0],"gold":54,"neow_bonus":"HUNDRED_GOLD","is_daily":false,"chose_seed":false,"campfire_upgraded":1,"win_rate":0.0,"timestamp":1610835534,"path_taken":["M","$","M","M","M","E","M","R","T","E","M","$","M","M","R","BOSS","M","?","$","M","M","R","E"],"items_purchased_type":["Card","Card","Card","Card"],"build_version":"2020-12-22","purchased_purges":2,"victory":false,"max_hp_per_floor":[70,70,70,70,70,70,70,70,70,70,70,70,70,70,70,70,70,70,70,70,70,70,70,70,70],"card_choices":[{"not_picked":["All Out Attack","Deflect"],"picked":"Well Laid Plans","floor":1},{"not_picked":["Dagger Spray","Finisher","Blade Dance"],"picked":"SKIP","floor":3},{"not_picked":["Prepared","All Out Attack"],"picked":"Dagger Throw","floor":4},{"not_picked":["Quick Slash","Flechettes"],"picked":"Skewer","floor":5},{"not_picked":["Escape Plan","Skewer","Glass Knife"],"picked":"SKIP","floor":6},{"not_picked":["Infinite Blades","Slice"],"picked":"Poisoned Stab","floor":7},{"not_picked":["Quick Slash","Dagger Throw","Slice"],"picked":"Infinite Blades","floor":10},{"not_picked":["After Image","Sucker Punch","Dagger Spray"],"picked":"Caltrops","floor":11},{"not_picked":["Underhanded Strike","Calculated Gamble","Quick Slash"],"picked":"Catalyst","floor":13},{"not_picked":["Blade Dance","Underhanded Strike","Dodge and Roll","Finisher"],"picked":"SKIP","floor":14},{"not_picked":["After Image","A Thousand Cuts","Corpse Explosion"],"picked":"Envenom","floor":16},{"not_picked":["Quick Slash","Terror+1","Bane+1"],"picked":"Noxious Fumes","floor":18},{"not_picked":["Quick Slash","Blade Dance+1","Underhanded Strike","All Out Attack+1"],"picked":"SKIP","floor":21},{"not_picked":["Bouncing Flask","Flying Knee","Dagger Throw"],"picked":"Backstab","floor":22}],"player_experience":30688,"relics_obtained":[{"floor":6,"key":"Darkstone Periapt"},{"floor":9,"key":"Question Card"},{"floor":10,"key":"Pantograph"}],"event_choices":[{"cards_removed":["Defend_G"],"damage_healed":0,"gold_gain":0,"player_choice":"Gave Gold","damage_taken":0,"max_hp_gain":0,"max_hp_loss":0,"event_name":"Beggar","floor":19,"gold_loss":75}],"is_beta":false,"boss_relics":[{"not_picked":["HoveringKite","Fusion Hammer"],"picked":"Coffee Dripper"}],"items_purged_floors":[2,20],"is_endless":false,"potions_floor_spawned":[1,5,6,11,14,16,18],"killed_by":"Slavers","ascension_level":1}}