{"host":"kiah4uoohy01p0hv","time":1610780379,"event":{"mods":["AchievementEnabler","Aspiration","BaseMod","BetterRewards","CCEM","Colored Map","Colored Powertips","Conspire","Highlight Path","Hubris","Infinite Spire","Minty Spire (QoL Compilation)","Permanent Neow","Replay The Spire","Spicy Shops","Spikes Relics","StSLib"],"gold_per_floor":[364,364,382,146,163,196,196,235,235,248,4,29,29,42,42,147,147,166,176,22,34,34,59,75,75,75],"floor_reached":25,"language":"ENG","playtime":2905,"items_purged":[],"score":260,"play_id":"dd9e23ac-14c8-46fe-b33f-78850a25a021","local_time":"20210116165939","is_ascension_mode":false,"campfire_choices":[{"data":"ForeignInfluence","floor":7,"key":"SMITH"},{"floor":15,"key":"REST"}],"circlet_count":0,"master_deck":["Strike_P","Strike_P","Strike_P","Defend_P","Defend_P","Defend_P","Eruption+1","Vigilance","Burst","Blur","ForeignInfluence+1","Replay:ManipulateFuture","ClearTheMind","FlurryOfBlows","FearNoEvil","FearNoEvil","Crescendo","BowlingBash+1","Halt","DevaForm","LikeWater","WreathOfFlame","MasterReality","Deadly Poison","TalkToTheHand"],"relics":["PureWater","CCEMRelics:FranticForklift","WizardHat","infinitespire:FocusingShard","infinitespire:EmpoweringShard","Vajra","Lantern","Black Star","Membership Card","PrismaticShard","infinitespire:Broken Mirror","Whetstone"],"acts_visited":["Exordium","TheCity"],"potions_floor_usage":[3,6,12,19,21,24,25],"damage_taken":[{"damage":0,"enemies":"conspire:RoseBush","floor":1,"turns":2},{"damage":0,"enemies":"2 Louse","floor":3,"turns":1},{"damage":0,"enemies":"Cultist","floor":5,"turns":3},{"damage":2,"enemies":"3 Sentries","floor":6,"turns":6},{"damage":0,"enemies":"Red Slaver","floor":8,"turns":2},{"damage":0,"enemies":"Looter","floor":10,"turns":3},{"damage":0,"enemies":"Gremlin Nob","floor":12,"turns":2},{"damage":0,"enemies":"2 Fungi Beasts","floor":14,"turns":2},{"damage":22,"enemies":"Slime Boss","floor":16,"turns":5},{"damage":0,"enemies":"3 Byrds","floor":18,"turns":3},{"damage":0,"enemies":"conspire:FuzzyDice","floor":19,"turns":4},{"damage":0,"enemies":"Snake Plant","floor":21,"turns":3},{"damage":22,"enemies":"Replay:Snechameleon","floor":23,"turns":5},{"damage":10,"enemies":"Centurion and Healer","floor":24,"turns":5},{"damage":35,"enemies":"Gremlin Leader","floor":25,"turns":2}],"seed_played":"4441451332093454652","potions_obtained":[{"floor":1,"key":"BlessingOfTheForge"},{"floor":5,"key":"DuplicationPotion"},{"floor":6,"key":"Block Potion"},{"floor":8,"key":"PowerPotion"},{"floor":19,"key":"Adrenaline Potion"},{"floor":23,"key":"Fire Potion"},{"floor":24,"key":"GamblersBrew"}],"is_trial":false,"path_per_floor":["M","?","M","$","M","E","R","M","T","M","$","E","?","M","R","B",null,"M","M","$","M","?","E","M","E"],"character_chosen":"WATCHER","items_purchased":["CCEMRelics:FranticForklift","WizardHat","Vajra","FearNoEvil","Crescendo","Membership Card"],"campfire_rested":1,"item_purchase_floors":[4,4,11,11,11,20],"current_hp_per_floor":[51,51,51,51,51,49,49,49,49,49,49,49,49,49,70,48,72,72,72,72,72,64,42,32,0,0],"gold":75,"neow_bonus":"TWO_FIFTY_GOLD","is_daily":false,"chose_seed":false,"campfire_upgraded":1,"win_rate":0.0,"timestamp":1610780379,"path_taken":["M","?","M","$","M","E","R","M","T","M","$","E","?","?","R","BOSS","M","M","?","M","?","E","M","E"],"items_purchased_type":["Relic","Relic","Relic","Card","Card","Relic"],"build_version":"2020-12-22","purchased_purges":0,"victory":false,"max_hp_per_floor":[72,72,72,72,72,72,72,72,72,72,72,72,72,72,72,72,72,72,72,72,72,72,72,72,72,72],"card_choices":[{"not_picked":["Swivel","FollowUp"],"picked":"WreathOfFlame","floor":1},{"not_picked":["ThirdEye","FollowUp"],"picked":"ForeignInfluence","floor":3},{"not_picked":["Replay:BluntJabs","FlyingSleeves"],"picked":"Replay:ManipulateFuture","floor":5},{"not_picked":["JustLucky","Replay:BluntJabs"],"picked":"ClearTheMind","floor":6},{"not_picked":["FollowUp","Swivel"],"picked":"FlurryOfBlows","floor":8},{"not_picked":["Protect","BowlingBash","WindmillStrike"],"picked":"SKIP","floor":10},{"not_picked":["Consecrate","Replay:Vibes"],"picked":"BowlingBash","floor":12},{"not_picked":["SashWhip","Replay:AtTheReady"],"picked":"Halt","floor":14},{"not_picked":["Replay:AllIn","Wish"],"picked":"DevaForm","floor":16},{"not_picked":["Consecrate","Crescendo","Replay:AtTheReady"],"picked":"SKIP","floor":18},{"not_picked":["SashWhip","JustLucky"],"picked":"LikeWater","floor":19},{"not_picked":["Halt","Prostrate+1"],"picked":"WreathOfFlame","floor":21},{"not_picked":["Replay:ManipulateFuture","Protect"],"picked":"MasterReality","floor":22},{"not_picked":["Bloodletting","True Grit"],"picked":"Deadly Poison","floor":23},{"not_picked":["Survey Options","Flying Knee"],"picked":"TalkToTheHand","floor":24}],"player_experience":247147,"relics_obtained":[{"floor":6,"key":"infinitespire:FocusingShard"},{"floor":9,"key":"infinitespire:EmpoweringShard"},{"floor":12,"key":"Lantern"},{"floor":22,"key":"PrismaticShard"},{"floor":23,"key":"infinitespire:Broken Mirror"},{"floor":23,"key":"Whetstone"}],"event_choices":[{"cards_removed":["Underhanded Strike"],"damage_healed":0,"gold_gain":0,"player_choice":"Purged","damage_taken":0,"max_hp_gain":0,"max_hp_loss":0,"event_name":"Purifier","floor":13,"gold_loss":0}],"is_beta":false,"boss_relics":[{"not_picked":["aspiration:RitualDagger","aspiration:FutureDiary"],"picked":"Black Star"}],"items_purged_floors":[],"is_endless":false,"potions_floor_spawned":[1,5,6,8,19,23,24],"killed_by":"Gremlin Leader","ascension_level":0}}