{"host":"yo9wwslrag05lh37","time":1610834696,"event":{"mods":["AchievementEnabler","BaseMod","Block Reminder","Colored Map","Colored Powertips","GifTheSpireLib","HexUI Lib","Highlight Path","Minty Spire (QoL Compilation)","Rare Cards Sparkle","Relic Stats","StSLib","everything is the same but u backflip on backflip"],"gold_per_floor":[219,234,234,309,329,364,364,4,4,17,44,44,73,31,31,31,31],"floor_reached":16,"language":"ENG","playtime":643,"items_purged":["Strike_R"],"score":236,"play_id":"97813caf-5760-49b0-8286-480dde93072b","local_time":"20210116230456","is_ascension_mode":true,"campfire_choices":[{"data":"Bludgeon","floor":7,"key":"SMITH"},{"data":"Bash","floor":15,"key":"SMITH"}],"circlet_count":0,"master_deck":["AscendersBane","Strike_R","Strike_R","Strike_R","Strike_R","Defend_R","Defend_R","Defend_R","Defend_R","Bash+1","Iron Wave","Bludgeon+1","Flame Barrier","Pommel Strike","Shockwave"],"relics":["Burning Blood","Mercury Hourglass","Bronze Scales","Frozen Egg 2","Lantern","Pear"],"acts_visited":["Exordium"],"potions_floor_usage":[16,16],"damage_taken":[{"damage":4,"enemies":"Small Slimes","floor":1,"turns":4},{"damage":0,"enemies":"2 Louse","floor":2,"turns":2},{"damage":1,"enemies":"Cultist","floor":5,"turns":3},{"damage":8,"enemies":"Gremlin Nob","floor":6,"turns":3},{"damage":7,"enemies":"Exordium Thugs","floor":10,"turns":4},{"damage":25,"enemies":"Lagavulin","floor":11,"turns":6},{"damage":19,"enemies":"Gremlin Nob","floor":13,"turns":4},{"damage":53,"enemies":"Slime Boss","floor":16,"turns":7}],"seed_played":"6262036071432417658","potions_obtained":[{"floor":2,"key":"Explosive Potion"},{"floor":6,"key":"Dexterity Potion"},{"floor":11,"key":"Regen Potion"}],"is_trial":false,"path_per_floor":["M","M","?","?","M","E","R","$","T","M","E","?","E","$","R","B"],"character_chosen":"IRONCLAD","items_purchased":["Frozen Egg 2","Shockwave"],"campfire_rested":0,"item_purchase_floors":[8,14],"current_hp_per_floor":[70,75,64,53,58,56,56,56,56,55,36,41,38,38,38,0,0],"gold":31,"neow_bonus":"HUNDRED_GOLD","is_daily":false,"chose_seed":false,"campfire_upgraded":2,"win_rate":0.0,"timestamp":1610834696,"path_taken":["M","M","?","?","M","E","R","$","T","M","E","?","E","$","R","BOSS"],"items_purchased_type":["Relic","Card"],"build_version":"2020-12-22","purchased_purges":1,"victory":false,"max_hp_per_floor":[75,75,75,75,75,75,75,75,75,75,75,80,90,90,90,90,90],"relic_stats":{"counters":[8,32],"Bronze Scales":[33],"obtain_stats":[{"Lantern":11,"Pear":13,"Bronze Scales":6,"Frozen Egg 2":8,"Burning Blood":0,"Mercury Hourglass":3},{"Lantern":6,"Pear":7,"Bronze Scales":4,"Frozen Egg 2":4,"Burning Blood":0,"Mercury Hourglass":2},{"Lantern":21,"Pear":25,"Bronze Scales":12,"Frozen Egg 2":12,"Burning Blood":0,"Mercury Hourglass":6}],"Burning Blood":41,"Mercury Hourglass":[98]},"card_choices":[{"not_picked":["Thunderclap","Warcry"],"picked":"Iron Wave","floor":1},{"not_picked":["True Grit","Headbutt","Clash"],"picked":"SKIP","floor":2},{"not_picked":["True Grit","Warcry"],"picked":"Bludgeon","floor":5},{"not_picked":["Warcry","Perfected Strike"],"picked":"Flame Barrier","floor":6},{"not_picked":["Thunderclap","Wild Strike","Flame Barrier"],"picked":"SKIP","floor":10},{"not_picked":["Wild Strike","Thunderclap","Intimidate"],"picked":"SKIP","floor":11},{"not_picked":["Exhume","Iron Wave"],"picked":"Pommel Strike","floor":13}],"player_experience":1508032,"relics_obtained":[{"floor":6,"key":"Bronze Scales"},{"floor":11,"key":"Lantern"},{"floor":13,"key":"Pear"}],"event_choices":[{"damage_healed":0,"gold_gain":0,"player_choice":"Success","damage_taken":11,"relics_obtained":["Mercury Hourglass"],"max_hp_gain":0,"max_hp_loss":0,"event_name":"Scrap Ooze","floor":3,"gold_loss":0},{"damage_healed":0,"gold_gain":75,"player_choice":"Gather Gold","damage_taken":11,"max_hp_gain":0,"max_hp_loss":0,"event_name":"World of Goop","floor":4,"gold_loss":0},{"damage_healed":0,"gold_gain":0,"player_choice":"Donut","damage_taken":0,"max_hp_gain":5,"max_hp_loss":0,"event_name":"Big Fish","floor":12,"gold_loss":0}],"is_beta":false,"boss_relics":[],"items_purged_floors":[8],"is_endless":false,"potions_floor_spawned":[2,6,11],"killed_by":"Slime Boss","ascension_level":20}}