{"host":"vyjryxuuuxkt43k4","time":1610775870,"event":{"mods":["AchievementEnabler","BaseMod","Colored Map","DeckTracker","Minty Spire (QoL Compilation)","Permanent Neow","Quick Restart","StSLib","SuperFastMode","everything is the same but u backflip on backflip"],"gold_per_floor":[111,286,58,77,77,77,102,122,122,132,132,152,186,22,22,22,22],"floor_reached":16,"language":"KOR","playtime":831,"items_purged":["Doubt"],"score":127,"play_id":"f313b50f-fe2e-47ab-94e5-c68f7a569745","local_time":"20210116144430","is_ascension_mode":true,"campfire_choices":[{"data":"Neutralize","floor":6,"key":"SMITH"},{"data":"Footwork","floor":11,"key":"SMITH"},{"floor":15,"key":"REST"}],"circlet_count":0,"master_deck":["Strike_G","Strike_G","Strike_G","Strike_G","Strike_G","Defend_G","Defend_G","Defend_G","Defend_G","Defend_G","Survivor","Neutralize+1","Glass Knife","Acrobatics","Underhanded Strike","Well Laid Plans","Footwork+1","Backflip","Calculated Gamble","Grand Finale"],"relics":["Ring of the Snake","Tiny Chest","Singing Bowl","Art of War","Sundial"],"acts_visited":["Exordium"],"potions_floor_usage":[7,7,12],"damage_taken":[{"damage":0.0,"enemies":"Cultist","floor":1.0,"turns":3.0},{"damage":0,"enemies":"2 Louse","floor":4,"turns":2},{"damage":17,"enemies":"3 Sentries","floor":7,"turns":7},{"damage":0,"enemies":"Small Slimes","floor":8,"turns":3},{"damage":13,"enemies":"Exordium Wildlife","floor":10,"turns":4},{"damage":13,"enemies":"Lots of Slimes","floor":12,"turns":6},{"damage":31,"enemies":"Gremlin Nob","floor":13,"turns":6},{"damage":38,"enemies":"Hexaghost","floor":16,"turns":14}],"seed_played":"5627651398632127193","potions_obtained":[{"floor":4,"key":"LiquidBronze"},{"floor":5,"key":"FairyPotion"},{"floor":5,"key":"CunningPotion"},{"floor":10,"key":"BlessingOfTheForge"},{"floor":12,"key":"Energy Potion"}],"is_trial":false,"path_per_floor":["M","?","$","M","?","R","E","M","T","M","R","M","E","$","R","B"],"character_chosen":"THE_SILENT","items_purchased":["Tiny Chest","Grand Finale"],"campfire_rested":1,"item_purchase_floors":[3,14],"current_hp_per_floor":[63,63,63,63,63,63,48,48,48,35,35,22,19,19,38,0,0],"gold":22,"neow_bonus":"THREE_RARE_CARDS","is_daily":false,"chose_seed":false,"campfire_upgraded":2,"win_rate":0.0,"timestamp":1610775870,"path_taken":["M","?","$","M","?","R","E","M","T","M","R","?","E","?","R","BOSS"],"items_purchased_type":["Relic","Card"],"build_version":"2020-12-22","purchased_purges":1,"victory":false,"max_hp_per_floor":[63,63,63,63,63,63,65,65,65,65,65,65,65,65,65,65,65],"card_choices":[{"not_picked":["Bullet Time","Unload"],"picked":"Glass Knife","floor":0.0},{"not_picked":["Eviscerate","Blur"],"picked":"Acrobatics","floor":1.0},{"not_picked":["Backflip","Choke"],"picked":"Underhanded Strike","floor":4},{"not_picked":["Underhanded Strike","Heel Hook","Riddle With Holes"],"picked":"Singing Bowl","floor":7},{"not_picked":["All Out Attack","Endless Agony"],"picked":"Well Laid Plans","floor":8},{"not_picked":["Riddle With Holes","Concentrate"],"picked":"Footwork","floor":10},{"not_picked":["Deflect","Poisoned Stab"],"picked":"Backflip","floor":12},{"not_picked":["Blade Dance","Noxious Fumes"],"picked":"Calculated Gamble","floor":13}],"player_experience":362772,"relics_obtained":[{"floor":7,"key":"Singing Bowl"},{"floor":9,"key":"Art of War"},{"floor":13,"key":"Sundial"}],"event_choices":[{"damage_healed":0.0,"max_hp_gain":0.0,"max_hp_loss":0.0,"gold_gain":175.0,"event_name":"Liars Game","player_choice":"AGREE","floor":2.0,"gold_loss":0.0,"damage_taken":0.0,"cards_obtained":["Doubt"]},{"damage_healed":0,"gold_gain":0,"player_choice":"Got Potions","damage_taken":0,"max_hp_gain":0,"max_hp_loss":0,"event_name":"Lab","floor":5,"gold_loss":0}],"is_beta":false,"boss_relics":[],"items_purged_floors":[3],"is_endless":false,"potions_floor_spawned":[4,10,12],"killed_by":"Hexaghost","ascension_level":3}}