{"host":"t4313i2190y6fz3q","time":1610757854,"event":{"mods":["2.2 Compatiblity","AchievementEnabler","Act Like it!","BaseMod","Colored Powertips","Downfall","Highlight Path","Minty Spire (QoL Compilation)","Permanent Neow","Quick Restart","Rare Cards Sparkle","StSLib"],"gold_per_floor":[10,26,44,59,59,94,109,109,109,109,184,184,214,225,225,326,326,338,29,29,0,20,20,31,63,63,63,63,63,94,94,94,194,194,211,211,227,227,244,275,275,275,275,294,294,39,56,83,83,83],"floor_reached":51,"language":"ENG","playtime":1889,"items_purged":[],"score":1281,"play_id":"e2ca98b3-1fe4-4109-9e4d-69fc2bc818fd","local_time":"20210115164414","is_ascension_mode":true,"campfire_choices":[{"data":"Zap","floor":8.0,"key":"SMITH"},{"floor":12.0,"key":"REST"},{"data":"Defragment","floor":15.0,"key":"SMITH"},{"data":"Consume","floor":23.0,"key":"SMITH"},{"data":"Coolheaded","floor":27.0,"key":"SMITH"},{"data":"Thunder Strike","floor":29.0,"key":"SMITH"},{"data":"Dualcast","floor":32.0,"key":"SMITH"},{"data":"Tempest","floor":42.0,"key":"SMITH"},{"data":"Conserve Battery","floor":45.0,"key":"SMITH"},{"data":"Ball Lightning","floor":49,"key":"SMITH"}],"circlet_count":0,"master_deck":["AscendersBane","Strike_B+1","Strike_B+1","Defend_B+1","Defend_B+1","Defend_B+1","Zap+1","Dualcast+1","Consume+1","BootSequence","Defragment+1","Steam Power","Doom and Gloom+1","Tempest+1","Conserve Battery+1","Thunder Strike+1","Compile Driver","Ghostly","Ghostly","Ghostly","Ghostly","Ghostly","Coolheaded+1","Core Surge","Machine Learning","Coolheaded+1","Static Discharge+1","Ball Lightning+1"],"relics":["Cracked Core","Lantern","Letter Opener","Ice Cream","Inserter","Bird Faced Urn","Eternal Feather","Juzu Bracelet","Mango","Coffee Dripper","Bottled Tornado","PreservedInsect","Mummified Hand","Du-Vu Doll"],"acts_visited":["Exordium","TheCity","TheBeyond"],"potions_floor_usage":[48],"damage_taken":[{"damage":3.0,"enemies":"2 Louse","floor":1.0,"turns":3.0},{"damage":1.0,"enemies":"Cultist","floor":2.0,"turns":3.0},{"damage":0.0,"enemies":"Small Slimes","floor":3.0,"turns":4.0},{"damage":6.0,"enemies":"Looter","floor":4.0,"turns":4.0},{"damage":22.0,"enemies":"Gremlin Nob","floor":6.0,"turns":4.0},{"damage":8.0,"enemies":"3 Louse","floor":7.0,"turns":3.0},{"damage":10.0,"enemies":"3 Sentries","floor":13.0,"turns":3.0},{"damage":0.0,"enemies":"Exordium Wildlife","floor":14.0,"turns":1.0},{"damage":0.0,"enemies":"Slime Boss","floor":16.0,"turns":6.0},{"damage":30.0,"enemies":"2 Thieves","floor":18.0,"turns":4.0},{"damage":2.0,"enemies":"Chosen","floor":22.0,"turns":5.0},{"damage":2.0,"enemies":"Sentry and Sphere","floor":24.0,"turns":4.0},{"damage":0.0,"enemies":"Gremlin Leader","floor":25.0,"turns":8.0},{"damage":24.0,"enemies":"Slavers","floor":30.0,"turns":4.0},{"damage":30.0,"enemies":"Collector","floor":33.0,"turns":8.0},{"damage":13.0,"enemies":"Orb Walker","floor":35.0,"turns":5.0},{"damage":0.0,"enemies":"3 Darklings","floor":37.0,"turns":4.0},{"damage":2.0,"enemies":"4 Shapes","floor":39.0,"turns":6.0},{"damage":8.0,"enemies":"Giant Head","floor":40.0,"turns":11.0},{"damage":0.0,"enemies":"Spire Growth","floor":44.0,"turns":6.0},{"damage":0,"enemies":"Maw","floor":47,"turns":7},{"damage":10,"enemies":"Reptomancer","floor":48,"turns":5},{"damage":6,"enemies":"Awakened One","floor":50,"turns":11}],"seed_played":"6628040160501752986","potions_obtained":[{"floor":3.0,"key":"Guardian:BlockOnCardUsePotion"},{"floor":5.0,"key":"FairyPotion"},{"floor":6.0,"key":"EssenceOfSteel"},{"floor":7.0,"key":"DuplicationPotion"},{"floor":13.0,"key":"FocusPotion"},{"floor":30.0,"key":"Fire Potion"},{"floor":47,"key":"LiquidBronze"},{"floor":48,"key":"SneckoOil"}],"is_trial":false,"path_per_floor":["M","M","M","M","?","E","M","R","T","?","?","R","E","M","R","B",null,"M","$","?","?","M","R","M","E","T","R","?","R","E","?","R","B",null,"M","?","M","?","M","E","?","R","T","M","R","$","M","E","R","B",null],"character_chosen":"DEFECT","items_purchased":["Bird Faced Urn","Mummified Hand"],"campfire_rested":1,"item_purchase_floors":[19,46],"current_hp_per_floor":[65,64,64,58,58,36,28,28,28,13,2,24,14,14,14,14,60,30,30,30,30,30,30,30,32,32,37,33,42,32,32,47,19,47,38,38,42,42,44,40,40,55,55,56,56,56,56,50,56,52],"gold":83,"neow_bonus":"REMOVE_TWO","is_daily":false,"chose_seed":false,"campfire_upgraded":9,"win_rate":0.0,"timestamp":1610757854,"path_taken":["M","M","M","M","?","E","?","R","T","?","?","R","E","M","R","BOSS","M","$","?","?","M","R","M","E","T","R","?","R","E","?","R","BOSS","M","?","M","?","M","E","?","R","T","M","R","$","M","E","R","BOSS"],"items_purchased_type":["Relic","Relic"],"build_version":"2020-12-22","purchased_purges":0,"victory":true,"max_hp_per_floor":[75,75,75,75,75,75,75,75,75,75,75,75,75,75,75,75,75,75,75,37,37,37,37,37,37,37,37,42,42,56,56,56,56,56,56,56,56,56,56,56,56,56,56,56,56,56,56,56,56,56],"card_choices":[{"not_picked":["Cold Snap","Compile Driver"],"picked":"Consume","floor":1.0},{"not_picked":["Coolheaded","Self Repair"],"picked":"BootSequence","floor":2.0},{"not_picked":["Barrage","Rebound"],"picked":"Defragment","floor":3.0},{"not_picked":["Undo","Gash"],"picked":"Steam Power","floor":4.0},{"not_picked":["Blizzard","Barrage"],"picked":"Doom and Gloom","floor":6.0},{"not_picked":["Go for the Eyes","Meteor Strike","Hello World"],"picked":"SKIP","floor":7.0},{"not_picked":["Hologram","Stack"],"picked":"Tempest","floor":13.0},{"not_picked":["Force Field","Skim"],"picked":"Conserve Battery","floor":14.0},{"not_picked":["Amplify","Hyperbeam"],"picked":"Thunder Strike","floor":16.0},{"not_picked":["Beam Cell","Consume+1"],"picked":"Compile Driver","floor":18.0},{"not_picked":["Go for the Eyes","Leap","Steam Power+1"],"picked":"SKIP","floor":22.0},{"not_picked":["Sweeping Beam","Gash","Stack"],"picked":"SKIP","floor":24.0},{"not_picked":["Steam Power","Rebound"],"picked":"Coolheaded","floor":25.0},{"not_picked":["Redo","Hello World"],"picked":"Core Surge","floor":30.0},{"not_picked":["Thunder Strike","Core Surge"],"picked":"Machine Learning","floor":33.0},{"not_picked":["Blizzard+1","Barrage+1","Consume+1"],"picked":"SKIP","floor":35.0},{"not_picked":["Redo","Turbo+1","BootSequence+1"],"picked":"SKIP","floor":37.0},{"not_picked":["Sunder","Fusion+1"],"picked":"Coolheaded+1","floor":39.0},{"not_picked":["Beam Cell","Cold Snap+1"],"picked":"Static Discharge+1","floor":40.0},{"not_picked":["Melter+1","BootSequence","Defragment+1"],"picked":"SKIP","floor":44.0},{"not_picked":["Compile Driver+1","Melter+1","Conserve Battery+1"],"picked":"SKIP","floor":47},{"not_picked":["Streamline+1","Static Discharge+1"],"picked":"Ball Lightning","floor":48}],"player_experience":216730,"relics_obtained":[{"floor":6.0,"key":"Lantern"},{"floor":9.0,"key":"Letter Opener"},{"floor":13.0,"key":"Ice Cream"},{"floor":25.0,"key":"Eternal Feather"},{"floor":26.0,"key":"Juzu Bracelet"},{"floor":30.0,"key":"Mango"},{"floor":40.0,"key":"Bottled Tornado"},{"floor":43.0,"key":"PreservedInsect"},{"floor":48,"key":"Du-Vu Doll"}],"event_choices":[{"damage_healed":0.0,"max_hp_gain":0.0,"max_hp_loss":0.0,"gold_gain":0.0,"event_name":"Lab","player_choice":"Got Potions","floor":5.0,"gold_loss":0.0,"damage_taken":0.0},{"damage_healed":0.0,"max_hp_gain":0.0,"max_hp_loss":0.0,"gold_gain":0.0,"event_name":"Shining Light","player_choice":"Entered Light","floor":10.0,"gold_loss":0.0,"damage_taken":15.0,"cards_upgraded":["Strike_B","Doom and Gloom"]},{"damage_healed":0.0,"max_hp_gain":0.0,"max_hp_loss":0.0,"gold_gain":75.0,"event_name":"World of Goop","player_choice":"Gather Gold","floor":11.0,"gold_loss":0.0,"damage_taken":11.0},{"damage_healed":0.0,"max_hp_gain":0.0,"max_hp_loss":38.0,"gold_gain":0.0,"event_name":"Ghosts","player_choice":"Became a Ghost","floor":20.0,"gold_loss":0.0,"damage_taken":0.0,"cards_obtained":["Ghostly","Ghostly","Ghostly","Ghostly","Ghostly"]},{"damage_healed":0.0,"max_hp_gain":0.0,"max_hp_loss":0.0,"gold_gain":0.0,"event_name":"Masked Bandits","player_choice":"Paid Fearfully","floor":21.0,"gold_loss":29.0,"damage_taken":0.0},{"damage_healed":0.0,"max_hp_gain":5.0,"max_hp_loss":0.0,"gold_gain":0.0,"event_name":"Forgotten Altar","player_choice":"Shed Blood","floor":28.0,"gold_loss":0.0,"damage_taken":9.0},{"damage_healed":0.0,"max_hp_gain":0.0,"max_hp_loss":0.0,"gold_gain":0.0,"event_name":"Back to Basics","player_choice":"Simplicity","floor":31.0,"gold_loss":0.0,"damage_taken":0.0,"cards_upgraded":["Strike_B","Strike_B","Defend_B","Defend_B","Defend_B"]},{"cards_removed":["Strike_B"],"damage_healed":0.0,"max_hp_gain":0.0,"max_hp_loss":0.0,"gold_gain":0.0,"event_name":"Falling","player_choice":"Removed Attack","floor":36.0,"gold_loss":0.0,"damage_taken":0.0},{"damage_healed":0.0,"max_hp_gain":0.0,"max_hp_loss":0.0,"gold_gain":0.0,"event_name":"SensoryStone","player_choice":"Memory 1","floor":38.0,"gold_loss":0.0,"damage_taken":0.0},{"damage_healed":0.0,"max_hp_gain":0.0,"max_hp_loss":0.0,"gold_gain":0.0,"event_name":"Tomb of Lord Red Mask","player_choice":"Ignored","floor":41.0,"gold_loss":0.0,"damage_taken":0.0}],"is_beta":false,"boss_relics":[{"not_picked":["Fusion Hammer","Cursed Key"],"picked":"Inserter"},{"not_picked":["Tiny House","Astrolabe"],"picked":"Coffee Dripper"}],"items_purged_floors":[],"is_endless":false,"potions_floor_spawned":[3,6,7,13,14,18,22,24,30,33,37,47,48],"ascension_level":11}}