{"host":"sc0o2qwpf9j16a4i","time":1610808692,"event":{"mods":["AchievementEnabler","BaseMod","BetterRewards","Block Reminder","Colored Map","Colored Powertips","Custom Start","Highlight Path","Minty Spire (QoL Compilation)","Relic Stats"],"gold_per_floor":[112,125,125,125,150,150,190,211,211,230,230,305,346,111,111,202,202,215,230,230,255,305,305,305,305,305,323,348,367,380,23,23,100,100,116,1115,1127,1178,1178,1178,1194,1209,1209,1209,1209],"floor_reached":44,"language":"ENG","playtime":1705,"items_purged":["Strike_B"],"score":1230,"play_id":"46120389-0376-48b7-bd3e-db9101ade9bf","local_time":"20210116165132","is_ascension_mode":true,"campfire_choices":[{"data":"Lockon","floor":6,"key":"SMITH"},{"data":"Barrage","floor":11,"key":"SMITH"},{"data":"Ball Lightning","floor":15,"key":"SMITH"},{"data":"Coolheaded","floor":23,"key":"SMITH"},{"data":"Rainbow","floor":25,"key":"SMITH"},{"floor":32,"key":"REST"},{"floor":40,"key":"REST"}],"circlet_count":0,"master_deck":["AscendersBane","Strike_B+1","Strike_B+1","Strike_B+1","Defend_B+1","Defend_B+1","Defend_B+1","Defend_B+1","Zap","Dualcast","Self Repair","Ball Lightning+1","Cold Snap","Cold Snap","Undo","Lockon+1","Conserve Battery","Barrage+1","Ball Lightning","Rainbow+1","FTL","Sweeping Beam","Coolheaded+1","Stack","Doom and Gloom","Chill","Apotheosis","Genetic Algorithm","Reboot","Heatsinks","Chill","Loop","Panacea","Barrage","Stack+1"],"relics":["Cracked Core","OrangePellets","Gambling Chip","ClockworkSouvenir","Omamori","Bloody Idol","Pantograph","White Beast Statue","Eternal Feather","Runic Capacitor","SlaversCollar","Mercury Hourglass","Philosopher\u0027s Stone","Girya","CeramicFish"],"acts_visited":["Exordium","TheCity","TheBeyond"],"potions_floor_usage":[16,16,21,28,33,38,41,44],"damage_taken":[{"damage":3,"enemies":"Small Slimes","floor":1,"turns":4},{"damage":1,"enemies":"2 Louse","floor":2,"turns":3},{"damage":0,"enemies":"Jaw Worm","floor":5,"turns":4},{"damage":12,"enemies":"3 Sentries","floor":7,"turns":8},{"damage":6,"enemies":"Looter","floor":8,"turns":4},{"damage":0,"enemies":"Large Slime","floor":10,"turns":3},{"damage":18,"enemies":"Gremlin Nob","floor":13,"turns":4},{"damage":2,"enemies":"Slime Boss","floor":16,"turns":7},{"damage":34,"enemies":"2 Thieves","floor":18,"turns":4},{"damage":12,"enemies":"Chosen","floor":19,"turns":5},{"damage":5,"enemies":"Snecko","floor":21,"turns":6},{"damage":15,"enemies":"Centurion and Healer","floor":27,"turns":10},{"damage":20,"enemies":"Slavers","floor":28,"turns":4},{"damage":32,"enemies":"Shelled Parasite and Fungi","floor":29,"turns":5},{"damage":19,"enemies":"Snake Plant","floor":30,"turns":5},{"damage":51,"enemies":"Collector","floor":33,"turns":13},{"damage":19,"enemies":"3 Darklings","floor":35,"turns":8},{"damage":14,"enemies":"3 Shapes","floor":37,"turns":5},{"damage":51,"enemies":"2 Orb Walkers","floor":38,"turns":5},{"damage":51,"enemies":"Transient","floor":41,"turns":6},{"damage":20,"enemies":"Jaw Worm Horde","floor":42,"turns":5},{"damage":33,"enemies":"Nemesis","floor":44,"turns":3}],"seed_played":"-2361274594879463287","potions_obtained":[{"floor":7,"key":"Energy Potion"},{"floor":8,"key":"ColorlessPotion"},{"floor":10,"key":"Block Potion"},{"floor":16,"key":"Ancient Potion"},{"floor":18,"key":"SkillPotion"},{"floor":21,"key":"FearPotion"},{"floor":28,"key":"LiquidMemories"},{"floor":33,"key":"Swift Potion"},{"floor":38,"key":"LiquidMemories"},{"floor":41,"key":"DuplicationPotion"}],"is_trial":false,"path_per_floor":["M","M","?","?","M","R","E","M","T","M","R","?","E","$","R","B",null,"M","M","?","M","?","R","?","R","T","M","E","M","M","$","R","B",null,"M","?","M","?","?","R","M","M","T","E"],"character_chosen":"DEFECT","items_purchased":["OrangePellets","Gambling Chip","Self Repair","Ball Lightning","ClockworkSouvenir","Omamori","Cold Snap","CultistPotion","Cold Snap","Runic Capacitor","Apotheosis","Genetic Algorithm","PowerPotion"],"campfire_rested":2,"item_purchase_floors":[0,0,0,0,0,0,0,0,0,14,31,31,31],"current_hp_per_floor":[26,32,32,37,44,44,39,40,40,47,47,36,25,25,34,64,68,41,36,36,38,38,50,50,62,62,59,51,31,24,24,59,33,60,56,61,62,23,23,61,22,17,17,0,0],"gold":1209,"neow_bonus":"","is_daily":false,"chose_seed":false,"campfire_upgraded":5,"win_rate":0.0,"timestamp":1610808692,"path_taken":["M","M","?","?","M","R","E","M","T","M","R","?","E","$","R","BOSS","M","M","?","M","?","R","?","R","T","M","E","?","M","$","R","BOSS","M","?","M","?","?","R","?","M","T","E"],"items_purchased_type":["Relic","Relic","Card","Card","Relic","Relic","Card","Potion","Card","Relic","Card","Card","Potion"],"build_version":"2020-12-22","purchased_purges":1,"victory":false,"max_hp_per_floor":[71,71,64,69,69,69,69,69,69,69,69,69,69,69,69,69,69,69,69,69,69,69,69,69,69,69,69,69,69,69,69,69,69,69,69,69,69,69,69,69,69,69,69,69,69],"relic_stats":{"OrangePellets":[3],"counters":[47,259],"Gambling Chip":[57],"Bloody Idol":55,"Pantograph":71,"CeramicFish":0,"Eternal Feather":154,"obtain_stats":[{"Darkstone Periapt":44,"SacredBark":34,"CeramicFish":43,"Runic Capacitor":14,"ClockworkSouvenir":27,"Matryoshka":12,"Strawberry":26,"Pantograph":31,"Gambling Chip":0,"MealTicket":48,"Philosopher\u0027s Stone":34,"Fusion Hammer":17,"Cracked Core":0,"Potion Belt":7,"Girya":38,"Golden Idol":3,"Eternal Feather":9,"Pen Nib":24,"Omamori":40,"Frozen Egg 2":26,"White Beast Statue":9,"Mercury Hourglass":43,"OrangePellets":0,"SlaversCollar":17,"Bloody Idol":24},{"Darkstone Periapt":20,"SacredBark":16,"CeramicFish":46,"Runic Capacitor":32,"ClockworkSouvenir":12,"Matryoshka":6,"Strawberry":12,"Pantograph":15,"Gambling Chip":25,"MealTicket":23,"Philosopher\u0027s Stone":41,"Fusion Hammer":8,"Cracked Core":0,"Potion Belt":4,"Girya":44,"Golden Idol":27,"Eternal Feather":4,"Pen Nib":12,"Omamori":19,"Frozen Egg 2":12,"White Beast Statue":30,"Mercury Hourglass":19,"OrangePellets":25,"SlaversCollar":33,"Bloody Idol":36},{"Darkstone Periapt":115,"SacredBark":91,"CeramicFish":256,"Runic Capacitor":168,"ClockworkSouvenir":59,"Matryoshka":20,"Strawberry":59,"Pantograph":73,"Gambling Chip":138,"MealTicket":129,"Philosopher\u0027s Stone":227,"Fusion Hammer":37,"Cracked Core":0,"Potion Belt":16,"Girya":245,"Golden Idol":145,"Eternal Feather":16,"Pen Nib":59,"Omamori":108,"Frozen Egg 2":59,"White Beast Statue":161,"Mercury Hourglass":108,"OrangePellets":138,"SlaversCollar":175,"Bloody Idol":190}],"Mercury Hourglass":[309]},"card_choices":[{"not_picked":["Steam Power","Double Energy"],"picked":"Undo","floor":1},{"not_picked":["Turbo","Stack","Steam Power"],"picked":"SKIP","floor":2},{"not_picked":["Beam Cell","Heatsinks"],"picked":"Lockon","floor":5},{"not_picked":["Rainbow","Stack"],"picked":"Conserve Battery","floor":7},{"not_picked":["Leap","Force Field","Coolheaded"],"picked":"SKIP","floor":8},{"not_picked":["Hologram","BootSequence"],"picked":"Barrage","floor":10},{"not_picked":["Force Field","Coolheaded"],"picked":"Ball Lightning","floor":13},{"not_picked":["Seek","Fission"],"picked":"Rainbow","floor":16},{"not_picked":["Gash","Ball Lightning"],"picked":"FTL","floor":18},{"not_picked":["Force Field","Steam"],"picked":"Sweeping Beam","floor":19},{"not_picked":["Leap","BootSequence"],"picked":"Coolheaded","floor":21},{"not_picked":["Sweeping Beam","Ball Lightning+1","Self Repair"],"picked":"SKIP","floor":27},{"not_picked":["Rip and Tear+1","Reprogram"],"picked":"Stack","floor":28},{"not_picked":["Reprogram","Sunder"],"picked":"Doom and Gloom","floor":29},{"not_picked":["Compile Driver","Hologram"],"picked":"Chill","floor":30},{"not_picked":["Hyperbeam","Machine Learning"],"picked":"Reboot","floor":33},{"not_picked":["Recycle","Streamline"],"picked":"Heatsinks","floor":35},{"not_picked":["Stack","Turbo"],"picked":"Chill","floor":37},{"not_picked":["Cold Snap","Undo"],"picked":"Loop","floor":38},{"not_picked":["Madness","HandOfGreed"],"picked":"Panacea","floor":39},{"not_picked":["Sweeping Beam","Ball Lightning"],"picked":"Barrage","floor":41},{"not_picked":["Rebound","Steam Power"],"picked":"Stack+1","floor":42}],"player_experience":657088,"relics_obtained":[{"floor":7,"key":"Pantograph"},{"floor":9,"key":"White Beast Statue"},{"floor":13,"key":"Eternal Feather"},{"floor":28,"key":"Mercury Hourglass"},{"floor":38,"key":"Girya"},{"floor":43,"key":"CeramicFish"}],"event_choices":[{"damage_healed":0,"gold_gain":0,"player_choice":"Lose Max HP","damage_taken":0,"relics_obtained":["Golden Idol"],"max_hp_gain":0,"max_hp_loss":7,"event_name":"Golden Idol","floor":3,"gold_loss":0},{"damage_healed":0,"gold_gain":0,"player_choice":"Donut","damage_taken":0,"max_hp_gain":5,"max_hp_loss":0,"event_name":"Big Fish","floor":4,"gold_loss":0},{"damage_healed":0,"gold_gain":75,"player_choice":"Gather Gold","damage_taken":11,"max_hp_gain":0,"max_hp_loss":0,"event_name":"World of Goop","floor":12,"gold_loss":0},{"damage_healed":0,"gold_gain":0,"player_choice":"Simplicity","damage_taken":0,"max_hp_gain":0,"max_hp_loss":0,"event_name":"Back to Basics","floor":20,"gold_loss":0,"cards_upgraded":["Strike_B","Strike_B","Strike_B","Defend_B","Defend_B","Defend_B","Defend_B"]},{"damage_healed":0,"gold_gain":50,"player_choice":"Stole From Cult","damage_taken":0,"max_hp_gain":0,"max_hp_loss":0,"event_name":"Nest","floor":22,"gold_loss":0},{"damage_healed":0,"gold_gain":0,"player_choice":"Gave Idol","damage_taken":0,"relics_obtained":["Bloody Idol"],"max_hp_gain":0,"max_hp_loss":0,"event_name":"Forgotten Altar","floor":24,"relics_lost":["Golden Idol"],"gold_loss":0},{"damage_healed":0,"gold_gain":999,"player_choice":"Gold","damage_taken":0,"max_hp_gain":0,"max_hp_loss":0,"event_name":"MindBloom","floor":36,"gold_loss":0,"cards_obtained":["Normality","Normality"]},{"damage_healed":0,"gold_gain":0,"player_choice":"Fight","damage_taken":0,"max_hp_gain":0,"max_hp_loss":0,"event_name":"Mysterious Sphere","floor":38,"gold_loss":0},{"damage_healed":0,"gold_gain":0,"player_choice":"Memory 1","damage_taken":0,"max_hp_gain":0,"max_hp_loss":0,"event_name":"SensoryStone","floor":39,"gold_loss":0}],"is_beta":false,"boss_relics":[{"not_picked":["Runic Pyramid","Inserter"],"picked":"SlaversCollar"},{"not_picked":["Calling Bell","FrozenCore"],"picked":"Philosopher\u0027s Stone"}],"items_purged_floors":[14],"is_endless":false,"potions_floor_spawned":[7,8,10,13,16,18,19,21,27,28,29,30,33,35,37,38,41,42],"killed_by":"Nemesis","ascension_level":20}}