{"host":"7tqog9fnhs0gxmti","time":1610806218,"event":{"mods":["AchievementEnabler","Act Like it!","Astrologer","BaseMod","Colored Map","Colored Powertips","Highlight Path","Koishi","Minty Spire (QoL Compilation)","StSLib","The Cursed","The Hierophant","everything is the same but u backflip on backflip"],"gold_per_floor":[117,192,0,0,12,38,38,49,97,97,131,306,306,318,318,419,419,433,447,447,525,543,572,497,412,412,136,136,136,156,174,174,274,274,288,305,355,369,369,397,397,397,421,276,294,324,324,341,341,341],"floor_reached":51,"language":"ENG","playtime":1913,"items_purged":["Koishi:BasicStrike","Koishi:StingingMind"],"score":958,"play_id":"2f9ac9d7-820d-4afe-99cc-0cb25545f7d5","local_time":"20210116221018","is_ascension_mode":false,"campfire_choices":[{"data":"Koishi:SubterraneanRose","floor":7,"key":"SMITH"},{"data":"Koishi:Untouchable","floor":10,"key":"SMITH"},{"data":"Koishi:HeartAttack","floor":15,"key":"SMITH"},{"data":"Koishi:SubterraneanRose","floor":28,"key":"SMITH"},{"data":"Koishi:BramblyRoseGarden","floor":32,"key":"SMITH"},{"data":"Koishi:BasicStrike","floor":41,"key":"PURGE"},{"data":"Koishi:MindStellarRelief","floor":47,"key":"PURGE"},{"data":"Koishi:HauntingSlash","floor":49,"key":"PURGE"}],"circlet_count":0,"master_deck":["Koishi:BasicStrike","Koishi:BasicDefend+1","Koishi:BasicDefend+1","Koishi:BasicDefend","Koishi:Provoke+1","Koishi:HeartAttack+1","Koishi:Untouchable+1","Koishi:SubterraneanRose+1","Koishi:PredatoryInstincts","Koishi:ReflexRadar","Koishi:Prune","Koishi:UnconsciousUprising","Koishi:SprinkleStarAndHeart","Koishi:ReflexRadar","Koishi:Prune","Koishi:SpiritedAway","Koishi:SubterraneanRose+1","Koishi:GrowingPain","Koishi:BramblyRoseGarden+1","Koishi:HeartAttack","Koishi:LastRemote+1","Koishi:RorschachInDanmaku","Koishi:IdleWhim","Koishi:SubterraneanRose","Koishi:Bloodlust+1","Koishi:SprinkleStarAndHeart"],"relics":["Koishi:ImaginaryFriend","Bronze Scales","War Paint","Bag of Marbles","Centennial Puzzle","The Courier","Calling Bell","Akabeko","Matryoshka","Koishi:ImperfectMetamorphosis","Torii","White Beast Statue","Gremlin Horn","Unceasing Top","Bag of Preparation","Kunai","Koishi:TeethAndClaws","Koishi:AHoleWhereASisterShouldBe","MutagenicStrength","Koishi:ColorfulDays","Peace Pipe","Girya","Ancient Tea Set","StoneCalendar"],"acts_visited":["Exordium","TheCity","TheBeyond"],"potions_floor_usage":[6,8,11,19,33,33,37,45,50],"damage_taken":[{"damage":2,"enemies":"2 Louse","floor":1,"turns":4},{"damage":0,"enemies":"Cultist","floor":5,"turns":3},{"damage":9,"enemies":"Lagavulin","floor":6,"turns":5},{"damage":2,"enemies":"Jaw Worm","floor":8,"turns":2},{"damage":4,"enemies":"3 Sentries","floor":11,"turns":6},{"damage":0,"enemies":"Looter","floor":14,"turns":1},{"damage":40,"enemies":"Slime Boss","floor":16,"turns":13},{"damage":20,"enemies":"Spheric Guardian","floor":18,"turns":5},{"damage":0,"enemies":"Shell Parasite","floor":19,"turns":3},{"damage":0,"enemies":"Snake Plant","floor":22,"turns":2},{"damage":0,"enemies":"Gremlin Leader","floor":23,"turns":11},{"damage":0,"enemies":"Snecko","floor":30,"turns":2},{"damage":0,"enemies":"3 Cultists","floor":31,"turns":3},{"damage":0,"enemies":"Champ","floor":33,"turns":8},{"damage":0,"enemies":"3 Shapes","floor":35,"turns":3},{"damage":0,"enemies":"3 Darklings","floor":36,"turns":3},{"damage":7,"enemies":"Mind Bloom Boss Battle","floor":37,"turns":5},{"damage":0,"enemies":"Transient","floor":38,"turns":5},{"damage":0,"enemies":"Giant Head","floor":40,"turns":7},{"damage":0,"enemies":"Sphere and 2 Shapes","floor":45,"turns":3},{"damage":0,"enemies":"Nemesis","floor":46,"turns":9},{"damage":0,"enemies":"Jaw Worm Horde","floor":48,"turns":1},{"damage":0,"enemies":"Donu and Deca","floor":50,"turns":7}],"seed_played":"-2904787418472480758","potions_obtained":[{"floor":1,"key":"SteroidPotion"},{"floor":6,"key":"GamblersBrew"},{"floor":8,"key":"GamblersBrew"},{"floor":16,"key":"Regen Potion"},{"floor":18,"key":"DistilledChaos"},{"floor":19,"key":"AttackPotion"},{"floor":22,"key":"FearPotion"},{"floor":30,"key":"FairyPotion"},{"floor":33,"key":"Strength Potion"},{"floor":35,"key":"Weak Potion"},{"floor":37,"key":"Swift Potion"},{"floor":45,"key":"Fruit Juice"},{"floor":46,"key":"SmokeBomb"}],"is_trial":false,"path_per_floor":["M","?","$","?","M","E","R","M","T","R","E","?","T","M","R","B",null,"M","M","?","T","M","E","?","?","T","$","R","?","M","M","R","B",null,"M","M","?","M","?","E","R","?","T","$","M","E","R","M","R","B",null],"character_chosen":"KOISHI","items_purchased":["Bronze Scales","Koishi:Untouchable","Koishi:SubterraneanRose","Koishi:GrowingPain","Koishi:AHoleWhereASisterShouldBe","Koishi:IdleWhim","Koishi:SubterraneanRose"],"campfire_rested":0,"item_purchase_floors":[3,3,27,27,27,44,44],"current_hp_per_floor":[60,49,49,49,50,42,42,41,41,41,53,53,53,53,53,14,60,45,60,60,60,60,60,60,60,60,60,60,60,60,60,60,60,60,60,60,57,58,57,57,57,57,57,57,62,62,62,62,62,62],"gold":341,"neow_bonus":"UPGRADE_CARD","is_daily":false,"chose_seed":false,"campfire_upgraded":5,"win_rate":0.0,"timestamp":1610806218,"path_taken":["M","?","$","?","?","E","R","M","T","R","E","?","?","M","R","BOSS","M","M","?","?","?","E","?","?","T","?","R","?","M","?","R","BOSS","M","M","?","M","?","E","R","?","T","$","M","E","R","?","R","BOSS"],"items_purchased_type":["Relic","Card","Card","Card","Relic","Card","Card"],"build_version":"2020-12-22","purchased_purges":2,"victory":true,"max_hp_per_floor":[60,60,60,60,60,60,60,60,60,60,60,60,60,60,60,60,60,60,60,60,60,60,60,60,60,60,60,60,60,60,60,60,60,60,60,60,60,60,57,57,57,57,57,57,62,62,62,62,62,62],"card_choices":[{"not_picked":["Koishi:GeneticsOfTheUnconscious","Koishi:CatchAndRose"],"picked":"Koishi:HeartAttack","floor":1},{"not_picked":["Koishi:JumpScare","Koishi:Whimsy"],"picked":"Koishi:StingingMind","floor":5},{"not_picked":["Koishi:JumpScare","Koishi:SilentAndRestless"],"picked":"Koishi:SubterraneanRose","floor":6},{"not_picked":["Koishi:DanmakuParanoia","Koishi:EmbryosDream"],"picked":"Koishi:PredatoryInstincts","floor":8},{"not_picked":["Koishi:ParalyzingFear","Koishi:DreadfulBlow"],"picked":"Koishi:ReflexRadar","floor":11},{"not_picked":["Koishi:UnconsciousUprising","Koishi:HeartfeltFancy"],"picked":"Koishi:Prune","floor":14},{"not_picked":["Koishi:RuptureMind","Koishi:ConditionedTeleport"],"picked":"Koishi:MindStellarRelief","floor":16},{"not_picked":["Koishi:Untouchable","Koishi:SpiritedAway"],"picked":"Koishi:ReflexRadar","floor":18},{"not_picked":["Koishi:Untouchable","Koishi:RacingHeart"],"picked":"Koishi:Prune","floor":19},{"not_picked":["Koishi:RacingHeart","Koishi:Bloodlust","Koishi:UnconsciousUprising+1"],"picked":"SKIP","floor":22},{"not_picked":["Koishi:UnseenTerror","Koishi:FleetingPhantom"],"picked":"Koishi:SpiritedAway","floor":23},{"not_picked":["Koishi:StingingMind+1","Koishi:Prune+1","Koishi:CatchAndRose"],"picked":"SKIP","floor":30},{"not_picked":["Koishi:DanmakuParanoia+1","Koishi:GeneticsOfTheUnconscious"],"picked":"Koishi:BramblyRoseGarden","floor":31},{"not_picked":["Koishi:VengefulSpirit","Koishi:GeneticsOfTheUnconscious+1"],"picked":"Koishi:HeartAttack","floor":35},{"not_picked":["Koishi:JumpScare","Koishi:Vanish+1"],"picked":"Koishi:LastRemote+1","floor":36},{"not_picked":["Koishi:JumpScare+1","Koishi:UnconsciousUprising+1"],"picked":"Koishi:RorschachInDanmaku","floor":37},{"not_picked":["Koishi:Prune","Koishi:EmbryosDream","Koishi:ParalyzingFear+1"],"picked":"SKIP","floor":38},{"not_picked":["Koishi:PhantomBarrier+1","Koishi:Ego","Koishi:ApparitionsStalkTheNight+1"],"picked":"SKIP","floor":40},{"not_picked":["Koishi:GhostParty+1","Koishi:PhantomStrike"],"picked":"Koishi:Bloodlust+1","floor":45},{"not_picked":["Koishi:UnansweredLove","Koishi:FormlessExistence","Koishi:Jaunt"],"picked":"SKIP","floor":46},{"not_picked":["Koishi:UnconsciousUprising+1","Koishi:SubconsciousSweep+1"],"picked":"Koishi:SprinkleStarAndHeart","floor":48}],"player_experience":750924,"relics_obtained":[{"floor":6,"key":"War Paint"},{"floor":9,"key":"Bag of Marbles"},{"floor":11,"key":"Centennial Puzzle"},{"floor":13,"key":"The Courier"},{"floor":17,"key":"Akabeko"},{"floor":17,"key":"Matryoshka"},{"floor":17,"key":"Koishi:ImperfectMetamorphosis"},{"floor":21,"key":"White Beast Statue"},{"floor":21,"key":"Gremlin Horn"},{"floor":23,"key":"Unceasing Top"},{"floor":26,"key":"Kunai"},{"floor":26,"key":"Koishi:TeethAndClaws"},{"floor":37,"key":"Peace Pipe"},{"floor":40,"key":"Girya"},{"floor":43,"key":"Ancient Tea Set"},{"floor":46,"key":"StoneCalendar"}],"event_choices":[{"damage_healed":0,"gold_gain":75,"player_choice":"Gather Gold","damage_taken":11,"max_hp_gain":0,"max_hp_loss":0,"event_name":"World of Goop","floor":2,"gold_loss":0},{"cards_removed":["Koishi:BasicStrike"],"damage_healed":0,"gold_gain":0,"player_choice":"Offered Basic","damage_taken":0,"max_hp_gain":0,"max_hp_loss":0,"event_name":"Bonfire Elementals","floor":4,"gold_loss":0},{"damage_healed":0,"gold_gain":175,"player_choice":"AGREE","damage_taken":0,"max_hp_gain":0,"max_hp_loss":0,"event_name":"Liars Game","floor":12,"gold_loss":0,"cards_obtained":["Doubt"]},{"damage_healed":0,"gold_gain":0,"player_choice":"Opened","damage_taken":0,"relics_obtained":["Torii"],"max_hp_gain":0,"max_hp_loss":0,"event_name":"The Mausoleum","floor":20,"gold_loss":0},{"cards_removed":["Koishi:BasicDefend"],"damage_healed":0,"gold_gain":0,"player_choice":"Gave Gold","damage_taken":0,"max_hp_gain":0,"max_hp_loss":0,"event_name":"Beggar","floor":24,"gold_loss":75},{"damage_healed":0,"gold_gain":0,"player_choice":"Obtained Relic","damage_taken":0,"relics_obtained":["Bag of Preparation"],"max_hp_gain":0,"max_hp_loss":0,"event_name":"Addict","floor":25,"gold_loss":85},{"damage_healed":0,"gold_gain":0,"player_choice":"Inject Mutagens","damage_taken":0,"relics_obtained":["MutagenicStrength"],"max_hp_gain":0,"max_hp_loss":0,"event_name":"Drug Dealer","floor":29,"gold_loss":0},{"damage_healed":0,"gold_gain":0,"player_choice":"Fight","damage_taken":0,"max_hp_gain":0,"max_hp_loss":0,"event_name":"MindBloom","floor":37,"gold_loss":0},{"damage_healed":0,"gold_gain":0,"player_choice":"Max HP","damage_taken":0,"max_hp_gain":0,"max_hp_loss":3,"event_name":"Winding Halls","floor":39,"gold_loss":0},{"damage_healed":0,"gold_gain":0,"player_choice":"Ignored","damage_taken":0,"max_hp_gain":0,"max_hp_loss":0,"event_name":"SecretPortal","floor":42,"gold_loss":0}],"is_beta":false,"boss_relics":[{"not_picked":["Cursed Key","Snecko Eye"],"picked":"Calling Bell"},{"not_picked":["Busted Crown","Tiny House"],"picked":"Koishi:ColorfulDays"}],"items_purged_floors":[27,44],"is_endless":false,"potions_floor_spawned":[1,6,8,16,18,19,22,23,30,31,33,35,36,37,38,40,45,46,48],"ascension_level":0}}