{"host":"ydg0vn0pu4pubmdt","time":1610827702,"event":{"mods":["AchievementEnabler","BaseMod","Colored Map","Gold Saver","Minty Spire (QoL Compilation)","Quick Restart","SuperFastMode"],"gold_per_floor":[138,213,213,138,138,138,166,166,166,66,84,99,99,125,125,227,227,244,254,90,104,124,124,153,153,153,167,18,18,18,38,38,133,133,153,168,181,192,209,209,239,259,259,278,328,328,339,40,40,40],"floor_reached":51,"language":"KOR","playtime":4141,"items_purged":["Strike_B","Strike_B","Strike_B","Defend_B"],"score":1022,"play_id":"579ccbe9-e553-4301-a9a0-2fbeb9943fe8","local_time":"20210117050822","is_ascension_mode":true,"campfire_choices":[{"data":"Dualcast","floor":6.0,"key":"SMITH"},{"data":"Zap","floor":8.0,"key":"SMITH"},{"data":"Coolheaded","floor":13.0,"key":"SMITH"},{"data":"Capacitor","floor":15.0,"key":"SMITH"},{"data":"Defragment","floor":23.0,"key":"SMITH"},{"data":"Steam Power","floor":25.0,"key":"SMITH"},{"data":"Buffer","floor":29.0,"key":"SMITH"},{"data":"Glacier","floor":32.0,"key":"SMITH"},{"data":"Reboot","floor":40,"key":"SMITH"},{"data":"White Noise","floor":49,"key":"SMITH"}],"circlet_count":0,"master_deck":["Strike_B+1","Defend_B","Defend_B","Zap+1","Dualcast+1","Streamline+1","Coolheaded+1","Capacitor+1","Buffer+1","Melter+1","Genetic Algorithm+1","Glacier+1","BootSequence+1","Defragment+1","Steam Power+1","Reboot+1","Turbo+1","Meteor Strike","Compile Driver+1","White Noise+1"],"relics":["Cracked Core","NeowsBlessing","White Beast Statue","Symbiotic Virus","Strawberry","Nuclear Battery","Whetstone","Blue Candle","Runic Capacitor","Runic Pyramid","Emotion Chip","HornCleat","OrangePellets"],"acts_visited":["Exordium","TheCity","TheBeyond"],"potions_floor_usage":[50],"damage_taken":[{"damage":0.0,"enemies":"Small Slimes","floor":1.0,"turns":1.0},{"damage":0.0,"enemies":"3 Sentries","floor":7.0,"turns":1.0},{"damage":0.0,"enemies":"2 Louse","floor":11.0,"turns":1.0},{"damage":0.0,"enemies":"Cultist","floor":12.0,"turns":2.0},{"damage":26.0,"enemies":"Lagavulin","floor":14.0,"turns":4.0},{"damage":3.0,"enemies":"The Guardian","floor":16.0,"turns":10.0},{"damage":25.0,"enemies":"2 Thieves","floor":18.0,"turns":3.0},{"damage":7.0,"enemies":"Shell Parasite","floor":19.0,"turns":3.0},{"damage":0.0,"enemies":"Snecko","floor":21.0,"turns":6.0},{"damage":1.0,"enemies":"Centurion and Healer","floor":22.0,"turns":10.0},{"damage":2.0,"enemies":"Book of Stabbing","floor":24.0,"turns":8.0},{"damage":0.0,"enemies":"3 Cultists","floor":27.0,"turns":5.0},{"damage":9.0,"enemies":"Snake Plant","floor":31.0,"turns":5.0},{"damage":20.0,"enemies":"Collector","floor":33.0,"turns":15.0},{"damage":0.0,"enemies":"Orb Walker","floor":35.0,"turns":4.0},{"damage":0.0,"enemies":"3 Darklings","floor":36.0,"turns":8.0},{"damage":0,"enemies":"Spire Growth","floor":37,"turns":4},{"damage":0,"enemies":"Maw","floor":38,"turns":7},{"damage":0,"enemies":"Sphere and 2 Shapes","floor":39,"turns":3},{"damage":0,"enemies":"Reptomancer","floor":41,"turns":6},{"damage":0,"enemies":"Spire Growth","floor":42,"turns":4},{"damage":0,"enemies":"4 Shapes","floor":44,"turns":4},{"damage":0,"enemies":"Mind Bloom Boss Battle","floor":45,"turns":3},{"damage":0,"enemies":"Sphere and 2 Shapes","floor":47,"turns":2},{"damage":11,"enemies":"Donu and Deca","floor":50,"turns":8}],"seed_played":"-55609971488768398","potions_obtained":[{"floor":11.0,"key":"SteroidPotion"},{"floor":12.0,"key":"Swift Potion"},{"floor":14.0,"key":"Explosive Potion"},{"floor":16.0,"key":"FearPotion"},{"floor":18.0,"key":"Regen Potion"},{"floor":19.0,"key":"Energy Potion"},{"floor":21.0,"key":"Strength Potion"},{"floor":37,"key":"EssenceOfDarkness"},{"floor":45,"key":"PowerPotion"}],"is_trial":false,"path_per_floor":["M","?","?","$","?","R","E","R","T","$","M","M","R","E","R","B",null,"M","M","$","M","M","R","E","R","T","M","$","R","?","M","R","B",null,"M","M","M","M","M","R","E","M","T","M","?","?","M","$","R","B",null],"character_chosen":"DEFECT","items_purchased":["Glacier","Runic Capacitor","OrangePellets"],"campfire_rested":0,"item_purchase_floors":[20,28,48],"current_hp_per_floor":[68,57,62,62,62,62,62,62,62,62,62,62,62,43,43,40,75,50,43,43,58,57,57,55,55,55,55,55,55,55,46,46,26,72,72,72,72,72,72,72,72,72,72,72,72,72,72,72,72,61],"gold":40,"neow_bonus":"THREE_ENEMY_KILL","is_daily":false,"chose_seed":false,"campfire_upgraded":10,"win_rate":0.0,"timestamp":1610827702,"path_taken":["M","?","?","$","?","R","E","R","T","$","?","M","R","E","R","BOSS","M","M","$","M","M","R","E","R","T","M","$","R","?","?","R","BOSS","M","M","M","?","M","R","E","M","T","M","?","?","M","$","R","BOSS"],"items_purchased_type":["Card","Relic","Relic"],"build_version":"2020-12-22","purchased_purges":4,"victory":true,"max_hp_per_floor":[75,75,80,80,80,80,80,80,80,80,80,80,80,87,87,87,87,87,87,87,87,87,87,87,87,87,87,87,87,87,87,87,87,87,87,87,87,87,87,87,87,87,87,87,87,87,87,87,87,87],"card_choices":[{"not_picked":["Hologram","Double Energy","Barrage"],"picked":"SKIP","floor":1.0},{"not_picked":["Barrage","Leap","Sweeping Beam"],"picked":"SKIP","floor":7.0},{"not_picked":["Sweeping Beam","FTL"],"picked":"Streamline","floor":11.0},{"not_picked":["Amplify","Steam"],"picked":"Coolheaded","floor":12.0},{"not_picked":["Redo","Turbo"],"picked":"Capacitor","floor":14.0},{"not_picked":["Thunder Strike","Meteor Strike"],"picked":"Buffer","floor":16.0},{"not_picked":["Loop+1","Undo"],"picked":"Melter+1","floor":18.0},{"not_picked":["Beam Cell","Steam"],"picked":"Genetic Algorithm","floor":19.0},{"not_picked":["Steam","Static Discharge+1"],"picked":"BootSequence+1","floor":21.0},{"not_picked":["Hello World+1","Beam Cell"],"picked":"Defragment","floor":22.0},{"not_picked":["Go for the Eyes","Self Repair"],"picked":"Steam Power","floor":24.0},{"not_picked":["Genetic Algorithm","Go for the Eyes+1","Sweeping Beam"],"picked":"SKIP","floor":27.0},{"not_picked":["Conserve Battery","Recycle+1","Go for the Eyes+1"],"picked":"SKIP","floor":31.0},{"not_picked":["Buffer","Biased Cognition"],"picked":"Reboot","floor":33.0},{"not_picked":["Gash+1","Rip and Tear","Compile Driver"],"picked":"SKIP","floor":35.0},{"not_picked":["Aggregate","Double Energy+1","Stack"],"picked":"SKIP","floor":36.0},{"not_picked":["Ball Lightning","Reinforced Body","Steam"],"picked":"SKIP","floor":37},{"not_picked":["Echo Form","Go for the Eyes+1"],"picked":"Turbo+1","floor":38},{"not_picked":["Glacier","Coolheaded+1"],"picked":"Blizzard+1","floor":39},{"not_picked":["Ball Lightning","Compile Driver"],"picked":"Meteor Strike","floor":41},{"not_picked":["Rebound","Stack","Redo"],"picked":"SKIP","floor":42},{"not_picked":["Ball Lightning","Redo","Barrage"],"picked":"SKIP","floor":44},{"not_picked":["Gash","Reinforced Body+1"],"picked":"Compile Driver+1","floor":45},{"not_picked":["Go for the Eyes","BootSequence"],"picked":"White Noise","floor":47}],"player_experience":410087,"relics_obtained":[{"floor":7.0,"key":"White Beast Statue"},{"floor":9.0,"key":"Symbiotic Virus"},{"floor":14.0,"key":"Strawberry"},{"floor":24.0,"key":"Whetstone"},{"floor":26.0,"key":"Blue Candle"},{"floor":41,"key":"Emotion Chip"},{"floor":43,"key":"HornCleat"}],"event_choices":[{"damage_healed":0.0,"max_hp_gain":0.0,"max_hp_loss":0.0,"gold_gain":75.0,"event_name":"World of Goop","player_choice":"Gather Gold","floor":2.0,"gold_loss":0.0,"damage_taken":11.0},{"damage_healed":0.0,"max_hp_gain":5.0,"max_hp_loss":0.0,"gold_gain":0.0,"event_name":"Big Fish","player_choice":"Donut","floor":3.0,"gold_loss":0.0,"damage_taken":0.0},{"cards_removed":["Defend_B"],"damage_healed":0.0,"max_hp_gain":0.0,"max_hp_loss":0.0,"gold_gain":0.0,"event_name":"Purifier","player_choice":"Purged","floor":5.0,"gold_loss":0.0,"damage_taken":0.0},{"damage_healed":0.0,"max_hp_gain":0.0,"max_hp_loss":0.0,"gold_gain":0.0,"event_name":"Accursed Blacksmith","player_choice":"Forge","floor":30.0,"gold_loss":0.0,"damage_taken":0.0,"cards_upgraded":["Genetic Algorithm"]},{"damage_healed":0,"gold_gain":0,"player_choice":"Fight","damage_taken":0,"max_hp_gain":0,"max_hp_loss":0,"event_name":"MindBloom","floor":45,"gold_loss":0},{"cards_removed":["Blizzard"],"damage_healed":0,"gold_gain":0,"player_choice":"Removed Attack","damage_taken":0,"max_hp_gain":0,"max_hp_loss":0,"event_name":"Falling","floor":46,"gold_loss":0}],"is_beta":false,"boss_relics":[{"not_picked":["SacredBark","Fusion Hammer"],"picked":"Nuclear Battery"},{"not_picked":["Tiny House","Runic Dome"],"picked":"Runic Pyramid"}],"items_purged_floors":[4,10,20,48],"is_endless":false,"potions_floor_spawned":[11,12,14,16,18,19,21,22,24,27,31,33,35,36,37,38,39,41,42,44,45,47],"ascension_level":6}}