{"host":"lzzv50t0ea3gz1kk","time":1610786806,"event":{"mods":["ATMod(°¢èªMod)","Act Like it!","BaseMod","Gensokyo","Hallownest","Hermit","Marisa£¨ìFÓê¡¡Ä§ÀíÉ³£©","Minty Spire (QoL Compilation)","Replay The Spire","Robot Space Explorer","StSLib","The Animator"],"gold_per_floor":[114,114,132,57,77,94,94,106,188,188,188,207,207,220,220,220,220],"floor_reached":16,"language":"ZHS","playtime":754,"items_purged":["Strike_R"],"score":108,"play_id":"b24dc8c1-6297-42a0-85ae-a235aeda9e43","local_time":"20210116164646","is_ascension_mode":true,"campfire_choices":[{"data":"Rampage","floor":11,"key":"SMITH"},{"data":"ReplayReversal","floor":13,"key":"SMITH"},{"floor":15,"key":"REST"}],"circlet_count":0,"master_deck":["Strike_R","Strike_R","Strike_R","Strike_R","Defend_R","Defend_R","Defend_R","Bash","ReplayReversal+1","Clash","Rampage+1","Demon Form+1","Limit Break"],"relics":["Burning Blood","AT_ATBox","Hallownest:DreamNailRelic","AT_TimeSand","AT_BellowingDragoncrestRing"],"acts_visited":["Hallownest:Greenpath"],"potions_floor_usage":[12,12,16],"damage_taken":[{"damage":2,"enemies":"Hallownest:monsterHuskGuard","floor":1,"turns":3},{"damage":3,"enemies":"Hallownest:2_MossCreeps","floor":3,"turns":5},{"damage":3,"enemies":"Hallownest:monsterHuskWarrior","floor":5,"turns":3},{"damage":0,"enemies":"Hallownest:monsterAspidMother","floor":6,"turns":5},{"damage":11,"enemies":"Hallownest:1_Baldur_1_Crawlid_1_Warrior","floor":8,"turns":6},{"damage":44,"enemies":"Hallownest:1_Ooma_and_2_Uuma","floor":12,"turns":7},{"damage":32,"enemies":"Hallownest:Guard_and_Warrior","floor":14,"turns":5},{"damage":35,"enemies":"Hallownest:BossFalseKnight","floor":16,"turns":3}],"seed_played":"7242862012520419900","potions_obtained":[{"floor":1,"key":"Adrenaline Potion"},{"floor":3,"key":"Cursed Concoction"},{"floor":8,"key":"Swift Potion"},{"floor":12,"key":"Strength Potion"}],"is_trial":false,"path_per_floor":["M","?","M","$","M","M","?","M","T","T","R","M","R","M","R","B"],"character_chosen":"IRONCLAD","items_purchased":[],"campfire_rested":1,"item_purchase_floors":[],"current_hp_per_floor":[80,80,80,80,80,80,80,75,75,75,75,37,37,11,35,0,0],"gold":220,"neow_bonus":"REMOVE_CARD","is_daily":false,"chose_seed":false,"campfire_upgraded":2,"win_rate":0.0,"timestamp":1610786806,"path_taken":["M","?","M","$","?","M","?","M","T","?","R","M","R","M","R","BOSS"],"items_purchased_type":[],"build_version":"2020-12-22","purchased_purges":1,"victory":false,"max_hp_per_floor":[80,80,80,80,80,80,80,80,80,80,80,80,80,80,80,80,80],"card_choices":[{"not_picked":["Second Wind","ReplayTheSpireMod:Strike From Hell"],"picked":"ReplayReversal","floor":1},{"not_picked":["Anger","AT_BodySlamDance"],"picked":"Clash","floor":3},{"not_picked":["Sword Boomerang","Iron Wave"],"picked":"Rampage","floor":5},{"not_picked":["Pommel Strike","Iron Wave"],"picked":"Demon Form","floor":6},{"not_picked":["Thunderclap","True Grit","Burning Pact"],"picked":"SKIP","floor":8},{"not_picked":["Clothesline","Armaments","Heavy Blade"],"picked":"SKIP","floor":12},{"not_picked":["Iron Wave","Anger"],"picked":"Limit Break","floor":14}],"player_experience":322306,"relics_obtained":[{"floor":9,"key":"AT_TimeSand"},{"floor":10,"key":"AT_BellowingDragoncrestRing"}],"event_choices":[],"is_beta":false,"boss_relics":[],"items_purged_floors":[4],"is_endless":false,"potions_floor_spawned":[1,3,8,12],"killed_by":"Hallownest:BossFalseKnight","ascension_level":3}}