{"host":"Ruben","time":1610807686,"event":{"mods":["AchievementEnabler","Aspiration","BaseMod","Better Altar","Better Match","Better Note","Better Sensory Stone","Better Skull","Better Third Choice","BetterRewards","Colored Map","Conspire","Downfall","GifTheSpireLib","Googly Eyes","Highlight Path","Hubris","Minty Spire (QoL Compilation)","Permanent Neow","Shop Mod","Spicy Shops","StSLib","Stuff the Spire","The IronCluck","everything is the same but u backflip on backflip","slay the spire mod where everything is the same but ironclad has a cowboy hat"],"gold_per_floor":[115,215,225,242,167,179,211,227,309,309,329,329,329,363,363,459,459,477,494,126,141,154,154,154],"floor_reached":23,"language":"ENG","playtime":1459,"items_purged":["Strike_B","Strike_B","Strike_B"],"score":205,"play_id":"b708ca76-191e-43a4-97f7-1e206a3bdb5c","local_time":"20210116153446","is_ascension_mode":false,"campfire_choices":[{"floor":10,"key":"REST"},{"data":"StuffTheSpire:ForEach","floor":13,"key":"SMITH"},{"data":"Self Repair","floor":15,"key":"SMITH"}],"circlet_count":0,"master_deck":["Defend_B","Defend_B","Defend_B","Defend_B","Zap+1","Dualcast","Redo","Self Repair+1","Streamline","StuffTheSpire:ForEach+1","Echo Form","Redo","Zap+1","Lockon"],"relics":["Cracked Core","StuffTheSpire:EmeraldSignet","hubris:MysteriousPyramids","MealTicket","hubris:Backtick","Runic Capacitor","DollysMirror"],"acts_visited":["Exordium","TheCity"],"potions_floor_usage":[14,16,18,19,23,23],"damage_taken":[{"damage":0,"enemies":"Small Slimes","floor":1,"turns":3},{"damage":0,"enemies":"Cultist","floor":3,"turns":3},{"damage":1,"enemies":"2 Louse","floor":4,"turns":2},{"damage":8,"enemies":"Lots of Slimes","floor":6,"turns":4},{"damage":41,"enemies":"3 Sentries","floor":7,"turns":10},{"damage":11,"enemies":"3 Louse","floor":8,"turns":4},{"damage":5,"enemies":"Exordium Thugs","floor":11,"turns":4},{"damage":8,"enemies":"Gremlin Nob","floor":14,"turns":3},{"damage":9,"enemies":"Slime Boss","floor":16,"turns":6},{"damage":15,"enemies":"Shell Parasite","floor":18,"turns":4},{"damage":20,"enemies":"3 Byrds","floor":19,"turns":4},{"damage":3,"enemies":"Snecko","floor":21,"turns":3},{"damage":26,"enemies":"Centurion and Healer","floor":22,"turns":4},{"damage":77,"enemies":"Slavers","floor":23,"turns":3}],"seed_played":"2525157924532215824","potions_obtained":[{"floor":1,"key":"AttackPotion"},{"floor":3,"key":"Energy Potion"},{"floor":7,"key":"EntropicBrew"},{"floor":14,"key":"Fire Potion"},{"floor":16,"key":"Energy Potion"},{"floor":21,"key":"Explosive Potion"},{"floor":22,"key":"AttackPotion"}],"is_trial":false,"path_per_floor":["M","?","M","M","$","M","E","M","T","R","M","?","R","E","R","B",null,"M","M","$","M","M","E"],"character_chosen":"DEFECT","items_purchased":["DollysMirror"],"campfire_rested":1,"item_purchase_floors":[20],"current_hp_per_floor":[75,75,75,74,74,73,39,35,35,57,59,59,59,58,58,49,75,75,75,75,75,69,0,0],"gold":154,"neow_bonus":"UPGRADE_CARD","is_daily":false,"chose_seed":false,"campfire_upgraded":2,"win_rate":0.0,"timestamp":1610807686,"path_taken":["M","?","?","M","$","M","E","M","T","R","?","?","R","E","R","BOSS","M","M","$","M","M","E"],"items_purchased_type":["Relic"],"build_version":"2020-12-18","purchased_purges":3,"victory":false,"max_hp_per_floor":[75,75,75,75,75,75,75,75,75,75,75,75,75,75,75,75,75,75,75,75,75,75,75,75],"card_choices":[{"not_picked":["Recycle","Compile Driver","Turbo"],"picked":"SKIP","floor":1},{"not_picked":["Cold Snap","Streamline"],"picked":"Redo","floor":3},{"not_picked":["Tempest","Sweeping Beam"],"picked":"Self Repair","floor":4},{"not_picked":["Reprogram","StuffTheSpire:Rend","StuffTheSpire:LoadUp"],"picked":"SKIP","floor":6},{"not_picked":["Sweeping Beam","Aggregate","Barrage"],"picked":"SKIP","floor":7},{"not_picked":["Gash","Skim"],"picked":"Streamline","floor":8},{"not_picked":["Auto Shields","hubris:PowerSurge"],"picked":"StuffTheSpire:ForEach","floor":11},{"not_picked":["StuffTheSpire:EventHorizon","Barrage","StuffTheSpire:Rend"],"picked":"SKIP","floor":14},{"not_picked":["Buffer","hubris:SpecializedCircuitry"],"picked":"Echo Form","floor":16},{"not_picked":["Steam","Chaos"],"picked":"Redo","floor":18},{"not_picked":["Steam Power","conspire:SharedLibrary","Steam+1"],"picked":"SKIP","floor":19},{"not_picked":["conspire:Rain","StuffTheSpire:SnapShoot"],"picked":"Lockon","floor":21},{"not_picked":["StuffTheSpire:Plugnplay","Force Field","Turbo"],"picked":"SKIP","floor":22}],"player_experience":277001,"relics_obtained":[{"floor":7,"key":"StuffTheSpire:EmeraldSignet"},{"floor":9,"key":"hubris:MysteriousPyramids"},{"floor":14,"key":"MealTicket"}],"event_choices":[{"damage_healed":0,"gold_gain":100,"player_choice":"Pray","damage_taken":0,"max_hp_gain":0,"max_hp_loss":0,"event_name":"Golden Shrine","floor":2,"gold_loss":0},{"cards_removed":["Strike_B"],"damage_healed":0,"gold_gain":0,"player_choice":"Card Removal","damage_taken":0,"max_hp_gain":0,"max_hp_loss":0,"event_name":"Wheel of Change","floor":12,"gold_loss":0}],"is_beta":true,"boss_relics":[{"not_picked":["aspiration:RitualDagger","StuffTheSpire:Kangaroo"],"picked":"hubris:Backtick"}],"items_purged_floors":[5,20,20],"is_endless":false,"potions_floor_spawned":[1,3,7,14,16,21,22],"killed_by":"Slavers","ascension_level":0}}