{"host":"08t08ld674si40tv","time":1610769100,"event":{"mods":["AchievementEnabler","BaseMod","Colored Map","Minty Spire (QoL Compilation)","StSLib","SuperFastMode"],"gold_per_floor":[110,121,121,135,151,151,178,178,178,178,203,128,147,147,147,147,147],"floor_reached":16,"language":"KOR","playtime":287,"items_purged":["Strike_R"],"score":204,"play_id":"96a32bba-323b-40f7-9200-bc08bd69e60a","local_time":"20210116125140","is_ascension_mode":true,"campfire_choices":[{"data":"Hemokinesis","floor":6.0,"key":"SMITH"},{"floor":8.0,"key":"REST"},{"data":"Shrug It Off","floor":15,"key":"SMITH"}],"circlet_count":0,"master_deck":["AscendersBane","Strike_R","Strike_R","Strike_R","Strike_R","Defend_R","Defend_R","Defend_R","Defend_R","Bash","Dramatic Entrance","Hemokinesis+1","Feel No Pain","Rupture","Shrug It Off+1","Pommel Strike+1"],"relics":["Burning Blood","Anchor","Molten Egg 2","Golden Idol"],"acts_visited":["Exordium"],"potions_floor_usage":[16],"damage_taken":[{"damage":6.0,"enemies":"Cultist","floor":1.0,"turns":3.0},{"damage":4.0,"enemies":"Jaw Worm","floor":2.0,"turns":3.0},{"damage":9.0,"enemies":"2 Louse","floor":4.0,"turns":3.0},{"damage":34.0,"enemies":"Exordium Wildlife","floor":5.0,"turns":5.0},{"damage":33.0,"enemies":"Lagavulin","floor":7.0,"turns":5.0},{"damage":16.0,"enemies":"Exordium Thugs","floor":11.0,"turns":5.0},{"damage":2.0,"enemies":"Red Slaver","floor":13.0,"turns":2.0},{"damage":39,"enemies":"The Guardian","floor":16,"turns":10}],"seed_played":"-4127667097321181923","potions_obtained":[{"floor":1.0,"key":"ColorlessPotion"},{"floor":5.0,"key":"EntropicBrew"}],"is_trial":false,"path_per_floor":["M","M","?","M","M","R","E","R","T","?","M","$","M","?","R","B"],"character_chosen":"IRONCLAD","items_purchased":[],"campfire_rested":1,"item_purchase_floors":[],"current_hp_per_floor":[68,70,75,72,44,44,17,41,41,41,31,31,35,35,35,0,0],"gold":147,"neow_bonus":"RANDOM_COLORLESS","is_daily":false,"chose_seed":false,"campfire_upgraded":2,"win_rate":0.0,"timestamp":1610769100,"path_taken":["M","M","?","M","M","R","E","R","T","?","M","?","M","?","R","BOSS"],"items_purchased_type":[],"build_version":"2020-12-22","purchased_purges":1,"victory":false,"max_hp_per_floor":[75,75,80,80,80,80,80,80,80,72,72,72,72,72,72,72,72],"card_choices":[{"not_picked":["Discovery","Trip"],"picked":"Dramatic Entrance","floor":0.0},{"not_picked":["Havoc","Feel No Pain"],"picked":"Hemokinesis","floor":1.0},{"not_picked":["Searing Blow","Clash"],"picked":"Feel No Pain","floor":2.0},{"not_picked":["Sever Soul","Pommel Strike"],"picked":"Rupture","floor":4.0},{"not_picked":["Heavy Blade","Warcry"],"picked":"Shrug It Off","floor":5.0},{"not_picked":["Clothesline","Twin Strike","Ghostly Armor"],"picked":"SKIP","floor":7.0},{"not_picked":["Clothesline+1","Flex","Wild Strike+1"],"picked":"SKIP","floor":11.0},{"not_picked":["Flex","Body Slam+1"],"picked":"Pommel Strike+1","floor":13.0}],"player_experience":223720,"relics_obtained":[{"floor":7.0,"key":"Anchor"},{"floor":9.0,"key":"Molten Egg 2"}],"event_choices":[{"damage_healed":0.0,"max_hp_gain":5.0,"max_hp_loss":0.0,"gold_gain":0.0,"event_name":"Big Fish","player_choice":"Donut","floor":3.0,"gold_loss":0.0,"damage_taken":0.0},{"damage_healed":0.0,"max_hp_gain":0.0,"max_hp_loss":8.0,"gold_gain":0.0,"event_name":"Golden Idol","player_choice":"Lose Max HP","floor":10.0,"gold_loss":0.0,"damage_taken":0.0,"relics_obtained":["Golden Idol"]},{"damage_healed":0,"gold_gain":0,"player_choice":"Searched \u00270\u0027 times","damage_taken":0,"max_hp_gain":0,"max_hp_loss":0,"event_name":"Dead Adventurer","floor":14,"gold_loss":0}],"is_beta":false,"boss_relics":[],"items_purged_floors":[12],"is_endless":false,"potions_floor_spawned":[1,5],"killed_by":"The Guardian","ascension_level":20}}