{"host":"2tgyrzvaa7l04o2e","time":1610807168,"event":{"mods":["BaseMod","Highlight Path","Minty Spire (QoL Compilation)","Permanent Neow","Relic Stats"],"gold_per_floor":[114,124,124,142,153,178,128,155,155,187,187,187,68,85,85,181,181,195,213,213,138,148,173,173,200,200,200,200],"floor_reached":27,"language":"ENG","playtime":1359,"items_purged":["Decay","Strike_B"],"score":420,"play_id":"697dfcd1-a05d-48d4-8ff5-e43f5b09356a","local_time":"20210116152608","is_ascension_mode":true,"campfire_choices":[{"data":"Zap","floor":11,"key":"SMITH"},{"data":"Defragment","floor":15,"key":"SMITH"},{"floor":24,"key":"REST"}],"circlet_count":0,"master_deck":["AscendersBane","Strike_B","Strike_B","Defend_B","Defend_B","Defend_B","Defend_B","Zap+1","Dualcast","Go for the Eyes","Beam Cell","Cold Snap","Glacier","Compile Driver","Gash","Doom and Gloom","Compile Driver","Defragment+1","Conserve Battery","Electrodynamics","Barrage+1","Sweeping Beam+1","Turbo","Conserve Battery","Coolheaded","Hologram","Steam"],"relics":["Runic Pyramid","Smiling Mask","Lantern","Eternal Feather","Mummified Hand","Inserter","Dream Catcher","Gambling Chip","MealTicket"],"acts_visited":["Exordium","TheCity"],"potions_floor_usage":[5,19,27],"damage_taken":[{"damage":0,"enemies":"Small Slimes","floor":1,"turns":3},{"damage":0,"enemies":"Cultist","floor":2,"turns":3},{"damage":2,"enemies":"Jaw Worm","floor":4,"turns":4},{"damage":15,"enemies":"Exordium Thugs","floor":5,"turns":5},{"damage":3,"enemies":"Lagavulin","floor":6,"turns":9},{"damage":26,"enemies":"Gremlin Nob","floor":8,"turns":5},{"damage":4,"enemies":"3 Sentries","floor":10,"turns":9},{"damage":0,"enemies":"2 Fungi Beasts","floor":14,"turns":4},{"damage":2,"enemies":"Slime Boss","floor":16,"turns":7},{"damage":7,"enemies":"Shell Parasite","floor":18,"turns":5},{"damage":7,"enemies":"Chosen","floor":19,"turns":4},{"damage":26,"enemies":"Snake Plant","floor":22,"turns":4},{"damage":42,"enemies":"Slavers","floor":23,"turns":5},{"damage":44,"enemies":"Book of Stabbing","floor":25,"turns":5},{"damage":16,"enemies":"Snecko","floor":27,"turns":3}],"seed_played":"5554207623458321132","potions_obtained":[{"floor":2,"key":"SkillPotion"},{"floor":4,"key":"FairyPotion"},{"floor":14,"key":"SneckoOil"},{"floor":16,"key":"Ancient Potion"},{"floor":23,"key":"PotionOfCapacity"},{"floor":25,"key":"AttackPotion"}],"is_trial":false,"path_per_floor":["M","M","?","M","M","E","$","E","T","E","R","?","$","M","R","B",null,"M","M","?","?","M","E","R","E","T","M"],"character_chosen":"DEFECT","items_purchased":["Defragment"],"campfire_rested":1,"item_purchase_floors":[13],"current_hp_per_floor":[68,68,68,66,51,48,48,22,22,18,27,27,27,27,39,37,66,59,52,52,52,26,8,45,1,1,0,0],"gold":200,"neow_bonus":"BOSS_RELIC","is_daily":false,"chose_seed":false,"campfire_upgraded":2,"win_rate":0.0,"timestamp":1610807168,"path_taken":["M","M","?","?","M","E","$","E","T","E","R","?","?","M","R","BOSS","M","M","?","?","M","E","R","E","T","M"],"items_purchased_type":["Card"],"build_version":"2020-12-22","purchased_purges":2,"victory":false,"max_hp_per_floor":[75,75,75,75,75,75,75,75,75,75,75,75,75,75,75,75,75,75,75,75,75,75,75,75,75,75,75,75],"relic_stats":{"Dream Catcher":1,"Inserter":[13],"counters":[15,75],"Mummified Hand":[15],"Gambling Chip":[3],"Eternal Feather":36,"MealTicket":0,"Smiling Mask":75,"obtain_stats":[{"Lantern":8,"Dream Catcher":23,"Inserter":17,"Mummified Hand":10,"Gambling Chip":25,"Eternal Feather":9,"MealTicket":26,"Cracked Core":0,"Smiling Mask":6,"Runic Pyramid":0},{"Lantern":6,"Dream Catcher":13,"Inserter":9,"Mummified Hand":7,"Gambling Chip":14,"Eternal Feather":6,"MealTicket":14,"Cracked Core":0,"Smiling Mask":5,"Runic Pyramid":0},{"Lantern":29,"Dream Catcher":67,"Inserter":49,"Mummified Hand":38,"Gambling Chip":72,"Eternal Feather":29,"MealTicket":72,"Cracked Core":0,"Smiling Mask":24,"Runic Pyramid":0}]},"card_choices":[{"not_picked":["Leap","Compile Driver"],"picked":"Go for the Eyes","floor":1},{"not_picked":["Go for the Eyes","Rebound"],"picked":"Beam Cell","floor":2},{"not_picked":["Turbo","Coolheaded"],"picked":"Cold Snap","floor":4},{"not_picked":["Rebound","Ball Lightning"],"picked":"Glacier","floor":5},{"not_picked":["Heatsinks","Redo"],"picked":"Compile Driver","floor":6},{"not_picked":["Compile Driver","Go for the Eyes"],"picked":"Gash","floor":8},{"not_picked":["Double Energy","Glacier"],"picked":"Doom and Gloom","floor":10},{"not_picked":["Melter","BootSequence"],"picked":"Conserve Battery","floor":14},{"not_picked":["Buffer","Core Surge"],"picked":"Electrodynamics","floor":16},{"not_picked":["Conserve Battery","Ball Lightning"],"picked":"Barrage+1","floor":18},{"not_picked":["Heatsinks","Go for the Eyes"],"picked":"Sweeping Beam+1","floor":19},{"not_picked":["Barrage","Redo"],"picked":"Conserve Battery","floor":22},{"not_picked":["Leap","Compile Driver"],"picked":"Coolheaded","floor":23},{"not_picked":["Heatsinks","Leap"],"picked":"Hologram","floor":24},{"not_picked":["Thunder Strike","Ball Lightning"],"picked":"Steam","floor":25}],"player_experience":597462,"relics_obtained":[{"floor":6,"key":"Smiling Mask"},{"floor":8,"key":"Lantern"},{"floor":9,"key":"Eternal Feather"},{"floor":10,"key":"Mummified Hand"},{"floor":23,"key":"Dream Catcher"},{"floor":25,"key":"Gambling Chip"},{"floor":26,"key":"MealTicket"}],"event_choices":[{"damage_healed":0,"gold_gain":0,"player_choice":"Cursed","damage_taken":0,"max_hp_gain":0,"max_hp_loss":0,"event_name":"Wheel of Change","floor":3,"gold_loss":0,"cards_obtained":["Decay"]},{"damage_healed":0,"gold_gain":0,"player_choice":"1 cards matched","damage_taken":0,"max_hp_gain":0,"max_hp_loss":0,"event_name":"Match and Keep!","floor":12,"gold_loss":0,"cards_obtained":["Compile Driver"]},{"damage_healed":0,"gold_gain":0,"player_choice":"Read","damage_taken":0,"max_hp_gain":0,"max_hp_loss":0,"event_name":"The Library","floor":20,"gold_loss":0,"cards_obtained":["Turbo"]},{"cards_removed":["Strike_B"],"damage_healed":0,"gold_gain":0,"player_choice":"Gave Gold","damage_taken":0,"max_hp_gain":0,"max_hp_loss":0,"event_name":"Beggar","floor":21,"gold_loss":75}],"is_beta":false,"boss_relics":[{"not_picked":["Ectoplasm","Cursed Key"],"picked":"Inserter"}],"items_purged_floors":[7,13],"is_endless":false,"potions_floor_spawned":[2,4,14,16,23,25],"killed_by":"Snecko","ascension_level":11}}