{"host":"o9spzpa23hdobruw","time":1610833101,"event":{"mods":["100% Spire Juice","2.2 Compatiblity","Act Like it!","Arknights The Spire","Aspiration","Astrologer","BaseMod","Beaked The Cultist","Better Note","CCEM","CapriCore","Clockwork Mod","Elementarium","Friendly Minions","Hermit","Koishi","Luminous","Marisa????????","Minty Spire (QoL Compilation)","Prisma Mod","Reimu??????","Relic Stats","SCP261 Mod","Somnambulant","StSLib","The Administrix","The Bladedancer","The Bug Knight","The Construct","The Cursed","The Disciple","The Druid","The Immortal","The Marked","The Mystic","The Runesmith","The Saiyan","The Servant 0.9.4","TheBandit","TheSwordswoman","WarShipGirlsR/????R mod","[GremlinLeader]The Maniac"],"gold_per_floor":[110,110,122,133,145,174,54,7,7,82,82,102,113,123,3,3,3],"floor_reached":16,"language":"ENG","playtime":1616,"items_purged":[],"score":104,"play_id":"4c7e247d-7392-4726-a59c-692320a900f7","local_time":"20210116233821","is_ascension_mode":false,"campfire_choices":[{"floor":7,"key":"REST"},{"floor":11,"key":"REST"},{"floor":15,"key":"REST"}],"circlet_count":0,"master_deck":["Moonworks:Strike","Moonworks:Strike","Moonworks:Strike","Moonworks:Strike","Moonworks:Defend","Moonworks:Defend","Moonworks:Defend","Moonworks:Defend","Moonworks:Ambush","Moonworks:LongDistanceShot","Moonworks:IndiscriminateFireSupport","Moonworks:JonathanRush","Moonworks:SubspaceTunnel","Moonworks:IntelligenceOfficer","Moonworks:SakisCookie","Moonworks:Flamethrower","Moonworks:PlushieMaster","Moonworks:EvilSpyWorkPreparation","Moonworks:JonathanRush","Moonworks:MiracleWalker","Moonworks:MiracleRedBeanIceCream"],"relics":["Moonworks:BrokenBomb","Moonworks:Homemark","Runesmith:Locket","Tiny Chest"],"acts_visited":["Exordium"],"potions_floor_usage":[5,13],"damage_taken":[{"damage":6,"enemies":"Jaw Worm","floor":1,"turns":4},{"damage":0,"enemies":"Cultist","floor":3,"turns":4},{"damage":3,"enemies":"Small Slimes","floor":4,"turns":2},{"damage":8,"enemies":"Gremlin Gang","floor":5,"turns":3},{"damage":31,"enemies":"HollowMod:MossKnight","floor":6,"turns":7},{"damage":7,"enemies":"Blue Slaver","floor":12,"turns":3},{"damage":0,"enemies":"2 Fungi Beasts","floor":13,"turns":1},{"damage":13,"enemies":"Large Slime","floor":14,"turns":4},{"damage":52,"enemies":"The Guardian","floor":16,"turns":7}],"seed_played":"5443661798556814496","potions_obtained":[{"floor":3,"key":"Fire Potion"},{"floor":12,"key":"SCP261:BarrettColaPotion"}],"is_trial":false,"path_per_floor":["M","?","M","M","M","E","R","$","T","?","R","M","M","M","R","B"],"character_chosen":"THE_STARBREAKER","items_purchased":["Moonworks:EvilSpyWorkPreparation"],"campfire_rested":3,"item_purchase_floors":[8],"current_hp_per_floor":[60,60,60,57,49,18,37,37,37,26,45,38,38,25,44,0,0],"gold":3,"neow_bonus":"TEN_PERCENT_HP_BONUS","is_daily":false,"chose_seed":false,"campfire_upgraded":0,"win_rate":0.0,"timestamp":1610833101,"path_taken":["M","?","M","?","M","E","R","$","T","?","R","M","M","M","R","BOSS"],"items_purchased_type":["Card"],"build_version":"2020-12-22","purchased_purges":0,"victory":false,"max_hp_per_floor":[66,66,66,66,66,66,66,66,66,66,66,66,66,66,66,66,66],"relic_stats":{"counters":[9,35],"Tiny Chest":0,"obtain_stats":[{"Moonworks:Homemark":0,"Runesmith:Locket":6,"Tiny Chest":9,"Moonworks:BrokenBomb":0},{"Moonworks:Homemark":0,"Runesmith:Locket":5,"Tiny Chest":5,"Moonworks:BrokenBomb":0},{"Moonworks:Homemark":0,"Runesmith:Locket":20,"Tiny Chest":20,"Moonworks:BrokenBomb":0}]},"card_choices":[{"not_picked":["Moonworks:WindyEnchantment","Moonworks:DeployBits"],"picked":"Moonworks:IndiscriminateFireSupport","floor":1},{"not_picked":["Moonworks:JonathanRush","Moonworks:Assault"],"picked":"Moonworks:IntelligenceOfficer","floor":3},{"not_picked":["Moonworks:CloudOfSeagulls","Moonworks:BigMagnum"],"picked":"Moonworks:SakisCookie","floor":4},{"not_picked":["Moonworks:DeployBits","Moonworks:UnpaidWork"],"picked":"Moonworks:Flamethrower","floor":5},{"not_picked":["Moonworks:JonathanRush","Moonworks:SakisCookie"],"picked":"Moonworks:PlushieMaster","floor":6},{"not_picked":["Moonworks:SakisCookie","Moonworks:LulusLuckyEgg"],"picked":"Moonworks:JonathanRush","floor":12},{"not_picked":["Moonworks:Dinner","Moonworks:BigBangBell"],"picked":"Moonworks:MiracleWalker","floor":13},{"not_picked":["Moonworks:NicePresent","Moonworks:Assault"],"picked":"Moonworks:MiracleRedBeanIceCream","floor":14}],"player_experience":604050,"relics_obtained":[{"floor":6,"key":"Runesmith:Locket"},{"floor":9,"key":"Tiny Chest"}],"event_choices":[{"damage_healed":0,"gold_gain":0,"player_choice":"2 cards matched","damage_taken":0,"max_hp_gain":0,"max_hp_loss":0,"event_name":"Match and Keep!","floor":2,"gold_loss":0,"cards_obtained":["Moonworks:JonathanRush","Moonworks:SubspaceTunnel"]},{"damage_healed":0,"gold_gain":0,"player_choice":"2 cards matched","damage_taken":0,"max_hp_gain":0,"max_hp_loss":0,"event_name":"Match and Keep!","floor":2,"gold_loss":0,"cards_obtained":["Moonworks:JonathanRush","Moonworks:SubspaceTunnel"]},{"damage_healed":0,"gold_gain":75,"player_choice":"Gather Gold","damage_taken":11,"max_hp_gain":0,"max_hp_loss":0,"event_name":"World of Goop","floor":10,"gold_loss":0}],"is_beta":false,"boss_relics":[],"items_purged_floors":[],"is_endless":false,"potions_floor_spawned":[3,12],"killed_by":"The Guardian","ascension_level":0}}