{"host":"qgrlfjrqk9z96gfi","time":1610829667,"event":{"mods":["BaseMod","Block Reminder","Colored Map","Custom Start","DeckTracker","Minty Spire (QoL Compilation)"],"gold_per_floor":[119,119,133,46,57,82,82,116,116,128,170,182,208,60,60,139,139,151,164,439,449,449,449],"floor_reached":22,"language":"ENG","playtime":839,"items_purged":["Strike_G"],"score":388,"play_id":"34275eb4-5b45-4fc0-a2ee-67f80461a723","local_time":"20210116104107","is_ascension_mode":true,"campfire_choices":[{"floor":7,"key":"REST"},{"floor":10,"key":"REST"},{"floor":15,"key":"REST"}],"circlet_count":0,"master_deck":["AscendersBane","Strike_G+1","Defend_G","Defend_G","Defend_G","Defend_G","Defend_G","Survivor","Neutralize","Underhanded Strike+1","Deadly Poison","PiercingWail","Prepared","Blade Dance+1","Dagger Spray","Poisoned Stab","Dodge and Roll","Noxious Fumes","Malaise","Envenom+1","Catalyst+1","Blade Dance+1","Catalyst","Backflip+1","Regret"],"relics":["Runic Pyramid","Oddly Smooth Stone","Gremlin Horn","MawBank","Astrolabe"],"acts_visited":["Exordium","TheCity"],"potions_floor_usage":[8,13,19,22,22],"damage_taken":[{"damage":0,"enemies":"Jaw Worm","floor":1,"turns":5},{"damage":1,"enemies":"Small Slimes","floor":3,"turns":4},{"damage":0,"enemies":"2 Louse","floor":5,"turns":3},{"damage":29,"enemies":"3 Sentries","floor":6,"turns":9},{"damage":34,"enemies":"Gremlin Nob","floor":8,"turns":4},{"damage":0,"enemies":"2 Fungi Beasts","floor":13,"turns":2},{"damage":1,"enemies":"Hexaghost","floor":16,"turns":10},{"damage":19,"enemies":"Chosen","floor":18,"turns":6},{"damage":1,"enemies":"3 Byrds","floor":19,"turns":5},{"damage":31,"enemies":"Centurion and Healer","floor":21,"turns":6},{"damage":9,"enemies":"Snake Plant","floor":22,"turns":3}],"seed_played":"-302518955017883361","potions_obtained":[{"floor":6,"key":"DuplicationPotion"},{"floor":8,"key":"Explosive Potion"},{"floor":13,"key":"EssenceOfSteel"},{"floor":16,"key":"AttackPotion"},{"floor":19,"key":"AttackPotion"}],"is_trial":false,"path_per_floor":["M","?","M","$","M","E","R","E","T","R","?","?","M","$","R","B",null,"M","M","?","M","M"],"character_chosen":"THE_SILENT","items_purchased":["PiercingWail","Prepared","Noxious Fumes"],"campfire_rested":3,"item_purchase_floors":[4,4,14],"current_hp_per_floor":[59,59,58,58,58,29,48,14,14,33,33,13,13,13,32,31,57,38,37,37,6,0,0],"gold":449,"neow_bonus":"BOSS_RELIC","is_daily":false,"chose_seed":false,"campfire_upgraded":0,"win_rate":0.0,"timestamp":1610829667,"path_taken":["M","?","M","$","M","E","R","E","T","R","?","?","M","$","R","BOSS","M","M","?","?","?"],"items_purchased_type":["Card","Card","Card"],"build_version":"2020-12-22","purchased_purges":1,"victory":false,"max_hp_per_floor":[66,66,66,66,66,66,66,66,66,66,66,66,66,66,66,66,66,66,66,66,66,66,66],"card_choices":[{"not_picked":["Dagger Spray","Masterful Stab"],"picked":"Underhanded Strike","floor":1},{"not_picked":["Deflect","Backflip"],"picked":"Deadly Poison","floor":3},{"not_picked":["Cloak And Dagger","Dagger Spray"],"picked":"Blade Dance","floor":5},{"not_picked":["Choke","Catalyst"],"picked":"Dagger Spray","floor":6},{"not_picked":["Heel Hook","Quick Slash"],"picked":"Poisoned Stab","floor":8},{"not_picked":["Crippling Poison","Escape Plan"],"picked":"Dodge and Roll","floor":13},{"not_picked":["Unload","A Thousand Cuts"],"picked":"Malaise","floor":16},{"not_picked":["Setup","PiercingWail"],"picked":"Catalyst","floor":18},{"not_picked":["Dodge and Roll","Masterful Stab+1"],"picked":"Backflip+1","floor":19},{"not_picked":["Infinite Blades","Dagger Spray","All Out Attack"],"picked":"SKIP","floor":21}],"player_experience":1015490,"relics_obtained":[{"floor":6,"key":"Oddly Smooth Stone"},{"floor":8,"key":"Gremlin Horn"},{"floor":9,"key":"MawBank"}],"event_choices":[{"damage_healed":0,"gold_gain":0,"player_choice":"Grow","damage_taken":0,"max_hp_gain":0,"max_hp_loss":0,"event_name":"Living Wall","floor":2,"gold_loss":0,"cards_upgraded":["Underhanded Strike"]},{"damage_healed":0,"gold_gain":30,"player_choice":"Searched \u00271\u0027 times","damage_taken":0,"max_hp_gain":0,"max_hp_loss":0,"event_name":"Dead Adventurer","floor":11,"gold_loss":0},{"damage_healed":0,"gold_gain":0,"player_choice":"Entered Light","damage_taken":20,"max_hp_gain":0,"max_hp_loss":0,"event_name":"Shining Light","floor":12,"gold_loss":0,"cards_upgraded":["Strike_G","Blade Dance"]},{"damage_healed":0,"gold_gain":275,"player_choice":"Desecrate","damage_taken":0,"max_hp_gain":0,"max_hp_loss":0,"event_name":"Golden Shrine","floor":20,"gold_loss":0,"cards_obtained":["Regret"]}],"is_beta":false,"boss_relics":[{"not_picked":["Black Star","Ectoplasm"],"picked":"Astrolabe"}],"items_purged_floors":[14],"is_endless":false,"potions_floor_spawned":[6,8,13,16,19],"killed_by":"Snake Plant","ascension_level":20}}