{"host":"52m1o8iwwagurbjs","time":1610839392,"event":{"mods":["AchievementEnabler","BaseMod","Bestiary","Colored Powertips","GifTheSpireLib","Minty Spire (QoL Compilation)","Quick Restart","RNG Fix","Relic Stats","StSLib"],"gold_per_floor":[112,132,150,162,14,14,49,67,67,79,111,111,111,122,122,221,221,241,8,26,26,26,52,52,52,78,92,122,122,132,150,150,252,252,265,265,265],"floor_reached":38,"language":"ENG","playtime":1772,"items_purged":["Strike_B","Strike_B"],"score":751,"play_id":"5fad3477-bc4a-4da6-8a92-f355637619a5","local_time":"20210116182312","is_ascension_mode":false,"campfire_choices":[{"data":"Electrodynamics","floor":6.0,"key":"SMITH"},{"floor":15.0,"key":"REST"},{"data":"Static Discharge","floor":24.0,"key":"SMITH"},{"floor":29.0,"key":"REST"},{"floor":32,"key":"REST"}],"circlet_count":0,"master_deck":["Strike_B","Defend_B","Defend_B+1","Defend_B","Zap+1","Dualcast","Cold Snap","Go for the Eyes","Lockon","Reinforced Body","Electrodynamics+1","Capacitor","Conserve Battery","Barrage","Steam","Compile Driver","Echo Form","Ball Lightning","Static Discharge+1","Consume","Force Field","Buffer","FTL+1","Reboot","Coolheaded","Seek"],"relics":["Cracked Core","PreservedInsect","Kunai","TungstenRod","Runic Pyramid","Anchor","Bottled Flame","Tiny Chest","Boot","Cursed Key"],"acts_visited":["TheBeyond"],"potions_floor_usage":[35,37],"damage_taken":[{"damage":0.0,"enemies":"Cultist","floor":1.0,"turns":4.0},{"damage":3.0,"enemies":"Small Slimes","floor":2.0,"turns":3.0},{"damage":5.0,"enemies":"2 Louse","floor":3.0,"turns":2.0},{"damage":5.0,"enemies":"Blue Slaver","floor":4.0,"turns":3.0},{"damage":2.0,"enemies":"3 Sentries","floor":7.0,"turns":2.0},{"damage":1.0,"enemies":"Exordium Thugs","floor":8.0,"turns":5.0},{"damage":12.0,"enemies":"2 Fungi Beasts","floor":10.0,"turns":2.0},{"damage":8.0,"enemies":"Lagavulin","floor":11.0,"turns":6.0},{"damage":3.0,"enemies":"Red Slaver","floor":14.0,"turns":2.0},{"damage":7.0,"enemies":"Hexaghost","floor":16.0,"turns":8.0},{"damage":0.0,"enemies":"3 Byrds","floor":18.0,"turns":4.0},{"damage":6.0,"enemies":"Chosen","floor":20.0,"turns":4.0},{"damage":22.0,"enemies":"Slavers","floor":23.0,"turns":4.0},{"damage":8.0,"enemies":"Shelled Parasite and Fungi","floor":27.0,"turns":6.0},{"damage":18.0,"enemies":"Gremlin Leader","floor":28.0,"turns":5.0},{"damage":9.0,"enemies":"Snecko","floor":30.0,"turns":5.0},{"damage":7,"enemies":"Centurion and Healer","floor":31,"turns":3},{"damage":49,"enemies":"Collector","floor":33,"turns":8},{"damage":10,"enemies":"3 Darklings","floor":35,"turns":3},{"damage":60,"enemies":"Donu and Deca","floor":37,"turns":7}],"seed_played":"1845027554878892226","potions_obtained":[{"floor":2.0,"key":"DuplicationPotion"},{"floor":4.0,"key":"DuplicationPotion"},{"floor":7.0,"key":"Weak Potion"},{"floor":8.0,"key":"Fruit Juice"},{"floor":10.0,"key":"FearPotion"},{"floor":14.0,"key":"FocusPotion"},{"floor":23.0,"key":"ColorlessPotion"},{"floor":28.0,"key":"CultistPotion"},{"floor":33,"key":"SkillPotion"},{"floor":35,"key":"DistilledChaos"}],"is_trial":false,"path_per_floor":["M","M","M","M","$","R","E","M","T","M","E","?","?","M","R","B",null,"M","$","M","?","T","E","R","?","T","M","E","R","M","M","R","B",null,"M","?","B",null],"character_chosen":"DEFECT","items_purchased":["Electrodynamics","Ball Lightning","Static Discharge"],"campfire_rested":3,"item_purchase_floors":[5,19,19],"current_hp_per_floor":[82,79,74,69,69,69,67,66,66,59,51,35,35,32,58,51,87,87,87,81,65,65,43,43,43,43,35,17,44,35,28,55,6,92,82,82,22],"gold":265,"neow_bonus":"TEN_PERCENT_HP_BONUS","is_daily":false,"chose_seed":false,"campfire_upgraded":2,"win_rate":0.0,"timestamp":1610839392,"path_taken":["M","M","?","M","?","R","E","M","T","M","E","?","?","M","R","BOSS","M","$","M","?","?","E","R","?","T","M","E","R","M","M","R","BOSS","M","?","BOSS"],"items_purchased_type":["Card","Card","Card"],"build_version":"2020-12-22","purchased_purges":2,"victory":true,"max_hp_per_floor":[82,82,82,82,82,82,82,82,82,87,87,87,87,87,87,87,87,87,87,87,92,92,92,92,92,92,92,92,92,92,92,92,92,92,92,92,92],"relic_stats":{"counters":[6,31],"Tiny Chest":0,"PreservedInsect":46,"Kunai":[5],"Boot":[39],"Cursed Key":0,"obtain_stats":[{"Anchor":0,"Bottled Flame":0,"Tiny Chest":0,"PreservedInsect":0,"Kunai":0,"Cracked Core":0,"Boot":28,"Cursed Key":34,"TungstenRod":0,"Runic Pyramid":0},{"Anchor":0,"Bottled Flame":0,"Tiny Chest":0,"PreservedInsect":0,"Kunai":0,"Cracked Core":0,"Boot":1,"Cursed Key":4,"TungstenRod":0,"Runic Pyramid":0},{"Anchor":0,"Bottled Flame":0,"Tiny Chest":0,"PreservedInsect":0,"Kunai":0,"Cracked Core":0,"Boot":5,"Cursed Key":21,"TungstenRod":0,"Runic Pyramid":0}],"TungstenRod":20},"card_choices":[{"not_picked":["Beam Cell","Consume"],"picked":"Cold Snap","floor":1.0},{"not_picked":["Leap","Gash"],"picked":"Go for the Eyes","floor":2.0},{"not_picked":["Gash","Sweeping Beam"],"picked":"Lockon","floor":3.0},{"not_picked":["Steam","Undo"],"picked":"Reinforced Body","floor":4.0},{"not_picked":["Hologram","Force Field"],"picked":"Capacitor","floor":7.0},{"not_picked":["Beam Cell","Capacitor"],"picked":"Conserve Battery","floor":8.0},{"not_picked":["Cold Snap","Rip and Tear"],"picked":"Barrage","floor":10.0},{"not_picked":["Tempest","Capacitor"],"picked":"Steam","floor":11.0},{"not_picked":["Redo","Rebound"],"picked":"Compile Driver","floor":14.0},{"not_picked":["Amplify","Thunder Strike"],"picked":"Echo Form","floor":16.0},{"not_picked":["Barrage","Rebound","Force Field"],"picked":"SKIP","floor":18.0},{"not_picked":["Recycle","Stack"],"picked":"Consume","floor":20.0},{"not_picked":["Barrage+1","Compile Driver","BootSequence"],"picked":"SKIP","floor":23.0},{"not_picked":["Sweeping Beam","Cold Snap","Redo+1"],"picked":"SKIP","floor":27.0},{"not_picked":["Chill","Redo"],"picked":"FTL+1","floor":28.0},{"not_picked":["Gash","Aggregate"],"picked":"Reboot","floor":30.0},{"not_picked":["Fusion","Hologram"],"picked":"Coolheaded","floor":31},{"not_picked":["Meteor Strike","Creative AI"],"picked":"Seek","floor":33},{"not_picked":["Consume","Steam Power","Go for the Eyes"],"picked":"SKIP","floor":35}],"player_experience":1125555,"relics_obtained":[{"floor":7.0,"key":"PreservedInsect"},{"floor":9.0,"key":"Kunai"},{"floor":11.0,"key":"TungstenRod"},{"floor":22.0,"key":"Anchor"},{"floor":23.0,"key":"Bottled Flame"},{"floor":26.0,"key":"Tiny Chest"},{"floor":28.0,"key":"Boot"}],"event_choices":[{"damage_healed":0.0,"max_hp_gain":0.0,"max_hp_loss":0.0,"gold_gain":0.0,"event_name":"Shining Light","player_choice":"Entered Light","floor":12.0,"gold_loss":0.0,"damage_taken":17.0,"cards_upgraded":["Zap","Defend_B"]},{"damage_healed":0.0,"max_hp_gain":0.0,"max_hp_loss":0.0,"gold_gain":0.0,"event_name":"Liars Game","player_choice":"Ignored","floor":13.0,"gold_loss":0.0,"damage_taken":0.0},{"damage_healed":0.0,"max_hp_gain":5.0,"max_hp_loss":0.0,"gold_gain":0.0,"event_name":"Forgotten Altar","player_choice":"Shed Blood","floor":21.0,"gold_loss":0.0,"damage_taken":22.0},{"damage_healed":0.0,"max_hp_gain":0.0,"max_hp_loss":0.0,"gold_gain":0.0,"cards_transformed":["Strike_B","Defend_B"],"event_name":"Drug Dealer","player_choice":"Became Test Subject","floor":25.0,"gold_loss":0.0,"damage_taken":0.0,"cards_obtained":["Force Field","Buffer"]},{"damage_healed":0,"gold_gain":0,"player_choice":"Took Portal","damage_taken":0,"max_hp_gain":0,"max_hp_loss":0,"event_name":"SecretPortal","floor":36,"gold_loss":0}],"is_beta":false,"boss_relics":[{"not_picked":["Philosopher\u0027s Stone","Snecko Eye"],"picked":"Runic Pyramid"},{"not_picked":["Calling Bell","Coffee Dripper"],"picked":"Cursed Key"}],"items_purged_floors":[5,19],"is_endless":false,"potions_floor_spawned":[2,4,7,8,10,14,23,28,33,35],"ascension_level":0}}