{"host":"qm4rv4rkpk76sbxu","time":1610802815,"event":{"mods":["BaseMod","Bestiary","Block Reminder","DeckTracker","Filter the Spire","Keyboard Shortcuts","Minty Spire (QoL Compilation)","MonsterHotkey","Quick Restart","Relic Stats","Slay-I","StSLib","ojb\u0027s Better Paths Mod","ojb\u0027s Info Mod"],"gold_per_floor":[112,132,132,143,47,47,80,30,30,30,30,44,67,102,102,207,207,218,20,38,38,87,112,112,147,170,170,199,230,261,271,271,366,366,378,338,420,1419,1641,1672,558,606,606,633,678,730,730,763,763,763,763,763,54,83,83],"floor_reached":56,"language":"ENG","playtime":3101,"items_purged":["Normality","Blasphemy+1"],"score":1697,"play_id":"5336a5a0-9bca-4172-b74f-7e55463d527d","local_time":"20210116141335","is_ascension_mode":true,"campfire_choices":[{"data":"CrushJoints","floor":6.0,"key":"SMITH"},{"data":"BowlingBash","floor":11.0,"key":"SMITH"},{"data":"Strike_P","floor":15.0,"key":"PURGE"},{"data":"Meditate","floor":27.0,"key":"SMITH"},{"data":"Pray","floor":32.0,"key":"SMITH"},{"floor":47,"key":"REST"},{"floor":49,"key":"RECALL"},{"data":"Normality","floor":52,"key":"PURGE"}],"circlet_count":0,"master_deck":["Eruption+1","Vigilance","MentalFortress","EmptyFist+1","DeusExMachina","FlurryOfBlows+1","CrushJoints+1","BowlingBash+1","TalkToTheHand","Vault","Pray+1","Sanctity","Vengeance","BattleHymn","EmptyFist","ClearTheMind","Wireheading","Meditate+1","LikeWater+1","Devotion","Wallop","WheelKick","Wireheading","Apotheosis+1","ThirdEye"],"relics":["PureWater","Tiny Chest","Peace Pipe","Singing Bowl","InkBottle","Odd Mushroom","Mummified Hand","Pandora\u0027s Box","Juzu Bracelet","Pear","Ancient Tea Set","Smiling Mask","Orichalcum","Happy Flower","Nunchaku","Matryoshka","Red Mask","Mercury Hourglass","Busted Crown","TeardropLocket","Whetstone","Regal Pillow","Sundial","Prayer Wheel","Toolbox","Incense Burner","Blue Candle","Bronze Scales","PreservedInsect","War Paint","Bag of Marbles","Gambling Chip","TheAbacus","Bag of Preparation"],"acts_visited":["Exordium","TheCity","TheBeyond","TheEnding"],"potions_floor_usage":[55,55],"damage_taken":[{"damage":0.0,"enemies":"2 Louse","floor":1.0,"turns":2.0},{"damage":0.0,"enemies":"Cultist","floor":2.0,"turns":2.0},{"damage":0.0,"enemies":"Jaw Worm","floor":4.0,"turns":1.0},{"damage":11.0,"enemies":"Gremlin Nob","floor":7.0,"turns":3.0},{"damage":2.0,"enemies":"Exordium Wildlife","floor":12.0,"turns":2.0},{"damage":4.0,"enemies":"The Mushroom Lair","floor":13.0,"turns":3.0},{"damage":0.0,"enemies":"3 Sentries","floor":14.0,"turns":2.0},{"damage":41.0,"enemies":"The Guardian","floor":16.0,"turns":12.0},{"damage":3.0,"enemies":"3 Byrds","floor":18.0,"turns":3.0},{"damage":10.0,"enemies":"Chosen","floor":20.0,"turns":3.0},{"damage":21.0,"enemies":"Book of Stabbing","floor":23.0,"turns":3.0},{"damage":0.0,"enemies":"Gremlin Leader","floor":25.0,"turns":4.0},{"damage":26.0,"enemies":"Slavers","floor":28.0,"turns":4.0},{"damage":8.0,"enemies":"Masked Bandits","floor":29.0,"turns":3.0},{"damage":0.0,"enemies":"Book of Stabbing","floor":30.0,"turns":3.0},{"damage":0.0,"enemies":"Centurion and Healer","floor":31.0,"turns":4.0},{"damage":22.0,"enemies":"Collector","floor":33.0,"turns":5.0},{"damage":15,"enemies":"3 Darklings","floor":35,"turns":4},{"damage":24,"enemies":"Reptomancer","floor":40,"turns":7},{"damage":31,"enemies":"2 Orb Walkers","floor":42,"turns":4},{"damage":19,"enemies":"Nemesis","floor":44,"turns":4},{"damage":0,"enemies":"Orb Walker","floor":45,"turns":3},{"damage":1,"enemies":"Giant Head","floor":48,"turns":4},{"damage":1,"enemies":"Donu and Deca","floor":50,"turns":5},{"damage":0,"enemies":"Shield and Spear","floor":54,"turns":3},{"damage":54,"enemies":"The Heart","floor":55,"turns":5}],"seed_played":"3552474668606526677","potions_obtained":[{"floor":2.0,"key":"Regen Potion"},{"floor":4.0,"key":"Strength Potion"},{"floor":7.0,"key":"PowerPotion"},{"floor":20.0,"key":"Energy Potion"},{"floor":23.0,"key":"BottledMiracle"},{"floor":29.0,"key":"DuplicationPotion"},{"floor":31.0,"key":"Fruit Juice"},{"floor":33.0,"key":"SpeedPotion"},{"floor":36,"key":"CultistPotion"},{"floor":36,"key":"FairyPotion"}],"is_trial":false,"path_per_floor":["M","M","?","M","$","R","E","$","T","T","R","M","?","E","R","B",null,"M","$","M","?","T","E","?","E","T","R","E","?","E","M","R","B",null,"M","?","T","?","?","E","$","?","T","E","M","T","R","E","R","B",null,"R","$","E","B",null],"character_chosen":"WATCHER","items_purchased":["FlurryOfBlows","CrushJoints","PowerPotion","Juzu Bracelet","BlessingOfTheForge","Wallop","WheelKick","Wireheading","Apotheosis","Sundial","Prayer Wheel","Toolbox","Bag of Marbles","Gambling Chip","TheAbacus","ThirdEye"],"campfire_rested":1,"item_purchase_floors":[5,5,8,19,19,41,41,41,41,41,41,41,53,53,53,53],"current_hp_per_floor":[72,72,72,72,72,72,61,61,61,61,61,61,59,59,59,18,76,75,75,67,77,77,65,65,65,65,65,39,33,35,37,37,20,101,88,88,88,88,88,66,66,37,37,20,24,24,72,73,73,72,115,115,115,117,63],"gold":83,"neow_bonus":"RANDOM_COMMON_RELIC","is_daily":false,"chose_seed":false,"campfire_upgraded":4,"win_rate":0.0,"timestamp":1610802815,"path_taken":["M","M","?","?","?","R","E","$","T","?","R","?","?","E","R","BOSS","M","$","M","?","?","E","?","E","T","R","E","?","E","M","R","BOSS","M","?","?","?","?","E","$","?","T","E","M","?","R","E","R","BOSS","R","$","E","BOSS"],"items_purchased_type":["Card","Card","Potion","Relic","Potion","Card","Card","Card","Card","Relic","Relic","Relic","Relic","Relic","Relic","Card"],"build_version":"2020-12-22","purchased_purges":2,"victory":true,"max_hp_per_floor":[72,72,72,72,72,72,72,72,72,72,72,74,76,76,76,76,76,78,78,80,90,90,90,90,90,90,90,90,92,94,96,96,101,101,103,103,103,103,103,105,105,107,107,109,113,113,113,115,115,115,115,115,115,117,117],"relic_stats":{"Regal Pillow":15,"Singing Bowl":30,"Juzu Bracelet":2,"Bag of Preparation":[2],"Whetstone":["FlurryOfBlows","EmptyFist"],"Smiling Mask":75,"Nunchaku":[19],"TheAbacus":[18],"Mummified Hand":[94],"Sundial":[4],"Gambling Chip":[9],"Tiny Chest":4,"Prayer Wheel":1,"InkBottle":[60],"Happy Flower":[19],"counters":[26,98],"Blue Candle":[3],"PreservedInsect":193,"Orichalcum":[36],"War Paint":["Blasphemy","Apotheosis"],"Mercury Hourglass":[209],"Peace Pipe":2,"Busted Crown":16,"Bronze Scales":[60],"Pandora\u0027s Box":["Blasphemy","Pray","Sanctity","Vengeance","BattleHymn","EmptyFist","ClearTheMind"],"obtain_stats":[{"Regal Pillow":40,"Singing Bowl":9,"Juzu Bracelet":19,"Incense Burner":42,"Bag of Preparation":54,"TeardropLocket":37,"Whetstone":37,"Ancient Tea Set":22,"Smiling Mask":23,"Nunchaku":26,"Matryoshka":28,"TheAbacus":53,"Mummified Hand":14,"Sundial":41,"Gambling Chip":53,"Toolbox":41,"Tiny Chest":0,"Prayer Wheel":41,"Red Mask":29,"InkBottle":10,"Pear":21,"Happy Flower":25,"Blue Candle":43,"PreservedInsect":46,"Odd Mushroom":13,"Orichalcum":24,"War Paint":48,"Mercury Hourglass":30,"Peace Pipe":7,"Busted Crown":34,"Bronze Scales":44,"Pandora\u0027s Box":17,"Bag of Marbles":53,"PureWater":0},{"Regal Pillow":19,"Singing Bowl":4,"Juzu Bracelet":9,"Incense Burner":20,"Bag of Preparation":25,"TeardropLocket":18,"Whetstone":18,"Ancient Tea Set":10,"Smiling Mask":11,"Nunchaku":12,"Matryoshka":13,"TheAbacus":24,"Mummified Hand":7,"Sundial":19,"Gambling Chip":24,"Toolbox":19,"Tiny Chest":0,"Prayer Wheel":19,"Red Mask":14,"InkBottle":4,"Pear":10,"Happy Flower":12,"Blue Candle":20,"PreservedInsect":22,"Odd Mushroom":6,"Orichalcum":11,"War Paint":23,"Mercury Hourglass":15,"Peace Pipe":4,"Busted Crown":17,"Bronze Scales":21,"Pandora\u0027s Box":8,"Bag of Marbles":24,"PureWater":0},{"Regal Pillow":70,"Singing Bowl":8,"Juzu Bracelet":30,"Incense Burner":74,"Bag of Preparation":93,"TeardropLocket":63,"Whetstone":63,"Ancient Tea Set":33,"Smiling Mask":36,"Nunchaku":40,"Matryoshka":44,"TheAbacus":90,"Mummified Hand":15,"Sundial":70,"Gambling Chip":90,"Toolbox":70,"Tiny Chest":0,"Prayer Wheel":70,"Red Mask":47,"InkBottle":8,"Pear":33,"Happy Flower":40,"Blue Candle":74,"PreservedInsect":81,"Odd Mushroom":13,"Orichalcum":36,"War Paint":85,"Mercury Hourglass":50,"Peace Pipe":8,"Busted Crown":59,"Bronze Scales":78,"Pandora\u0027s Box":27,"Bag of Marbles":90,"PureWater":0}]},"card_choices":[{"not_picked":["EmptyBody","FlyingSleeves"],"picked":"MentalFortress","floor":1.0},{"not_picked":["Evaluate","Study"],"picked":"EmptyFist","floor":2.0},{"not_picked":["WreathOfFlame","Worship"],"picked":"DeusExMachina","floor":4.0},{"not_picked":["Adaptation","Study"],"picked":"BowlingBash","floor":7.0},{"not_picked":["Consecrate","Sanctity","SashWhip"],"picked":"Singing Bowl","floor":12.0},{"not_picked":["Nirvana","EmptyBody","FlyingSleeves"],"picked":"Singing Bowl","floor":13.0},{"not_picked":["CrushJoints","CutThroughFate"],"picked":"TalkToTheHand","floor":14.0},{"not_picked":["Establishment","SpiritShield"],"picked":"Vault","floor":16.0},{"not_picked":["ClearTheMind+1","Evaluate","SandsOfTime+1"],"picked":"Singing Bowl","floor":18.0},{"not_picked":["Evaluate+1","FollowUp","Fasting2"],"picked":"Singing Bowl","floor":20.0},{"not_picked":["Crescendo+1","Protect"],"picked":"Wireheading","floor":23.0},{"not_picked":["Scrawl","ForeignInfluence"],"picked":"Meditate","floor":25.0},{"not_picked":["Protect","EmptyFist"],"picked":"LikeWater+1","floor":28.0},{"not_picked":["FollowUp","BowlingBash","FlurryOfBlows"],"picked":"Singing Bowl","floor":29.0},{"not_picked":["SashWhip","SandsOfTime","Collect+1"],"picked":"Singing Bowl","floor":30.0},{"not_picked":["Study","Worship","Conclude"],"picked":"Singing Bowl","floor":31.0},{"not_picked":["MasterReality","Omniscience"],"picked":"Devotion","floor":33.0},{"not_picked":["Vengeance+1"],"picked":"Singing Bowl","floor":35},{"not_picked":["Halt+1"],"picked":"Singing Bowl","floor":40},{"not_picked":["Wireheading+1"],"picked":"Singing Bowl","floor":42},{"not_picked":["CrushJoints"],"picked":"Singing Bowl","floor":44},{"not_picked":["Evaluate+1"],"picked":"Singing Bowl","floor":45},{"not_picked":["BowlingBash+1"],"picked":"Singing Bowl","floor":45},{"not_picked":["Consecrate"],"picked":"Singing Bowl","floor":48},{"not_picked":["BowlingBash"],"picked":"Singing Bowl","floor":54}],"player_experience":1335472,"relics_obtained":[{"floor":7.0,"key":"Peace Pipe"},{"floor":9.0,"key":"Singing Bowl"},{"floor":10.0,"key":"InkBottle"},{"floor":13.0,"key":"Odd Mushroom"},{"floor":14.0,"key":"Mummified Hand"},{"floor":21.0,"key":"Pear"},{"floor":22.0,"key":"Ancient Tea Set"},{"floor":23.0,"key":"Smiling Mask"},{"floor":25.0,"key":"Happy Flower"},{"floor":26.0,"key":"Nunchaku"},{"floor":28.0,"key":"Matryoshka"},{"floor":29.0,"key":"Red Mask"},{"floor":30.0,"key":"Mercury Hourglass"},{"floor":37,"key":"TeardropLocket"},{"floor":37,"key":"Whetstone"},{"floor":40,"key":"Regal Pillow"},{"floor":42,"key":"Incense Burner"},{"floor":43,"key":"Blue Candle"},{"floor":44,"key":"Bronze Scales"},{"floor":46,"key":"PreservedInsect"},{"floor":48,"key":"War Paint"},{"floor":54,"key":"Bag of Preparation"}],"event_choices":[{"damage_healed":0.0,"max_hp_gain":0.0,"max_hp_loss":0.0,"gold_gain":0.0,"event_name":"Upgrade Shrine","player_choice":"Upgraded","floor":3.0,"gold_loss":0.0,"damage_taken":0.0,"cards_upgraded":["Eruption"]},{"damage_healed":0.0,"max_hp_gain":0.0,"max_hp_loss":0.0,"gold_gain":0.0,"event_name":"Mushrooms","player_choice":"Fought Mushrooms","floor":13.0,"gold_loss":0.0,"damage_taken":0.0},{"damage_healed":0.0,"max_hp_gain":0.0,"max_hp_loss":0.0,"gold_gain":0.0,"event_name":"Wheel of Change","player_choice":"Relic","floor":21.0,"gold_loss":0.0,"damage_taken":0.0},{"damage_healed":0.0,"max_hp_gain":0.0,"max_hp_loss":0.0,"gold_gain":0.0,"event_name":"The Mausoleum","player_choice":"Opened","floor":24.0,"gold_loss":0.0,"damage_taken":0.0,"relics_obtained":["Orichalcum"]},{"damage_healed":0.0,"max_hp_gain":0.0,"max_hp_loss":0.0,"gold_gain":0.0,"event_name":"Masked Bandits","player_choice":"Fought Bandits","floor":29.0,"gold_loss":0.0,"damage_taken":0.0},{"damage_healed":0,"gold_gain":0,"player_choice":"Bought 3 Potions","damage_taken":0,"max_hp_gain":0,"max_hp_loss":0,"event_name":"The Woman in Blue","floor":36,"gold_loss":0},{"damage_healed":0,"gold_gain":999,"player_choice":"Gold","damage_taken":0,"max_hp_gain":0,"max_hp_loss":0,"event_name":"MindBloom","floor":38,"gold_loss":0,"cards_obtained":["Normality","Normality"]},{"damage_healed":0,"gold_gain":222,"player_choice":"Wore Mask","damage_taken":0,"max_hp_gain":0,"max_hp_loss":0,"event_name":"Tomb of Lord Red Mask","floor":39,"gold_loss":0},{"damage_healed":0,"gold_gain":0,"player_choice":"Fight","damage_taken":0,"max_hp_gain":0,"max_hp_loss":0,"event_name":"Mysterious Sphere","floor":42,"gold_loss":0}],"is_beta":false,"boss_relics":[{"not_picked":["Velvet Choker","SacredBark"],"picked":"Pandora\u0027s Box"},{"not_picked":["HolyWater","Runic Pyramid"],"picked":"Busted Crown"}],"items_purged_floors":[41,53],"is_endless":false,"potions_floor_spawned":[2,4,7,13,20,23,29,31,33,42,44,48],"ascension_level":1}}