{"host":"5icjlaq41ghjcr7h","time":1610838674,"event":{"mods":["AchievementEnabler","BaseMod","Colored Map","Minty Spire (QoL Compilation)","SuperFastMode","everything is the same but u backflip on backflip"],"gold_per_floor":[115,133,143,218,218,218,254,254,254,254,254],"floor_reached":10,"language":"KOR","playtime":183,"items_purged":[],"score":73,"play_id":"c5b49e24-63a6-46f9-9839-0a63b823b912","local_time":"20210117081114","is_ascension_mode":true,"campfire_choices":[{"floor":6,"key":"RECALL"},{"data":"Armaments","floor":8,"key":"SMITH"}],"circlet_count":0,"master_deck":["Strike_R","Strike_R","Strike_R","Strike_R","Strike_R","Defend_R","Defend_R","Defend_R","Defend_R","Bash","Whirlwind","Dark Embrace","Armaments+1"],"relics":["Burning Blood","NeowsBlessing","Golden Idol","Blue Candle"],"acts_visited":["Exordium"],"potions_floor_usage":[7],"damage_taken":[{"damage":0,"enemies":"Jaw Worm","floor":1,"turns":1},{"damage":0,"enemies":"2 Louse","floor":2,"turns":1},{"damage":0,"enemies":"Small Slimes","floor":3,"turns":1},{"damage":44,"enemies":"3 Sentries","floor":7,"turns":8},{"damage":21,"enemies":"Gremlin Nob","floor":10,"turns":3}],"seed_played":"-4504707673356906089","potions_obtained":[{"floor":1,"key":"Fruit Juice"},{"floor":7,"key":"Fire Potion"}],"is_trial":false,"path_per_floor":["M","M","M","?","?","R","E","R","T","E"],"character_chosen":"IRONCLAD","items_purchased":[],"campfire_rested":0,"item_purchase_floors":[],"current_hp_per_floor":[80,80,80,69,49,49,16,16,16,0,0],"gold":254,"neow_bonus":"THREE_ENEMY_KILL","is_daily":false,"chose_seed":false,"campfire_upgraded":1,"win_rate":0.0,"timestamp":1610838674,"path_taken":["M","M","M","?","?","R","E","R","T","E"],"items_purchased_type":[],"build_version":"2020-12-22","purchased_purges":0,"victory":false,"max_hp_per_floor":[80,80,80,80,80,80,85,85,85,85,85],"card_choices":[{"not_picked":["Armaments","Pommel Strike","Inflame"],"picked":"SKIP","floor":1},{"not_picked":["Ghostly Armor","Iron Wave"],"picked":"Whirlwind","floor":2},{"not_picked":["Dropkick","Berserk"],"picked":"Dark Embrace","floor":3},{"not_picked":["Rampage","Rupture"],"picked":"Armaments","floor":7}],"player_experience":126226,"relics_obtained":[{"floor":7,"key":"Blue Candle"}],"event_choices":[{"damage_healed":0,"gold_gain":75,"player_choice":"Gather Gold","damage_taken":11,"max_hp_gain":0,"max_hp_loss":0,"event_name":"World of Goop","floor":4,"gold_loss":0},{"damage_healed":0,"gold_gain":0,"player_choice":"Take Damage","damage_taken":20,"relics_obtained":["Golden Idol"],"max_hp_gain":0,"max_hp_loss":0,"event_name":"Golden Idol","floor":5,"gold_loss":0}],"is_beta":false,"boss_relics":[],"items_purged_floors":[],"is_endless":false,"potions_floor_spawned":[1,7],"killed_by":"Gremlin Nob","ascension_level":2}}