{"host":"w5vfr18i2ft1pzo2","time":1610769455,"event":{"mods":["AchievementEnabler","Act Like it!","Aspiration","BaseMod","Better Debug","Better Third Choice","BetterRewards","Colored Map","Colored Powertips","Conspire","Curses Come First","DNKmod","Defuse TimeMaze Blight","Dota2Spire","Elementarium","Energized Spire","Evolution","Force Act Four","Fox Events","Friendly Minions","Gensokyo","GifTheSpireLib","Gold Saver","Halation","Hallownest","Hubris","Hyrulean Relics","Infinite Spire","Jedi Mod","Marisa????????","Minty Spire (QoL Compilation)","MostiFishMod","Poor People Problems","Prisma Mod","Remilia??????","Replay The Spire","SacredBarkPlus","Small Relic Pack","Spicy Shops","Spikes Relics","StSLib","Stuff the Spire","SuperFastMode","Synergy Search","The Animator","The Blue Laboratory","The Servant 0.9.4","Trackpad","Treasure Hunter","Uncapped","Wandering Minibosses","Yakumo Yukari mod","noobMod","vexMod","??????REMEMod"],"gold_per_floor":[17323,17323,17337,17437,17450,17478,17478,16017,16017,16133,16133,16133,16147,16255,16255,16359,16359,16373,16288,16116,16130,16130,16130,16147,16282,16331,16348,16348,16348,16484,16484,16484,16584,16584,16604,16604,16604,16621,14857,14857,14981,14981,14981,15032,15032,15072,15109,15109,15109,15110,15110,15110,999,1482,1537,1607,1638,291,366,446,446,105,200,277,277,277,392,392,392],"floor_reached":70,"language":"ENG","playtime":1891,"items_purged":["Defend_R","Strike_R","Defend_R","Strike_R"],"score":1593,"play_id":"765b4c5b-6c0e-4ccd-a7fd-7d39db769c61","local_time":"20210116115735","is_ascension_mode":true,"campfire_choices":[{"floor":7,"key":"RECALL"},{"data":"Cleave","floor":12,"key":"SMITH"},{"data":"Juggernaut","floor":15,"key":"SMITH"},{"data":"StuffTheSpire:Rapture","floor":23,"key":"SMITH"},{"data":"Pommel Strike","floor":28,"key":"SMITH"},{"data":"Double Tap","floor":32,"key":"SMITH"},{"data":"StuffTheSpire:Resist","floor":40,"key":"SMITH"},{"data":"Infernal Blade","floor":42,"key":"SMITH"},{"data":"Electrodynamics","floor":45,"key":"SMITH"},{"data":"Metallicize","floor":49,"key":"SMITH"},{"data":"Invigoration","floor":52,"key":"SMITH"},{"floor":66,"key":"REST"},{"floor":68,"key":"REST"}],"circlet_count":0,"master_deck":["Strike_R+1","Strike_R+1","Defend_R+1","Bash+1","relicPack:StarPlatinum+1","Thunderclap+1","MostiFishMod:Culaccino+1","Pommel Strike+1","TH:BikiniMail+1","Invigoration+1","Cleave+1","Metallicize+1","jedi:MakeshiftSword+1","Electrodynamics+1","REME_Scribble+1","Juggernaut+1","Double Tap+1","REME_Cut+1","Infernal Blade+1","Thinking Ahead+1","Pommel Strike+1","animator:HigakiRinne+1","Flex+1","Thunderclap+1","MostiFishMod:#F4004+1","MostiFishMod:DarkDeal+1","animator:HigakiRinne+1","Reinforced Body+1","Flex+1","animator:HigakiRinne+1","jedi:forcepull+1","Rupture+1","MostiFishMod:HellRitual+1","Shrug It Off+1","animator:HigakiRinne+1","Burning Pact+1","REME_FearOfPain+1","conspire:Charge+1","Burning Pact+1","Dropkick+1","TH:TreasureMap+1","jedi:collectorstrike+1","Pommel Strike+1","conspire:HitWhereItHurts+1","ReplayTheSpireMod:Limb From Limb+1","Shrug It Off+1","MostiFishMod:KnuckleDown+1","REME_ACTH+1","Fire Breathing+1","infinitespire:OneForAll+1","TH:ArmorSpikes","MostiFishMod:#F4004+1"],"relics":["animator:TheWolleyCore","animator:AncientMedallion"],"acts_visited":["Exordium","TheCity","TheBeyond","TheEnding","EYB:TheUnnamedReign"],"potions_floor_usage":[18,46,46,47,50,50],"damage_taken":[{"damage":0,"enemies":"2 Louse","floor":1,"turns":2},{"damage":0,"enemies":"Small Slimes","floor":3,"turns":1},{"damage":2,"enemies":"Jaw Worm","floor":5,"turns":2},{"damage":0,"enemies":"Gremlin Nob","floor":6,"turns":2},{"damage":0,"enemies":"Lagavulin","floor":10,"turns":2},{"damage":0,"enemies":"Blue Slaver","floor":13,"turns":1},{"damage":0,"enemies":"Gremlin Nob","floor":14,"turns":2},{"damage":0,"enemies":"Hexaghost","floor":16,"turns":2},{"damage":2,"enemies":"Shell Parasite","floor":18,"turns":2},{"damage":0,"enemies":"Spheric Guardian","floor":21,"turns":1},{"damage":0,"enemies":"Cultist and Chosen","floor":24,"turns":2},{"damage":9,"enemies":"Slavers","floor":25,"turns":2},{"damage":0,"enemies":"3 Cultists","floor":27,"turns":2},{"damage":0,"enemies":"conspire:SneckoGhost","floor":30,"turns":2},{"damage":2,"enemies":"conspire:MysteriousRune","floor":33,"turns":2},{"damage":0,"enemies":"Orb Walker","floor":35,"turns":1},{"damage":0,"enemies":"3 Shapes","floor":38,"turns":2},{"damage":0,"enemies":"R_Hoarder","floor":41,"turns":2},{"damage":4,"enemies":"Sphere and 2 Shapes","floor":44,"turns":1},{"damage":0,"enemies":"Transient","floor":46,"turns":2},{"damage":0,"enemies":"Writhing Mass","floor":47,"turns":1},{"damage":0,"enemies":"Replay:Hell Engine","floor":50,"turns":2},{"damage":11,"enemies":"animator:TRIPLE_SHAPES_WEAK","floor":54,"turns":5},{"damage":2,"enemies":"animator:UNNAMED_CULTIST_1","floor":55,"turns":3},{"damage":20,"enemies":"animator:LARGE_CUBE","floor":59,"turns":2},{"damage":3,"enemies":"animator:TRIPLE_LAGAVULIN","floor":60,"turns":3},{"damage":3,"enemies":"animator:ULTIMATE_CUBE","floor":63,"turns":3},{"damage":34,"enemies":"animator:ULTIMATE_WISP","floor":67,"turns":4}],"seed_played":"-7384783919832791919","potions_obtained":[{"floor":3,"key":"FearPotion"},{"floor":10,"key":"jedi:wingpotion"},{"floor":14,"key":"ElixirPotion"},{"floor":18,"key":"blueLaboratory:FrostheartPotion"},{"floor":46,"key":"jedi:mysterypotion"},{"floor":54,"key":"animator:FalseLifePotion"},{"floor":55,"key":"animator:FalseLifePotion"},{"floor":59,"key":"animator:FalseLifePotion"}],"is_trial":false,"path_per_floor":["M","?","M","?","M","E","R","$","T","E","?","R","M","E","R","B",null,"M","?","$","M","?","R","M","E","T","M","R","?","E","?","R","B",null,"M","?","$","M","$","R","E","R","T","M","R","M","M","?","R","B",null,"R","??","M","M","T","?","$","M","M","?","$","E","T","?","R","E","R","B",null],"character_chosen":"IRONCLAD","items_purchased":["Lee\u0027s Waffle","Dota2Spire:ArmletOfMordiggian","jedi:heavyjacket","CombinedTypeHook","vexMod:PaidLearning","StuffTheSpire:TintedRock","Cleave","Metallicize","Block Potion","BargainBundle","Tiny Chest","TheAbacus","Dota2Spire:MonkeyKingBar","halation:PromiseList","REME_Cut","Infernal Blade","Thinking Ahead","blueLaboratory:IronCompound","hubris:EvacipatedBox","hubris:KleinBottle","Golden Egg","Bag of Preparation","Letter Opener","War Paint","DollysMirror","jedi:forcepull","Rupture","MostiFishMod:HellRitual","Shrug It Off","hubris:StunningStrike","blueLaboratory:FruitPunch","DuplicationPotion","blueLaboratory:PolymorphPotion","Pommel Strike","conspire:HitWhereItHurts","animator:AncientMedallion","animator:AncientMedallion","animator:AncientMedallion","animator:AncientMedallion","animator:AncientMedallion","REME_ACTH","Fire Breathing","animator:AncientMedallion"],"campfire_rested":2,"item_purchase_floors":[8,8,8,8,8,8,8,8,8,20,20,20,20,20,20,20,20,20,37,37,37,39,39,39,39,39,39,39,39,39,39,39,39,58,58,58,58,58,58,58,62,62,62],"current_hp_per_floor":[45,45,45,45,45,45,45,52,52,52,39,39,45,51,51,52,52,54,54,54,54,54,54,54,54,54,54,54,54,54,54,54,56,56,56,56,2,14,14,14,26,26,26,34,34,50,60,60,60,60,60,60,107,98,98,98,71,71,94,114,114,114,117,117,117,120,89,123,119],"gold":392,"neow_bonus":"DOUBLE_BOSS_RELIC","is_daily":false,"chose_seed":false,"campfire_upgraded":10,"win_rate":0.0,"timestamp":1610769455,"path_taken":["M","?","M","?","?","E","R","$","T","E","?","R","M","E","R","BOSS","M","?","$","M","?","R","M","E","T","M","R","?","E","?","R","BOSS","M","?","?","M","$","R","E","R","T","M","R","?","?","?","R","BOSS","R","??","M","M","T","?","$","M","M","?","$","E","T","?","R","E","R","BOSS"],"items_purchased_type":["Relic","Relic","Relic","Relic","Relic","Relic","Card","Card","Potion","Relic","Relic","Relic","Relic","Relic","Card","Card","Card","Potion","Relic","Relic","Relic","Relic","Relic","Relic","Relic","Card","Card","Card","Card","Card","Potion","Potion","Potion","Card","Card","Relic","Relic","Relic","Relic","Relic","Card","Card","Relic"],"build_version":"2020-12-22","purchased_purges":4,"victory":true,"max_hp_per_floor":[45,45,45,45,45,45,45,52,52,52,52,52,52,52,52,52,52,54,54,54,54,54,54,54,54,54,54,54,54,54,54,54,56,56,56,56,56,56,56,56,56,56,56,56,56,60,60,60,60,60,60,60,107,109,111,111,111,111,114,117,117,117,120,120,120,120,123,123,126],"card_choices":[{"not_picked":["Whirlwind","Power Through"],"picked":"Thunderclap","floor":1},{"not_picked":["Body Slam","StuffTheSpire:Slingshot","Headbutt","Thunderclap"],"picked":"Pommel Strike","floor":3},{"not_picked":["Cleave","Perfected Strike","StuffTheSpire:RockThrow","Headbutt","True Grit"],"picked":"SKIP","floor":5},{"not_picked":["TH:PixieDust","TH:CopperCoins","TH:CursedSword"],"picked":"TH:BikiniMail","floor":6},{"not_picked":["True Grit","Thunderclap","jedi:collectorstrike","Havoc"],"picked":"Invigoration","floor":6},{"not_picked":["TH:CopperCoins","TH:PixieDust","TH:Mimic","TH:ArmorSpikes"],"picked":"SKIP","floor":9},{"not_picked":["Entrench","Power Through","Cleave","Shrug It Off"],"picked":"jedi:MakeshiftSword","floor":10},{"not_picked":["TH:EnergyPotion","TH:DeckOfManyThings","TH:Mimic","TH:BikiniMail"],"picked":"SKIP","floor":10},{"not_picked":["Feel No Pain","Clothesline","Sword Boomerang","Replay:Undeath\u0027s Touch"],"picked":"REME_Scribble","floor":13},{"not_picked":["Headbutt","Cleave","jedi:fear","True Grit"],"picked":"Juggernaut","floor":14},{"not_picked":["TH:Mimic","TH:PixieDust","TH:CursedSword","TH:CopperCoins"],"picked":"SKIP","floor":14},{"not_picked":["Feed","REME_Fury","jedi:unlimitedpower","Impervious","Berserk"],"picked":"Double Tap","floor":16},{"not_picked":["Seeing Red","Bloodletting+1","Warcry","REME_Scribble","conspire:ExplosiveBarrier","Shockwave"],"picked":"SKIP","floor":18},{"not_picked":["Run Through+1","Perfected Strike","Shrug It Off","Replay:Undeath\u0027s Touch","Clothesline"],"picked":"Pommel Strike","floor":21},{"not_picked":["StuffTheSpire:Ambrosia","StuffTheSpire:Perfection","StuffTheSpire:BrainWave"],"picked":"StuffTheSpire:Rapture","floor":22},{"not_picked":["Sword Boomerang","jedi:hate","Replay:Undeath\u0027s Touch","Clothesline+1","Cleave"],"picked":"Flex+1","floor":24},{"not_picked":["TH:EnergyPotion","TH:BikiniMail","TH:DeckOfManyThings","TH:CopperCoins","TH:Mimic"],"picked":"SKIP","floor":25},{"not_picked":["Brutality","Sword Boomerang","ReplayTheSpireMod:Stacked+1","ReplayTheSpireMod:Strike From Hell","Blood for Blood","Headbutt"],"picked":"SKIP","floor":25},{"not_picked":["TH:DeckOfManyThings","TH:CursedSword","TH:EnergyPotion","TH:ArmorSpikes","TH:TreasureMap"],"picked":"SKIP","floor":26},{"not_picked":["Iron Wave","StuffTheSpire:Slingshot","Heavy Blade","Infernal Blade","REME_FearOfPain+1"],"picked":"Thunderclap","floor":27},{"not_picked":["Perfected Strike","Ghostly Armor","infinitespire:OneForAll+1","Clothesline+1","StuffTheSpire:BloodClot"],"picked":"MostiFishMod:#F4004+1","floor":30},{"not_picked":["TH:DeckOfManyThings","TH:EnergyPotion","TH:Mimic","TH:CopperCoins","TH:CursedSword"],"picked":"SKIP","floor":30},{"not_picked":["Demonic Infusion","Exhume","MostiFishMod:Mania","MostiFishMod:FireWorks","jedi:strikingstrike"],"picked":"MostiFishMod:DarkDeal","floor":33},{"not_picked":["Wild Strike+1","ReplayTheSpireMod:Corrosion Curse+1","StuffTheSpire:RockThrow","ReplayTheSpireMod:Strike From Hell","Twin Strike+1"],"picked":"StuffTheSpire:Resist","floor":35},{"not_picked":["infinitespire:SealOfDarkness+","infinitespire:NeuralNetwork"],"picked":"infinitespire:Fortify","floor":37},{"not_picked":["StuffTheSpire:Pyroclast+1","MostiFishMod:ChineseTea","Sword Boomerang+1","Carnage+1","Dual Wield"],"picked":"Flex","floor":38},{"not_picked":["Shrug It Off+1","Cleave+1","Havoc+1","Defy Death","Pommel Strike"],"picked":"Burning Pact+1","floor":41},{"not_picked":["TH:BikiniMail","TH:DeckOfManyThings","TH:TreasureMap","TH:ElvenBoots","TH:CursedSword"],"picked":"SKIP","floor":41},{"not_picked":["TH:CopperCoins","TH:Mimic","TH:DeckOfManyThings","TH:ElvenBoots","TH:ArmorSpikes"],"picked":"SKIP","floor":43},{"not_picked":["Dual Wield","Pummel","jedi:controlledanger","StuffTheSpire:Slingshot","Headbutt","Perfected Strike+1"],"picked":"SKIP","floor":44},{"not_picked":["Seeing Red+1","Rage+1","Perfected Strike","Intimidate+1","Rupture","MostiFishMod:BrandingRite+1"],"picked":"SKIP","floor":46},{"not_picked":["Absolvement","Clothesline","Run Through+1","MostiFishMod:UltimateDefense","jedi:controlledanger"],"picked":"REME_FearOfPain","floor":47},{"not_picked":["Thunderclap","jedi:MakeshiftSword+1"],"picked":"Dropkick+1","floor":54},{"not_picked":["ReplayReversal+1","Anger+1","StuffTheSpire:RockThrow"],"picked":"SKIP","floor":55},{"not_picked":["ReplayReversal+1","Anger+1","StuffTheSpire:RockThrow"],"picked":"SKIP","floor":55},{"not_picked":["TH:ElvenBoots"],"picked":"TH:TreasureMap","floor":56},{"not_picked":["Headbutt+1","Anger"],"picked":"jedi:collectorstrike","floor":57},{"not_picked":["Pommel Strike+1","Spot Weakness"],"picked":"ReplayTheSpireMod:Limb From Limb+1","floor":59},{"not_picked":["True Grit","Feed"],"picked":"Shrug It Off","floor":60},{"not_picked":["Bludgeon+1","Offering+1"],"picked":"MostiFishMod:KnuckleDown+1","floor":61},{"not_picked":["Clothesline+1","jedi:collectorstrike+1"],"picked":"infinitespire:OneForAll","floor":63},{"not_picked":["TH:CursedSword","TH:PixieDust"],"picked":"SKIP","floor":63},{"not_picked":["TH:CopperCoins","TH:Mimic"],"picked":"SKIP","floor":64},{"not_picked":["TH:EnergyPotion"],"picked":"TH:ArmorSpikes","floor":67},{"not_picked":["Disarm","conspire:HitWhereItHurts"],"picked":"MostiFishMod:#F4004+1","floor":67}],"player_experience":468082,"relics_obtained":[{"floor":1,"key":"SynthV:TestCard"},{"floor":6,"key":"StuffTheSpire:HeavyRock"},{"floor":10,"key":"Dota2Spire:PowerTreads"},{"floor":14,"key":"Question Card"},{"floor":25,"key":"aspiration:TomeofQuesting"},{"floor":26,"key":"aspiration:Lifesprig"},{"floor":30,"key":"GolemAmulet"},{"floor":41,"key":"Smiling Mask"},{"floor":43,"key":"Replay:Bandana"},{"floor":53,"key":"animator:TheWolleyCore"},{"floor":54,"key":"wanderingMiniBosses:LockLocket"},{"floor":56,"key":"animator:AncientMedallion"},{"floor":57,"key":"animator:AncientMedallion"},{"floor":63,"key":"animator:AncientMedallion"},{"floor":64,"key":"animator:AncientMedallion"},{"floor":67,"key":"animator:AncientMedallion"}],"event_choices":[{"damage_healed":0,"gold_gain":100,"player_choice":"Gold","damage_taken":0,"max_hp_gain":0,"max_hp_loss":0,"event_name":"Wheel of Change","floor":4,"gold_loss":0},{"damage_healed":0,"gold_gain":0,"player_choice":"Obtained Relic","damage_taken":0,"relics_obtained":["halation:IllGainedPizza"],"max_hp_gain":0,"max_hp_loss":0,"event_name":"Addict","floor":19,"gold_loss":85},{"damage_healed":0,"gold_gain":0,"player_choice":"Ignored","damage_taken":0,"max_hp_gain":0,"max_hp_loss":0,"event_name":"Vampires","floor":29,"gold_loss":0},{"damage_healed":0,"gold_gain":0,"player_choice":"Leave","damage_taken":0,"max_hp_gain":0,"max_hp_loss":0,"event_name":"conspire:Investor","floor":65,"gold_loss":0}],"is_beta":false,"boss_relics":[{"not_picked":["energizedSpire:CursedPentagram","conspire:SeveredTorchhead"],"picked":"Black Blood"},{"not_picked":["SynthV:MejaisSoulstealer","energizedSpire:NeverEndingSparkler"],"picked":"Runic Cube"}],"items_purged_floors":[8,20,20,39],"is_endless":false,"potions_floor_spawned":[3,10,14,16,18,27,33,41,46,55,60,67],"ascension_level":4}}