{"host":"hf8yoqke32w15p1q","time":1610817524,"event":{"mods":["Aspiration","BaseMod","BetterRewards","Colored Powertips","Conspire","Downfall","Hermit","Hubris","Infinite Spire","Minty Spire (QoL Compilation)","Shop Mod","StSLib","The Animator"],"gold_per_floor":[99,112,112,145,79,97,123,157,157,142,142,142,142,176,192,192,192,192],"floor_reached":16,"language":"ENG","playtime":698,"items_purged":[],"score":106,"play_id":"b4d4d2a7-f422-4197-9780-cc227ffb33c3","local_time":"20210116121844","is_ascension_mode":false,"campfire_choices":[{"data":"Guardian:TwinSlam","floor":1,"key":"SMITH"},{"floor":13,"key":"REST"}],"circlet_count":0,"master_deck":["Guardian:Strike_Guardian","Guardian:Strike_Guardian","Guardian:Strike_Guardian","Guardian:Strike_Guardian","Guardian:Defend_Guardian","Guardian:Defend_Guardian","Guardian:Defend_Guardian","Guardian:Defend_Guardian","Guardian:CurlUp","Guardian:TwinSlam+1","Guardian:Incinerate","Guardian:Gem_Lightblue","Guardian:BronzeArmor","Guardian:PiercingHide","Guardian:Reroute","Guardian:Gem_Fragmented","Guardian:PrismaticBeam","Guardian:Gem_White"],"relics":["Guardian:ModeShifter","aspiration:Lifesprig","Toy Ornithopter","Nunchaku","Orichalcum","aspiration:BabyByrd","HornCleat"],"acts_visited":["Exordium"],"potions_floor_usage":[],"damage_taken":[{"damage":0,"enemies":"Small Slimes","floor":2,"turns":4},{"damage":11,"enemies":"conspire:MimicChest","floor":4,"turns":6},{"damage":5,"enemies":"downfall:FleeingMerchant","floor":5,"turns":4},{"damage":6,"enemies":"Cultist","floor":6,"turns":5},{"damage":24,"enemies":"Gremlin Nob","floor":8,"turns":6},{"damage":0,"enemies":"downfall:FleeingMerchant","floor":10,"turns":4},{"damage":21,"enemies":"Lagavulin","floor":14,"turns":6},{"damage":4,"enemies":"Jaw Worm","floor":15,"turns":2},{"damage":55,"enemies":"IC_STATUS_ARCHETYPE","floor":16,"turns":13}],"seed_played":"-8544599103032896274","potions_obtained":[{"floor":6,"key":"Guardian:AcceleratePotion"},{"floor":14,"key":"PowerPotion"},{"floor":15,"key":"Fire Potion"}],"is_trial":false,"path_per_floor":["R","M","?","?","$","M","T","E","T","$","?","?","R","E","M","B"],"character_chosen":"GUARDIAN","items_purchased":["Guardian:Gem_Red"],"campfire_rested":1,"item_purchase_floors":[5],"current_hp_per_floor":[88,88,93,82,77,71,71,47,47,47,47,47,74,53,49,0,0,0],"gold":192,"neow_bonus":"TEN_PERCENT_HP_BONUS","is_daily":false,"chose_seed":false,"campfire_upgraded":1,"win_rate":0.0,"timestamp":1610817524,"path_taken":["R","M","?","?","$","M","T","E","?","$","?","?","R","E","M","BOSS"],"items_purchased_type":["Card"],"build_version":"2020-12-22","purchased_purges":0,"victory":false,"max_hp_per_floor":[88,88,93,93,93,93,93,93,93,93,93,93,93,93,93,93,93,93],"card_choices":[{"not_picked":["Guardian:WalkerClaw","Guardian:BronzeOrb"],"picked":"Guardian:Incinerate","floor":2},{"not_picked":["Guardian:TemporalShield","Guardian:FloatingOrbs"],"picked":"Guardian:Gem_Lightblue","floor":4},{"not_picked":["Guardian:Suspension","Guardian:Gem_Purple"],"picked":"Guardian:BronzeArmor","floor":5},{"not_picked":["Guardian:ConstructionForm","Guardian:WalkerClaw"],"picked":"Guardian:PiercingHide","floor":6},{"not_picked":["Guardian:Suspension","Guardian:Recover"],"picked":"Guardian:Reroute","floor":8},{"not_picked":["Guardian:ShieldCharger","Guardian:RollAttack"],"picked":"Guardian:Gem_Fragmented","floor":10},{"not_picked":["Guardian:CrystalBeam","Guardian:EvasiveProtocol"],"picked":"Guardian:PrismaticBeam","floor":14},{"not_picked":["Guardian:Incinerate","Guardian:ShieldSpikes"],"picked":"Guardian:Gem_White","floor":15}],"player_experience":429092,"relics_obtained":[{"floor":4,"key":"aspiration:Lifesprig"},{"floor":7,"key":"Toy Ornithopter"},{"floor":8,"key":"Nunchaku"},{"floor":9,"key":"Orichalcum"},{"floor":14,"key":"HornCleat"}],"event_choices":[{"damage_healed":0,"gold_gain":0,"player_choice":"Donut","damage_taken":0,"max_hp_gain":5,"max_hp_loss":0,"event_name":"Big Fish","floor":3,"gold_loss":0}],"is_beta":false,"boss_relics":[],"items_purged_floors":[],"is_endless":false,"potions_floor_spawned":[6,14,15],"killed_by":"IC_STATUS_ARCHETYPE","ascension_level":0}}