{"host":"q0qnzbgdx8oqogg9","time":1610767440,"event":{"mods":["BaseMod","Minty Spire (QoL Compilation)","Slay-I","StSLib"],"gold_per_floor":[111,36,53,53,66,66,96,106,106,117,117,117,117,143,143,248,248,248,248,163,133,61,61,61,61,61,61,61,61,61,61,61,61,61,61,61,61,61,61,61,61,61,61,61,61,61,61,61,61,61],"floor_reached":51,"language":"ENG","playtime":2556,"items_purged":["Writhe"],"score":1360,"play_id":"f3c002fc-dd3f-4f6a-842b-9357bd85ebf8","local_time":"20210115222400","is_ascension_mode":true,"campfire_choices":[{"data":"Perfected Strike","floor":6.0,"key":"SMITH"},{"data":"Bash","floor":12.0,"key":"SMITH"},{"data":"Inflame","floor":15.0,"key":"SMITH"},{"data":"Corruption","floor":23.0,"key":"SMITH"},{"data":"True Grit","floor":27.0,"key":"SMITH"},{"data":"Battle Trance","floor":32.0,"key":"SMITH"},{"floor":49,"key":"RECALL"}],"circlet_count":0,"master_deck":["Strike_R+1","Strike_R+1","Strike_R+1","Strike_R+1","Defend_R+1","Defend_R+1","Defend_R+1","True Grit+1","Wild Strike+1","Inflame+1","Perfected Strike+1","Wild Strike+1","Metallicize+1","Seeing Red+1","Feel No Pain+1","Corruption+1","Ghostly+1","Ghostly+1","Ghostly+1","Ghostly+1","Ghostly+1","Warcry+1","Dark Embrace+1","Headbutt+1","Disarm+1","Fiend Fire+1","Battle Trance+1","Demon Form+1","CurseOfTheBell","Burning Pact+1","Seeing Red+1","Parasite","Sentinel+1","Disarm+1","Panache"],"relics":["Burning Blood","Dead Branch","Bird Faced Urn","Charon\u0027s Ashes","Toy Ornithopter","Ectoplasm","CeramicFish","Question Card","Pocketwatch","Pen Nib","Self Forming Clay","Calling Bell","Happy Flower","Eternal Feather","WingedGreaves","Mark of the Bloom","Peace Pipe","MawBank","Pear","Ginger","Ancient Tea Set","War Paint"],"acts_visited":["Exordium","TheCity","TheBeyond"],"potions_floor_usage":[48],"damage_taken":[{"damage":7.0,"enemies":"Small Slimes","floor":1.0,"turns":4.0},{"damage":1.0,"enemies":"Jaw Worm","floor":3.0,"turns":6.0},{"damage":0.0,"enemies":"Cultist","floor":5.0,"turns":3.0},{"damage":3.0,"enemies":"Lagavulin","floor":7.0,"turns":4.0},{"damage":7.0,"enemies":"Looter","floor":8.0,"turns":3.0},{"damage":14.0,"enemies":"Exordium Wildlife","floor":10.0,"turns":5.0},{"damage":26.0,"enemies":"Gremlin Nob","floor":14.0,"turns":4.0},{"damage":20.0,"enemies":"Slime Boss","floor":16.0,"turns":6.0},{"damage":1.0,"enemies":"3 Byrds","floor":18.0,"turns":3.0},{"damage":0.0,"enemies":"2 Thieves","floor":21.0,"turns":2.0},{"damage":3.0,"enemies":"Gremlin Leader","floor":24.0,"turns":4.0},{"damage":0.0,"enemies":"Snecko","floor":25.0,"turns":4.0},{"damage":0.0,"enemies":"Book of Stabbing","floor":28.0,"turns":4.0},{"damage":5.0,"enemies":"Centurion and Healer","floor":29.0,"turns":5.0},{"damage":5.0,"enemies":"Gremlin Leader","floor":31.0,"turns":5.0},{"damage":1.0,"enemies":"Automaton","floor":33.0,"turns":4.0},{"damage":1.0,"enemies":"Orb Walker","floor":35.0,"turns":3.0},{"damage":16.0,"enemies":"2 Orb Walkers","floor":37.0,"turns":3.0},{"damage":2.0,"enemies":"3 Shapes","floor":39.0,"turns":4.0},{"damage":0.0,"enemies":"Reptomancer","floor":40.0,"turns":1.0},{"damage":0,"enemies":"Nemesis","floor":41,"turns":7},{"damage":2,"enemies":"Reptomancer","floor":42,"turns":3},{"damage":1,"enemies":"Writhing Mass","floor":44,"turns":5},{"damage":1,"enemies":"Nemesis","floor":45,"turns":7},{"damage":0,"enemies":"Jaw Worm Horde","floor":46,"turns":4},{"damage":0,"enemies":"Spire Growth","floor":48,"turns":4},{"damage":17,"enemies":"Awakened One","floor":50,"turns":12}],"seed_played":"-5167419731501852008","potions_obtained":[{"floor":3.0,"key":"DuplicationPotion"},{"floor":7.0,"key":"FearPotion"},{"floor":8.0,"key":"Energy Potion"},{"floor":10.0,"key":"AttackPotion"},{"floor":31.0,"key":"EssenceOfSteel"},{"floor":37.0,"key":"Regen Potion"},{"floor":44,"key":"DuplicationPotion"}],"is_trial":false,"path_per_floor":["M","$","M","?","M","R","E","M","T","M","?","R","?","E","R","B",null,"M","?","?","M","$","R","E","M","T","R","E","M","?","E","R","B",null,"M","?","?","$","M","E","E","E","T","M","E","M","?","M","R","B",null],"character_chosen":"IRONCLAD","items_purchased":["Dark Embrace"],"campfire_rested":0,"item_purchase_floors":[22],"current_hp_per_floor":[71,71,76,73,79,79,80,79,79,73,73,73,73,57,57,51,73,80,40,40,40,40,40,40,40,40,40,40,40,40,40,40,40,40,40,40,24,24,22,22,22,20,20,19,18,18,18,18,18,1],"gold":61,"neow_bonus":"TRANSFORM_TWO_CARDS","is_daily":false,"chose_seed":false,"campfire_upgraded":6,"win_rate":0.0,"timestamp":1610767440,"path_taken":["M","$","M","?","M","R","E","M","T","M","?","R","?","E","R","BOSS","M","?","?","M","?","R","E","M","T","R","E","M","?","E","R","BOSS","M","?","?","?","M","E","E","E","T","?","E","?","?","M","R","BOSS"],"items_purchased_type":["Card"],"build_version":"2020-12-22","purchased_purges":1,"victory":true,"max_hp_per_floor":[80,80,80,80,80,80,80,80,80,80,80,80,80,80,80,80,80,80,40,40,40,40,40,40,40,40,40,40,40,40,40,40,40,40,40,40,40,40,40,40,50,50,50,50,50,50,50,50,50,50],"card_choices":[{"not_picked":["Pommel Strike","Clash"],"picked":"Inflame","floor":1.0},{"not_picked":["Disarm","Headbutt"],"picked":"Perfected Strike","floor":3.0},{"not_picked":["Warcry","Double Tap"],"picked":"Wild Strike","floor":5.0},{"not_picked":["Clothesline","Hemokinesis"],"picked":"Metallicize","floor":7.0},{"not_picked":["Carnage","Armaments","Sword Boomerang"],"picked":"SKIP","floor":8.0},{"not_picked":["Rage","Flex"],"picked":"Seeing Red","floor":10.0},{"not_picked":["Clash","Warcry"],"picked":"Feel No Pain","floor":14.0},{"not_picked":["Double Tap","Berserk"],"picked":"Corruption","floor":16.0},{"not_picked":["Headbutt","Flex","Body Slam"],"picked":"SKIP","floor":18.0},{"not_picked":["Perfected Strike","Iron Wave"],"picked":"Warcry","floor":21.0},{"not_picked":["Armaments","Searing Blow"],"picked":"Headbutt+1","floor":24.0},{"not_picked":["Heavy Blade","Armaments","Twin Strike"],"picked":"Disarm","floor":25.0},{"not_picked":["True Grit","Sword Boomerang","Evolve"],"picked":"Fiend Fire","floor":28.0},{"not_picked":["Twin Strike","Flex","Wild Strike","Dropkick+1"],"picked":"SKIP","floor":29.0},{"not_picked":["Anger","Iron Wave","Second Wind"],"picked":"Battle Trance","floor":31.0},{"not_picked":["Exhume","Brutality","Offering"],"picked":"Demon Form","floor":33.0},{"not_picked":["Havoc","Blood for Blood","Bloodletting"],"picked":"Burning Pact+1","floor":35.0},{"not_picked":["Heavy Blade","Reckless Charge","Perfected Strike","Spot Weakness+1"],"picked":"SKIP","floor":39.0},{"not_picked":["Twin Strike","Anger+1","Perfected Strike","Pummel"],"picked":"SKIP","floor":40.0},{"not_picked":["Heavy Blade","Clash","Shrug It Off"],"picked":"Seeing Red+1","floor":41},{"not_picked":["Spot Weakness","Dual Wield+1","Wild Strike+1","Combust+1"],"picked":"SKIP","floor":42},{"not_picked":["Perfected Strike+1","Hemokinesis","Searing Blow+1"],"picked":"Sentinel","floor":44},{"not_picked":["Berserk","Shockwave","Flame Barrier"],"picked":"Disarm+1","floor":45},{"not_picked":["Pommel Strike","Sword Boomerang","Clothesline","Reckless Charge+1"],"picked":"SKIP","floor":46},{"not_picked":["Bandage Up","Discovery","Thinking Ahead"],"picked":"Panache","floor":47},{"not_picked":["Twin Strike","Iron Wave+1","Cleave+1","Spot Weakness"],"picked":"SKIP","floor":48}],"player_experience":225016,"relics_obtained":[{"floor":7.0,"key":"Bird Faced Urn"},{"floor":9.0,"key":"Charon\u0027s Ashes"},{"floor":14.0,"key":"Toy Ornithopter"},{"floor":24.0,"key":"Question Card"},{"floor":26.0,"key":"Pocketwatch"},{"floor":28.0,"key":"Pen Nib"},{"floor":31.0,"key":"Self Forming Clay"},{"floor":34.0,"key":"Happy Flower"},{"floor":34.0,"key":"Eternal Feather"},{"floor":34.0,"key":"WingedGreaves"},{"floor":37.0,"key":"Peace Pipe"},{"floor":40.0,"key":"MawBank"},{"floor":41,"key":"Pear"},{"floor":42,"key":"Ginger"},{"floor":43,"key":"Ancient Tea Set"},{"floor":45,"key":"War Paint"}],"event_choices":[{"damage_healed":0.0,"max_hp_gain":0.0,"max_hp_loss":0.0,"gold_gain":0.0,"event_name":"Scrap Ooze","player_choice":"Success","floor":4.0,"gold_loss":0.0,"damage_taken":3.0,"relics_obtained":["Dead Branch"]},{"damage_healed":0.0,"max_hp_gain":0.0,"max_hp_loss":0.0,"gold_gain":0.0,"event_name":"Liars Game","player_choice":"Ignored","floor":11.0,"gold_loss":0.0,"damage_taken":0.0},{"damage_healed":0.0,"max_hp_gain":0.0,"max_hp_loss":0.0,"gold_gain":0.0,"event_name":"The Cleric","player_choice":"Leave","floor":13.0,"gold_loss":0.0,"damage_taken":0.0},{"damage_healed":0.0,"max_hp_gain":0.0,"max_hp_loss":40.0,"gold_gain":0.0,"event_name":"Ghosts","player_choice":"Became a Ghost","floor":19.0,"gold_loss":0.0,"damage_taken":0.0,"cards_obtained":["Ghostly","Ghostly","Ghostly","Ghostly","Ghostly"]},{"damage_healed":0.0,"max_hp_gain":0.0,"max_hp_loss":0.0,"gold_gain":0.0,"event_name":"Addict","player_choice":"Obtained Relic","floor":20.0,"gold_loss":85.0,"damage_taken":0.0,"relics_obtained":["CeramicFish"]},{"cards_removed":["Bash"],"damage_healed":0.0,"max_hp_gain":0.0,"max_hp_loss":0.0,"gold_gain":0.0,"event_name":"Bonfire Elementals","player_choice":"Offered Basic","floor":30.0,"gold_loss":0.0,"damage_taken":0.0},{"damage_healed":0.0,"max_hp_gain":0.0,"max_hp_loss":0.0,"gold_gain":0.0,"event_name":"MindBloom","player_choice":"Upgrade","floor":36.0,"gold_loss":0.0,"damage_taken":0.0,"cards_upgraded":["Strike_R","Strike_R","Strike_R","Strike_R","Defend_R","Defend_R","Defend_R","Wild Strike","Wild Strike","Metallicize","Seeing Red","Feel No Pain","Ghostly","Ghostly","Ghostly","Ghostly","Ghostly","Warcry","Dark Embrace","Disarm","Fiend Fire","Demon Form"],"relics_obtained":["Mark of the Bloom"]},{"damage_healed":0.0,"max_hp_gain":0.0,"max_hp_loss":0.0,"gold_gain":0.0,"event_name":"Mysterious Sphere","player_choice":"Fight","floor":37.0,"gold_loss":0.0,"damage_taken":0.0},{"damage_healed":0,"gold_gain":0,"player_choice":"Memory 1","damage_taken":0,"max_hp_gain":0,"max_hp_loss":0,"event_name":"SensoryStone","floor":47,"gold_loss":0}],"is_beta":false,"boss_relics":[{"not_picked":["SlaversCollar","Velvet Choker"],"picked":"Ectoplasm"},{"not_picked":["Fusion Hammer","Snecko Eye"],"picked":"Calling Bell"}],"items_purged_floors":[2],"is_endless":false,"potions_floor_spawned":[3,7,8,10,16,28,29,31,33,37,41,44,45,46],"ascension_level":7}}