{"host":"ymknu7vcxiutstwp","time":1610838564,"event":{"mods":["AchievementEnabler","BaseMod","Colored Powertips","Curses Come First","Highlight Path","Minty Spire (QoL Compilation)","Permanent Neow","Relic Stats","StSLib"],"gold_per_floor":[118,134,134,134,59,87,87,107,155,165,197,197,215,241,241,346,346,358,375,300,300,300,300,300,313,313,313,323,323,338,350,350,454,454,468,45,56,106,119,119,148,148,148,168,168,97,97,116,116,116],"floor_reached":51,"language":"ENG","playtime":4395,"items_purged":["Regret"],"score":1172,"play_id":"25d1c83a-a7fb-4603-9aed-42c3d0703966","local_time":"20210116230924","is_ascension_mode":true,"campfire_choices":[{"data":"Bouncing Flask","floor":7.0,"key":"SMITH"},{"floor":12.0,"key":"REST"},{"floor":15.0,"key":"REST"},{"floor":24.0,"key":"REST"},{"floor":27.0,"key":"REST"},{"data":"Leg Sweep","floor":29.0,"key":"SMITH"},{"data":"Burst","floor":32.0,"key":"SMITH"},{"floor":40,"key":"REST"},{"data":"Adrenaline","floor":45,"key":"SMITH"},{"data":"Catalyst","floor":47,"key":"SMITH"},{"data":"Calculated Gamble","floor":49,"key":"SMITH"}],"circlet_count":0,"master_deck":["AscendersBane","Strike_G","Defend_G","Defend_G","Defend_G","Defend_G","Defend_G","Survivor","Neutralize","Sucker Punch+1","Bouncing Flask+1","Concentrate","Dagger Spray","PiercingWail","Poisoned Stab","Flying Knee","Burst+1","Bane+1","Leg Sweep+1","Terror+1","Calculated Gamble+1","Crippling Poison","Bullet Time","Caltrops+1","Flying Knee+1","Riddle With Holes+1","Deflect","Blur","Underhanded Strike","Flying Knee+1","Deadly Poison+1","Bane+1","Adrenaline+1","Choke","Catalyst+1","Acrobatics+1"],"relics":["Ring of the Snake","NeowsBlessing","Happy Flower","Pen Nib","Darkstone Periapt","Bag of Preparation","Ornamental Fan","Eternal Feather","Snecko Eye","White Beast Statue","Bronze Scales","Astrolabe","Whetstone","TwistedFunnel","Mango","Orichalcum","Shuriken","Mercury Hourglass"],"acts_visited":["Exordium","TheCity","TheBeyond"],"potions_floor_usage":[33,33,50,50],"damage_taken":[{"damage":0.0,"enemies":"Jaw Worm","floor":1.0,"turns":1.0},{"damage":0.0,"enemies":"Small Slimes","floor":2.0,"turns":1.0},{"damage":0.0,"enemies":"3 Sentries","floor":6.0,"turns":1.0},{"damage":0.0,"enemies":"2 Louse","floor":8.0,"turns":3.0},{"damage":0.0,"enemies":"Exordium Thugs","floor":10.0,"turns":3.0},{"damage":13.0,"enemies":"Gremlin Nob","floor":11.0,"turns":4.0},{"damage":6.0,"enemies":"Exordium Wildlife","floor":13.0,"turns":5.0},{"damage":12.0,"enemies":"3 Sentries","floor":14.0,"turns":9.0},{"damage":32.0,"enemies":"The Guardian","floor":16.0,"turns":9.0},{"damage":10.0,"enemies":"3 Byrds","floor":18.0,"turns":5.0},{"damage":15.0,"enemies":"2 Thieves","floor":19.0,"turns":4.0},{"damage":0.0,"enemies":"Slavers","floor":23.0,"turns":1.0},{"damage":34.0,"enemies":"Centurion and Healer","floor":25.0,"turns":8.0},{"damage":0.0,"enemies":"Snecko","floor":28.0,"turns":4.0},{"damage":0.0,"enemies":"Snake Plant","floor":30.0,"turns":2.0},{"damage":3.0,"enemies":"Centurion and Healer","floor":31.0,"turns":5.0},{"damage":61,"enemies":"Collector","floor":33,"turns":7},{"damage":6,"enemies":"3 Shapes","floor":35,"turns":7},{"damage":7,"enemies":"Orb Walker","floor":37,"turns":4},{"damage":0,"enemies":"Mind Bloom Boss Battle","floor":38,"turns":4},{"damage":17,"enemies":"Maw","floor":39,"turns":6},{"damage":17,"enemies":"Nemesis","floor":41,"turns":5},{"damage":1,"enemies":"3 Darklings","floor":44,"turns":3},{"damage":0,"enemies":"Transient","floor":48,"turns":5},{"damage":69,"enemies":"Time Eater","floor":50,"turns":7}],"seed_played":"9059698163579399407","potions_obtained":[{"floor":6.0,"key":"FearPotion"},{"floor":10.0,"key":"SpeedPotion"},{"floor":11.0,"key":"ColorlessPotion"},{"floor":13.0,"key":"Fire Potion"},{"floor":16.0,"key":"SmokeBomb"},{"floor":25.0,"key":"SteroidPotion"},{"floor":28.0,"key":"DuplicationPotion"},{"floor":30.0,"key":"Regen Potion"},{"floor":33,"key":"Dexterity Potion"},{"floor":35,"key":"DuplicationPotion"},{"floor":38,"key":"DistilledChaos"}],"is_trial":false,"path_per_floor":["M","M","?","?","$","E","R","M","T","M","E","R","M","E","R","B",null,"M","M","?","T","?","E","R","M","T","R","M","R","M","M","R","B",null,"M","$","M","?","M","R","E","T","T","M","R","$","R","M","R","B",null],"character_chosen":"THE_SILENT","items_purchased":["Whetstone","Blur","TwistedFunnel","Underhanded Strike","Catalyst"],"campfire_rested":5,"item_purchase_floors":[36,36,36,36,46],"current_hp_per_floor":[63,63,63,51,51,51,51,51,51,51,38,59,53,41,70,38,62,52,37,37,37,37,37,70,36,36,69,69,70,70,67,70,19,57,51,51,44,58,41,84,67,67,67,66,84,84,84,84,84,15],"gold":116,"neow_bonus":"THREE_ENEMY_KILL","is_daily":false,"chose_seed":false,"campfire_upgraded":6,"win_rate":0.0,"timestamp":1610838564,"path_taken":["M","M","?","?","$","E","R","M","T","M","E","R","M","E","R","BOSS","M","M","?","?","?","E","R","M","T","R","M","R","M","M","R","BOSS","M","$","M","?","M","R","E","?","T","M","R","?","R","?","R","BOSS"],"items_purchased_type":["Relic","Card","Relic","Card","Card"],"build_version":"2020-12-22","purchased_purges":1,"victory":true,"max_hp_per_floor":[70,70,70,70,70,70,70,70,70,70,70,70,70,70,70,70,70,70,70,70,70,70,70,70,70,70,70,70,70,70,70,70,70,70,70,70,70,84,84,84,84,84,84,84,84,84,84,84,84,84],"relic_stats":{"Darkstone Periapt":0,"Happy Flower":[37],"counters":[25,113],"Astrolabe":["Caltrops","Flying Knee","Riddle With Holes"],"Eternal Feather":76,"Pen Nib":[19],"Bag of Preparation":[26],"Whetstone":["Sucker Punch","Bane"],"Orichalcum":[18],"Mercury Hourglass":[51],"Ornamental Fan":[124],"Shuriken":[5],"Bronze Scales":[145],"Snecko Eye":[155,154,132,152],"obtain_stats":[{"Darkstone Periapt":6,"TwistedFunnel":36,"NeowsBlessing":0,"Happy Flower":3,"Astrolabe":34,"Eternal Feather":14,"Mango":38,"Pen Nib":4,"Bag of Preparation":9,"Whetstone":36,"Orichalcum":41,"White Beast Statue":21,"Mercury Hourglass":43,"Ornamental Fan":11,"Shuriken":42,"Bronze Scales":26,"Snecko Eye":17,"Ring of the Snake":0},{"Darkstone Periapt":3,"TwistedFunnel":18,"NeowsBlessing":0,"Happy Flower":2,"Astrolabe":17,"Eternal Feather":8,"Mango":20,"Pen Nib":2,"Bag of Preparation":4,"Whetstone":18,"Orichalcum":22,"White Beast Statue":11,"Mercury Hourglass":22,"Ornamental Fan":6,"Shuriken":22,"Bronze Scales":13,"Snecko Eye":9,"Ring of the Snake":0},{"Darkstone Periapt":3,"TwistedFunnel":79,"NeowsBlessing":0,"Happy Flower":2,"Astrolabe":72,"Eternal Feather":27,"Mango":87,"Pen Nib":2,"Bag of Preparation":6,"Whetstone":79,"Orichalcum":98,"White Beast Statue":45,"Mercury Hourglass":98,"Ornamental Fan":13,"Shuriken":98,"Bronze Scales":54,"Snecko Eye":36,"Ring of the Snake":0}],"Ring of the Snake":[50]},"card_choices":[{"not_picked":["Dagger Throw","Prepared"],"picked":"Sucker Punch","floor":1.0},{"not_picked":["Sucker Punch","Poisoned Stab"],"picked":"Bouncing Flask","floor":2.0},{"not_picked":["Sucker Punch","Quick Slash"],"picked":"Concentrate","floor":6.0},{"not_picked":["Blade Dance","PiercingWail"],"picked":"Dagger Spray","floor":8.0},{"not_picked":["Underhanded Strike","Heel Hook"],"picked":"PiercingWail","floor":10.0},{"not_picked":["Outmaneuver","Deflect","Choke"],"picked":"SKIP","floor":11.0},{"not_picked":["Reflex","Bouncing Flask"],"picked":"Poisoned Stab","floor":13.0},{"not_picked":["Eviscerate","Sucker Punch"],"picked":"Flying Knee","floor":14.0},{"not_picked":["Phantasmal Killer","A Thousand Cuts"],"picked":"Burst","floor":16.0},{"not_picked":["Quick Slash","Slice"],"picked":"Bane","floor":18.0},{"not_picked":["Cloak And Dagger","Bouncing Flask","Underhanded Strike"],"picked":"SKIP","floor":19.0},{"not_picked":["Poisoned Stab","Blade Dance+1"],"picked":"Leg Sweep","floor":25.0},{"not_picked":["Acrobatics","Skewer"],"picked":"Terror+1","floor":28.0},{"not_picked":["Bane","Acrobatics"],"picked":"Calculated Gamble","floor":30.0},{"not_picked":["PiercingWail","Quick Slash"],"picked":"Crippling Poison","floor":31.0},{"not_picked":["Envenom","Storm of Steel"],"picked":"Bullet Time","floor":33},{"not_picked":["Sucker Punch","Calculated Gamble"],"picked":"Deflect","floor":35},{"not_picked":["Skewer","Masterful Stab"],"picked":"Flying Knee+1","floor":37},{"not_picked":["Prepared+1","PiercingWail"],"picked":"Deadly Poison+1","floor":38},{"not_picked":["Caltrops","Flying Knee"],"picked":"Bane+1","floor":39},{"not_picked":["Endless Agony","Setup+1"],"picked":"Adrenaline","floor":41},{"not_picked":["Dagger Spray","Dash"],"picked":"Choke","floor":44},{"not_picked":["Deadly Poison","Accuracy+1"],"picked":"Acrobatics+1","floor":48}],"player_experience":670416,"relics_obtained":[{"floor":6.0,"key":"Darkstone Periapt"},{"floor":9.0,"key":"Bag of Preparation"},{"floor":11.0,"key":"Ornamental Fan"},{"floor":14.0,"key":"Eternal Feather"},{"floor":21.0,"key":"White Beast Statue"},{"floor":26.0,"key":"Bronze Scales"},{"floor":38,"key":"Mango"},{"floor":41,"key":"Orichalcum"},{"floor":42,"key":"Shuriken"},{"floor":43,"key":"Mercury Hourglass"}],"event_choices":[{"damage_healed":0.0,"max_hp_gain":0.0,"max_hp_loss":0.0,"gold_gain":0.0,"event_name":"Big Fish","player_choice":"Box","floor":3.0,"gold_loss":0.0,"damage_taken":0.0,"relics_obtained":["Happy Flower"],"cards_obtained":["Regret"]},{"damage_healed":0.0,"max_hp_gain":0.0,"max_hp_loss":0.0,"gold_gain":0.0,"event_name":"Scrap Ooze","player_choice":"Success","floor":4.0,"gold_loss":0.0,"damage_taken":12.0,"relics_obtained":["Pen Nib"]},{"cards_removed":["Strike_G"],"damage_healed":0.0,"max_hp_gain":0.0,"max_hp_loss":0.0,"gold_gain":0.0,"event_name":"Beggar","player_choice":"Gave Gold","floor":20.0,"gold_loss":75.0,"damage_taken":0.0},{"damage_healed":0.0,"max_hp_gain":0.0,"max_hp_loss":0.0,"gold_gain":0.0,"event_name":"Vampires","player_choice":"Ignored","floor":22.0,"gold_loss":0.0,"damage_taken":0.0},{"damage_healed":0,"gold_gain":0,"player_choice":"Fight","damage_taken":0,"max_hp_gain":0,"max_hp_loss":0,"event_name":"MindBloom","floor":38,"gold_loss":0}],"is_beta":false,"boss_relics":[{"not_picked":["Ectoplasm","Philosopher\u0027s Stone"],"picked":"Snecko Eye"},{"not_picked":["Empty Cage","Runic Dome"],"picked":"Astrolabe"}],"items_purged_floors":[5],"is_endless":false,"potions_floor_spawned":[6,10,11,13,16,18,23,25,28,30,31,33,35,37,38,39,41,44,48],"ascension_level":12}}