{"host":"bb5r3ba2ig485dr2","time":1610838714,"event":{"mods":["Act Like it!","BaseMod","CapriCore","Chen","Curses Come First","Gensokyo","Hallownest","Koishi","Lobotomy","LobotomyExtend","Marisa（霧雨　魔理沙）","Minty Spire (QoL Compilation)","Random Character Button","Rare Cards Sparkle","Reimu（博??梦）","StSLib","Td1madao Mod","The Administrix","The Bug Knight","The Immortal","The Servant 0.9.4","The Wild Card"],"gold_per_floor":[119,132,132,132,149,190,235,235,235,255,298,326,355,355,355,454,454,471,23,47,73,143,143,174,28,28,28,28,28,61,80,80,185,185,207,207,207],"floor_reached":36,"language":"ENG","playtime":3122,"items_purged":[],"score":439,"play_id":"330458d6-48fb-47df-9f2d-d70b93881dc3","local_time":"20210117001154","is_ascension_mode":false,"campfire_choices":[{"data":"HollowMod:ZotesMagnificence","floor":8,"key":"SMITH"},{"data":"HollowMod:DungDefenderAura","floor":15,"key":"SMITH"},{"data":"HollowMod:GreatSlash","floor":23,"key":"SMITH"},{"data":"HollowMod:ElderbugsWisdom","floor":28,"key":"SMITH"},{"floor":32,"key":"REST"}],"circlet_count":0,"master_deck":["HollowMod:NailStrikeStart","HollowMod:NailStrikeStart","HollowMod:NailStrikeStart","HollowMod:NailStrikeStart","HollowMod:FocusHealStart","HollowMod:PogoStrike","HollowMod:ZotesMagnificence+1","HollowMod:DoubleDash","HollowMod:DashSlash","Hallownest:skillLeafShield","Hallownest:skillLeafShield","Hallownest:skillLeafShield","Hallownest:skillLeafShield","Hallownest:skillLeafShield","HollowMod:HornetsHelp","HollowMod:ElderbugsWisdom+1","HollowMod:ChannelNail","HollowMod:DungDefenderAura+1","HollowMod:NewLittleFool","HollowMod:GreatSlash+1","HollowMod:GrimmsGift+1","HollowMod:HerrahsAnger","HollowMod:CoiledNail+1"],"relics":["HollowMod:VesselMask","LetterFromLob","CeramicFish","Pantograph","RuthlessExorcism:ReiMu","Hallownest:DreamNailRelic","SacredBark","HandDrill","White Beast Statue","Meat on the Bone","Strange Spoon","Gremlin Horn","Smiling Mask","SlaversCollar"],"acts_visited":["Hallownest:Greenpath","Hallownest:CityofTears","Hallownest:KingdomsEdge"],"potions_floor_usage":[6,6,6,16,20,21,22,24,30,30,33,33,35,36,36],"damage_taken":[{"damage":1,"enemies":"Hallownest:monsterHuskWarrior","floor":1,"turns":3},{"damage":1,"enemies":"Hallownest:2_MossCreeps","floor":2,"turns":4},{"damage":0,"enemies":"Hallownest:2_Baldur","floor":5,"turns":2},{"damage":34,"enemies":"Hallownest:eliteCrystalGuardian","floor":6,"turns":11},{"damage":0,"enemies":"Hallownest:Wandering_and_Horned","floor":10,"turns":3},{"damage":25,"enemies":"Hallownest:eliteMossKnight","floor":11,"turns":14},{"damage":0,"enemies":"Hallownest:monsterFoolEater","floor":12,"turns":4},{"damage":0,"enemies":"Hallownest:MossCreep_and_Mosskin","floor":13,"turns":5},{"damage":48,"enemies":"Hallownest:BossHornet","floor":16,"turns":14},{"damage":0,"enemies":"Hallownest:2_Mistakes","floor":18,"turns":11},{"damage":0,"enemies":"Hallownest:Guard_and_Sentry","floor":20,"turns":4},{"damage":0,"enemies":"Hallownest:Master_and_Novice","floor":21,"turns":4},{"damage":12,"enemies":"Hallownest:Glutton_and_Coward","floor":22,"turns":5},{"damage":19,"enemies":"Hallownest:eliteSoulWarrior","floor":24,"turns":10},{"damage":4,"enemies":"Hallownest:eliteWatcherKnight","floor":30,"turns":12},{"damage":10,"enemies":"Hallownest:2_Husk_Sentries","floor":31,"turns":5},{"damage":86,"enemies":"Hallownest:BossGrimm","floor":33,"turns":17},{"damage":18,"enemies":"Hallownest:Shield_Heavy","floor":35,"turns":7},{"damage":76,"enemies":"Hallownest:2_Primals","floor":36,"turns":3}],"seed_played":"-1288649151508877297","potions_obtained":[{"floor":0,"key":"DuplicationPotion"},{"floor":0,"key":"Explosive Potion"},{"floor":0,"key":"Weak Potion"},{"floor":11,"key":"Ancient Potion"},{"floor":12,"key":"BlessingOfTheForge"},{"floor":13,"key":"Ancient Potion"},{"floor":16,"key":"EssenceOfSteel"},{"floor":20,"key":"Energy Potion"},{"floor":21,"key":"LiquidMemories"},{"floor":22,"key":"DuplicationPotion"},{"floor":24,"key":"PowerPotion"},{"floor":30,"key":"ColorlessPotion"},{"floor":31,"key":"Fruit Juice"},{"floor":33,"key":"SpeedPotion"},{"floor":35,"key":"BlessingOfTheForge"}],"is_trial":false,"path_per_floor":["M","M","?","?","M","E","?","R","T","M","E","M","M","?","R","B",null,"M","$","M","M","M","R","E","$","T","M","R","$","E","M","R","B",null,"M","?"],"character_chosen":"THE_BUGKNIGHT","items_purchased":["HandDrill","White Beast Statue","Explosive Potion","Strange Spoon"],"campfire_rested":1,"item_purchase_floors":[19,19,19,25],"current_hp_per_floor":[74,75,75,75,75,54,54,54,54,54,41,41,41,41,41,24,75,75,75,75,75,63,63,54,54,54,54,54,54,56,46,68,21,85,73,0,0],"gold":207,"neow_bonus":"THREE_SMALL_POTIONS","is_daily":false,"chose_seed":false,"campfire_upgraded":4,"win_rate":0.0,"timestamp":1610838714,"path_taken":["M","M","?","?","M","E","?","R","T","?","E","M","?","?","R","BOSS","M","$","M","M","M","R","E","?","T","M","R","$","E","M","R","BOSS","M","?"],"items_purchased_type":["Relic","Relic","Potion","Relic"],"build_version":"2020-12-22","purchased_purges":0,"victory":false,"max_hp_per_floor":[75,75,75,75,75,75,75,75,75,75,75,75,75,75,75,75,75,75,75,75,75,75,75,75,75,75,75,75,75,75,75,75,85,85,85,85,85],"card_choices":[{"not_picked":["HollowMod:SoulStrike","HollowMod:LifebloodCocoon"],"picked":"HollowMod:ZotesMagnificence","floor":1},{"not_picked":["HollowMod:InfectedCysts","HollowMod:TaintedHusks","HollowMod:CycloneSlash"],"picked":"SKIP","floor":2},{"not_picked":["HollowMod:SoulVessel","HollowMod:VengefulSpirit"],"picked":"HollowMod:DoubleDash","floor":5},{"not_picked":["HollowMod:BrokenVessel","HollowMod:NewGlowingWomb"],"picked":"HollowMod:DashSlash","floor":6},{"not_picked":["HollowMod:WraithStrike","HollowMod:InfectedCysts"],"picked":"HollowMod:HornetsHelp","floor":10},{"not_picked":["HollowMod:VengefulVoid","HollowMod:NewJinnsSoul"],"picked":"HollowMod:ElderbugsWisdom","floor":11},{"not_picked":["HollowMod:SiblingsSouls","HollowMod:MawleksShell"],"picked":"HollowMod:ChannelNail","floor":12},{"not_picked":["HollowMod:HeavyBlow","HollowMod:SoulStrike"],"picked":"HollowMod:DungDefenderAura","floor":13},{"not_picked":["HollowMod:MawleksShell","HollowMod:TaintedHusks","HollowMod:SharpenedNail"],"picked":"SKIP","floor":18},{"not_picked":["HollowMod:PerfectDash","HollowMod:DescendingDark"],"picked":"HollowMod:NewLittleFool","floor":20},{"not_picked":["HollowMod:WraithStrike","HollowMod:VengefulVoid"],"picked":"HollowMod:GreatSlash","floor":21},{"not_picked":["HollowMod:DashSlash","HollowMod:CornifersMapStart","HollowMod:DesolateDive"],"picked":"SKIP","floor":22},{"not_picked":["HollowMod:LifebloodCocoon","HollowMod:ShadowDash","HollowMod:FastStrike"],"picked":"SKIP","floor":24},{"not_picked":["HollowMod:DescendingDark","HollowMod:InfectedCysts","HollowMod:GoodIntentions"],"picked":"SKIP","floor":30},{"not_picked":["HollowMod:NewJinnsSoul","HollowMod:Weaversong"],"picked":"HollowMod:GrimmsGift+1","floor":31},{"not_picked":["HollowMod:VoidDash","HollowMod:LordofShades"],"picked":"HollowMod:HerrahsAnger","floor":33},{"not_picked":["HollowMod:NewJinnsSoul","HollowMod:SharpenedNail"],"picked":"HollowMod:CoiledNail+1","floor":35}],"player_experience":241106,"relics_obtained":[{"floor":1,"key":"LetterFromLob"},{"floor":6,"key":"CeramicFish"},{"floor":9,"key":"Pantograph"},{"floor":11,"key":"RuthlessExorcism:ReiMu"},{"floor":24,"key":"Meat on the Bone"},{"floor":26,"key":"Gremlin Horn"},{"floor":30,"key":"Smiling Mask"}],"event_choices":[],"is_beta":false,"boss_relics":[{"not_picked":["Cursed Key","Fusion Hammer"],"picked":"SacredBark"},{"not_picked":["Runic Pyramid","Busted Crown"],"picked":"SlaversCollar"}],"items_purged_floors":[],"is_endless":false,"potions_floor_spawned":[5,11,12,13,16,20,21,22,24,30,31,33,35],"killed_by":"Hallownest:2_Primals","ascension_level":0}}