{"host":"z9grmtg2w0nmz8n1","time":1610763185,"event":{"mods":["Aspiration","BaseMod","Better Altar","Better Match","Better Note","Better Sensory Stone","Better Skull","Better Third Choice","BetterRewards","Clawfect","Colored Map","Conspire","GifTheSpireLib","Halation","Highlight Path","Hubris","Hunter ??","Jedi Mod","Minty Spire (QoL Compilation)","Permanent Neow","Replay The Spire","Shop Mod","Spicy Shops","StSLib","Stuff the Spire","The Runesmith"],"gold_per_floor":[110,110,123,142,161,194,208,208,208,208,208,228,248,276,276,374,374,389,439,539,486,411,443,443,443,462,462,462],"floor_reached":27,"language":"ENG","playtime":982,"items_purged":[],"score":280,"play_id":"28e6052c-ffa9-4b29-9c4a-5bc9f1e5e9e4","local_time":"20210116001305","is_ascension_mode":true,"campfire_choices":[{"floor":8,"key":"RECALL"},{"data":"Clawfect:ScrapingClaw","floor":11,"key":"SMITH"},{"floor":15,"key":"REST"}],"circlet_count":0,"master_deck":["Gash","Gash","Gash+1","Gash","Gash","Defend_B","Defend_B","Defend_B","Defend_B","Clawfect:ClawCell","Clawfect:ScrapingClaw+1","Skim","Clawfect:Clawter","Clawfect:ClawCell","Clawfect:ClawCell"],"relics":["Clawfect:DRClaw","aspiration:DSix","hubris:TenFootPole","conspire:BottledYoYo","Busted Crown","Potion Belt"],"acts_visited":["Exordium","TheCity"],"potions_floor_usage":[6,16,23,23],"damage_taken":[{"damage":7,"enemies":"Small Slimes","floor":1,"turns":4},{"damage":0,"enemies":"Cultist","floor":3,"turns":4},{"damage":2,"enemies":"Jaw Worm","floor":4,"turns":4},{"damage":11,"enemies":"Exordium Thugs","floor":5,"turns":5},{"damage":16,"enemies":"3 Sentries","floor":6,"turns":7},{"damage":0,"enemies":"Large Slime","floor":7,"turns":4},{"damage":1,"enemies":"2 Fungi Beasts","floor":12,"turns":3},{"damage":7,"enemies":"Blue Slaver","floor":13,"turns":3},{"damage":14,"enemies":"Gremlin Nob","floor":14,"turns":3},{"damage":35,"enemies":"Slime Boss","floor":16,"turns":4},{"damage":15,"enemies":"2 Thieves","floor":18,"turns":3},{"damage":44,"enemies":"Slavers","floor":23,"turns":5},{"damage":7,"enemies":"Shell Parasite","floor":26,"turns":3},{"damage":2,"enemies":"Book of Stabbing","floor":27,"turns":2}],"seed_played":"3586040788683792734","potions_obtained":[{"floor":3,"key":"Weak Potion"},{"floor":4,"key":"Regen Potion"},{"floor":6,"key":"jedi:tentaclejuice"},{"floor":7,"key":"FocusPotion"},{"floor":14,"key":"Elixir"},{"floor":18,"key":"ColorlessPotion"}],"is_trial":false,"path_per_floor":["M","?","M","M","M","E","M","R","T","?","R","M","M","E","R","B",null,"M","?","?","$","?","E","PTL","PTL","M","E"],"character_chosen":"DEFECT","items_purchased":["Clawfect:ClawCell"],"campfire_rested":1,"item_purchase_floors":[21],"current_hp_per_floor":[68,68,68,66,55,54,54,54,54,54,54,53,46,32,54,19,75,60,60,60,60,60,16,16,16,9,7,7],"gold":462,"neow_bonus":"DSIX","is_daily":false,"chose_seed":false,"campfire_upgraded":1,"win_rate":0.0,"timestamp":1610763185,"path_taken":["M","?","?","M","M","E","M","R","T","?","R","?","M","E","R","BOSS","M","?","?","?","?","E","PTL","PTL","M","E"],"items_purchased_type":["Card"],"build_version":"2020-12-22","purchased_purges":0,"victory":false,"max_hp_per_floor":[75,75,75,75,75,75,75,75,75,75,75,75,75,75,75,75,75,75,75,75,75,75,75,75,75,75,75,75],"card_choices":[{"not_picked":["jedi:BurstFrost","StuffTheSpire:Plugnplay","hubris:Ukulele"],"picked":"SKIP","floor":1},{"not_picked":["jedi:markofdeath","Lockon","Clawfect:Clawrage"],"picked":"SKIP","floor":3},{"not_picked":["Clawfect:ClawLightning","Blizzard"],"picked":"Clawfect:ClawCell","floor":4},{"not_picked":["jedi:spotbugs","jedi:blockon","ReplayTheSpireMod:Omega Cannon"],"picked":"SKIP","floor":5},{"not_picked":["jedi:markofdeath","Self Repair"],"picked":"Clawfect:ScrapingClaw","floor":6},{"not_picked":["jedi:reiji","jedi:BurstLightning"],"picked":"Skim","floor":7},{"not_picked":["Capacitor","Gash"],"picked":"Clawfect:Clawter","floor":12},{"not_picked":["Recycle","Panic Button"],"picked":"Clawfect:ClawCell","floor":13},{"not_picked":["Chaos","Clawfect:ClawAndGloom","Reinforced Body"],"picked":"SKIP","floor":14},{"not_picked":["Chill+1"],"picked":"SKIP","floor":18},{"not_picked":["jedi:BurstLightning"],"picked":"SKIP","floor":23},{"not_picked":["Double Energy"],"picked":"SKIP","floor":26}],"player_experience":821480,"relics_obtained":[{"floor":6,"key":"hubris:TenFootPole"},{"floor":14,"key":"conspire:BottledYoYo"},{"floor":23,"key":"Potion Belt"}],"event_choices":[{"damage_healed":0,"gold_gain":0,"player_choice":"Upgraded","damage_taken":0,"max_hp_gain":0,"max_hp_loss":0,"event_name":"Upgrade Shrine","floor":2,"gold_loss":0,"cards_upgraded":["Gash"]},{"cards_removed":["Defend_B"],"damage_healed":0,"gold_gain":0,"player_choice":"Purged","damage_taken":0,"max_hp_gain":0,"max_hp_loss":0,"event_name":"Purifier","floor":10,"gold_loss":0},{"damage_healed":0,"gold_gain":100,"player_choice":"Bet on Murderer","damage_taken":0,"max_hp_gain":0,"max_hp_loss":0,"event_name":"The Joust","floor":19,"gold_loss":50},{"damage_healed":0,"gold_gain":100,"player_choice":"Pray","damage_taken":0,"max_hp_gain":0,"max_hp_loss":0,"event_name":"Golden Shrine","floor":20,"gold_loss":0},{"damage_healed":0,"gold_gain":0,"player_choice":"1","damage_taken":0,"max_hp_gain":0,"max_hp_loss":0,"event_name":"betterMatch:BetterMatch","floor":22,"gold_loss":0,"cards_obtained":["betterMatch:UncommonCard","betterMatch:RareCard","betterMatch:ColorlessRareCard"]}],"is_beta":false,"boss_relics":[{"not_picked":["SlaversCollar","halation:Yufonium"],"picked":"Busted Crown"}],"items_purged_floors":[],"is_endless":false,"potions_floor_spawned":[3,4,6,7,14,18],"killed_by":"Book of Stabbing","ascension_level":1}}