{"host":"cvjufw5k2cirmttm","time":1610758832,"event":{"mods":["AchievementEnabler","BaseMod","Colored Map","Colored Powertips","Minty Spire (QoL Compilation)"],"gold_per_floor":[115,115,115,115,133,159,159,121,121,121,137,137,147,161,161,256,256,267,267,282,282,282],"floor_reached":21,"language":"RUS","playtime":939,"items_purged":[],"score":229,"play_id":"b7c76bc2-9397-4cb6-b1bc-4746bdd17b26","local_time":"20210116040032","is_ascension_mode":false,"campfire_choices":[{"data":"Decay","floor":7,"key":"PURGE"},{"data":"Eruption","floor":10,"key":"SMITH"},{"floor":15,"key":"REST"}],"circlet_count":0,"master_deck":["Strike_P","Strike_P","Strike_P","Strike_P","Defend_P","Defend_P","Defend_P","Defend_P","Eruption+1","Vigilance","FlurryOfBlows","TalkToTheHand","Meditate","WindmillStrike+1","Protect","CutThroughFate"],"relics":["PureWater","NeowsBlessing","Strawberry","Gremlin Horn","Peace Pipe","Question Card","SacredBark"],"acts_visited":["Exordium","TheCity"],"potions_floor_usage":[20,21,21],"damage_taken":[{"damage":0,"enemies":"2 Louse","floor":1,"turns":1},{"damage":0,"enemies":"Jaw Worm","floor":5,"turns":1},{"damage":0,"enemies":"3 Sentries","floor":6,"turns":1},{"damage":3,"enemies":"Small Slimes","floor":11,"turns":3},{"damage":0,"enemies":"Gremlin Gang","floor":13,"turns":3},{"damage":16,"enemies":"Lots of Slimes","floor":14,"turns":2},{"damage":40,"enemies":"Hexaghost","floor":16,"turns":9},{"damage":11,"enemies":"3 Byrds","floor":18,"turns":6},{"damage":21,"enemies":"2 Thieves","floor":20,"turns":5},{"damage":68,"enemies":"Cultist and Chosen","floor":21,"turns":6}],"seed_played":"-6298623819277785978","potions_obtained":[{"floor":1,"key":"Regen Potion"},{"floor":13,"key":"Weak Potion"},{"floor":14,"key":"Weak Potion"},{"floor":18,"key":"Energy Potion"}],"is_trial":false,"path_per_floor":["M","?","T","?","M","E","R","$","T","R","M","?","M","M","R","B",null,"M","$","M","M"],"character_chosen":"WATCHER","items_purchased":["WindmillStrike"],"campfire_rested":1,"item_purchase_floors":[8],"current_hp_per_floor":[72,67,67,67,67,67,67,67,67,67,64,64,64,48,71,31,79,68,68,66,0,0],"gold":282,"neow_bonus":"THREE_ENEMY_KILL","is_daily":false,"chose_seed":false,"campfire_upgraded":1,"win_rate":0.0,"timestamp":1610758832,"path_taken":["M","?","?","?","?","E","R","$","T","R","M","?","M","M","R","BOSS","M","$","?","M"],"items_purchased_type":["Card"],"build_version":"2020-12-22","purchased_purges":0,"victory":false,"max_hp_per_floor":[72,79,79,79,79,79,79,79,79,79,79,79,79,79,79,79,79,79,79,79,79,79],"card_choices":[{"not_picked":["Worship","FollowUp"],"picked":"FlurryOfBlows","floor":1},{"not_picked":["FlurryOfBlows","Prostrate"],"picked":"TalkToTheHand","floor":5},{"not_picked":["Adaptation","Prostrate"],"picked":"Meditate","floor":6},{"not_picked":["Evaluate","EmptyBody","Consecrate","ClearTheMind"],"picked":"SKIP","floor":11},{"not_picked":["MasterReality","Worship","PathToVictory"],"picked":"Protect","floor":13},{"not_picked":["JustLucky","Indignation","WreathOfFlame","CrushJoints"],"picked":"SKIP","floor":14},{"not_picked":["FlurryOfBlows","BowlingBash+1","SignatureMove","ThirdEye"],"picked":"SKIP","floor":18},{"not_picked":["Swivel+1","EmptyFist","ReachHeaven"],"picked":"CutThroughFate","floor":20}],"player_experience":97431,"relics_obtained":[{"floor":3,"key":"Gremlin Horn"},{"floor":6,"key":"Peace Pipe"},{"floor":9,"key":"Question Card"}],"event_choices":[{"damage_healed":0,"gold_gain":0,"player_choice":"Success","damage_taken":12,"relics_obtained":["Strawberry"],"max_hp_gain":0,"max_hp_loss":0,"event_name":"Scrap Ooze","floor":2,"gold_loss":0},{"damage_healed":0,"gold_gain":0,"player_choice":"Cursed","damage_taken":0,"max_hp_gain":0,"max_hp_loss":0,"event_name":"Wheel of Change","floor":4,"gold_loss":0,"cards_obtained":["Decay"]},{"damage_healed":0,"gold_gain":0,"player_choice":"Forge","damage_taken":0,"max_hp_gain":0,"max_hp_loss":0,"event_name":"Accursed Blacksmith","floor":12,"gold_loss":0,"cards_upgraded":["WindmillStrike"]}],"is_beta":false,"boss_relics":[{"not_picked":["Coffee Dripper","Sozu"],"picked":"SacredBark"}],"items_purged_floors":[],"is_endless":false,"potions_floor_spawned":[1,13,14,18],"killed_by":"Cultist and Chosen","ascension_level":0}}