{"host":"wy5pcbg592uilh9l","time":1610755885,"event":{"mods":["AchievementEnabler","Act Like it!","BaseMod","BetterRewards","Curses Come First","Gensokyo","Hubris","Infinite Spire","Marisa????????","Minty Spire (QoL Compilation)","Permanent Neow","Poor People Problems","Replay The Spire","StSLib","The Runesmith"],"gold_per_floor":[118,133,201,53,66,101,119,68,68,82,115,115,443,443,443,744,744,758,758,758,768,779,779,1111,1126,1126,1126,1126],"floor_reached":27,"language":"ENG","playtime":1778,"items_purged":["Runesmith:ChaoticBlast"],"score":524,"play_id":"3e3a0119-0587-41f3-b1ba-814ce6dc07c1","local_time":"20210115181125","is_ascension_mode":true,"campfire_choices":[{"floor":15,"key":"REST"},{"floor":23,"key":"REST"}],"circlet_count":0,"master_deck":["Runesmith:ChaoticBlast","Strike_R","Strike_R","Strike_R","Strike_R","Strike_R","Defend_R","Defend_R","Defend_R","Defend_R","Bash","Cleave","Thunderclap","ReplayTheSpireMod:LeadingStrike","Brutality","Rupture","Dropkick","Warcry","Demonic Infusion","ReplayTheSpireMod:Muscle Training+1","Gensokyo:FourOfAKind","Gensokyo:FourOfAKind","Gensokyo:FourOfAKind","Gensokyo:FourOfAKind","Gensokyo:SlitMouthedWoman","True Grit","Eclipse","Reaper","Hemokinesis"],"relics":["Burning Blood","Blue Doll","Happy Flower","ReplayTheSpireMod:TigerMarble","hubris:ChampionShield","Onion Ring","Art of War","hubris:Icosahedron","Replay:Accelerometer","hubris:Towel","Runesmith:UraniumAnvil","Old Coin","Iron Hammer","Frozen Eye"],"acts_visited":["Exordium","Gensokyo:Gensokyo"],"potions_floor_usage":[1,5,7,11,13,13,13,13,13,13,13,16,16,22,22,22,22,24,27,27],"damage_taken":[{"damage":3,"enemies":"Gensokyo:Gryphon","floor":1,"turns":2},{"damage":0,"enemies":"Gensokyo:2_Kodama","floor":2,"turns":1},{"damage":0,"enemies":"Gensokyo:3_Fairies","floor":5,"turns":2},{"damage":0,"enemies":"Gensokyo:Cirno","floor":6,"turns":4},{"damage":13,"enemies":"Gensokyo:Gryphon_and_Rabbit","floor":7,"turns":3},{"damage":13,"enemies":"Gensokyo:Kitsune","floor":10,"turns":2},{"damage":12,"enemies":"Gensokyo:Aya","floor":11,"turns":1},{"damage":24,"enemies":"Gensokyo:Mamizou","floor":13,"turns":5},{"damage":28,"enemies":"Gensokyo:Reimu","floor":16,"turns":7},{"damage":20,"enemies":"Gensokyo:AngelMirror","floor":18,"turns":3},{"damage":20,"enemies":"Gensokyo:3_Dogs","floor":21,"turns":3},{"damage":0,"enemies":"Gensokyo:Slime_Group","floor":22,"turns":3},{"damage":17,"enemies":"Gensokyo:Reisen","floor":24,"turns":6},{"damage":28,"enemies":"Gensokyo:Wraith","floor":25,"turns":4},{"damage":42,"enemies":"Gensokyo:Koishi","floor":27,"turns":6}],"seed_played":"5958083364318446823","potions_obtained":[{"floor":1,"key":"Weak Potion"},{"floor":2,"key":"LiquidMemories"},{"floor":3,"key":"Death Potion"},{"floor":6,"key":"EntropicBrew"},{"floor":11,"key":"Adrenaline Potion"},{"floor":13,"key":"Strength Potion"},{"floor":18,"key":"EntropicBrew"},{"floor":24,"key":"DuplicationPotion"},{"floor":25,"key":"GamblersBrew"}],"is_trial":false,"path_per_floor":["M","M","?","$","M","E","M","COS","T","M","E","?","E","?","R","B",null,"M","?","?","M","M","R","E","M","T","E"],"character_chosen":"IRONCLAD","items_purchased":["Blue Doll","AttackPotion","SkillPotion","ReplayTheSpireMod:TigerMarble"],"campfire_rested":2,"item_purchase_floors":[0,0,0,4],"current_hp_per_floor":[72,78,58,58,64,70,63,63,63,56,54,54,36,36,60,48,80,66,56,51,40,46,54,43,21,21,0,0],"gold":1126,"neow_bonus":"","is_daily":false,"chose_seed":false,"campfire_upgraded":0,"win_rate":0.0,"timestamp":1610755885,"path_taken":["M","M","?","$","M","E","?","COS","T","M","E","?","E","?","R","BOSS","M","?","?","?","M","R","E","M","T","E"],"items_purchased_type":["Relic","Potion","Potion","Relic"],"build_version":"2020-12-22","purchased_purges":1,"victory":false,"max_hp_per_floor":[80,80,80,80,80,80,80,80,80,80,80,80,80,80,80,80,80,80,56,51,54,54,54,54,54,54,54,54],"card_choices":[{"not_picked":["Anger","Bloodletting"],"picked":"Cleave","floor":1},{"not_picked":["Rupture","Warcry"],"picked":"Thunderclap","floor":2},{"not_picked":["Cleave","Metallicize"],"picked":"ReplayTheSpireMod:LeadingStrike","floor":3},{"not_picked":["Heavy Blade","Headbutt","ReplayTheSpireMod:Strike From Hell"],"picked":"SKIP","floor":5},{"not_picked":["Defy Death","Second Wind"],"picked":"Brutality","floor":6},{"not_picked":["infinitespire:OneForAll","Feel No Pain"],"picked":"Rupture","floor":7},{"not_picked":["Headbutt","Anger","Iron Wave"],"picked":"SKIP","floor":10},{"not_picked":["hubris:ReadiedAction","Sword Boomerang"],"picked":"Dropkick","floor":11},{"not_picked":["Wild Strike","Anger"],"picked":"Warcry","floor":13},{"not_picked":["Exhume","Barricade"],"picked":"Demonic Infusion","floor":16},{"not_picked":["ReplayTheSpireMod:Strike From Hell","Infernal Blade"],"picked":"ReplayTheSpireMod:Muscle Training+1","floor":18},{"not_picked":["Gensokyo:MonkeysPaw","Gensokyo:LittleGreenMen"],"picked":"Gensokyo:SlitMouthedWoman","floor":20},{"not_picked":["infinitespire:OneForAll","Fire Breathing"],"picked":"True Grit","floor":21},{"not_picked":["Life Link+1","Replay:Undeath\u0027s Touch"],"picked":"Eclipse","floor":22},{"not_picked":["Rampage+1","hubris:SharpeningStone"],"picked":"Reaper","floor":24},{"not_picked":["Rupture+1","Replay:Undeath\u0027s Touch"],"picked":"Hemokinesis","floor":25}],"player_experience":275763,"relics_obtained":[{"floor":3,"key":"Happy Flower"},{"floor":6,"key":"hubris:ChampionShield"},{"floor":9,"key":"Onion Ring"},{"floor":11,"key":"Art of War"},{"floor":13,"key":"Replay:Accelerometer"},{"floor":24,"key":"Old Coin"},{"floor":26,"key":"Iron Hammer"}],"event_choices":[],"is_beta":false,"boss_relics":[{"not_picked":["Kintsugi","Snecko Eye"],"picked":"Runesmith:UraniumAnvil"}],"items_purged_floors":[0],"is_endless":false,"potions_floor_spawned":[1,2,6,11,13,18,24,25],"killed_by":"Gensokyo:Koishi","ascension_level":4}}