{"host":"jpcy2bclvs7juczu","time":1610818724,"event":{"mods":["AchievementEnabler","BaseMod","Block Reminder","Colored Map","Colored Powertips","Curses Come First","Dark Map","Minty Spire (QoL Compilation)","Quick Restart","Relic Stats","StSLib","ojb\u0027s Better Paths Mod","ojb\u0027s Info Mod","slay the spire mod where everything is the same but ironclad has a cowboy hat"],"gold_per_floor":[111,128,141,161,161,161,190,28,28,56,71,88,88,13,13,88,88,108,123,138,138,153,153,187,204,204,232,250,33,33,45,45,120,120,135,135,135,150,160,160,189,10,36,66,76,351,380,397,397,397,397,397,397,8,41,41],"floor_reached":57,"language":"ENG","playtime":3829,"items_purged":["Strike_R","Strike_R+1"],"score":3092,"play_id":"96e86b38-3e03-460f-9eb7-10828b57ba5f","local_time":"20210116173844","is_ascension_mode":true,"campfire_choices":[{"data":"Uppercut","floor":6.0,"key":"SMITH"},{"data":"Flame Barrier","floor":13.0,"key":"SMITH"},{"data":"Battle Trance","floor":15.0,"key":"SMITH"},{"data":"Corruption","floor":23.0,"key":"SMITH"},{"data":"Burning Pact","floor":30.0,"key":"SMITH"},{"data":"Fiend Fire","floor":32.0,"key":"SMITH"},{"data":"Barricade","floor":40.0,"key":"SMITH"},{"floor":49.0,"key":"RECALL"},{"floor":53.0,"key":"REST"}],"circlet_count":0,"master_deck":["AscendersBane","Strike_R+1","Strike_R+1","Strike_R+1","Defend_R+1","Defend_R+1","Defend_R+1","Defend_R+1","Bash","Battle Trance+1","Uppercut+1","Sword Boomerang","Flame Barrier+1","Burning Pact+1","Fiend Fire+1","Metallicize","Corruption+1","Evolve","Flame Barrier","Corruption","Seeing Red","Shrug It Off","Barricade+1","Entrench","Body Slam","Immolate","Entrench","Writhe","Sentinel+1","Spot Weakness+1","Regret","Fiend Fire","Havoc","Evolve","Feel No Pain","Feel No Pain"],"relics":["Burning Blood","NeowsBlessing","Dead Branch","Lee\u0027s Waffle","Bottled Lightning","Singing Bowl","Cursed Key","FossilizedHelix","Blood Vial","ClockworkSouvenir","SlaversCollar","Potion Belt","The Courier","Lantern","Art of War","White Beast Statue"],"acts_visited":["Exordium","TheCity","TheBeyond","TheEnding"],"potions_floor_usage":[55,56,56,56,56],"damage_taken":[{"damage":0.0,"enemies":"Jaw Worm","floor":1.0,"turns":1.0},{"damage":0.0,"enemies":"Small Slimes","floor":2.0,"turns":1.0},{"damage":0.0,"enemies":"2 Louse","floor":3.0,"turns":1.0},{"damage":45.0,"enemies":"Exordium Thugs","floor":4.0,"turns":7.0},{"damage":41.0,"enemies":"Lagavulin","floor":7.0,"turns":8.0},{"damage":30.0,"enemies":"3 Sentries","floor":10.0,"turns":10.0},{"damage":7.0,"enemies":"2 Fungi Beasts","floor":11.0,"turns":3.0},{"damage":9.0,"enemies":"Red Slaver","floor":12.0,"turns":2.0},{"damage":52.0,"enemies":"Hexaghost","floor":16.0,"turns":14.0},{"damage":12.0,"enemies":"2 Thieves","floor":18.0,"turns":4.0},{"damage":7.0,"enemies":"Shell Parasite","floor":19.0,"turns":4.0},{"damage":15.0,"enemies":"Snecko","floor":20.0,"turns":4.0},{"damage":0.0,"enemies":"Cultist and Chosen","floor":22.0,"turns":4.0},{"damage":6.0,"enemies":"Gremlin Leader","floor":24.0,"turns":5.0},{"damage":0.0,"enemies":"Shelled Parasite and Fungi","floor":25.0,"turns":3.0},{"damage":0.0,"enemies":"Slavers","floor":27.0,"turns":3.0},{"damage":0.0,"enemies":"Centurion and Healer","floor":28.0,"turns":4.0},{"damage":0.0,"enemies":"Snecko","floor":31.0,"turns":4.0},{"damage":20.0,"enemies":"Collector","floor":33.0,"turns":8.0},{"damage":0.0,"enemies":"Orb Walker","floor":35.0,"turns":2.0},{"damage":6.0,"enemies":"3 Darklings","floor":38.0,"turns":3.0},{"damage":0.0,"enemies":"Writhing Mass","floor":39.0,"turns":5.0},{"damage":2.0,"enemies":"Reptomancer","floor":41.0,"turns":4.0},{"damage":0.0,"enemies":"Giant Head","floor":44.0,"turns":3.0},{"damage":0.0,"enemies":"Sphere and 2 Shapes","floor":45.0,"turns":3.0},{"damage":0.0,"enemies":"Nemesis","floor":47.0,"turns":3.0},{"damage":0.0,"enemies":"Jaw Worm Horde","floor":48.0,"turns":2.0},{"damage":78.0,"enemies":"Awakened One","floor":50.0,"turns":9.0},{"damage":10.0,"enemies":"Time Eater","floor":51.0,"turns":4.0},{"damage":14,"enemies":"Shield and Spear","floor":55,"turns":4},{"damage":92,"enemies":"The Heart","floor":56,"turns":9}],"seed_played":"-8746814992710958296","potions_obtained":[{"floor":1.0,"key":"Ancient Potion"},{"floor":10.0,"key":"Weak Potion"},{"floor":12.0,"key":"BlessingOfTheForge"},{"floor":19.0,"key":"Energy Potion"},{"floor":20.0,"key":"AttackPotion"},{"floor":31.0,"key":"ColorlessPotion"},{"floor":41.0,"key":"EntropicBrew"},{"floor":45.0,"key":"Swift Potion"},{"floor":47.0,"key":"Swift Potion"},{"floor":55,"key":"Block Potion"}],"is_trial":false,"path_per_floor":["M","M","M","M","?","R","E","$","T","E","M","M","R","$","R","B",null,"M","M","M","?","M","R","E","M","T","E","M","$","R","M","R","B",null,"M","?","?","M","M","R","E","$","T","E","M","?","E","M","R","B","B",null,"R","$","E","B",null],"character_chosen":"IRONCLAD","items_purchased":["Lee\u0027s Waffle","ClockworkSouvenir","SkillPotion","Entrench","Evolve","Feel No Pain","Feel No Pain","ElixirPotion","Art of War"],"campfire_rested":1,"item_purchase_floors":[8,29,29,42,54,54,54,54,54],"current_hp_per_floor":[74,75,75,36,61,61,26,82,82,58,59,56,56,56,56,10,66,60,59,52,52,60,60,60,66,66,74,82,82,82,90,90,76,87,92,92,92,92,92,92,92,92,92,92,92,92,92,92,92,20,18,74,92,92,86,20],"gold":41,"neow_bonus":"THREE_ENEMY_KILL","is_daily":false,"chose_seed":false,"campfire_upgraded":7,"win_rate":0.0,"timestamp":1610818724,"path_taken":["M","M","M","M","?","R","E","$","T","E","M","M","R","$","R","BOSS","M","M","M","?","M","R","E","M","T","E","M","$","R","M","R","BOSS","M","?","?","M","?","R","E","$","T","E","M","?","E","M","R","BOSS","BOSS","R","$","E","BOSS"],"items_purchased_type":["Relic","Relic","Potion","Card","Card","Card","Card","Potion","Relic"],"build_version":"2020-12-22","purchased_purges":2,"victory":true,"max_hp_per_floor":[75,75,75,75,75,75,75,82,82,82,84,84,84,84,84,84,84,84,84,86,86,88,88,88,88,88,90,90,90,90,90,90,90,90,92,92,92,92,92,92,92,92,92,92,92,92,92,92,92,92,92,92,92,92,94,94],"relic_stats":{"Blood Vial":10,"Lee\u0027s Waffle":56,"Singing Bowl":12,"counters":[31,141],"Dead Branch":[630],"Art of War":[1],"Cursed Key":1,"obtain_stats":[{"Potion Belt":41,"Lee\u0027s Waffle":8,"Lantern":47,"NeowsBlessing":0,"Singing Bowl":10,"Dead Branch":7,"The Courier":44,"Cursed Key":17,"Burning Blood":0,"White Beast Statue":55,"ClockworkSouvenir":29,"Blood Vial":27,"SlaversCollar":34,"Art of War":54,"Bottled Lightning":9,"FossilizedHelix":24},{"Potion Belt":23,"Lee\u0027s Waffle":5,"Lantern":26,"NeowsBlessing":0,"Singing Bowl":6,"Dead Branch":5,"The Courier":24,"Cursed Key":9,"Burning Blood":0,"White Beast Statue":30,"ClockworkSouvenir":17,"Blood Vial":16,"SlaversCollar":19,"Art of War":29,"Bottled Lightning":5,"FossilizedHelix":14},{"Potion Belt":104,"Lee\u0027s Waffle":18,"Lantern":113,"NeowsBlessing":0,"Singing Bowl":28,"Dead Branch":18,"The Courier":107,"Cursed Key":47,"Burning Blood":0,"White Beast Statue":132,"ClockworkSouvenir":78,"Blood Vial":74,"SlaversCollar":90,"Art of War":128,"Bottled Lightning":18,"FossilizedHelix":68}],"Burning Blood":136},"card_choices":[{"not_picked":["Metallicize","Armaments"],"picked":"Battle Trance","floor":1.0},{"not_picked":["Rage","Heavy Blade"],"picked":"Uppercut","floor":2.0},{"not_picked":["Armaments","Seeing Red"],"picked":"Sword Boomerang","floor":3.0},{"not_picked":["Clash","Rampage"],"picked":"Flame Barrier","floor":4.0},{"not_picked":["Wild Strike","Flex"],"picked":"Burning Pact","floor":7.0},{"not_picked":["Ghostly Armor","Infernal Blade"],"picked":"Fiend Fire","floor":10.0},{"not_picked":["Iron Wave","Clash","Clothesline"],"picked":"Singing Bowl","floor":11.0},{"not_picked":["Dropkick","Headbutt"],"picked":"Metallicize","floor":12.0},{"not_picked":["Demon Form","Exhume"],"picked":"Corruption","floor":16.0},{"not_picked":["Armaments","Intimidate"],"picked":"Evolve","floor":18.0},{"not_picked":["Heavy Blade","Warcry"],"picked":"Flame Barrier","floor":19.0},{"not_picked":["Metallicize+1","Thunderclap","Cleave"],"picked":"Singing Bowl","floor":20.0},{"not_picked":["Inflame","Pommel Strike","Rampage"],"picked":"Singing Bowl","floor":22.0},{"not_picked":["Headbutt+1","Warcry+1"],"picked":"Corruption","floor":24.0},{"not_picked":["Clothesline","Ghostly Armor"],"picked":"Seeing Red","floor":25.0},{"not_picked":["True Grit","Fire Breathing","Cleave+1"],"picked":"Singing Bowl","floor":27.0},{"not_picked":["Pommel Strike","Reckless Charge"],"picked":"Limit Break","floor":28.0},{"not_picked":["Clash","Thunderclap"],"picked":"Shrug It Off","floor":31.0},{"not_picked":["Reaper","Exhume"],"picked":"Barricade","floor":33.0},{"not_picked":["Flex","Pommel Strike+1","Headbutt+1"],"picked":"Singing Bowl","floor":35.0},{"not_picked":["Metallicize","Shockwave"],"picked":"Entrench","floor":38.0},{"not_picked":["Sword Boomerang","Clash+1"],"picked":"Body Slam","floor":39.0},{"not_picked":["Combust","Carnage"],"picked":"Immolate","floor":41.0},{"not_picked":["Fire Breathing","Iron Wave"],"picked":"Sentinel+1","floor":44.0},{"not_picked":["Dropkick","Warcry"],"picked":"Spot Weakness+1","floor":45.0},{"not_picked":["True Grit","Flex"],"picked":"Fiend Fire","floor":47.0},{"not_picked":["Iron Wave","Infernal Blade"],"picked":"Havoc","floor":48.0},{"not_picked":["Fire Breathing","Metallicize","Anger"],"picked":"Singing Bowl","floor":55}],"player_experience":408830,"relics_obtained":[{"floor":7.0,"key":"Dead Branch"},{"floor":9.0,"key":"Bottled Lightning"},{"floor":10.0,"key":"Singing Bowl"},{"floor":24.0,"key":"FossilizedHelix"},{"floor":27.0,"key":"Blood Vial"},{"floor":41.0,"key":"Potion Belt"},{"floor":44.0,"key":"The Courier"},{"floor":47.0,"key":"Lantern"},{"floor":55,"key":"White Beast Statue"}],"event_choices":[{"damage_healed":25.0,"max_hp_gain":0.0,"max_hp_loss":0.0,"gold_gain":0.0,"event_name":"Big Fish","player_choice":"Banana","floor":5.0,"gold_loss":0.0,"damage_taken":0.0},{"damage_healed":0.0,"max_hp_gain":0.0,"max_hp_loss":0.0,"gold_gain":0.0,"event_name":"Back to Basics","player_choice":"Simplicity","floor":21.0,"gold_loss":0.0,"damage_taken":0.0,"cards_upgraded":["Strike_R","Strike_R","Strike_R","Strike_R","Defend_R","Defend_R","Defend_R","Defend_R"]},{"cards_removed":["Limit Break"],"damage_healed":0.0,"max_hp_gain":0.0,"max_hp_loss":0.0,"gold_gain":0.0,"event_name":"Falling","player_choice":"Removed Skill","floor":36.0,"gold_loss":0.0,"damage_taken":0.0},{"damage_healed":0.0,"max_hp_gain":0.0,"max_hp_loss":0.0,"gold_gain":0.0,"event_name":"Wheel of Change","player_choice":"Full Heal","floor":37.0,"gold_loss":0.0,"damage_taken":0.0},{"damage_healed":0.0,"max_hp_gain":0.0,"max_hp_loss":0.0,"gold_gain":275.0,"event_name":"Golden Shrine","player_choice":"Desecrate","floor":46.0,"gold_loss":0.0,"damage_taken":0.0,"cards_obtained":["Regret"]}],"is_beta":false,"boss_relics":[{"not_picked":["Calling Bell","Ectoplasm"],"picked":"Cursed Key"},{"not_picked":["Runic Pyramid","Fusion Hammer"],"picked":"SlaversCollar"}],"items_purged_floors":[14,42],"is_endless":false,"potions_floor_spawned":[1,10,11,12,19,20,22,31,41,45,47,55],"ascension_level":20}}