{"host":"1bf4lopb4xlrny0j","time":1610802176,"event":{"mods":["100% Spire Juice","Act Like it!","Astrologer","BaseMod","CapriCore","Chen","Colored Powertips","Gensokyo","Hubris","Koishi","Marisa£®ÏF”Í°°ƒß¿Ì…≥£©","Minty Spire (QoL Compilation)","Reimu£®≤©¿ˆ¡È√Œ£©","Remilia£®¿Ÿ√◊¿Ú—«£©","Replay The Spire","Spicy Shops","StSLib","The Administrix","The Gatherer","The Immortal","The Mystic","The Runesmith","The Servant 0.9.4","Yakumo Yukari mod","Youmu£®ªÍ∆«—˝√Œ£©","Yuyuko"],"gold_per_floor":[110,121,135,135,150,175,175,189,189,219,234,251,56,70,70,169,169,180,180,180,180,191,191,223,223,272,272,272],"floor_reached":27,"language":"ZHS","playtime":2106,"items_purged":["Runesmith:Strike_RS"],"score":245,"play_id":"60574f11-7dab-4765-a583-d56cf5368636","local_time":"20210116210256","is_ascension_mode":false,"campfire_choices":[{"data":"Runesmith:Strike_RS","floor":15,"key":"PURGE"},{"data":"Runesmith:ArcReactor","floor":23,"key":"SMITH"},{"data":"Runesmith:LithiumIon","floor":25,"key":"SMITH"}],"circlet_count":0,"master_deck":["Runesmith:CraftFirestone","Runesmith:Fortify","Runesmith:Grindstone","Runesmith:CraftProtectio","Runesmith:Firestorm","Runesmith:Firestorm","Runesmith:Empowerment","Runesmith:LithiumIon+1","Runesmith:PoweredAnvil+1","Runesmith:ArcReactor+1","ReplayTheSpireMod:Splinters","hubris:Lust","Runesmith:EarthShield"],"relics":["Runesmith:BrokenRuby","NeowsBlessing","Lantern","Happy Flower","hubris:Teleporter","Kintsugi","hubris:Towel","Bronze Scales","Blood Vial"],"acts_visited":["Gensokyo:Gensokyo","Gensokyo:Gensokyoer"],"potions_floor_usage":[5,24,27],"damage_taken":[{"damage":0,"enemies":"Gensokyo:Python","floor":1,"turns":1},{"damage":0,"enemies":"Gensokyo:2_Kodama","floor":2,"turns":2},{"damage":0,"enemies":"Gensokyo:Gryphon","floor":3,"turns":1},{"damage":3,"enemies":"Gensokyo:2_Rabbits","floor":5,"turns":5},{"damage":9,"enemies":"Gensokyo:Cirno","floor":6,"turns":8},{"damage":4,"enemies":"Gensokyo:VengefulSpirit","floor":8,"turns":6},{"damage":3,"enemies":"Gensokyo:Mamizou","floor":10,"turns":10},{"damage":4,"enemies":"Gensokyo:Python_and_Kodama","floor":11,"turns":5},{"damage":10,"enemies":"Gensokyo:3_Kodama","floor":12,"turns":6},{"damage":4,"enemies":"Gensokyo:Kitsune","floor":14,"turns":5},{"damage":5,"enemies":"Gensokyo:Yukari","floor":16,"turns":16},{"damage":2,"enemies":"Gensokyo:AngelMirror","floor":18,"turns":8},{"damage":0,"enemies":"Gensokyo:2_Gloops","floor":22,"turns":7},{"damage":48,"enemies":"Gensokyo:Koishi","floor":24,"turns":12},{"damage":24,"enemies":"Gensokyo:Wraith","floor":27,"turns":2}],"seed_played":"-8000218863904716018","potions_obtained":[{"floor":2,"key":"EssenceOfSteel"},{"floor":6,"key":"FearPotion"},{"floor":8,"key":"ColorlessPotion"},{"floor":10,"key":"ColorlessPotion"}],"is_trial":false,"path_per_floor":["M","M","M","?","M","E","?","M","T","E","M","M","$","M","R","B",null,"M","?","?","?","M","R","E","R","T","M"],"character_chosen":"RUNESMITH_CLASS","items_purchased":["Runesmith:PoweredAnvil"],"campfire_rested":0,"item_purchase_floors":[13],"current_hp_per_floor":[70,70,70,70,67,58,58,54,54,51,47,37,37,33,33,28,70,68,68,68,68,68,68,20,20,20,0,0],"gold":272,"neow_bonus":"THREE_ENEMY_KILL","is_daily":false,"chose_seed":false,"campfire_upgraded":2,"win_rate":0.0,"timestamp":1610802176,"path_taken":["M","M","M","?","M","E","?","M","T","E","M","?","$","M","R","BOSS","M","?","?","?","M","R","E","R","T","M"],"items_purchased_type":["Card"],"build_version":"2020-12-22","purchased_purges":1,"victory":false,"max_hp_per_floor":[70,70,70,70,70,70,70,70,70,70,70,70,70,70,70,70,70,70,70,70,70,70,70,70,70,70,70,70],"card_choices":[{"not_picked":["Runesmith:MakeshiftArmor","Runesmith:StaticCage"],"picked":"Runesmith:Grindstone","floor":1},{"not_picked":["Runesmith:Accelerate","Runesmith:Overpower"],"picked":"Runesmith:HeatedChisel","floor":2},{"not_picked":["Runesmith:Repurpose","Runesmith:BackupBattery"],"picked":"Runesmith:CraftProtectio","floor":3},{"not_picked":["Runesmith:HammerAndChisel","Runesmith:MakeshiftArmor"],"picked":"Runesmith:Firestorm","floor":5},{"not_picked":["Runesmith:Repurpose","Runesmith:MakeshiftArmor"],"picked":"Runesmith:Firestorm","floor":6},{"not_picked":["Runesmith:Grindstone","Runesmith:GenerateForcefield"],"picked":"Runesmith:Empowerment","floor":8},{"not_picked":["Runesmith:Grindstone","Runesmith:BackupBattery"],"picked":"Runesmith:LithiumIon","floor":10},{"not_picked":["Runesmith:EnergizedChisel","Runesmith:Firestorm","Runesmith:HeatedChisel"],"picked":"SKIP","floor":11},{"not_picked":["Runesmith:Permafrost","Runesmith:Retool","Runesmith:OneForEveryone"],"picked":"SKIP","floor":12},{"not_picked":["Runesmith:HeatedChisel","Runesmith:MakeshiftArmor","Runesmith:ChargedHammer"],"picked":"SKIP","floor":14},{"not_picked":["Runesmith:LightningRod","Runesmith:Supernova"],"picked":"Runesmith:ArcReactor","floor":16},{"not_picked":["Runesmith:BackupBattery","Runesmith:ChiselStab+1"],"picked":"Runesmith:EarthShield","floor":18},{"not_picked":["Runesmith:Discharge","Runesmith:Supernova","Runesmith:ChiselStab+1"],"picked":"SKIP","floor":22},{"not_picked":["Runesmith:HammerAndChisel+1","Runesmith:DoubleUp+1","Runesmith:HeatedChisel"],"picked":"SKIP","floor":24}],"player_experience":262323,"relics_obtained":[{"floor":6,"key":"Lantern"},{"floor":9,"key":"hubris:Teleporter"},{"floor":24,"key":"Bronze Scales"},{"floor":26,"key":"Blood Vial"}],"event_choices":[],"is_beta":false,"boss_relics":[{"not_picked":["ReplayTheSpireMod:DimensionalGlitch","Honey Jar"],"picked":"Kintsugi"}],"items_purged_floors":[13],"is_endless":false,"potions_floor_spawned":[2,6,8,10,11,12],"killed_by":"Gensokyo:Wraith","ascension_level":0}}