{"host":"xm0tf1maiknh0fp9","time":1610758467,"event":{"mods":["BaseMod","Colored Map","Colored Powertips","Googly Eyes","Minty Spire (QoL Compilation)","Replay The Spire","StSLib"],"gold_per_floor":[110,110,35,35,0,0,25,25,25,25,36,52,52,72,72,173,173,189,189,89,76,96,96,96,196,196,211,224,224,239,257,257,257,257],"floor_reached":33,"language":"ENG","playtime":4341,"items_purged":["Strike_G","Backflip"],"score":284,"play_id":"069e3cef-15c5-456b-ad7c-b73d41231506","local_time":"20210115195427","is_ascension_mode":true,"campfire_choices":[{"data":"Neutralize","floor":6,"key":"SMITH"},{"data":"Defend_G","floor":10,"key":"SMITH"},{"data":"Toxin Wave","floor":15,"key":"SMITH"},{"floor":23,"key":"REST"},{"floor":29,"key":"REST"},{"floor":32,"key":"REST"}],"circlet_count":0,"master_deck":["Strike_G+1","Strike_G+1","Defend_G","Defend_G","Defend_G","Defend_G+1","Neutralize+1","Toxin Wave+1","Doppelganger","Poison Darts","Footwork","Adrenaline","Draining Mist"],"relics":["Painkiller Herb","Matryoshka","Simple Rune","Prayer Wheel","Empty Cage","Strawberry","Lizard Tail"],"acts_visited":["Exordium","TheCity"],"potions_floor_usage":[7,16,31],"damage_taken":[{"damage":4,"enemies":"Small Slimes","floor":1,"turns":5},{"damage":14,"enemies":"Replay:BlueRogue","floor":7,"turns":10},{"damage":0,"enemies":"Jaw Worm","floor":11,"turns":3},{"damage":0,"enemies":"Cultist","floor":12,"turns":3},{"damage":0,"enemies":"Blue Slaver","floor":14,"turns":4},{"damage":38,"enemies":"Fading Forest","floor":16,"turns":11},{"damage":11,"enemies":"Shell Parasite","floor":18,"turns":4},{"damage":13,"enemies":"2 Thieves","floor":21,"turns":4},{"damage":2,"enemies":"3 Cultists","floor":22,"turns":4},{"damage":29,"enemies":"Centurion and Healer","floor":27,"turns":6},{"damage":18,"enemies":"Snake Plant","floor":28,"turns":4},{"damage":25,"enemies":"Shelled Parasite and Fungi","floor":30,"turns":4},{"damage":25,"enemies":"Cultist and Chosen","floor":31,"turns":6},{"damage":85,"enemies":"Collector","floor":33,"turns":8}],"seed_played":"-8891062872161066110","potions_obtained":[{"floor":1,"key":"DuplicationPotion"},{"floor":11,"key":"PowerPotion"},{"floor":21,"key":"FairyPotion"},{"floor":28,"key":"FearPotion"},{"floor":30,"key":"PowerPotion"}],"is_trial":false,"path_per_floor":["?","?","T","?","?","T","E","T","T","T","?","?","T","?","T","B",null,"?","?","T","?","?","T","T","?","T","?","?","T","?","?","T","B"],"character_chosen":"THE_SILENT","items_purchased":[],"campfire_rested":3,"item_purchase_floors":[],"current_hp_per_floor":[66,66,66,59,70,70,56,56,56,56,56,56,56,56,56,26,70,59,59,59,46,44,65,65,65,72,43,25,48,23,23,46,0,0],"gold":257,"neow_bonus":"BOSS_RELIC","is_daily":false,"chose_seed":false,"campfire_upgraded":3,"win_rate":0.0,"timestamp":1610758467,"path_taken":["?","?","T","?","?","T","E","T","T","T","?","?","T","?","T","BOSS","?","?","T","?","?","T","T","?","T","?","?","T","?","?","T","BOSS"],"items_purchased_type":[],"build_version":"2020-12-22","purchased_purges":2,"victory":false,"max_hp_per_floor":[70,70,70,70,70,70,70,70,70,70,70,70,70,70,70,70,70,70,70,70,70,70,70,70,70,77,77,77,77,77,77,77,77,77],"card_choices":[{"not_picked":["Well Laid Plans","Dodge and Roll","ReplayTheSpireMod:Shiv Toss"],"picked":"SKIP","floor":1},{"not_picked":["Deflect","PiercingWail"],"picked":"Toxin Wave","floor":7},{"not_picked":["Predator","Acrobatics"],"picked":"Backflip","floor":11},{"not_picked":["Crippling Poison","Poisoned Stab","Bane"],"picked":"SKIP","floor":11},{"not_picked":["Deadly Poison","Fluid Movement"],"picked":"Doppelganger","floor":12},{"not_picked":["Sucker Punch","Slice","PiercingWail"],"picked":"SKIP","floor":12},{"not_picked":["All Out Attack","Riddle With Holes","Poisoned Stab"],"picked":"SKIP","floor":14},{"not_picked":["Bane","Sucker Punch","Backflip"],"picked":"SKIP","floor":14},{"not_picked":["ReplayTheSpireMod:Necrosis","Phantasmal Killer"],"picked":"Poison Darts","floor":16},{"not_picked":["ReplayTheSpireMod:Scrap Shanks","Riddle With Holes+1","Caltrops"],"picked":"SKIP","floor":18},{"not_picked":["All Out Attack","Sneak Up","Cloak And Dagger"],"picked":"SKIP","floor":18},{"not_picked":["Sucker Punch+1","Slice"],"picked":"Footwork","floor":21},{"not_picked":["Dagger Spray+1","Terror","Flechettes"],"picked":"SKIP","floor":21},{"not_picked":["Underhanded Strike+1","Noxious Fumes","Dagger Throw+1"],"picked":"SKIP","floor":22},{"not_picked":["Deadly Poison","Finisher","Prepared+1"],"picked":"SKIP","floor":22},{"not_picked":["Flying Knee","All Out Attack+1","Prepared"],"picked":"SKIP","floor":27},{"not_picked":["ReplayTheSpireMod:Speed Training","Prepared","Outmaneuver+1"],"picked":"SKIP","floor":27},{"not_picked":["Hidden Blade","Backflip"],"picked":"Adrenaline","floor":28},{"not_picked":["Outmaneuver","Fluid Movement","Accuracy"],"picked":"SKIP","floor":28},{"not_picked":["ReplayTheSpireMod:Shiv Toss","ReplayTheSpireMod:Tripwire"],"picked":"Draining Mist","floor":30},{"not_picked":["Dagger Spray","Bane","Dagger Throw+1"],"picked":"SKIP","floor":30},{"not_picked":["Poisoned Stab+1","Crippling Poison","PiercingWail"],"picked":"SKIP","floor":31},{"not_picked":["Backstab","Calculated Gamble","Acrobatics"],"picked":"SKIP","floor":31}],"player_experience":120877,"relics_obtained":[{"floor":7,"key":"Matryoshka"},{"floor":9,"key":"Simple Rune"},{"floor":9,"key":"Prayer Wheel"},{"floor":26,"key":"Strawberry"},{"floor":26,"key":"Lizard Tail"}],"event_choices":[{"cards_removed":["Strike_G"],"damage_healed":0,"gold_gain":0,"player_choice":"Forget","damage_taken":0,"max_hp_gain":0,"max_hp_loss":0,"event_name":"Living Wall","floor":2,"gold_loss":0},{"cards_removed":["Defend_G"],"damage_healed":0,"gold_gain":0,"player_choice":"Card Removal","damage_taken":7,"max_hp_gain":0,"max_hp_loss":0,"event_name":"Golden Wing","floor":4,"gold_loss":0},{"damage_healed":17,"gold_gain":0,"player_choice":"Healed","damage_taken":0,"max_hp_gain":0,"max_hp_loss":0,"event_name":"The Cleric","floor":5,"gold_loss":35},{"damage_healed":0,"gold_gain":0,"player_choice":"Ignored","damage_taken":0,"max_hp_gain":0,"max_hp_loss":0,"event_name":"Ghosts","floor":19,"gold_loss":0},{"damage_healed":0,"gold_gain":100,"player_choice":"Pray","damage_taken":0,"max_hp_gain":0,"max_hp_loss":0,"event_name":"Golden Shrine","floor":25,"gold_loss":0}],"is_beta":false,"boss_relics":[{"not_picked":["Velvet Choker","Cursed Key"],"picked":"Empty Cage"}],"items_purged_floors":[3,20],"is_endless":false,"potions_floor_spawned":[1,11,21,28,30],"killed_by":"Collector","ascension_level":3}}