{"host":"axuns55dzq466eei","time":1610776103,"event":{"mods":["BaseMod","Colored Map","Keyboard Shortcuts","Minty Spire (QoL Compilation)","StSLib","SuperFastMode"],"gold_per_floor":[115,115,115,115,40,40,10,41,41,41,58,84,98,116,116,190,190,210,210,226,245,21,21,38,38,38,38,56,72,85,102,102,102,102],"floor_reached":33,"language":"KOR","playtime":1693,"items_purged":["Strike_B"],"score":518,"play_id":"44f8c600-1413-4c24-9676-ccf19149cf5d","local_time":"20210116144823","is_ascension_mode":true,"campfire_choices":[{"data":"Seek","floor":6,"key":"SMITH"},{"floor":10,"key":"REST"},{"data":"Chaos","floor":15,"key":"SMITH"},{"data":"Double Energy","floor":23,"key":"SMITH"},{"data":"Skim","floor":25,"key":"SMITH"},{"floor":32,"key":"REST"}],"circlet_count":0,"master_deck":["AscendersBane","Defend_B","Defend_B","Defend_B","Zap+1","Dualcast+1","Seek+1","Streamline","Ball Lightning","Conserve Battery","Beam Cell","Undo","Chaos+1","Multi-Cast+1","Skim+1","Double Energy+1","FTL","Compile Driver","Core Surge","Turbo","Hologram"],"relics":["Cracked Core","Regal Pillow","InkBottle","Meat on the Bone","Empty Cage"],"acts_visited":["Exordium","TheCity"],"potions_floor_usage":[16,16],"damage_taken":[{"damage":2,"enemies":"Jaw Worm","floor":1,"turns":3},{"damage":32,"enemies":"Gremlin Nob","floor":8,"turns":4},{"damage":3,"enemies":"Small Slimes","floor":11,"turns":2},{"damage":13,"enemies":"3 Sentries","floor":12,"turns":6},{"damage":3,"enemies":"2 Louse","floor":13,"turns":2},{"damage":6,"enemies":"Blue Slaver","floor":14,"turns":2},{"damage":22,"enemies":"Slime Boss","floor":16,"turns":5},{"damage":9,"enemies":"Spheric Guardian","floor":18,"turns":4},{"damage":25,"enemies":"3 Byrds","floor":20,"turns":4},{"damage":10,"enemies":"Snake Plant","floor":21,"turns":3},{"damage":11,"enemies":"Snecko","floor":24,"turns":4},{"damage":1,"enemies":"Cultist and Chosen","floor":28,"turns":5},{"damage":5,"enemies":"Centurion and Healer","floor":29,"turns":4},{"damage":6,"enemies":"Chosen and Byrds","floor":30,"turns":3},{"damage":24,"enemies":"Shelled Parasite and Fungi","floor":31,"turns":3},{"damage":67,"enemies":"Collector","floor":33,"turns":7}],"seed_played":"-9159039453285962197","potions_obtained":[{"floor":8,"key":"DistilledChaos"},{"floor":12,"key":"Strength Potion"},{"floor":16,"key":"SteroidPotion"},{"floor":20,"key":"GamblersBrew"}],"is_trial":false,"path_per_floor":["M","?","?","?","?","R","$","E","T","R","M","E","M","M","R","B",null,"M","?","M","M","$","R","M","R","T","?","M","M","M","M","R","B"],"character_chosen":"DEFECT","items_purchased":["Streamline","Core Surge"],"campfire_rested":2,"item_purchase_floors":[7,22],"current_hp_per_floor":[62,43,36,36,36,36,36,4,4,38,35,22,31,37,37,27,55,46,46,33,35,35,35,36,36,36,36,35,42,36,24,58,0,0],"gold":102,"neow_bonus":"THREE_RARE_CARDS","is_daily":false,"chose_seed":false,"campfire_upgraded":4,"win_rate":0.0,"timestamp":1610776103,"path_taken":["M","?","?","?","?","R","?","E","T","R","M","E","M","M","R","BOSS","M","?","M","M","$","R","M","R","T","?","M","M","?","M","R","BOSS"],"items_purchased_type":["Card","Card"],"build_version":"2020-12-22","purchased_purges":1,"victory":false,"max_hp_per_floor":[64,64,64,64,64,64,64,64,64,64,64,64,64,64,64,64,64,64,64,64,64,64,64,64,64,64,64,64,64,64,64,64,64,64],"card_choices":[{"not_picked":["Reboot","Machine Learning"],"picked":"Seek","floor":0},{"not_picked":["Turbo","Reprogram","Reinforced Body"],"picked":"SKIP","floor":1},{"not_picked":["Darkness","Melter"],"picked":"Ball Lightning","floor":8},{"not_picked":["Turbo","Rebound"],"picked":"Conserve Battery","floor":11},{"not_picked":["Streamline","Genetic Algorithm"],"picked":"Beam Cell","floor":12},{"not_picked":["Fusion","Recycle"],"picked":"Undo","floor":13},{"not_picked":["Hyperbeam","Cold Snap"],"picked":"Chaos","floor":14},{"not_picked":["Echo Form","Buffer"],"picked":"Multi-Cast","floor":16},{"not_picked":["Hologram","Cold Snap"],"picked":"Skim","floor":18},{"not_picked":["Leap+1","Chill"],"picked":"FTL","floor":20},{"not_picked":["Stack","Heatsinks"],"picked":"Compile Driver","floor":21},{"not_picked":["Streamline+1","Steam"],"picked":"Turbo","floor":24},{"not_picked":["Blizzard","Turbo","Go for the Eyes"],"picked":"SKIP","floor":28},{"not_picked":["Barrage+1","Scrape","BootSequence"],"picked":"SKIP","floor":29},{"not_picked":["Go for the Eyes","Cold Snap","White Noise"],"picked":"SKIP","floor":30},{"not_picked":["Conserve Battery","Fission"],"picked":"Hologram","floor":31}],"player_experience":1074345,"relics_obtained":[{"floor":8,"key":"Regal Pillow"},{"floor":9,"key":"InkBottle"},{"floor":12,"key":"Meat on the Bone"}],"event_choices":[{"damage_healed":0,"gold_gain":0,"player_choice":"Entered Light","damage_taken":19,"max_hp_gain":0,"max_hp_loss":0,"event_name":"Shining Light","floor":2,"gold_loss":0,"cards_upgraded":["Dualcast","Zap"]},{"cards_removed":["Defend_B"],"damage_healed":0,"gold_gain":0,"player_choice":"Card Removal","damage_taken":7,"max_hp_gain":0,"max_hp_loss":0,"event_name":"Golden Wing","floor":3,"gold_loss":0},{"damage_healed":0,"gold_gain":0,"player_choice":"Ignored","damage_taken":0,"max_hp_gain":0,"max_hp_loss":0,"event_name":"Liars Game","floor":4,"gold_loss":0},{"cards_removed":["Strike_B"],"damage_healed":0,"gold_gain":0,"player_choice":"Card Removal","damage_taken":0,"max_hp_gain":0,"max_hp_loss":0,"event_name":"The Cleric","floor":5,"gold_loss":75},{"damage_healed":0,"gold_gain":0,"player_choice":"Read","damage_taken":0,"max_hp_gain":0,"max_hp_loss":0,"event_name":"The Library","floor":19,"gold_loss":0,"cards_obtained":["Double Energy"]},{"damage_healed":0,"gold_gain":0,"player_choice":"Forge","damage_taken":0,"max_hp_gain":0,"max_hp_loss":0,"event_name":"Accursed Blacksmith","floor":27,"gold_loss":0,"cards_upgraded":["Multi-Cast"]}],"is_beta":false,"boss_relics":[{"not_picked":["Ectoplasm","Cursed Key"],"picked":"Empty Cage"}],"items_purged_floors":[22],"is_endless":false,"potions_floor_spawned":[8,12,13,16,20,24,30],"killed_by":"Collector","ascension_level":20}}