{"host":"kgfs5ebhusfk1t4t","time":1610802582,"event":{"mods":["BaseMod","Colored Map","DeckTracker","Highlight Path","KOR Keyword Fix","Keyboard Shortcuts","Minty Spire (QoL Compilation)","Permanent Neow","Quick Restart","StSLib","SuperFastMode","everything is the same but u backflip on backflip"],"gold_per_floor":[11,27,27,46,22,62,62,95,119,153,153,196,219,235,235,354,354,370,469,469,483,483,524,524,557,557,570,609,609,630,630,630,761,761,775,838,301,322,282,282,323,323,323,323,354,367,406,681,681,681,681,681,246,281,281],"floor_reached":56,"language":"KOR","playtime":4183,"items_purged":["Injury"],"score":2180,"play_id":"2f15eacc-acbc-4e09-b690-4582f513ba01","local_time":"20210116220942","is_ascension_mode":true,"campfire_choices":[{"data":"Bash","floor":7.0,"key":"SMITH"},{"floor":11.0,"key":"REST"},{"floor":15.0,"key":"REST"},{"floor":24.0,"key":"DIG"},{"floor":29.0,"key":"RECALL"},{"floor":32.0,"key":"DIG"},{"floor":40.0,"key":"DIG"},{"floor":49.0,"key":"DIG"},{"floor":52.0,"key":"DIG"}],"circlet_count":0,"master_deck":["AscendersBane","Strike_R+1","Strike_R+1","Strike_R+1","Strike_R+1","Strike_R+1","Defend_R+1","Defend_R+1","Defend_R+1","Defend_R+1","Bash+1","Perfected Strike","Sever Soul","Clash","Clash","Shrug It Off","Rage","Sentinel","Corruption","Havoc","Havoc","Fiend Fire","Second Wind","Flex+1","Battle Trance","Barricade","Havoc","Armaments","Offering","Fiend Fire","Pummel","Shrug It Off","Violence","Warcry","Feel No Pain+1","Secret Technique"],"relics":["Burning Blood","Dead Branch","Golden Idol","Blood Vial","MealTicket","Art of War","Anchor","Shovel","Fusion Hammer","Tiny Chest","Juzu Bracelet","Potion Belt","Blue Candle","Ornamental Fan","Busted Crown","Unceasing Top","Bottled Lightning","Omamori","Gambling Chip","Darkstone Periapt","Frozen Egg 2","Orichalcum","InkBottle","Mango","Bag of Marbles","Eternal Feather","Letter Opener"],"acts_visited":["Exordium","TheCity","TheBeyond","TheEnding"],"potions_floor_usage":[54],"damage_taken":[{"damage":8.0,"enemies":"2 Louse","floor":1.0,"turns":3.0},{"damage":7.0,"enemies":"Jaw Worm","floor":2.0,"turns":3.0},{"damage":5.0,"enemies":"Small Slimes","floor":4.0,"turns":3.0},{"damage":18.0,"enemies":"Gremlin Nob","floor":6.0,"turns":4.0},{"damage":23.0,"enemies":"3 Sentries","floor":8.0,"turns":7.0},{"damage":37.0,"enemies":"Lagavulin","floor":10.0,"turns":4.0},{"damage":20.0,"enemies":"3 Sentries","floor":12.0,"turns":9.0},{"damage":6.0,"enemies":"Exordium Thugs","floor":13.0,"turns":4.0},{"damage":5.0,"enemies":"Blue Slaver","floor":14.0,"turns":4.0},{"damage":42.0,"enemies":"The Guardian","floor":16.0,"turns":5.0},{"damage":0.0,"enemies":"3 Byrds","floor":18.0,"turns":2.0},{"damage":0.0,"enemies":"Spheric Guardian","floor":21.0,"turns":3.0},{"damage":7.0,"enemies":"Slavers","floor":23.0,"turns":6.0},{"damage":0.0,"enemies":"Gremlin Leader","floor":25.0,"turns":5.0},{"damage":13.0,"enemies":"Shelled Parasite and Fungi","floor":27.0,"turns":4.0},{"damage":19.0,"enemies":"Book of Stabbing","floor":28.0,"turns":4.0},{"damage":7.0,"enemies":"Snecko","floor":30.0,"turns":2.0},{"damage":36.0,"enemies":"Collector","floor":33.0,"turns":6.0},{"damage":19.0,"enemies":"3 Darklings","floor":35.0,"turns":3.0},{"damage":13.0,"enemies":"Mind Bloom Boss Battle","floor":36.0,"turns":4.0},{"damage":13.0,"enemies":"3 Shapes","floor":38.0,"turns":3.0},{"damage":6.0,"enemies":"Nemesis","floor":41.0,"turns":3.0},{"damage":10.0,"enemies":"Giant Head","floor":45.0,"turns":4.0},{"damage":11.0,"enemies":"Maw","floor":46.0,"turns":4.0},{"damage":13.0,"enemies":"Reptomancer","floor":47.0,"turns":4.0},{"damage":25.0,"enemies":"Time Eater","floor":50.0,"turns":12.0},{"damage":9,"enemies":"Shield and Spear","floor":54,"turns":5},{"damage":29,"enemies":"The Heart","floor":55,"turns":6}],"seed_played":"8677265360983207298","potions_obtained":[{"floor":6.0,"key":"AttackPotion"},{"floor":10.0,"key":"EssenceOfSteel"},{"floor":13.0,"key":"Weak Potion"},{"floor":21.0,"key":"FearPotion"},{"floor":25.0,"key":"LiquidMemories"},{"floor":28.0,"key":"EssenceOfSteel"},{"floor":35.0,"key":"EntropicBrew"},{"floor":39.0,"key":"DistilledChaos"},{"floor":39.0,"key":"SkillPotion"}],"is_trial":false,"path_per_floor":["M","M","?","M","$","E","R","E","T","E","R","E","M","M","R","B",null,"M","?","?","M","?","E","R","E","T","M","E","R","M","?","R","B",null,"M","?","$","M","?","R","E","T","T","?","E","M","E","?","R","B",null,"R","$","E","B",null],"character_chosen":"IRONCLAD","items_purchased":["Clash","Bottled Lightning","Omamori","Energy Potion","Feel No Pain+1","DuplicationPotion","Block Potion","LiquidBronze","Secret Technique"],"campfire_rested":2,"item_purchase_floors":[5,37,37,37,53,53,53,53,53],"current_hp_per_floor":[70,69,69,70,70,58,58,43,43,14,38,26,28,31,55,21,65,73,73,73,80,80,79,79,80,80,73,62,62,63,63,63,35,69,74,69,80,73,73,73,75,75,75,65,63,60,69,69,69,52,84,84,94,91,70],"gold":281,"neow_bonus":"ONE_RARE_RELIC","is_daily":false,"chose_seed":false,"campfire_upgraded":1,"win_rate":0.0,"timestamp":1610802582,"path_taken":["M","M","?","M","$","E","R","E","T","E","R","E","M","M","R","BOSS","M","?","?","M","?","E","R","E","T","M","E","R","M","?","R","BOSS","M","?","$","M","?","R","E","?","T","?","E","M","E","?","R","BOSS","R","$","E","BOSS"],"items_purchased_type":["Card","Relic","Relic","Potion","Card","Potion","Potion","Potion","Card"],"build_version":"2020-12-22","purchased_purges":1,"victory":true,"max_hp_per_floor":[80,80,80,80,80,80,80,80,80,80,80,80,80,80,80,80,80,80,80,80,80,80,80,80,80,80,80,80,80,80,80,80,80,80,80,80,80,80,80,80,80,80,80,80,80,80,94,94,94,94,94,94,94,94,94],"card_choices":[{"not_picked":["Anger","Body Slam"],"picked":"Perfected Strike","floor":1.0},{"not_picked":["Inflame","Thunderclap"],"picked":"Sever Soul","floor":2.0},{"not_picked":["Blood for Blood","Headbutt"],"picked":"Clash","floor":4.0},{"not_picked":["Flex","Havoc"],"picked":"Shrug It Off","floor":6.0},{"not_picked":["Warcry","Clothesline"],"picked":"Rage","floor":8.0},{"not_picked":["Uppercut","Body Slam"],"picked":"Sentinel","floor":10.0},{"not_picked":["Twin Strike","Wild Strike"],"picked":"Corruption","floor":12.0},{"not_picked":["Evolve","Pommel Strike"],"picked":"Havoc","floor":13.0},{"not_picked":["Shrug It Off","Twin Strike"],"picked":"Havoc","floor":14.0},{"not_picked":["Demon Form","Juggernaut"],"picked":"Fiend Fire","floor":16.0},{"not_picked":["Iron Wave","Flame Barrier"],"picked":"Second Wind","floor":18.0},{"not_picked":["Searing Blow","Iron Wave"],"picked":"Flex+1","floor":21.0},{"not_picked":["Body Slam","Spot Weakness+1"],"picked":"Battle Trance","floor":23.0},{"not_picked":["Wild Strike+1","Second Wind"],"picked":"Barricade","floor":25.0},{"not_picked":["Anger","Twin Strike","Pommel Strike"],"picked":"SKIP","floor":27.0},{"not_picked":["Disarm","Second Wind"],"picked":"Havoc","floor":28.0},{"not_picked":["Twin Strike","Anger"],"picked":"Armaments","floor":30.0},{"not_picked":["Corruption","Demon Form"],"picked":"Fiend Fire","floor":33.0},{"not_picked":[],"picked":"Pummel","floor":35.0},{"not_picked":[],"picked":"Shrug It Off","floor":36.0},{"not_picked":["Pommel Strike"],"picked":"SKIP","floor":38.0},{"not_picked":["Dual Wield"],"picked":"SKIP","floor":41.0},{"not_picked":[],"picked":"Violence","floor":44.0},{"not_picked":["Cleave"],"picked":"SKIP","floor":45.0},{"not_picked":[],"picked":"Warcry","floor":46.0},{"not_picked":["Bloodletting"],"picked":"SKIP","floor":47.0},{"not_picked":["Uppercut"],"picked":"SKIP","floor":54}],"player_experience":509100,"relics_obtained":[{"floor":6.0,"key":"Blood Vial"},{"floor":8.0,"key":"MealTicket"},{"floor":9.0,"key":"Art of War"},{"floor":10.0,"key":"Anchor"},{"floor":12.0,"key":"Shovel"},{"floor":23.0,"key":"Tiny Chest"},{"floor":24.0,"key":"Juzu Bracelet"},{"floor":25.0,"key":"Potion Belt"},{"floor":28.0,"key":"Blue Candle"},{"floor":32.0,"key":"Ornamental Fan"},{"floor":36.0,"key":"Unceasing Top"},{"floor":40.0,"key":"Gambling Chip"},{"floor":41.0,"key":"Darkstone Periapt"},{"floor":42.0,"key":"Frozen Egg 2"},{"floor":43.0,"key":"Orichalcum"},{"floor":45.0,"key":"InkBottle"},{"floor":47.0,"key":"Mango"},{"floor":49.0,"key":"Bag of Marbles"},{"floor":52.0,"key":"Eternal Feather"},{"floor":54,"key":"Letter Opener"}],"event_choices":[{"damage_healed":0.0,"max_hp_gain":0.0,"max_hp_loss":0.0,"gold_gain":0.0,"event_name":"Golden Idol","player_choice":"Take Wound","floor":3.0,"gold_loss":0.0,"damage_taken":0.0,"relics_obtained":["Golden Idol"],"cards_obtained":["Injury"]},{"damage_healed":0.0,"max_hp_gain":0.0,"max_hp_loss":0.0,"gold_gain":99.0,"event_name":"Nest","player_choice":"Stole From Cult","floor":19.0,"gold_loss":0.0,"damage_taken":0.0},{"damage_healed":0.0,"max_hp_gain":0.0,"max_hp_loss":0.0,"gold_gain":0.0,"event_name":"Back to Basics","player_choice":"Simplicity","floor":20.0,"gold_loss":0.0,"damage_taken":0.0,"cards_upgraded":["Strike_R","Strike_R","Strike_R","Strike_R","Strike_R","Defend_R","Defend_R","Defend_R","Defend_R"]},{"damage_healed":0.0,"max_hp_gain":0.0,"max_hp_loss":0.0,"gold_gain":0.0,"event_name":"Ghosts","player_choice":"Ignored","floor":22.0,"gold_loss":0.0,"damage_taken":0.0},{"damage_healed":0.0,"max_hp_gain":0.0,"max_hp_loss":0.0,"gold_gain":0.0,"event_name":"The Library","player_choice":"Read","floor":31.0,"gold_loss":0.0,"damage_taken":0.0,"cards_obtained":["Offering"]},{"damage_healed":0.0,"max_hp_gain":0.0,"max_hp_loss":0.0,"gold_gain":0.0,"event_name":"MindBloom","player_choice":"Fight","floor":36.0,"gold_loss":0.0,"damage_taken":0.0},{"damage_healed":0.0,"max_hp_gain":0.0,"max_hp_loss":0.0,"gold_gain":0.0,"event_name":"The Woman in Blue","player_choice":"Bought 3 Potions","floor":39.0,"gold_loss":0.0,"damage_taken":0.0},{"damage_healed":0.0,"max_hp_gain":0.0,"max_hp_loss":0.0,"gold_gain":0.0,"event_name":"SensoryStone","player_choice":"Memory 3","floor":44.0,"gold_loss":0.0,"damage_taken":10.0},{"damage_healed":0.0,"max_hp_gain":0.0,"max_hp_loss":0.0,"gold_gain":275.0,"event_name":"Golden Shrine","player_choice":"Desecrate","floor":48.0,"gold_loss":0.0,"damage_taken":0.0,"cards_obtained":["Regret"]}],"is_beta":false,"boss_relics":[{"not_picked":["Astrolabe","Tiny House"],"picked":"Fusion Hammer"},{"not_picked":["Coffee Dripper","Calling Bell"],"picked":"Busted Crown"}],"items_purged_floors":[37],"is_endless":false,"potions_floor_spawned":[6,10,13,21,25,28,35,46],"ascension_level":12}}