{"host":"fuszjwm6fqgjjp4d","time":1610767900,"event":{"mods":["BaseMod","Bestiary","Colored Map","DeckTracker","Minty Spire (QoL Compilation)","Permanent Neow","Relic Sorter","Relic Stats","StSLib"],"gold_per_floor":[114,134,150,169,183,183,183,183,183,203,253,280,299,310,310,385,385,398,313,360,71,71,71,100,100,168,168,185,185,12,44,44,118,118,133,151,151,167,0,0,35,45,45,79,92,108,136,136,136,136,136],"floor_reached":52,"language":"ENG","playtime":1728,"items_purged":["Strike_G"],"score":2189,"play_id":"cd5a3d7a-358b-4550-82b1-1b1725374b26","local_time":"20210115213140","is_ascension_mode":true,"campfire_choices":[{"data":"Noxious Fumes","floor":6.0,"key":"SMITH"},{"data":"Crippling Poison","floor":8.0,"key":"SMITH"},{"data":"Catalyst","floor":15,"key":"SMITH"},{"data":"Adrenaline","floor":23,"key":"SMITH"},{"data":"Adrenaline","floor":27,"key":"SMITH"},{"data":"Neutralize","floor":32,"key":"SMITH"},{"data":"Malaise","floor":40,"key":"SMITH"},{"data":"Prepared","floor":49,"key":"SMITH"}],"circlet_count":0,"master_deck":["AscendersBane","Strike_G+1","Strike_G+1","Strike_G+1","Defend_G+1","Defend_G+1","Defend_G+1","Defend_G+1","Defend_G+1","Survivor","Neutralize+1","Dagger Throw+1","Noxious Fumes+1","Backflip","Caltrops","Crippling Poison+1","Catalyst+1","Adrenaline+1","Deadly Poison+1","Adrenaline+1","Dash","Skewer+1","Deadly Poison","Catalyst+1","Catalyst+1","Malaise+1","Noxious Fumes","Catalyst","Prepared+1","Backflip"],"relics":["Velvet Choker","Gremlin Horn","Boot","Runic Pyramid","Ice Cream","Dream Catcher","OrangePellets","MealTicket","Eternal Feather","Anchor","War Paint","Paper Crane","Black Star","Red Mask","Bag of Preparation","Whetstone","Toy Ornithopter","Potion Belt","White Beast Statue","Strawberry","Snake Skull"],"acts_visited":["Exordium","TheCity","TheBeyond"],"potions_floor_usage":[12,12,14,24,31,36,42,45,50,50,51,51],"damage_taken":[{"damage":2.0,"enemies":"2 Louse","floor":1.0,"turns":3.0},{"damage":0.0,"enemies":"Cultist","floor":2.0,"turns":4.0},{"damage":0.0,"enemies":"Jaw Worm","floor":3.0,"turns":3.0},{"damage":11.0,"enemies":"Exordium Thugs","floor":4.0,"turns":5.0},{"damage":3.0,"enemies":"Looter","floor":5.0,"turns":4.0},{"damage":5.0,"enemies":"Large Slime","floor":10.0,"turns":6.0},{"damage":0,"enemies":"3 Sentries","floor":12,"turns":5},{"damage":3,"enemies":"Gremlin Gang","floor":13,"turns":3},{"damage":0,"enemies":"Exordium Wildlife","floor":14,"turns":3},{"damage":3,"enemies":"Hexaghost","floor":16,"turns":7},{"damage":12,"enemies":"Shell Parasite","floor":18,"turns":4},{"damage":18,"enemies":"Book of Stabbing","floor":24,"turns":5},{"damage":0,"enemies":"Chosen","floor":28,"turns":3},{"damage":0,"enemies":"Gremlin Leader","floor":31,"turns":3},{"damage":6,"enemies":"Automaton","floor":33,"turns":6},{"damage":14,"enemies":"3 Darklings","floor":35,"turns":4},{"damage":4,"enemies":"Orb Walker","floor":36,"turns":3},{"damage":18,"enemies":"Maw","floor":38,"turns":3},{"damage":5,"enemies":"Giant Head","floor":41,"turns":3},{"damage":0,"enemies":"Transient","floor":42,"turns":5},{"damage":0,"enemies":"Reptomancer","floor":44,"turns":2},{"damage":19,"enemies":"Jaw Worm Horde","floor":45,"turns":5},{"damage":0,"enemies":"3 Darklings","floor":46,"turns":4},{"damage":0,"enemies":"Nemesis","floor":47,"turns":5},{"damage":43,"enemies":"Donu and Deca","floor":50,"turns":8},{"damage":3,"enemies":"Time Eater","floor":51,"turns":4}],"seed_played":"7146298597025589538","potions_obtained":[{"floor":5.0,"key":"SkillPotion"},{"floor":10.0,"key":"Block Potion"},{"floor":12,"key":"BlessingOfTheForge"},{"floor":13,"key":"DistilledChaos"},{"floor":14,"key":"EssenceOfSteel"},{"floor":16,"key":"Explosive Potion"},{"floor":28,"key":"Regen Potion"},{"floor":35,"key":"Strength Potion"},{"floor":41,"key":"Explosive Potion"},{"floor":44,"key":"Regen Potion"},{"floor":45,"key":"Energy Potion"},{"floor":46,"key":"CunningPotion"},{"floor":47,"key":"Block Potion"}],"is_trial":false,"path_per_floor":["M","M","M","M","M","R","?","R","T","M","?","E","M","M","R","B",null,"M","?","T","$","?","R","E","?","T","R","M","T","$","E","R","B",null,"M","M","?","M","?","R","E","M","T","E","M","M","E","?","R","B","B",null],"character_chosen":"THE_SILENT","items_purchased":["Skewer","OrangePellets","War Paint"],"campfire_rested":0,"item_purchase_floors":[21,21,30],"current_hp_per_floor":[57,57,57,46,43,43,43,43,43,38,38,38,35,35,35,32,58,46,46,46,46,46,46,28,28,28,43,43,43,58,58,66,60,65,51,59,59,41,41,56,51,51,51,51,50,50,57,57,69,28,35],"gold":136,"neow_bonus":"BOSS_RELIC","is_daily":false,"chose_seed":false,"campfire_upgraded":8,"win_rate":0.0,"timestamp":1610767900,"path_taken":["M","M","M","M","M","R","?","R","T","M","?","E","M","?","R","BOSS","M","?","?","$","?","R","E","?","T","R","?","?","$","E","R","BOSS","M","M","?","M","?","R","E","M","T","E","M","M","E","?","R","BOSS","BOSS"],"items_purchased_type":["Card","Relic","Relic"],"build_version":"2020-12-22","purchased_purges":1,"victory":true,"max_hp_per_floor":[66,66,66,66,66,66,66,66,66,66,66,66,66,66,66,66,66,66,66,66,66,66,66,66,66,66,66,66,66,66,66,66,66,66,66,66,66,66,66,66,66,66,66,66,66,66,73,69,69,69,69],"relic_stats":{"Gremlin Horn":[13,13],"counters":[26,110],"Eternal Feather":50,"Snake Skull":[25],"Bag of Preparation":[14],"Whetstone":["Dagger Throw","Skewer"],"War Paint":["Catalyst","Deadly Poison"],"Boot":[24],"OrangePellets":[0],"Dream Catcher":0,"MealTicket":15,"Black Star":3,"obtain_stats":[{"Ice Cream":19,"Potion Belt":44,"Gremlin Horn":9,"Velvet Choker":0,"Eternal Feather":26,"Snake Skull":47,"Bag of Preparation":41,"Whetstone":41,"War Paint":30,"Paper Crane":31,"Boot":12,"White Beast Statue":44,"OrangePellets":21,"Dream Catcher":20,"Anchor":29,"Strawberry":47,"MealTicket":24,"Black Star":34,"Red Mask":39,"Toy Ornithopter":43,"Ring of the Snake":0,"Runic Pyramid":17},{"Ice Cream":11,"Potion Belt":21,"Gremlin Horn":5,"Velvet Choker":0,"Eternal Feather":12,"Snake Skull":24,"Bag of Preparation":19,"Whetstone":19,"War Paint":13,"Paper Crane":14,"Boot":7,"White Beast Statue":21,"OrangePellets":11,"Dream Catcher":11,"Anchor":13,"Strawberry":24,"MealTicket":12,"Black Star":15,"Red Mask":18,"Toy Ornithopter":20,"Ring of the Snake":0,"Runic Pyramid":10},{"Ice Cream":47,"Potion Belt":84,"Gremlin Horn":19,"Velvet Choker":0,"Eternal Feather":52,"Snake Skull":98,"Bag of Preparation":77,"Whetstone":77,"War Paint":55,"Paper Crane":58,"Boot":30,"White Beast Statue":84,"OrangePellets":47,"Dream Catcher":47,"Anchor":55,"Strawberry":98,"MealTicket":52,"Black Star":64,"Red Mask":74,"Toy Ornithopter":82,"Ring of the Snake":0,"Runic Pyramid":43}],"Toy Ornithopter":17},"card_choices":[{"not_picked":["Outmaneuver","Distraction"],"picked":"Dagger Throw","floor":1.0},{"not_picked":["PiercingWail","Catalyst"],"picked":"Noxious Fumes","floor":2.0},{"not_picked":["Endless Agony","Masterful Stab"],"picked":"Backflip","floor":3.0},{"not_picked":["Underhanded Strike","Acrobatics"],"picked":"Caltrops","floor":4.0},{"not_picked":["Choke","Heel Hook"],"picked":"Crippling Poison","floor":5.0},{"not_picked":["Outmaneuver","Dodge and Roll","Finisher"],"picked":"SKIP","floor":10.0},{"not_picked":["Slice","Dagger Throw"],"picked":"Catalyst","floor":12},{"not_picked":["Backflip","Dodge and Roll"],"picked":"Adrenaline","floor":13},{"not_picked":["Prepared","Blur"],"picked":"Deadly Poison","floor":14},{"not_picked":["Doppelganger","Unload"],"picked":"Adrenaline","floor":16},{"not_picked":["Deflect","Backflip"],"picked":"Dash","floor":18},{"not_picked":["Infinite Blades","Blade Dance"],"picked":"Deadly Poison","floor":24},{"not_picked":["Deflect","Prepared"],"picked":"Catalyst","floor":28},{"not_picked":["Deadly Poison","Deflect","Bane"],"picked":"SKIP","floor":31},{"not_picked":["Grand Finale","After Image"],"picked":"Malaise","floor":33},{"not_picked":["Quick Slash","Dodge and Roll","Eviscerate"],"picked":"SKIP","floor":35},{"not_picked":["Predator+1","Dagger Spray","Choke"],"picked":"SKIP","floor":36},{"not_picked":["Underhanded Strike","Outmaneuver+1","Masterful Stab"],"picked":"SKIP","floor":38},{"not_picked":["Dagger Spray","Acrobatics"],"picked":"Noxious Fumes","floor":41},{"not_picked":["Blur","Crippling Poison"],"picked":"Catalyst","floor":42},{"not_picked":["Quick Slash","Flying Knee","Backstab+1"],"picked":"SKIP","floor":44},{"not_picked":["Sucker Punch","Distraction"],"picked":"Prepared","floor":45},{"not_picked":["Cloak And Dagger","Slice"],"picked":"Backflip","floor":46},{"not_picked":["Slice","Distraction+1","Choke+1"],"picked":"SKIP","floor":47}],"player_experience":1292629,"relics_obtained":[{"floor":9.0,"key":"Gremlin Horn"},{"floor":12,"key":"Boot"},{"floor":20,"key":"Dream Catcher"},{"floor":24,"key":"MealTicket"},{"floor":26,"key":"Eternal Feather"},{"floor":29,"key":"Anchor"},{"floor":31,"key":"Paper Crane"},{"floor":41,"key":"Bag of Preparation"},{"floor":41,"key":"Whetstone"},{"floor":43,"key":"Toy Ornithopter"},{"floor":44,"key":"Potion Belt"},{"floor":44,"key":"White Beast Statue"},{"floor":47,"key":"Strawberry"},{"floor":47,"key":"Snake Skull"}],"event_choices":[{"damage_healed":0.0,"max_hp_gain":0.0,"max_hp_loss":0.0,"gold_gain":0.0,"event_name":"Liars Game","player_choice":"Ignored","floor":7.0,"gold_loss":0.0,"damage_taken":0.0},{"damage_healed":0.0,"max_hp_gain":0.0,"max_hp_loss":0.0,"gold_gain":50.0,"event_name":"Golden Shrine","player_choice":"Pray","floor":11.0,"gold_loss":0.0,"damage_taken":0.0},{"damage_healed":0,"gold_gain":0,"player_choice":"Obtained Relic","damage_taken":0,"relics_obtained":["Ice Cream"],"max_hp_gain":0,"max_hp_loss":0,"event_name":"Addict","floor":19,"gold_loss":85},{"damage_healed":0,"gold_gain":0,"player_choice":"Simplicity","damage_taken":0,"max_hp_gain":0,"max_hp_loss":0,"event_name":"Back to Basics","floor":22,"gold_loss":0,"cards_upgraded":["Strike_G","Strike_G","Strike_G","Strike_G","Defend_G","Defend_G","Defend_G","Defend_G","Defend_G"]},{"damage_healed":0,"gold_gain":0,"player_choice":"Copied","damage_taken":0,"max_hp_gain":0,"max_hp_loss":0,"event_name":"Duplicator","floor":25,"gold_loss":0,"cards_obtained":["Catalyst"]},{"cards_removed":["Strike_G"],"damage_healed":0,"gold_gain":0,"player_choice":"Removed Attack","damage_taken":0,"max_hp_gain":0,"max_hp_loss":0,"event_name":"Falling","floor":37,"gold_loss":0},{"damage_healed":0,"gold_gain":0,"player_choice":"Paid","damage_taken":0,"relics_obtained":["Red Mask"],"max_hp_gain":0,"max_hp_loss":0,"event_name":"Tomb of Lord Red Mask","floor":39,"gold_loss":167},{"damage_healed":0,"gold_gain":0,"player_choice":"Max HP","damage_taken":0,"max_hp_gain":0,"max_hp_loss":4,"event_name":"Winding Halls","floor":48,"gold_loss":0}],"is_beta":false,"boss_relics":[{"not_picked":["WristBlade","Busted Crown"],"picked":"Runic Pyramid"},{"not_picked":["Cursed Key","SacredBark"],"picked":"Black Star"}],"items_purged_floors":[21],"is_endless":false,"potions_floor_spawned":[5,10,12,13,14,16,18,28,35,41,44,45,46,47],"ascension_level":20}}