{"host":"alk2ftu785mujiir","time":1610836772,"event":{"mods":["BaseMod","Colored Map","Downfall","Minty Spire (QoL Compilation)","StSLib"],"gold_per_floor":[99,114,132,143,143,143,143,172,195,95,5,35,35,69,84,182,182,182,197,197,28,41,59,59,71,71,86,71,100,100,126,137,237,237,137,147,172,190,201,281,305,324,344,244,258,258,288,315,333,333,333,368,11,11,11,11],"floor_reached":57,"language":"ENG","playtime":4694,"items_purged":["Pain","Clumsy"],"score":1344,"play_id":"a312c891-48c9-4aa6-b02b-e2b866a43abd","local_time":"20210116173932","is_ascension_mode":false,"campfire_choices":[{"data":"champ:Execute","floor":1.0,"key":"SMITH"},{"data":"champ:TornadoPunch","floor":6.0,"key":"SMITH"},{"data":"champ:ShieldThrow","floor":10.0,"key":"SMITH"},{"data":"champ:UltimateStance","floor":18,"key":"SMITH"},{"data":"champ:HoldFirm","floor":26,"key":"SMITH"},{"data":"champ:StanceDance","floor":30,"key":"SMITH"},{"floor":35,"key":"RECALL"},{"data":"champ:Improvising","floor":44,"key":"SMITH"},{"floor":46,"key":"REST"},{"floor":54,"key":"DIG"}],"circlet_count":0,"master_deck":["champ:Strike","champ:Strike","champ:Strike","champ:Strike","champ:Defend","champ:Defend","champ:Defend","champ:Defend","champ:Execute+1","champ:Taunt","champ:FanOfKnives","champ:ShieldSlam","champ:TornadoPunch+1","CurseOfTheBell","champ:ShieldThrow+1","champ:PreciseThrust","champ:Haymaker","champ:BerserkersShout","champ:UltimateStance+1","champ:StanceDance+1","champ:UltimateStance+1","champ:DeathBlow","champ:HoldFirm+1","champ:GladiatorStyle+1","champ:Endure+1","champ:Encircle","champ:Improvising+1","champ:DefensiveShout","champ:DefensiveShout","champ:GutPunch+1","champ:BringItOn"],"relics":["champ:ChampionCrown","Calling Bell","Bag of Marbles","Pear","Shovel","Juzu Bracelet","Pen Nib","downfall:HeartBlessingBlue","champ:FightingForDummies","Tiny Chest","expansioncontent:StudyCardRelic","Oddly Smooth Stone","Potion Belt","Strawberry","Singing Bowl","Philosopher\u0027s Stone","downfall:HeartBlessingGreen","champ:DefensiveTrainingManual","The Courier","Bag of Preparation","downfall:HeartBlessingRed","Torii","Boot","Lee\u0027s Waffle","Guardian:PocketSentry","Kunai"],"acts_visited":["Exordium","TheCity","TheBeyond","TheEnding"],"potions_floor_usage":[15,16,16,29,52,52,55,55,56,56,56],"damage_taken":[{"damage":10.0,"enemies":"Jaw Worm","floor":2.0,"turns":4.0},{"damage":3.0,"enemies":"2 Louse","floor":3.0,"turns":3.0},{"damage":6.0,"enemies":"Cultist","floor":4.0,"turns":5.0},{"damage":55.0,"enemies":"Lagavulin","floor":8.0,"turns":11.0},{"damage":22.0,"enemies":"downfall:FleeingMerchant","floor":11.0,"turns":4.0},{"damage":22.0,"enemies":"3 Sentries","floor":12.0,"turns":5.0},{"damage":18,"enemies":"Gremlin Nob","floor":14,"turns":3},{"damage":17,"enemies":"Large Slime","floor":15,"turns":4},{"damage":73,"enemies":"DF_ARCHETYPE_STREAMLINE","floor":16,"turns":11},{"damage":18,"enemies":"Shell Parasite","floor":19,"turns":6},{"damage":25,"enemies":"downfall:FleeingMerchant","floor":21,"turns":4},{"damage":9,"enemies":"Spheric Guardian","floor":22,"turns":4},{"damage":14,"enemies":"Shelled Parasite and Fungi","floor":23,"turns":4},{"damage":10,"enemies":"Snecko","floor":25,"turns":5},{"damage":15,"enemies":"Cultist and Chosen","floor":27,"turns":3},{"damage":20,"enemies":"downfall:FleeingMerchant","floor":28,"turns":4},{"damage":45,"enemies":"Book of Stabbing","floor":29,"turns":5},{"damage":25,"enemies":"Slavers","floor":31,"turns":2},{"damage":20,"enemies":"Centurion and Healer","floor":32,"turns":4},{"damage":125,"enemies":"IC_MUSHROOM_ARCHETYPE","floor":33,"turns":9},{"damage":64,"enemies":"3 Darklings","floor":36,"turns":5},{"damage":0,"enemies":"Orb Walker","floor":38,"turns":2},{"damage":28,"enemies":"Spire Growth","floor":39,"turns":5},{"damage":32,"enemies":"3 Darklings","floor":42,"turns":4},{"damage":40,"enemies":"Maw","floor":43,"turns":6},{"damage":5,"enemies":"4 Shapes","floor":45,"turns":2},{"damage":10,"enemies":"downfall:FleeingMerchant","floor":47,"turns":2},{"damage":20,"enemies":"Giant Head","floor":48,"turns":6},{"damage":53,"enemies":"Sphere and 2 Shapes","floor":49,"turns":4},{"damage":85,"enemies":"WA_ARCHETYPE_DIVINITY","floor":50,"turns":15},{"damage":214,"enemies":"downfall:CharBossMerchant","floor":52,"turns":8},{"damage":106,"enemies":"downfall:NeowBoss","floor":55,"turns":15},{"damage":126,"enemies":"downfall:NeowBossFinal","floor":56,"turns":14}],"seed_played":"-3277067471173152769","potions_obtained":[{"floor":3.0,"key":"PowerPotion"},{"floor":4.0,"key":"BlessingOfTheForge"},{"floor":12.0,"key":"Block Potion"},{"floor":14,"key":"champ:CounterPotion"},{"floor":22,"key":"AttackPotion"},{"floor":23,"key":"champ:TechniquePotion"},{"floor":29,"key":"hexamod:SoulburnPotion"},{"floor":32,"key":"Guardian:BlockOnCardUsePotion"},{"floor":36,"key":"champ:CounterPotion"},{"floor":38,"key":"SteroidPotion"},{"floor":43,"key":"Fire Potion"},{"floor":45,"key":"PowerPotion"}],"is_trial":false,"path_per_floor":["R","M","M","M","?","R","T","E","T","R","$","E","?","E","M","B",null,"R","M","?","$","M","M","T","M","R","M","$","E","R","E","M","B",null,"R","M","?","M","M","T","T","M","M","R","M","R","$","E","M","B",null,"E","$","R","B","B",null],"character_chosen":"THE_CHAMP","items_purchased":["Oddly Smooth Stone","Torii","Lee\u0027s Waffle","champ:BringItOn","Guardian:PocketSentry","champ:TechniquePotion","BlessingOfTheForge"],"campfire_rested":1,"item_purchase_floors":[21,47,53,53,53,53,53],"current_hp_per_floor":[99,99,96,95,105,105,105,70,70,80,78,66,66,58,56,14,119,119,116,116,116,112,103,103,103,103,103,103,100,100,85,87,12,128,128,99,99,101,88,88,88,83,85,85,87,127,129,129,113,83,140,33,149,149,113,57],"gold":11,"neow_bonus":"TEN_PERCENT_HP_BONUS","is_daily":false,"chose_seed":false,"campfire_upgraded":7,"win_rate":0.0,"timestamp":1610836772,"path_taken":["R","M","M","M","?","R","T","E","?","R","$","E","?","E","M","BOSS","R","M","?","?","M","M","T","M","R","M","$","E","R","E","M","BOSS","R","M","?","M","M","?","T","M","M","R","M","R","$","E","M","BOSS","E","$","R","BOSS","BOSS"],"items_purchased_type":["Relic","Relic","Relic","Card","Relic","Potion","Potion"],"build_version":"2020-12-22","purchased_purges":2,"victory":true,"max_hp_per_floor":[99,99,99,99,109,109,109,109,109,119,119,119,119,119,119,119,119,119,119,119,119,119,119,119,119,119,119,119,126,126,126,128,128,128,128,128,128,130,130,130,130,132,134,134,136,136,138,138,140,140,140,142,149,149,149,149],"card_choices":[{"not_picked":["champ:GutPunch","champ:FlashCut"],"picked":"champ:FanOfKnives","floor":2.0},{"not_picked":["champ:CrownThrow","champ:EnGarde"],"picked":"champ:ShieldSlam","floor":3.0},{"not_picked":["champ:RecklessLeap","champ:Haymaker"],"picked":"champ:TornadoPunch","floor":4.0},{"not_picked":["champ:BladeFlurry","champ:PerfectedStrike"],"picked":"champ:PreciseThrust","floor":8.0},{"not_picked":["champ:TornadoPunch","champ:HeartStrike","champ:CrownThrow"],"picked":"SKIP","floor":11.0},{"not_picked":["champ:TornadoPunch","champ:FalseCounter"],"picked":"champ:Haymaker","floor":12.0},{"not_picked":["champ:StrikeOfGenius","champ:Haymaker"],"picked":"champ:BerserkersShout","floor":14},{"not_picked":["champ:StanceDance","champ:Shatter","champ:Backstep"],"picked":"SKIP","floor":15},{"not_picked":["champ:LastStand","champ:HeavySlash"],"picked":"champ:UltimateStance","floor":16},{"not_picked":["champ:EnGarde","champ:FancyFootwork"],"picked":"champ:StanceDance","floor":19},{"not_picked":["champ:FaceSlap","champ:AdrenalArmor"],"picked":"champ:DeathBlow","floor":21},{"not_picked":["champ:FanOfKnives","champ:EnGarde+1"],"picked":"champ:HoldFirm","floor":22},{"not_picked":["champ:RisingSlash","champ:Backstep+1"],"picked":"champ:GladiatorStyle+1","floor":23},{"not_picked":["champ:Parry","champ:PreemptiveStrike","champ:ArenaPreparation"],"picked":"SKIP","floor":25},{"not_picked":["champ:FanOfKnives","champ:BerserkersShout","champ:RecklessLeap"],"picked":"SKIP","floor":27},{"not_picked":["champ:FaceSlap","champ:DefensiveShout"],"picked":"champ:Endure+1","floor":28},{"not_picked":["champ:EnragedBash","champ:RecklessLeap","champ:UltimateStance"],"picked":"SKIP","floor":29},{"not_picked":["champ:GutPunch","champ:EnGarde"],"picked":"champ:Encircle","floor":31},{"not_picked":["champ:CalledShot","champ:Lariat","champ:Shatter"],"picked":"Singing Bowl","floor":32},{"not_picked":["champ:GladiatorForm","champ:HoldFirm"],"picked":"champ:Improvising","floor":33},{"not_picked":["champ:RapidStrikes+1","champ:Circumvent"],"picked":"champ:DefensiveShout","floor":36},{"not_picked":["champ:BerserkersShout","champ:Lariat","champ:GutPunch"],"picked":"Singing Bowl","floor":38},{"not_picked":["champ:AdrenalArmor","champ:SetATrap+1"],"picked":"champ:DefensiveShout","floor":39},{"not_picked":["champ:GutPunch","champ:TornadoPunch+1","champ:Circumvent"],"picked":"Singing Bowl","floor":42},{"not_picked":["champ:MurderStrike","champ:BringItOn","champ:GutPunch"],"picked":"Singing Bowl","floor":43},{"not_picked":["champ:HeartStrike","champ:ShieldSlam+1","champ:SkillfulDodge"],"picked":"Singing Bowl","floor":45},{"not_picked":["champ:Circumvent+1","champ:IgnorePain","champ:ShieldThrow"],"picked":"Singing Bowl","floor":47},{"not_picked":["champ:Haymaker","champ:EndlessRage"],"picked":"champ:GutPunch+1","floor":48},{"not_picked":["champ:FancyFootwork+1","champ:RecklessLeap","champ:PerfectedStrike"],"picked":"Singing Bowl","floor":49},{"not_picked":["champ:PreemptiveStrike","champ:Circumvent","champ:BerserkersShout"],"picked":"Singing Bowl","floor":52}],"player_experience":1764219,"relics_obtained":[{"floor":5.0,"key":"Bag of Marbles"},{"floor":5.0,"key":"Pear"},{"floor":5.0,"key":"Shovel"},{"floor":7.0,"key":"Juzu Bracelet"},{"floor":8.0,"key":"Pen Nib"},{"floor":12.0,"key":"champ:FightingForDummies"},{"floor":14,"key":"Tiny Chest"},{"floor":24,"key":"Potion Belt"},{"floor":29,"key":"Strawberry"},{"floor":31,"key":"Singing Bowl"},{"floor":37,"key":"champ:DefensiveTrainingManual"},{"floor":40,"key":"The Courier"},{"floor":41,"key":"Bag of Preparation"},{"floor":52,"key":"Boot"},{"floor":54,"key":"Kunai"}],"event_choices":[],"is_beta":false,"boss_relics":[{"not_picked":["Runic Dome","Astrolabe"],"picked":"expansioncontent:StudyCardRelic"},{"not_picked":["Busted Crown","SlaversCollar"],"picked":"Philosopher\u0027s Stone"}],"items_purged_floors":[11,47],"is_endless":false,"potions_floor_spawned":[3,4,12,14,22,23,29,32,36,38,43,45,48],"ascension_level":0}}