{"host":"xh3brefae6wm9kl8","time":1610760228,"event":{"mods":["AchievementEnabler","BaseMod","GifTheSpireLib","Keyboard Shortcuts","Minty Spire (QoL Compilation)","Permanent Neow","Relic Stats","StSLib","SuperFastMode"],"gold_per_floor":[112,129,147,157,1,28,28,40,40,40,75,85,85,114,114,114,114],"floor_reached":16,"language":"KOR","playtime":605,"items_purged":["Strike_G"],"score":213,"play_id":"ffbf9a55-04c8-482e-8476-99308d7d778a","local_time":"20210116102348","is_ascension_mode":true,"campfire_choices":[{"floor":10.0,"key":"REST"},{"floor":13.0,"key":"REST"},{"floor":15.0,"key":"REST"}],"circlet_count":0,"master_deck":["AscendersBane","Strike_G","Strike_G","Strike_G","Strike_G","Defend_G","Defend_G","Defend_G","Defend_G","Defend_G","Survivor","Neutralize","Storm of Steel","Dagger Spray","Choke","Escape Plan","Dagger Spray","Masterful Stab","Backstab"],"relics":["Ring of the Snake","Bottled Lightning","Juzu Bracelet","CeramicFish","Odd Mushroom"],"acts_visited":["Exordium"],"potions_floor_usage":[16],"damage_taken":[{"damage":7.0,"enemies":"Jaw Worm","floor":1.0,"turns":5.0},{"damage":0.0,"enemies":"2 Louse","floor":2.0,"turns":3.0},{"damage":0.0,"enemies":"Cultist","floor":3.0,"turns":3.0},{"damage":0.0,"enemies":"2 Fungi Beasts","floor":4.0,"turns":3.0},{"damage":36.0,"enemies":"Gremlin Nob","floor":6.0,"turns":4.0},{"damage":8.0,"enemies":"Looter","floor":8.0,"turns":2.0},{"damage":15.0,"enemies":"3 Sentries","floor":11.0,"turns":8.0},{"damage":1.0,"enemies":"3 Louse","floor":12.0,"turns":3.0},{"damage":8.0,"enemies":"The Mushroom Lair","floor":14.0,"turns":3.0},{"damage":42,"enemies":"Hexaghost","floor":16,"turns":9}],"seed_played":"3779072857919655531","potions_obtained":[{"floor":1.0,"key":"Strength Potion"},{"floor":8.0,"key":"LiquidBronze"},{"floor":11.0,"key":"Dexterity Potion"}],"is_trial":false,"path_per_floor":["M","M","M","M","$","E","?","M","T","R","E","M","R","?","R","B"],"character_chosen":"THE_SILENT","items_purchased":["Masterful Stab"],"campfire_rested":3,"item_purchase_floors":[5],"current_hp_per_floor":[52,52,52,52,52,16,16,8,8,27,12,11,30,22,41,0,0],"gold":114,"neow_bonus":"ONE_RANDOM_RARE_CARD","is_daily":false,"chose_seed":false,"campfire_upgraded":0,"win_rate":0.0,"timestamp":1610760228,"path_taken":["M","M","M","M","$","E","?","M","T","R","E","M","R","?","R","BOSS"],"items_purchased_type":["Card"],"build_version":"2020-12-22","purchased_purges":1,"victory":false,"max_hp_per_floor":[66,66,66,66,66,66,66,66,66,66,66,66,66,66,66,66,66],"relic_stats":{"counters":[10,43],"CeramicFish":0,"Juzu Bracelet":0,"obtain_stats":[{"CeramicFish":11,"Juzu Bracelet":9,"Bottled Lightning":6,"Odd Mushroom":14,"Ring of the Snake":0},{"CeramicFish":7,"Juzu Bracelet":6,"Bottled Lightning":5,"Odd Mushroom":9,"Ring of the Snake":0},{"CeramicFish":28,"Juzu Bracelet":20,"Bottled Lightning":18,"Odd Mushroom":34,"Ring of the Snake":0}],"Ring of the Snake":[20]},"card_choices":[{"not_picked":["Footwork","Backflip"],"picked":"Dagger Spray","floor":1.0},{"not_picked":["Deflect","Crippling Poison"],"picked":"Choke","floor":2.0},{"not_picked":["Backflip","Riddle With Holes"],"picked":"Escape Plan","floor":3.0},{"not_picked":["Heel Hook","Dodge and Roll"],"picked":"Dagger Spray","floor":4.0},{"not_picked":["Accuracy","Bane"],"picked":"Backstab","floor":6.0},{"not_picked":["Poisoned Stab","Flying Knee","Dagger Spray"],"picked":"SKIP","floor":8.0},{"not_picked":["Crippling Poison","Outmaneuver","Skewer"],"picked":"SKIP","floor":11.0},{"not_picked":["Eviscerate","Blur","Glass Knife"],"picked":"SKIP","floor":12.0}],"player_experience":407427,"relics_obtained":[{"floor":6.0,"key":"Bottled Lightning"},{"floor":9.0,"key":"Juzu Bracelet"},{"floor":11.0,"key":"CeramicFish"},{"floor":14.0,"key":"Odd Mushroom"}],"event_choices":[{"damage_healed":0.0,"max_hp_gain":0.0,"max_hp_loss":0.0,"gold_gain":0.0,"event_name":"Shining Light","player_choice":"Ignored","floor":7.0,"gold_loss":0.0,"damage_taken":0.0},{"damage_healed":0.0,"max_hp_gain":0.0,"max_hp_loss":0.0,"gold_gain":0.0,"event_name":"Mushrooms","player_choice":"Fought Mushrooms","floor":14.0,"gold_loss":0.0,"damage_taken":0.0}],"is_beta":false,"boss_relics":[],"items_purged_floors":[5],"is_endless":false,"potions_floor_spawned":[1,8,11,12],"killed_by":"Hexaghost","ascension_level":18}}