{"host":"krqozg1tp0zpuvz3","time":1610772210,"event":{"mods":["AchievementEnabler","BaseMod","Better Altar","Better Match","Better Note","Better Sensory Stone","Better Third Choice","BetterRewards","Colored Map","DeckTracker","Keyboard Shortcuts","Minty Spire (QoL Compilation)","Permanent Neow","Relic Stats","Shop Mod","StSLib","SuperFastMode"],"gold_per_floor":[113,129,29,29,29,29,56,56,56,56,56,56,66,101,101,206,206,224,224,24,43,43,43,77,96,96,96,122,122,122,122],"floor_reached":30,"language":"KOR","playtime":860,"items_purged":["Defend_P","Strike_P"],"score":374,"play_id":"60ba20c6-2400-445d-8174-91214e7a42e0","local_time":"20210116134330","is_ascension_mode":true,"campfire_choices":[{"data":"Adaptation","floor":6,"key":"SMITH"},{"data":"Eruption","floor":8,"key":"SMITH"},{"data":"Tantrum","floor":10,"key":"SMITH"},{"data":"Vigilance","floor":15,"key":"SMITH"},{"data":"DeusExMachina","floor":23,"key":"SMITH"},{"floor":27,"key":"REST"}],"circlet_count":0,"master_deck":["Strike_P","Strike_P","Defend_P+1","Defend_P","Defend_P+1","Eruption+1","Vigilance+1","Tantrum+1","Indignation+1","Adaptation+1","DeusExMachina+1","Adaptation+1","ClearTheMind","MentalFortress","ClearTheMind"],"relics":["PureWater","FossilizedHelix","Juzu Bracelet","Frozen Eye","Toy Ornithopter","Pear","Bag of Marbles","DollysMirror","War Paint","Gremlin Horn","Omamori"],"acts_visited":["Exordium","TheCity"],"potions_floor_usage":[7,7,16,18,28,29],"damage_taken":[{"damage":0,"enemies":"2 Louse","floor":1,"turns":1},{"damage":0,"enemies":"Small Slimes","floor":2,"turns":1},{"damage":7,"enemies":"Lagavulin","floor":7,"turns":6},{"damage":0,"enemies":"Cultist","floor":13,"turns":2},{"damage":0,"enemies":"Gremlin Nob","floor":14,"turns":2},{"damage":26,"enemies":"The Guardian","floor":16,"turns":6},{"damage":22,"enemies":"2 Thieves","floor":18,"turns":2},{"damage":0,"enemies":"Shell Parasite","floor":21,"turns":2},{"damage":26,"enemies":"Book of Stabbing","floor":24,"turns":3},{"damage":0,"enemies":"Snecko","floor":25,"turns":2},{"damage":56,"enemies":"Slavers","floor":28,"turns":5},{"damage":0,"enemies":"Shelled Parasite and Fungi","floor":29,"turns":1},{"damage":16,"enemies":"Snake Plant","floor":30,"turns":2}],"seed_played":"6115282107343833786","potions_obtained":[{"floor":11,"key":"BottledMiracle"},{"floor":11,"key":"Regen Potion"},{"floor":13,"key":"Fire Potion"},{"floor":16,"key":"BottledMiracle"},{"floor":25,"key":"Explosive Potion"},{"floor":28,"key":"SmokeBomb"}],"is_trial":false,"path_per_floor":["M","M","$","?","?","R","E","R","T","R","?","?","M","E","R","B",null,"M","?","$","M","?","R","E","M","T","R","E","M","M"],"character_chosen":"WATCHER","items_purchased":["Tantrum","Indignation","Juzu Bracelet","Frozen Eye","SpeedPotion","PowerPotion","Dexterity Potion","DollysMirror","ClearTheMind"],"campfire_rested":1,"item_purchase_floors":[0,0,0,0,0,0,0,20,20],"current_hp_per_floor":[40,40,40,64,64,64,57,57,67,67,67,67,67,67,67,58,76,59,59,59,59,59,59,33,33,33,57,6,11,0,0],"gold":122,"neow_bonus":"","is_daily":false,"chose_seed":false,"campfire_upgraded":5,"win_rate":0.0,"timestamp":1610772210,"path_taken":["M","M","$","?","?","R","E","R","T","R","?","?","M","E","R","BOSS","M","?","$","M","?","R","E","M","T","R","E","M","M"],"items_purchased_type":["Card","Card","Relic","Relic","Potion","Potion","Potion","Relic","Card"],"build_version":"2020-12-22","purchased_purges":2,"victory":false,"max_hp_per_floor":[72,72,72,72,72,72,72,72,82,82,82,82,82,82,82,82,82,82,82,82,82,82,82,82,82,82,82,82,82,82,82],"relic_stats":{"Gremlin Horn":[2,2],"counters":[207,599],"Juzu Bracelet":3,"War Paint":["Defend_P","Defend_P"],"obtain_stats":[{"Ice Cream":13,"Tiny House":17,"Gremlin Horn":26,"CeramicFish":43,"Vajra":38,"Ginger":48,"Bottled Tornado":10,"Boot":6,"Sling":0,"Sozu":17,"Blood Vial":0,"Lizard Tail":0,"HornCleat":30,"Sundial":22,"DollysMirror":0,"MealTicket":19,"Prayer Wheel":0,"VioletLotus":34,"HandDrill":0,"Kunai":42,"Toxic Egg 2":9,"Girya":36,"Pear":26,"Happy Flower":0,"Astrolabe":17,"Dead Branch":0,"Blue Candle":26,"Pen Nib":0,"Letter Opener":0,"War Paint":0,"Question Card":0,"Bottled Flame":43,"Shuriken":0,"Bird Faced Urn":0,"Unceasing Top":7,"Pocketwatch":0,"Darkstone Periapt":26,"Regal Pillow":42,"Lantern":20,"Torii":44,"Singing Bowl":9,"Melange":0,"Mango":9,"StoneCalendar":0,"Incense Burner":0,"Bag of Preparation":0,"Juzu Bracelet":42,"Cursed Key":34,"Frozen Eye":0,"Nunchaku":6,"Dream Catcher":36,"Gambling Chip":0,"WingedGreaves":0,"Red Mask":21,"InkBottle":9,"Golden Idol":3,"PreservedInsect":13,"betterThird:NestCultRelic":22,"Omamori":43,"Frozen Egg 2":24,"Orichalcum":9,"Odd Mushroom":10,"GoldenEye":0,"White Beast Statue":9,"Mercury Hourglass":9,"Peace Pipe":46,"Strange Spoon":48,"Cauldron":0,"Anchor":0,"CaptainsWheel":0,"Ornamental Fan":39,"Orrery":19,"HolyWater":34,"Turnip":41,"Bag of Marbles":0,"Coffee Dripper":34,"PureWater":0,"FossilizedHelix":11,"TungstenRod":0,"Toy Ornithopter":7},{"Ice Cream":66,"Tiny House":29,"Gremlin Horn":204,"CeramicFish":190,"Vajra":77,"Ginger":45,"Bottled Tornado":51,"Boot":89,"Sling":111,"Sozu":55,"Blood Vial":84,"Lizard Tail":84,"HornCleat":73,"Sundial":11,"DollysMirror":112,"MealTicket":68,"Prayer Wheel":116,"VioletLotus":132,"HandDrill":22,"Kunai":137,"Toxic Egg 2":120,"Girya":77,"Pear":13,"Happy Flower":58,"Astrolabe":8,"Dead Branch":22,"Blue Candle":71,"Pen Nib":22,"Letter Opener":162,"War Paint":116,"Question Card":107,"Bottled Flame":43,"Shuriken":46,"Bird Faced Urn":116,"Unceasing Top":51,"Pocketwatch":116,"Darkstone Periapt":97,"Regal Pillow":80,"Lantern":96,"Torii":81,"Singing Bowl":145,"Melange":16,"Mango":25,"StoneCalendar":84,"Incense Burner":16,"Bag of Preparation":22,"Juzu Bracelet":105,"Cursed Key":38,"Frozen Eye":194,"Nunchaku":25,"Dream Catcher":39,"Gambling Chip":22,"WingedGreaves":58,"Red Mask":31,"InkBottle":90,"Golden Idol":24,"PreservedInsect":53,"betterThird:NestCultRelic":161,"Omamori":80,"Frozen Egg 2":12,"Orichalcum":21,"Odd Mushroom":26,"GoldenEye":84,"White Beast Statue":5,"Mercury Hourglass":51,"Peace Pipe":44,"Strange Spoon":45,"Cauldron":116,"Anchor":141,"CaptainsWheel":148,"Ornamental Fan":102,"Orrery":56,"HolyWater":75,"Turnip":104,"Bag of Marbles":111,"Coffee Dripper":185,"PureWater":0,"FossilizedHelix":64,"TungstenRod":111,"Toy Ornithopter":197},{"Ice Cream":221,"Tiny House":95,"Gremlin Horn":591,"CeramicFish":559,"Vajra":253,"Ginger":133,"Bottled Tornado":162,"Boot":290,"Sling":332,"Sozu":180,"Blood Vial":274,"Lizard Tail":274,"HornCleat":241,"Sundial":35,"DollysMirror":333,"MealTicket":231,"Prayer Wheel":344,"VioletLotus":384,"HandDrill":74,"Kunai":391,"Toxic Egg 2":355,"Girya":253,"Pear":43,"Happy Flower":194,"Astrolabe":28,"Dead Branch":74,"Blue Candle":237,"Pen Nib":74,"Letter Opener":465,"War Paint":344,"Question Card":323,"Bottled Flame":128,"Shuriken":141,"Bird Faced Urn":344,"Unceasing Top":162,"Pocketwatch":344,"Darkstone Periapt":306,"Regal Pillow":263,"Lantern":305,"Torii":265,"Singing Bowl":405,"Melange":52,"Mango":80,"StoneCalendar":274,"Incense Burner":52,"Bag of Preparation":74,"Juzu Bracelet":319,"Cursed Key":117,"Frozen Eye":564,"Nunchaku":80,"Dream Catcher":120,"Gambling Chip":74,"WingedGreaves":194,"Red Mask":99,"InkBottle":292,"Golden Idol":77,"PreservedInsect":171,"betterThird:NestCultRelic":464,"Omamori":263,"Frozen Egg 2":39,"Orichalcum":73,"Odd Mushroom":82,"GoldenEye":274,"White Beast Statue":15,"Mercury Hourglass":162,"Peace Pipe":131,"Strange Spoon":133,"Cauldron":344,"Anchor":397,"CaptainsWheel":425,"Ornamental Fan":312,"Orrery":185,"HolyWater":249,"Turnip":316,"Bag of Marbles":332,"Coffee Dripper":547,"PureWater":0,"FossilizedHelix":213,"TungstenRod":332,"Toy Ornithopter":572}],"Toy Ornithopter":20},"card_choices":[{"not_picked":["CutThroughFate","FlurryOfBlows"],"picked":"Adaptation","floor":1},{"not_picked":["JustLucky","Consecrate","SandsOfTime"],"picked":"SKIP","floor":2},{"not_picked":["ConjureBlade","ReachHeaven","BowlingBash"],"picked":"SKIP","floor":7},{"not_picked":["WindmillStrike","ThirdEye","CrushJoints"],"picked":"SKIP","floor":13},{"not_picked":["Prostrate","Consecrate","Nirvana"],"picked":"SKIP","floor":14},{"not_picked":["DevaForm","Omniscience"],"picked":"DeusExMachina","floor":16},{"not_picked":["Crescendo","JustLucky","Tantrum"],"picked":"SKIP","floor":18},{"not_picked":["Halt","ForeignInfluence+1"],"picked":"MentalFortress","floor":21},{"not_picked":["SashWhip","BowlingBash+1","Protect"],"picked":"SKIP","floor":24},{"not_picked":["Worship","MentalFortress+1","EmptyFist"],"picked":"SKIP","floor":25},{"not_picked":["Consecrate+1","Tantrum"],"picked":"ClearTheMind","floor":28}],"player_experience":313316,"relics_obtained":[{"floor":7,"key":"Toy Ornithopter"},{"floor":9,"key":"Pear"},{"floor":14,"key":"Bag of Marbles"},{"floor":24,"key":"War Paint"},{"floor":26,"key":"Gremlin Horn"},{"floor":28,"key":"Omamori"}],"event_choices":[{"damage_healed":24,"gold_gain":0,"player_choice":"Banana","damage_taken":0,"max_hp_gain":0,"max_hp_loss":0,"event_name":"Big Fish","floor":4,"gold_loss":0},{"cards_removed":["Strike_P"],"damage_healed":0,"gold_gain":0,"player_choice":"Purged","damage_taken":0,"max_hp_gain":0,"max_hp_loss":0,"event_name":"Purifier","floor":5,"gold_loss":0},{"damage_healed":0,"gold_gain":0,"player_choice":"Got Potions","damage_taken":0,"max_hp_gain":0,"max_hp_loss":0,"event_name":"Lab","floor":11,"gold_loss":0},{"damage_healed":0,"gold_gain":0,"player_choice":"Forge","damage_taken":0,"max_hp_gain":0,"max_hp_loss":0,"event_name":"Accursed Blacksmith","floor":12,"gold_loss":0,"cards_upgraded":["Indignation"]},{"damage_healed":0,"gold_gain":2,"player_choice":"1","damage_taken":0,"max_hp_gain":0,"max_hp_loss":0,"event_name":"betterStone:BetterStone","floor":19,"gold_loss":0},{"damage_healed":0,"gold_gain":0,"player_choice":"Ignored","damage_taken":0,"max_hp_gain":0,"max_hp_loss":0,"event_name":"The Mausoleum","floor":22,"gold_loss":0}],"is_beta":false,"boss_relics":[{"not_picked":["Calling Bell","Runic Dome","Fusion Hammer"]}],"items_purged_floors":[0,3],"is_endless":false,"potions_floor_spawned":[13,14,16,25,28],"killed_by":"Snake Plant","ascension_level":5}}