{"host":"tjq6rykv202u6iqx","time":1610756271,"event":{"mods":["AchievementEnabler","BaseMod","Minty Spire (QoL Compilation)","Rare Cards Sparkle","Relic Stats"],"gold_per_floor":[115,129,204,479,51,51,86,104,104,104,132,148,163,163,163,259,259,279,4,21,21,21,21,56,66,92,92,125,141,154,170,170,268,268,280,280,107,125,142,142,169,169,218,218,218,249,265,298,298,298,298,298,29,56,56],"floor_reached":56,"language":"ENG","playtime":7582,"items_purged":["Regret","Strike_G","Strike_G","Catalyst"],"score":1669,"play_id":"7c5d4efb-3084-4dfc-9258-87d59ebbc1c2","local_time":"20210115181751","is_ascension_mode":true,"campfire_choices":[{"data":"Footwork","floor":6.0,"key":"SMITH"},{"data":"1","floor":10.0,"key":"LIFT"},{"data":"Night Terror","floor":15.0,"key":"SMITH"},{"data":"2","floor":23.0,"key":"LIFT"},{"data":"3","floor":27.0,"key":"LIFT"},{"data":"Malaise","floor":32.0,"key":"SMITH"},{"data":"Neutralize","floor":40.0,"key":"SMITH"},{"floor":42.0,"key":"RECALL"},{"data":"Prepared","floor":44.0,"key":"SMITH"},{"floor":49.0,"key":"REST"},{"data":"Dodge and Roll","floor":52.0,"key":"SMITH"}],"circlet_count":0,"master_deck":["Strike_G","Strike_G","Defend_G","Defend_G+1","Defend_G","Defend_G","Survivor","Neutralize+1","Backflip","Footwork+1","Underhanded Strike","Acrobatics","Night Terror+1","Prepared+1","Poisoned Stab","Malaise+1","Riddle With Holes+1","Riddle With Holes+1","PiercingWail","Dodge and Roll+1","Dark Shackles+1","Dark Shackles+1","Leg Sweep+1","Dodge and Roll+1","Terror","Flechettes+1"],"relics":["Ring of the Snake","Bronze Scales","ClockworkSouvenir","Girya","Mango","Vajra","Singing Bowl","Velvet Choker","DollysMirror","Centennial Puzzle","Pen Nib","Calipers","Runic Pyramid","Bottled Lightning","Smiling Mask","War Paint","Toy Ornithopter","Bag of Marbles"],"acts_visited":["Exordium","TheCity","TheBeyond","TheEnding"],"potions_floor_usage":[55,55,55],"damage_taken":[{"damage":0.0,"enemies":"2 Louse","floor":1.0,"turns":4.0},{"damage":2.0,"enemies":"Small Slimes","floor":2.0,"turns":5.0},{"damage":12.0,"enemies":"Lagavulin","floor":7.0,"turns":11.0},{"damage":2.0,"enemies":"Cultist","floor":8.0,"turns":4.0},{"damage":24.0,"enemies":"Gremlin Nob","floor":11.0,"turns":5.0},{"damage":0.0,"enemies":"Exordium Thugs","floor":12.0,"turns":5.0},{"damage":3.0,"enemies":"Looter","floor":13.0,"turns":2.0},{"damage":17.0,"enemies":"The Guardian","floor":16.0,"turns":13.0},{"damage":4.0,"enemies":"Shell Parasite","floor":18.0,"turns":6.0},{"damage":1.0,"enemies":"3 Byrds","floor":20.0,"turns":3.0},{"damage":10.0,"enemies":"Book of Stabbing","floor":24.0,"turns":5.0},{"damage":4.0,"enemies":"Snake Plant","floor":25.0,"turns":4.0},{"damage":12.0,"enemies":"Slavers","floor":28.0,"turns":4.0},{"damage":1.0,"enemies":"3 Cultists","floor":29.0,"turns":3.0},{"damage":3.0,"enemies":"Centurion and Healer","floor":30.0,"turns":2.0},{"damage":6.0,"enemies":"Cultist and Chosen","floor":31.0,"turns":4.0},{"damage":16.0,"enemies":"Automaton","floor":33.0,"turns":10.0},{"damage":4.0,"enemies":"3 Shapes","floor":35.0,"turns":6.0},{"damage":0.0,"enemies":"Orb Walker","floor":38.0,"turns":1.0},{"damage":0.0,"enemies":"Jaw Worm Horde","floor":39.0,"turns":5.0},{"damage":3.0,"enemies":"Reptomancer","floor":41.0,"turns":11.0},{"damage":8.0,"enemies":"Giant Head","floor":46.0,"turns":12.0},{"damage":4.0,"enemies":"Transient","floor":47.0,"turns":5.0},{"damage":10.0,"enemies":"Reptomancer","floor":48.0,"turns":9.0},{"damage":30.0,"enemies":"Awakened One","floor":50.0,"turns":26.0},{"damage":3,"enemies":"Shield and Spear","floor":54,"turns":11},{"damage":10,"enemies":"The Heart","floor":55,"turns":9}],"seed_played":"8682682591931619621","potions_obtained":[{"floor":1.0,"key":"Weak Potion"},{"floor":8.0,"key":"DuplicationPotion"},{"floor":11.0,"key":"DuplicationPotion"},{"floor":16.0,"key":"LiquidBronze"},{"floor":18.0,"key":"EssenceOfSteel"},{"floor":28.0,"key":"Fire Potion"},{"floor":31.0,"key":"SpeedPotion"}],"is_trial":false,"path_per_floor":["M","M","?","?","$","R","E","M","T","R","E","M","M","T","R","B",null,"M","$","M","?","?","R","E","M","T","R","E","M","M","M","R","B",null,"M","?","$","M","M","R","E","R","T","R","?","E","M","E","R","B",null,"R","$","E","B",null],"character_chosen":"THE_SILENT","items_purchased":["Bronze Scales","ClockworkSouvenir","Strength Potion","DollysMirror","PiercingWail","SteroidPotion","Terror","Toy Ornithopter"],"campfire_rested":1,"item_purchase_floors":[5,5,5,19,19,37,53,53],"current_hp_per_floor":[70,68,57,57,57,57,45,43,57,57,33,33,30,30,30,13,72,68,68,69,69,69,69,61,59,59,59,49,50,49,45,45,31,88,86,78,78,78,80,80,79,79,79,79,79,73,71,61,96,66,106,106,106,103,108],"gold":56,"neow_bonus":"TEN_PERCENT_HP_BONUS","is_daily":false,"chose_seed":false,"campfire_upgraded":6,"win_rate":0.0,"timestamp":1610756271,"path_taken":["M","M","?","?","$","R","E","M","T","R","E","?","M","?","R","BOSS","M","$","M","?","?","R","E","M","T","R","E","M","M","M","R","BOSS","M","?","$","M","M","R","E","R","T","R","?","E","M","E","R","BOSS","R","$","E","BOSS"],"items_purchased_type":["Relic","Relic","Potion","Relic","Card","Potion","Card","Relic"],"build_version":"2020-12-22","purchased_purges":4,"victory":true,"max_hp_per_floor":[77,77,77,77,77,77,77,77,91,91,91,91,91,91,91,91,91,91,91,93,93,93,93,95,97,97,97,99,101,103,105,105,107,107,109,111,111,111,113,113,115,115,115,115,115,117,119,119,119,119,119,119,119,119,119],"relic_stats":{"Centennial Puzzle":[42],"Singing Bowl":28,"counters":[27,185],"Bronze Scales":[724],"Pen Nib":[18],"War Paint":["Dark Shackles","Defend_G"],"Smiling Mask":100,"obtain_stats":[{"Girya":7,"Calipers":28,"Singing Bowl":14,"Vajra":11,"Velvet Choker":17,"Mango":9,"Pen Nib":26,"War Paint":48,"Smiling Mask":46,"ClockworkSouvenir":5,"Centennial Puzzle":24,"DollysMirror":19,"Bronze Scales":5,"Bag of Marbles":54,"Bottled Lightning":41,"Toy Ornithopter":53,"Ring of the Snake":0,"Runic Pyramid":34},{"Girya":3,"Calipers":13,"Singing Bowl":7,"Vajra":5,"Velvet Choker":8,"Mango":4,"Pen Nib":12,"War Paint":24,"Smiling Mask":22,"ClockworkSouvenir":2,"Centennial Puzzle":11,"DollysMirror":9,"Bronze Scales":2,"Bag of Marbles":26,"Bottled Lightning":21,"Toy Ornithopter":25,"Ring of the Snake":0,"Runic Pyramid":17},{"Girya":20,"Calipers":71,"Singing Bowl":36,"Vajra":29,"Velvet Choker":49,"Mango":24,"Pen Nib":67,"War Paint":139,"Smiling Mask":125,"ClockworkSouvenir":9,"Centennial Puzzle":63,"DollysMirror":55,"Bronze Scales":9,"Bag of Marbles":176,"Bottled Lightning":113,"Toy Ornithopter":165,"Ring of the Snake":0,"Runic Pyramid":90}],"Toy Ornithopter":15,"Ring of the Snake":[54]},"card_choices":[{"not_picked":["Well Laid Plans","Blade Dance"],"picked":"Backflip","floor":1.0},{"not_picked":["Sucker Punch","Prepared"],"picked":"Footwork","floor":2.0},{"not_picked":["Escape Plan","Deadly Poison"],"picked":"Underhanded Strike","floor":7.0},{"not_picked":["Flying Knee","Outmaneuver"],"picked":"Acrobatics","floor":8.0},{"not_picked":["Outmaneuver","Expertise"],"picked":"Night Terror","floor":11.0},{"not_picked":["Choke","Caltrops"],"picked":"Prepared","floor":12.0},{"not_picked":["Choke","Quick Slash"],"picked":"Poisoned Stab","floor":13.0},{"not_picked":["Tools of the Trade","Storm of Steel"],"picked":"Malaise","floor":16.0},{"not_picked":["Flying Knee","Catalyst"],"picked":"Riddle With Holes+1","floor":18.0},{"not_picked":["Choke+1","Eviscerate","Masterful Stab+1"],"picked":"Singing Bowl","floor":20.0},{"not_picked":["Predator","PiercingWail","Bouncing Flask+1"],"picked":"Singing Bowl","floor":24.0},{"not_picked":["Dodge and Roll","Caltrops+1","Slice"],"picked":"Singing Bowl","floor":25.0},{"not_picked":["Sucker Punch","Acrobatics","Endless Agony"],"picked":"Singing Bowl","floor":28.0},{"not_picked":["Finisher","Sucker Punch","Riddle With Holes"],"picked":"Singing Bowl","floor":29.0},{"not_picked":["Dagger Throw","Calculated Gamble","Acrobatics"],"picked":"Singing Bowl","floor":30.0},{"not_picked":["Skewer","Blade Dance+1","Heel Hook"],"picked":"Singing Bowl","floor":31.0},{"not_picked":["Glass Knife","Grand Finale","A Thousand Cuts"],"picked":"Singing Bowl","floor":33.0},{"not_picked":["Reflex+1","Dagger Throw","Bane+1"],"picked":"Singing Bowl","floor":35.0},{"not_picked":["Finesse","Sadistic Nature"],"picked":"Dark Shackles","floor":36.0},{"not_picked":["Jack Of All Trades","Bandage Up","Finesse"],"picked":"Singing Bowl","floor":36.0},{"not_picked":["Panacea","Discovery"],"picked":"Dark Shackles","floor":36.0},{"not_picked":["Bane+1","Blade Dance"],"picked":"Leg Sweep+1","floor":38.0},{"not_picked":["Underhanded Strike+1","Dagger Spray","PiercingWail"],"picked":"Singing Bowl","floor":39.0},{"not_picked":["Catalyst","Sucker Punch+1","Blade Dance"],"picked":"Singing Bowl","floor":41.0},{"not_picked":["Underhanded Strike+1","Catalyst+1","Quick Slash"],"picked":"Singing Bowl","floor":46.0},{"not_picked":["Deflect","Flying Knee+1","Skewer+1"],"picked":"Singing Bowl","floor":47.0},{"not_picked":["Choke","Infinite Blades"],"picked":"Dodge and Roll+1","floor":48.0},{"not_picked":["Setup","Terror"],"picked":"Flechettes+1","floor":54}],"player_experience":816238,"relics_obtained":[{"floor":7.0,"key":"Girya"},{"floor":9.0,"key":"Mango"},{"floor":11.0,"key":"Vajra"},{"floor":14.0,"key":"Singing Bowl"},{"floor":24.0,"key":"Centennial Puzzle"},{"floor":26.0,"key":"Pen Nib"},{"floor":28.0,"key":"Calipers"},{"floor":41.0,"key":"Bottled Lightning"},{"floor":46.0,"key":"Smiling Mask"},{"floor":48.0,"key":"War Paint"},{"floor":54,"key":"Bag of Marbles"}],"event_choices":[{"damage_healed":0.0,"max_hp_gain":0.0,"max_hp_loss":0.0,"gold_gain":75.0,"event_name":"World of Goop","player_choice":"Gather Gold","floor":3.0,"gold_loss":0.0,"damage_taken":11.0},{"damage_healed":0.0,"max_hp_gain":0.0,"max_hp_loss":0.0,"gold_gain":275.0,"event_name":"Golden Shrine","player_choice":"Desecrate","floor":4.0,"gold_loss":0.0,"damage_taken":0.0,"cards_obtained":["Regret"]},{"damage_healed":0.0,"max_hp_gain":0.0,"max_hp_loss":0.0,"gold_gain":0.0,"cards_transformed":["Defend_G","Strike_G"],"event_name":"Drug Dealer","player_choice":"Became Test Subject","floor":21.0,"gold_loss":0.0,"damage_taken":0.0,"cards_obtained":["Catalyst","Dodge and Roll"]},{"damage_healed":0.0,"max_hp_gain":0.0,"max_hp_loss":0.0,"gold_gain":0.0,"event_name":"Vampires","player_choice":"Ignored","floor":22.0,"gold_loss":0.0,"damage_taken":0.0},{"damage_healed":0.0,"max_hp_gain":0.0,"max_hp_loss":0.0,"gold_gain":0.0,"event_name":"SensoryStone","player_choice":"Memory 3","floor":36.0,"gold_loss":0.0,"damage_taken":10.0},{"damage_healed":0.0,"max_hp_gain":0.0,"max_hp_loss":0.0,"gold_gain":0.0,"event_name":"Accursed Blacksmith","player_choice":"Forge","floor":45.0,"gold_loss":0.0,"damage_taken":0.0,"cards_upgraded":["Dark Shackles"]}],"is_beta":false,"boss_relics":[{"not_picked":["Ectoplasm","WristBlade"],"picked":"Velvet Choker"},{"not_picked":["Sozu","Cursed Key"],"picked":"Runic Pyramid"}],"items_purged_floors":[5,19,37,53],"is_endless":false,"potions_floor_spawned":[1,8,11,16,18,20,28,31,38,41,54],"ascension_level":8}}