{"host":"sum4dy402bbv9y4o","time":1610798456,"event":{"mods":["Aspiration","BaseMod","Conspire","Highlight Path","Minty Spire (QoL Compilation)","StSLib"],"gold_per_floor":[109,127,143,24,39,73,89,101,101,26,61,78,78,78,78,157,157,175,175,175,189,114,114,141,158,158,158,168,168,168,168],"floor_reached":30,"language":"ENG","playtime":1256,"items_purged":["Strike_P"],"score":674,"play_id":"13a30e37-9f2f-4f57-b228-99c18e7230bc","local_time":"20210116150056","is_ascension_mode":true,"campfire_choices":[{"floor":13,"key":"REST"},{"data":"Eruption","floor":15,"key":"SMITH"},{"data":"TalkToTheHand","floor":23,"key":"SMITH"},{"floor":27,"key":"REST"},{"data":"Wallop","floor":29,"key":"SMITH"}],"circlet_count":0,"master_deck":["AscendersBane","Eruption+1","Vigilance","CrushJoints","BowlingBash","Wallop+1","InnerPeace","FlurryOfBlows","Consecrate","Conclude","EmptyBody","EmptyBody","Consecrate","Conclude","Evaluate","TalkToTheHand+1","CutThroughFate","Omniscience","Halt+1","EmptyFist+1","JustLucky+1"],"relics":["PureWater","aspiration:Nostalgia","Burning Blood","PreservedInsect","conspire:BottledYoYo","Incense Burner","Pandora\u0027s Box","Sundial","Question Card"],"acts_visited":["Exordium","TheCity"],"potions_floor_usage":[16],"damage_taken":[{"damage":7,"enemies":"Cultist","floor":1,"turns":3},{"damage":0,"enemies":"Jaw Worm","floor":2,"turns":3},{"damage":6,"enemies":"Small Slimes","floor":3,"turns":3},{"damage":14,"enemies":"Exordium Thugs","floor":5,"turns":5},{"damage":27,"enemies":"3 Sentries","floor":6,"turns":9},{"damage":16,"enemies":"Exordium Wildlife","floor":7,"turns":3},{"damage":6,"enemies":"Blue Slaver","floor":8,"turns":3},{"damage":11,"enemies":"Gremlin Nob","floor":11,"turns":3},{"damage":0,"enemies":"3 Louse","floor":12,"turns":2},{"damage":0,"enemies":"Slime Boss","floor":16,"turns":5},{"damage":15,"enemies":"Spheric Guardian","floor":18,"turns":4},{"damage":0,"enemies":"conspire:FuzzyDice","floor":21,"turns":5},{"damage":0,"enemies":"Gremlin Leader","floor":24,"turns":5},{"damage":44,"enemies":"Snecko","floor":25,"turns":8},{"damage":26,"enemies":"Snake Plant","floor":28,"turns":6},{"damage":35,"enemies":"Sentry and Sphere","floor":30,"turns":4}],"seed_played":"-454219004990458411","potions_obtained":[{"floor":1,"key":"CultistPotion"},{"floor":7,"key":"Block Potion"},{"floor":8,"key":"PowerPotion"},{"floor":21,"key":"LiquidBronze"}],"is_trial":false,"path_per_floor":["M","M","M","$","M","E","M","M","T","$","E","M","R","?","R","B",null,"M","?","?","M","?","R","E","M","T","R","M","R","M"],"character_chosen":"WATCHER","items_purchased":["Wallop","InnerPeace"],"campfire_rested":2,"item_purchase_floors":[4,4],"current_hp_per_floor":[60,66,66,66,58,37,27,27,27,27,22,28,48,48,48,54,65,56,52,66,68,68,68,68,30,30,50,30,30,0,0],"gold":168,"neow_bonus":"NOSTALGIA","is_daily":false,"chose_seed":false,"campfire_upgraded":3,"win_rate":0.0,"timestamp":1610798456,"path_taken":["M","M","M","$","?","E","M","M","T","$","E","M","R","?","R","BOSS","M","?","?","?","?","R","E","M","T","R","M","R","M"],"items_purchased_type":["Card","Card"],"build_version":"2020-12-22","purchased_purges":1,"victory":false,"max_hp_per_floor":[68,68,68,68,68,68,68,68,68,68,68,68,68,68,68,68,68,68,68,68,68,68,68,68,68,68,68,68,68,68,68],"card_choices":[{"not_picked":["Collect","ClearTheMind"],"picked":"JustLucky","floor":1},{"not_picked":["ForeignInfluence","Nirvana"],"picked":"CrushJoints","floor":2},{"not_picked":["JustLucky","ThirdEye"],"picked":"BowlingBash","floor":3},{"not_picked":["Prostrate","SandsOfTime"],"picked":"FlurryOfBlows","floor":5},{"not_picked":["Protect","FollowUp"],"picked":"Consecrate","floor":6},{"not_picked":["FlyingSleeves","WaveOfTheHand"],"picked":"Conclude","floor":7},{"not_picked":["Collect","SashWhip"],"picked":"EmptyBody","floor":8},{"not_picked":["Omniscience","ConjureBlade","CrushJoints"],"picked":"SKIP","floor":11},{"not_picked":["Indignation","Prostrate","PathToVictory"],"picked":"SKIP","floor":12},{"not_picked":["Conclude","Prostrate"],"picked":"Halt+1","floor":18},{"not_picked":["JustLucky","Indignation","FlyingSleeves"],"picked":"SKIP","floor":21},{"not_picked":["SashWhip","InnerPeace","WreathOfFlame"],"picked":"SKIP","floor":24},{"not_picked":["CutThroughFate","Crescendo"],"picked":"EmptyFist+1","floor":25},{"not_picked":["Vengeance","Worship","WreathOfFlame"],"picked":"JustLucky+1","floor":28}],"player_experience":2944179,"relics_obtained":[{"floor":6,"key":"PreservedInsect"},{"floor":9,"key":"conspire:BottledYoYo"},{"floor":11,"key":"Incense Burner"},{"floor":24,"key":"Sundial"},{"floor":26,"key":"Question Card"}],"event_choices":[{"damage_healed":0,"gold_gain":0,"player_choice":"Got Potions","damage_taken":0,"max_hp_gain":0,"max_hp_loss":0,"event_name":"Lab","floor":14,"gold_loss":0},{"damage_healed":0,"gold_gain":0,"player_choice":"Leave","damage_taken":0,"max_hp_gain":0,"max_hp_loss":0,"event_name":"conspire:Investor","floor":19,"gold_loss":0},{"damage_healed":14,"gold_gain":0,"player_choice":"Heal","damage_taken":0,"max_hp_gain":0,"max_hp_loss":0,"event_name":"The Library","floor":20,"gold_loss":0},{"cards_removed":["JustLucky"],"damage_healed":0,"gold_gain":0,"player_choice":"Gave Gold","damage_taken":0,"max_hp_gain":0,"max_hp_loss":0,"event_name":"Beggar","floor":22,"gold_loss":75}],"is_beta":false,"boss_relics":[{"not_picked":["Philosopher\u0027s Stone","conspire:RoyalGoblet"],"picked":"Pandora\u0027s Box"}],"items_purged_floors":[10],"is_endless":false,"potions_floor_spawned":[1,7,8,12,21,25],"killed_by":"Sentry and Sphere","ascension_level":20}}