{"host":"dm4yvegl9um2tlqd","time":1610773173,"event":{"mods":["2.2 Compatiblity","AchievementEnabler","BaseMod","Colored Map","DeckTracker","Highlight Path","KOR Keyword Fix","Keyboard Shortcuts","Minty Spire (QoL Compilation)","Permanent Neow","Quick Restart","Random Character Button","StSLib","SuperFastMode","everything is the same but u backflip on backflip"],"gold_per_floor":[117,130,130,80,2,2,29,29,29,44,44,73,89,101,101,199,199,209,134,159,84,84,84,111,111,111,111,145,54,54,66,66,165,165,165,115,127,142,155,155,171,121,202,202,228,239,272,287,287,287],"floor_reached":51,"language":"KOR","playtime":2542,"items_purged":["Strike_G","Strike_G","Strike_G+1","Defend_G"],"score":1026,"play_id":"f7127cad-01d1-4ed0-9014-dd675ddf8e27","local_time":"20210116135933","is_ascension_mode":true,"campfire_choices":[{"data":"Deep Breath","floor":6.0,"key":"SMITH"},{"data":"Eviscerate","floor":8.0,"key":"SMITH"},{"floor":11.0,"key":"REST"},{"floor":15.0,"key":"REST"},{"data":"Reflex","floor":23.0,"key":"SMITH"},{"data":"Acrobatics","floor":25.0,"key":"SMITH"},{"data":"Footwork","floor":27.0,"key":"SMITH"},{"data":"Prepared","floor":30.0,"key":"SMITH"},{"data":"Prepared","floor":32.0,"key":"SMITH"},{"data":"After Image","floor":40,"key":"SMITH"},{"data":"Burst","floor":44,"key":"SMITH"},{"data":"Escape Plan","floor":49,"key":"SMITH"}],"circlet_count":0,"master_deck":["Defend_G+1","Defend_G","Defend_G","Defend_G","Survivor","Neutralize+1","Deep Breath+1","Acrobatics+1","Dagger Throw+1","Eviscerate+1","Reflex+1","Footwork+1","Adrenaline+1","Acrobatics+1","Prepared+1","Prepared+1","Burst+1","Choke+1","After Image+1","Escape Plan+1"],"relics":["Ring of the Snake","MealTicket","Bottled Lightning","Matryoshka","HoveringKite","Red Mask","War Paint","Smiling Mask","Anchor","MawBank","Sozu","Dream Catcher","White Beast Statue","Whetstone","Omamori"],"acts_visited":["Exordium","TheCity","TheBeyond"],"potions_floor_usage":[37,50],"damage_taken":[{"damage":5.0,"enemies":"2 Louse","floor":1.0,"turns":5.0},{"damage":1.0,"enemies":"Jaw Worm","floor":2.0,"turns":7.0},{"damage":25.0,"enemies":"Gremlin Nob","floor":7.0,"turns":4.0},{"damage":0.0,"enemies":"Cultist","floor":10.0,"turns":2.0},{"damage":8.0,"enemies":"Lagavulin","floor":12.0,"turns":6.0},{"damage":0.0,"enemies":"Blue Slaver","floor":13.0,"turns":6.0},{"damage":0.0,"enemies":"Large Slime","floor":14.0,"turns":3.0},{"damage":33.0,"enemies":"Hexaghost","floor":16.0,"turns":9.0},{"damage":0.0,"enemies":"Chosen","floor":18.0,"turns":4.0},{"damage":1.0,"enemies":"Masked Bandits","floor":20.0,"turns":3.0},{"damage":3.0,"enemies":"Slavers","floor":24.0,"turns":8.0},{"damage":4.0,"enemies":"Book of Stabbing","floor":28.0,"turns":6.0},{"damage":0.0,"enemies":"2 Thieves","floor":31.0,"turns":1.0},{"damage":49.0,"enemies":"Automaton","floor":33.0,"turns":6.0},{"damage":0.0,"enemies":"Orb Walker","floor":35.0,"turns":1.0},{"damage":8,"enemies":"3 Shapes","floor":37,"turns":4},{"damage":0,"enemies":"Writhing Mass","floor":38,"turns":2},{"damage":0,"enemies":"Jaw Worm Horde","floor":39,"turns":2},{"damage":0,"enemies":"Maw","floor":41,"turns":3},{"damage":0,"enemies":"Sphere and 2 Shapes","floor":46,"turns":3},{"damage":0,"enemies":"Reptomancer","floor":47,"turns":1},{"damage":0,"enemies":"3 Darklings","floor":48,"turns":2},{"damage":17,"enemies":"Awakened One","floor":50,"turns":4}],"seed_played":"3921422011900230626","potions_obtained":[{"floor":1.0,"key":"GamblersBrew"},{"floor":10.0,"key":"SkillPotion"},{"floor":14.0,"key":"CultistPotion"},{"floor":18.0,"key":"GamblersBrew"},{"floor":20.0,"key":"PowerPotion"},{"floor":22.0,"key":"GhostInAJar"}],"is_trial":false,"path_per_floor":["M","M","?","?","$","R","E","R","T","M","R","E","M","M","R","B",null,"M","?","?","$","?","R","E","R","T","R","E","$","R","M","R","B",null,"M","$","M","M","M","R","M","$","T","R","T","M","E","M","R","B",null],"character_chosen":"THE_SILENT","items_purchased":["Eviscerate","Prepared"],"campfire_rested":2,"item_purchase_floors":[5,29],"current_hp_per_floor":[58,57,43,43,43,43,18,18,18,18,39,31,31,31,52,19,57,57,57,56,70,70,70,67,67,67,67,63,70,70,70,70,21,58,58,70,62,62,62,62,62,70,70,70,70,70,70,70,70,53],"gold":287,"neow_bonus":"RANDOM_COLORLESS","is_daily":false,"chose_seed":false,"campfire_upgraded":10,"win_rate":0.0,"timestamp":1610773173,"path_taken":["M","M","?","?","?","R","E","R","T","M","R","E","?","M","R","BOSS","M","?","?","$","?","R","E","R","T","R","E","$","R","?","R","BOSS","M","?","M","?","?","R","M","$","T","R","?","M","E","M","R","BOSS"],"items_purchased_type":["Card","Card"],"build_version":"2020-12-22","purchased_purges":4,"victory":true,"max_hp_per_floor":[70,70,70,70,70,70,70,70,70,70,70,70,70,70,70,70,70,70,70,70,70,70,70,70,70,70,70,70,70,70,70,70,70,70,70,70,70,70,70,70,70,70,70,70,70,70,70,70,70,70],"card_choices":[{"not_picked":["Mind Blast","Impatience"],"picked":"Deep Breath","floor":0.0},{"not_picked":["Blur","Flechettes"],"picked":"Acrobatics","floor":1.0},{"not_picked":["Underhanded Strike","Cloak And Dagger"],"picked":"Dagger Throw","floor":2.0},{"not_picked":["Dagger Throw","Endless Agony"],"picked":"Reflex","floor":7.0},{"not_picked":["Dagger Throw","Eviscerate"],"picked":"Footwork","floor":10.0},{"not_picked":["Deflect","Underhanded Strike","PiercingWail"],"picked":"SKIP","floor":12.0},{"not_picked":["Deadly Poison","Sucker Punch","Flying Knee"],"picked":"SKIP","floor":13.0},{"not_picked":["Cloak And Dagger","Quick Slash","Backflip"],"picked":"SKIP","floor":14.0},{"not_picked":["Wraith Form v2","Storm of Steel"],"picked":"Adrenaline","floor":16.0},{"not_picked":["Cloak And Dagger","Poisoned Stab"],"picked":"Acrobatics","floor":18.0},{"not_picked":["Dagger Spray","Bane","Blade Dance"],"picked":"SKIP","floor":24.0},{"not_picked":["Deflect","Deadly Poison+1"],"picked":"Prepared","floor":28.0},{"not_picked":["Venomology","Slice","Deflect"],"picked":"SKIP","floor":31.0},{"not_picked":["Grand Finale","Storm of Steel"],"picked":"Burst","floor":33.0},{"not_picked":["Dagger Spray","Cloak And Dagger+1","Expertise+1"],"picked":"SKIP","floor":35},{"not_picked":["Slice+1","Dagger Throw"],"picked":"Choke+1","floor":37},{"not_picked":["Bane","Acrobatics"],"picked":"After Image","floor":38},{"not_picked":["Catalyst","Caltrops"],"picked":"Escape Plan","floor":39},{"not_picked":["Reflex","Skewer","Well Laid Plans+1"],"picked":"SKIP","floor":41},{"not_picked":["Dagger Throw","Blur","Blade Dance"],"picked":"SKIP","floor":46},{"not_picked":["Catalyst+1","Acrobatics","Riddle With Holes"],"picked":"SKIP","floor":47},{"not_picked":["Dagger Spray+1","Expertise+1","Leg Sweep"],"picked":"SKIP","floor":48}],"player_experience":55948,"relics_obtained":[{"floor":7.0,"key":"MealTicket"},{"floor":9.0,"key":"Bottled Lightning"},{"floor":12.0,"key":"Matryoshka"},{"floor":20.0,"key":"Red Mask"},{"floor":24.0,"key":"War Paint"},{"floor":26.0,"key":"Smiling Mask"},{"floor":26.0,"key":"Anchor"},{"floor":28.0,"key":"MawBank"},{"floor":43,"key":"Dream Catcher"},{"floor":43,"key":"White Beast Statue"},{"floor":45,"key":"Whetstone"},{"floor":47,"key":"Omamori"}],"event_choices":[{"damage_healed":0.0,"max_hp_gain":0.0,"max_hp_loss":0.0,"gold_gain":0.0,"event_name":"Shining Light","player_choice":"Entered Light","floor":3.0,"gold_loss":0.0,"damage_taken":14.0,"cards_upgraded":["Strike_G","Acrobatics"]},{"cards_removed":["Strike_G"],"damage_healed":0.0,"max_hp_gain":0.0,"max_hp_loss":0.0,"gold_gain":0.0,"event_name":"The Cleric","player_choice":"Card Removal","floor":4.0,"gold_loss":50.0,"damage_taken":0.0},{"cards_removed":["Strike_G"],"damage_healed":0.0,"max_hp_gain":0.0,"max_hp_loss":0.0,"gold_gain":0.0,"event_name":"Beggar","player_choice":"Gave Gold","floor":19.0,"gold_loss":75.0,"damage_taken":0.0},{"damage_healed":0.0,"max_hp_gain":0.0,"max_hp_loss":0.0,"gold_gain":0.0,"event_name":"Masked Bandits","player_choice":"Fought Bandits","floor":20.0,"gold_loss":0.0,"damage_taken":0.0},{"damage_healed":0.0,"max_hp_gain":0.0,"max_hp_loss":0.0,"gold_gain":0.0,"event_name":"Lab","player_choice":"Got Potions","floor":22.0,"gold_loss":0.0,"damage_taken":0.0}],"is_beta":false,"boss_relics":[{"not_picked":["Runic Dome","Ectoplasm"],"picked":"HoveringKite"},{"not_picked":["Runic Pyramid","Black Star"],"picked":"Sozu"}],"items_purged_floors":[21,29,36,42],"is_endless":false,"potions_floor_spawned":[1,10,14,18,20,41,46,47,48],"ascension_level":7}}