{"host":"tf5skwcwe0vlu2md","time":1610806542,"event":{"mods":["BaseMod","Downfall","Highlight Path","Minty Spire (QoL Compilation)","StSLib","The Hierophant"],"gold_per_floor":[99,110,111,85,160,160,134,147,147,147,147,144,169,169,169,157,157,147,142,111,113,113,111,111,111,111,123,131,131,154,117,117,161,161,121,121,145,145,145,145],"floor_reached":39,"playtime":3278,"items_purged":[],"score":629,"play_id":"f68dcd17-5da1-4791-b39e-07f21c0814cb","local_time":"20210117011542","is_ascension_mode":false,"campfire_choices":[{"data":"hierophant:Glossolalia","floor":6,"key":"SMITH"},{"data":"hierophant:ChurchCoffers","floor":15,"key":"SMITH"},{"data":"hierophant:FlamingChariot","floor":24,"key":"SMITH"},{"floor":32,"key":"REST"}],"circlet_count":0,"master_deck":["hierophant:Strike_Hierophant+1","hierophant:Strike_Hierophant+1","hierophant:Strike_Hierophant+1","hierophant:Strike_Hierophant+1","hierophant:Punish+1","hierophant:Defend_Hierophant+1","hierophant:Defend_Hierophant+1","hierophant:Defend_Hierophant+1","hierophant:Defend_Hierophant+1","hierophant:ChurchCoffers+1","hierophant:Encroach+1","hierophant:Glossolalia+1","hierophant:SolarFlare+1","hierophant:Shelter+1","hierophant:Patience+1","hierophant:DivineIntervention+1","hierophant:MorningPrayer+1","hierophant:Smite+1","hierophant:FlamingChariot+1","hierophant:Anathema+1","hierophant:FieryStrike+1","hierophant:SealAway+1","hierophant:PassingBell+1","hierophant:Zeal+1","hierophant:HammerAndAnvil+1","hierophant:TollTheBells+1","hierophant:OrnateBuckler+1","hierophant:Chorus+1","hierophant:Invocation+1","hierophant:Embezzle+1","hierophant:OrnateBuckler+1"],"relics":["hierophant:PropheticMaskRelic","Strawberry","Philosopher\u0027s Stone","InkBottle","Omamori","MutagenicStrength","Question Card","Coffee Dripper","Mark of the Bloom"],"acts_visited":["Exordium","TheCity","TheBeyond"],"potions_floor_usage":[11,13,20,21,21,28],"damage_taken":[{"damage":5,"enemies":"Jaw Worm","floor":1,"turns":5},{"damage":3,"enemies":"2 Louse","floor":2,"turns":2},{"damage":15,"enemies":"Small Slimes","floor":3,"turns":3},{"damage":2,"enemies":"Blue Slaver","floor":4,"turns":2},{"damage":0,"enemies":"3 Louse","floor":7,"turns":4},{"damage":5,"enemies":"2 Fungi Beasts","floor":8,"turns":5},{"damage":0,"enemies":"Exordium Wildlife","floor":11,"turns":2},{"damage":8,"enemies":"Red Slaver","floor":12,"turns":4},{"damage":0,"enemies":"Gremlin Nob","floor":13,"turns":2},{"damage":22,"enemies":"The Guardian","floor":16,"turns":6},{"damage":0,"enemies":"Chosen","floor":18,"turns":2},{"damage":0,"enemies":"Shell Parasite","floor":19,"turns":2},{"damage":32,"enemies":"Centurion and Healer","floor":20,"turns":4},{"damage":4,"enemies":"Shelled Parasite and Fungi","floor":21,"turns":5},{"damage":7,"enemies":"Snake Plant","floor":23,"turns":4},{"damage":0,"enemies":"Sentry and Sphere","floor":27,"turns":2},{"damage":36,"enemies":"Slavers","floor":28,"turns":3},{"damage":7,"enemies":"Snecko","floor":30,"turns":3},{"damage":56,"enemies":"Gremlin Leader","floor":31,"turns":5},{"damage":36,"enemies":"Collector","floor":33,"turns":9},{"damage":59,"enemies":"3 Darklings","floor":35,"turns":3},{"damage":11,"enemies":"Orb Walker","floor":37,"turns":2},{"damage":30,"enemies":"4 Shapes","floor":39,"turns":3}],"seed_played":"7924145313447993282","potions_obtained":[{"floor":3,"key":"DistilledChaos"},{"floor":4,"key":"Energy Potion"},{"floor":8,"key":"Fire Potion"},{"floor":13,"key":"ColorlessPotion"},{"floor":18,"key":"Weak Potion"},{"floor":20,"key":"FairyPotion"},{"floor":21,"key":"SkillPotion"},{"floor":31,"key":"Ancient Potion"}],"is_trial":false,"path_per_floor":["M","M","M","M","?","R","M","M","T","?","M","M","E","?","R","B",null,"M","M","M","M","?","M","R","?","T","M","E","?","M","E","R","B",null,"M","?","M","$","M"],"character_chosen":"HIEROPHANT","items_purchased":[],"campfire_rested":1,"item_purchase_floors":[],"current_hp_per_floor":[77,74,59,57,46,46,46,41,41,25,25,17,24,29,29,7,94,94,94,62,58,89,82,82,82,82,82,46,46,39,15,43,7,94,35,35,24,24,0,0],"gold":145,"neow_bonus":"TEN_PERCENT_HP_BONUS","is_daily":false,"chose_seed":false,"campfire_upgraded":3,"win_rate":0.0,"timestamp":1610806542,"path_taken":["M","M","M","M","?","R","M","M","T","?","M","M","E","?","R","BOSS","M","M","M","M","?","M","R","?","T","M","E","?","?","E","R","BOSS","M","?","M","$","M"],"items_purchased_type":[],"build_version":"2020-12-13","purchased_purges":0,"victory":false,"max_hp_per_floor":[82,82,82,82,82,82,82,82,82,82,82,82,89,94,94,94,94,94,94,94,94,94,94,94,94,94,94,94,94,94,94,94,94,94,94,94,94,94,94,94],"card_choices":[{"not_picked":["hierophant:AuricBeam","hierophant:Charity"],"picked":"hierophant:Encroach","floor":1},{"not_picked":["hierophant:Martyrdom","hierophant:Doubloon"],"picked":"hierophant:Glossolalia","floor":2},{"not_picked":["hierophant:Flagellation","hierophant:OrnateBuckler"],"picked":"hierophant:SolarFlare","floor":3},{"not_picked":["hierophant:MorningPrayer","hierophant:Remorse"],"picked":"hierophant:Shelter","floor":4},{"not_picked":["hierophant:OrnateBuckler","hierophant:Remorse"],"picked":"hierophant:Patience","floor":7},{"not_picked":["hierophant:Doomsaying","hierophant:Shelter"],"picked":"hierophant:DivineIntervention","floor":8},{"not_picked":["hierophant:SolarFlare","hierophant:HolyVerse"],"picked":"hierophant:MorningPrayer","floor":11},{"not_picked":["hierophant:HolyVerse","hierophant:FaithHealing"],"picked":"hierophant:Smite","floor":12},{"not_picked":["hierophant:ConvertCurrency","hierophant:SolarFlare"],"picked":"hierophant:FlamingChariot","floor":13},{"not_picked":["hierophant:DeathKnell","hierophant:WrathOfGod"],"picked":"hierophant:Anathema","floor":16},{"not_picked":["hierophant:Sermon","hierophant:RustyCrate"],"picked":"hierophant:FieryStrike+1","floor":18},{"not_picked":["hierophant:Remorse+1","hierophant:FlamingChariot"],"picked":"hierophant:SealAway","floor":19},{"not_picked":["hierophant:Purify","hierophant:FlamingChariot"],"picked":"hierophant:PassingBell","floor":20},{"not_picked":["hierophant:CursedGold+1","hierophant:MorningPrayer"],"picked":"hierophant:Zeal+1","floor":21},{"not_picked":["hierophant:Purify","hierophant:Shelter"],"picked":"hierophant:HammerAndAnvil+1","floor":23},{"not_picked":["hierophant:AuricForm","hierophant:Bribe+1"],"picked":"hierophant:TollTheBells","floor":27},{"not_picked":["hierophant:Doomsaying+1","hierophant:Dazzle"],"picked":"hierophant:OrnateBuckler+1","floor":28},{"not_picked":["hierophant:OrnateJavelin","hierophant:Zeal","hierophant:RustyCrate"],"picked":"SKIP","floor":30},{"not_picked":["hierophant:Purify","hierophant:MorningPrayer"],"picked":"hierophant:Chorus","floor":31},{"not_picked":["hierophant:Cornucopia","hierophant:DivineIntervention","hierophant:Levitation"],"picked":"hierophant:Invocation","floor":33},{"not_picked":["hierophant:HammerAndAnvil","hierophant:RepressedViolence","hierophant:Charity+1"],"picked":"hierophant:Embezzle","floor":35},{"not_picked":["hierophant:Purify+1","hierophant:DeathKnell","hierophant:RepressedViolence+1"],"picked":"hierophant:OrnateBuckler+1","floor":37}],"player_experience":199153,"relics_obtained":[{"floor":13,"key":"Strawberry"},{"floor":26,"key":"InkBottle"},{"floor":28,"key":"Omamori"},{"floor":31,"key":"Question Card"}],"event_choices":[{"damage_healed":0,"gold_gain":75,"player_choice":"Gather Gold","damage_taken":11,"max_hp_gain":0,"max_hp_loss":0,"event_name":"World of Goop","floor":5,"gold_loss":0},{"damage_healed":0,"gold_gain":0,"player_choice":"Entered Light","damage_taken":16,"max_hp_gain":0,"max_hp_loss":0,"event_name":"Shining Light","floor":10,"gold_loss":0,"cards_upgraded":["hierophant:Defend_Hierophant","hierophant:DivineIntervention"]},{"damage_healed":0,"gold_gain":0,"player_choice":"Donut","damage_taken":0,"max_hp_gain":5,"max_hp_loss":0,"event_name":"Big Fish","floor":14,"gold_loss":0},{"damage_healed":31,"gold_gain":0,"player_choice":"Heal","damage_taken":0,"max_hp_gain":0,"max_hp_loss":0,"event_name":"The Library","floor":22,"gold_loss":0},{"damage_healed":0,"gold_gain":0,"player_choice":"Ignored","damage_taken":0,"max_hp_gain":0,"max_hp_loss":0,"event_name":"Beggar","floor":25,"gold_loss":0},{"damage_healed":0,"gold_gain":0,"player_choice":"Inject Mutagens","damage_taken":0,"relics_obtained":["MutagenicStrength"],"max_hp_gain":0,"max_hp_loss":0,"event_name":"Drug Dealer","floor":29,"gold_loss":0},{"damage_healed":0,"gold_gain":0,"player_choice":"Upgrade","damage_taken":0,"relics_obtained":["Mark of the Bloom"],"max_hp_gain":0,"max_hp_loss":0,"event_name":"MindBloom","floor":36,"gold_loss":0,"cards_upgraded":["hierophant:Strike_Hierophant","hierophant:Strike_Hierophant","hierophant:Strike_Hierophant","hierophant:Strike_Hierophant","hierophant:Punish","hierophant:Defend_Hierophant","hierophant:Defend_Hierophant","hierophant:Defend_Hierophant","hierophant:Encroach","hierophant:SolarFlare","hierophant:Shelter","hierophant:Patience","hierophant:MorningPrayer","hierophant:Smite","hierophant:Anathema","hierophant:SealAway","hierophant:PassingBell","hierophant:TollTheBells","hierophant:Chorus","hierophant:Invocation","hierophant:Embezzle"]}],"is_beta":false,"boss_relics":[{"not_picked":["Cursed Key","Pandora\u0027s Box"],"picked":"Philosopher\u0027s Stone"},{"not_picked":["Sozu","Velvet Choker"],"picked":"Coffee Dripper"}],"items_purged_floors":[],"is_endless":false,"potions_floor_spawned":[3,4,8,13,18,20,21,31],"killed_by":"4 Shapes","ascension_level":0}}