{"host":"tpad8qsc9e0g0pa5","time":1610798102,"event":{"mods":["BaseMod","Minty Spire (QoL Compilation)","Quick Restart","StSLib","The Cursed"],"gold_per_floor":[359,359,534,45,45,45,70,82,106,206,29,64,64,82,82,181,181,192,192,192,192],"floor_reached":20,"language":"ZHS","playtime":890,"items_purged":["Doubt","Defend_P"],"score":244,"play_id":"b64c5957-0f4e-40c0-ae80-20c8c8f746c5","local_time":"20210116195502","is_ascension_mode":true,"campfire_choices":[{"floor":6,"key":"REST"},{"floor":13,"key":"REST"},{"floor":15,"key":"REST"}],"circlet_count":0,"master_deck":["Eruption+1","Vigilance","Mayhem","Purity","Battle Trance","TheCursedMod:FuryStrike","ForeignInfluence","MentalFortress","TheCursedMod:Obscuration","Alpha","Protect","SashWhip","Wireheading","DevaForm","Swivel","CarveReality","Study","Alpha"],"relics":["PureWater","PrismaticShard","Calipers","Mercury Hourglass","Toy Ornithopter","Ornamental Fan","Pandora\u0027s Box"],"acts_visited":["Exordium","TheCity"],"potions_floor_usage":[18],"damage_taken":[{"damage":7,"enemies":"Cultist","floor":1,"turns":3},{"damage":32,"enemies":"3 Sentries","floor":7,"turns":9},{"damage":0,"enemies":"Small Slimes","floor":8,"turns":2},{"damage":0,"enemies":"Lagavulin","floor":12,"turns":3},{"damage":0,"enemies":"2 Louse","floor":14,"turns":1},{"damage":34,"enemies":"The Guardian","floor":16,"turns":9},{"damage":0,"enemies":"Chosen","floor":18,"turns":4},{"damage":18,"enemies":"Shell Parasite","floor":20,"turns":6}],"seed_played":"6149875703442179949","potions_obtained":[{"floor":7,"key":"Block Potion"}],"is_trial":false,"path_per_floor":["M","?","?","$","?","R","E","M","T","?","$","E","R","M","R","B",null,"M","?","M"],"character_chosen":"WATCHER","items_purchased":["Mayhem","Purity","PrismaticShard","ForeignInfluence"],"campfire_rested":3,"item_purchase_floors":[4,4,4,11],"current_hp_per_floor":[44,30,30,30,12,33,1,1,1,1,1,1,22,22,43,9,72,72,72,54,54],"gold":192,"neow_bonus":"TWO_FIFTY_GOLD","is_daily":false,"chose_seed":false,"campfire_upgraded":0,"win_rate":0.0,"timestamp":1610798102,"path_taken":["M","?","?","$","?","R","E","M","T","?","$","E","R","M","R","BOSS","M","?","M"],"items_purchased_type":["Card","Card","Relic","Card"],"build_version":"2020-12-22","purchased_purges":2,"victory":false,"max_hp_per_floor":[72,72,72,72,72,72,72,72,72,72,72,72,72,72,72,72,72,72,72,72,72],"card_choices":[{"not_picked":["Evaluate","BowlingBash","Conclude"],"picked":"SKIP","floor":1},{"not_picked":["Go for the Eyes","Havoc"],"picked":"Battle Trance","floor":7},{"not_picked":["Poisoned Stab","ThirdEye"],"picked":"TheCursedMod:FuryStrike","floor":8},{"not_picked":["Whirlwind","JustLucky"],"picked":"MentalFortress","floor":12},{"not_picked":["Clothesline","TheCursedMod:SpitefulPlan"],"picked":"TheCursedMod:Obscuration","floor":14},{"not_picked":["Die Die Die","MasterReality"],"picked":"Alpha","floor":16},{"not_picked":["TheCursedMod:SpitefulStrike","Flying Knee","Compile Driver"],"picked":"SKIP","floor":18}],"player_experience":255400,"relics_obtained":[{"floor":7,"key":"Mercury Hourglass"},{"floor":9,"key":"Toy Ornithopter"},{"floor":12,"key":"Ornamental Fan"}],"event_choices":[{"damage_healed":0,"gold_gain":0,"player_choice":"Entered Light","damage_taken":14,"max_hp_gain":0,"max_hp_loss":0,"event_name":"Shining Light","floor":2,"gold_loss":0,"cards_upgraded":["Strike_P","Eruption"]},{"damage_healed":0,"gold_gain":175,"player_choice":"AGREE","damage_taken":0,"max_hp_gain":0,"max_hp_loss":0,"event_name":"Liars Game","floor":3,"gold_loss":0,"cards_obtained":["Doubt"]},{"damage_healed":0,"gold_gain":0,"player_choice":"Success","damage_taken":18,"relics_obtained":["Calipers"],"max_hp_gain":0,"max_hp_loss":0,"event_name":"Scrap Ooze","floor":5,"gold_loss":0},{"damage_healed":0,"gold_gain":100,"player_choice":"Gold","damage_taken":0,"max_hp_gain":0,"max_hp_loss":0,"event_name":"Wheel of Change","floor":10,"gold_loss":0},{"damage_healed":0,"gold_gain":0,"player_choice":"Copied","damage_taken":0,"max_hp_gain":0,"max_hp_loss":0,"event_name":"Duplicator","floor":19,"gold_loss":0,"cards_obtained":["Alpha"]}],"is_beta":false,"boss_relics":[{"not_picked":["Busted Crown","Velvet Choker"],"picked":"Pandora\u0027s Box"}],"items_purged_floors":[4,11],"is_endless":false,"potions_floor_spawned":[7],"killed_by":"Shell Parasite","ascension_level":4}}