{"host":"6to8m083wj0ro91z","time":1610813411,"event":{"mods":["100% Spire Juice","BaseMod","Better Third Choice","BetterRewards","CatGirl Mod","ChefMod","Friendly Minions","GungeonMod","Hubris","Mad Scientist","Marisa????????","Minty Spire (QoL Compilation)","Railgun Mod","Robot Space Explorer","Shade Mod","Spicy Shops","StSLib","The Blackbeard","The Death Knight","The Gatherer","The Marked","The Mystic","The Necromancer","The Servant 0.9.4"],"gold_per_floor":[116,131,35,48,59,104,179,222,222,237,237,237],"floor_reached":10,"language":"ENG","playtime":412,"items_purged":[],"score":82,"play_id":"eaa09322-67bd-4760-b517-1b767fc6b712","local_time":"20210116171011","is_ascension_mode":true,"campfire_choices":[],"circlet_count":0,"master_deck":["blackbeard:BlackbeardStrike","blackbeard:BlackbeardStrike","blackbeard:BlackbeardStrike","blackbeard:BlackbeardStrike","blackbeard:IntimidatingStrike","blackbeard:BlackbeardDefend","blackbeard:BlackbeardDefend","blackbeard:BlackbeardDefend","blackbeard:BlackbeardDefend","blackbeard:Cutlass","blackbeard:BeatUp","blackbeard:BlindAttacks","blackbeard:BuriedTreasure","blackbeard:PirateEarring","blackbeard:Fencing"],"relics":["blackbeard:LoadTheCannons","Bag of Marbles","DeathKnight:SindragosasSkull","Centennial Puzzle","DemoMod:WeirdEgg","Molten Egg 2"],"acts_visited":["Exordium"],"potions_floor_usage":[],"damage_taken":[{"damage":0.0,"enemies":"2 Louse","floor":1.0,"turns":3.0},{"damage":0.0,"enemies":"Cultist","floor":2.0,"turns":2.0},{"damage":0.0,"enemies":"Small Slimes","floor":4.0,"turns":2.0},{"damage":2.0,"enemies":"3 Louse","floor":5.0,"turns":3.0},{"damage":26.0,"enemies":"3 Sentries","floor":6.0,"turns":9.0},{"damage":13,"enemies":"Lagavulin","floor":8,"turns":7},{"damage":23,"enemies":"3 Sentries","floor":10,"turns":3}],"seed_played":"3822100245412733121","potions_obtained":[{"floor":6.0,"key":"BlessingOfTheForge"}],"is_trial":false,"path_per_floor":["M","M","?","M","M","E","?","E","T","E"],"character_chosen":"BLACKBEARD_CLASS","items_purchased":[],"campfire_rested":0,"item_purchase_floors":[],"current_hp_per_floor":[75,75,75,75,73,47,36,23,23,0,0,0],"gold":237,"neow_bonus":"RANDOM_COMMON_RELIC","is_daily":false,"chose_seed":false,"campfire_upgraded":0,"win_rate":0.0,"timestamp":1610813411,"path_taken":["M","M","?","?","M","E","?","E","T","E"],"items_purchased_type":[],"build_version":"2020-12-22","purchased_purges":0,"victory":false,"max_hp_per_floor":[75,75,75,75,75,75,75,75,75,75,75,75],"card_choices":[{"not_picked":["blackbeard:Dagger","blackbeard:WiseDefense","blackbeard:DeadlyArsenal"],"picked":"SKIP","floor":1.0},{"not_picked":["blackbeard:WiseDefense","blackbeard:FishingNets"],"picked":"blackbeard:BeatUp","floor":2.0},{"not_picked":["blackbeard:Sword","blackbeard:InfiniteBarrage"],"picked":"blackbeard:BlindAttacks","floor":4.0},{"not_picked":["blackbeard:Dagger","blackbeard:WeaponProficiency"],"picked":"blackbeard:BuriedTreasure","floor":5.0},{"not_picked":["blackbeard:Revenge","blackbeard:Upgrade"],"picked":"blackbeard:PirateEarring","floor":6.0},{"not_picked":["blackbeard:DoubleCannonball","blackbeard:Spear"],"picked":"blackbeard:Fencing","floor":8}],"player_experience":1131429,"relics_obtained":[{"floor":6.0,"key":"Centennial Puzzle"},{"floor":8,"key":"DemoMod:WeirdEgg"},{"floor":9,"key":"Molten Egg 2"}],"event_choices":[{"damage_healed":0.0,"max_hp_gain":0.0,"max_hp_loss":0.0,"gold_gain":0.0,"event_name":"WeMeetAgain","player_choice":"Paid Gold","floor":3.0,"gold_loss":96.0,"damage_taken":0.0,"relics_obtained":["DeathKnight:SindragosasSkull"]},{"damage_healed":0.0,"max_hp_gain":0.0,"max_hp_loss":0.0,"gold_gain":75.0,"event_name":"betterThird:BetterGoop","player_choice":"Gold","floor":7.0,"gold_loss":0.0,"damage_taken":11.0}],"is_beta":false,"boss_relics":[],"items_purged_floors":[],"is_endless":false,"potions_floor_spawned":[6],"killed_by":"3 Sentries","ascension_level":1}}