{"host":"sa7ebub27cgn5wai","time":1610763222,"event":{"mods":["BaseMod","Colored Map","Minty Spire (QoL Compilation)","SuperFastMode"],"gold_per_floor":[112,36,36,36,36,36,49,49,75,110,110,124,124,172,172,172,172],"floor_reached":16,"language":"KOR","playtime":339,"items_purged":[],"score":134,"play_id":"bf45cd88-43b1-4287-8a82-e35b0e5098b2","local_time":"20210116111342","is_ascension_mode":true,"campfire_choices":[{"data":"Backstab","floor":6,"key":"SMITH"},{"data":"Neutralize","floor":8,"key":"SMITH"},{"floor":11,"key":"REST"},{"data":"Underhanded Strike","floor":15,"key":"SMITH"}],"circlet_count":0,"master_deck":["Strike_G","Strike_G","Strike_G","Strike_G+1","Defend_G","Defend_G+1","Defend_G","Defend_G","Defend_G","Survivor","Neutralize+1","PiercingWail","Backstab+1","Infinite Blades+1","Tactician","Underhanded Strike+1"],"relics":["Ring of the Snake","Frozen Egg 2","Lantern","Peace Pipe","Orichalcum"],"acts_visited":["Exordium"],"potions_floor_usage":[16,16],"damage_taken":[{"damage":0,"enemies":"Small Slimes","floor":1,"turns":5},{"damage":0,"enemies":"2 Louse","floor":7,"turns":3},{"damage":12,"enemies":"Gremlin Nob","floor":10,"turns":4},{"damage":2,"enemies":"Jaw Worm","floor":12,"turns":3},{"damage":50,"enemies":"Slime Boss","floor":16,"turns":14}],"seed_played":"8719031868575309364","potions_obtained":[{"floor":1,"key":"Dexterity Potion"},{"floor":7,"key":"Swift Potion"}],"is_trial":false,"path_per_floor":["M","$","?","?","?","R","M","R","T","E","R","M","?","T","R","B"],"character_chosen":"THE_SILENT","items_purchased":["Backstab"],"campfire_rested":1,"item_purchase_floors":[2],"current_hp_per_floor":[63,63,68,53,41,41,41,41,41,29,51,49,49,49,49,0,0],"gold":172,"neow_bonus":"REMOVE_CARD","is_daily":false,"chose_seed":false,"campfire_upgraded":3,"win_rate":0.0,"timestamp":1610763222,"path_taken":["M","$","?","?","?","R","M","R","T","E","R","M","?","?","R","BOSS"],"items_purchased_type":["Card"],"build_version":"2020-12-22","purchased_purges":0,"victory":false,"max_hp_per_floor":[70,70,75,75,75,75,75,75,75,75,75,75,75,75,75,75,75],"card_choices":[{"not_picked":["Concentrate","Distraction"],"picked":"PiercingWail","floor":1},{"not_picked":["Dodge and Roll","Skewer"],"picked":"Infinite Blades+1","floor":7},{"not_picked":["Dagger Throw","Expertise"],"picked":"Tactician","floor":10},{"not_picked":["Riddle With Holes","Catalyst"],"picked":"Underhanded Strike","floor":12}],"player_experience":294623,"relics_obtained":[{"floor":9,"key":"Lantern"},{"floor":10,"key":"Peace Pipe"},{"floor":14,"key":"Orichalcum"}],"event_choices":[{"damage_healed":0,"gold_gain":0,"player_choice":"Donut","damage_taken":0,"max_hp_gain":5,"max_hp_loss":0,"event_name":"Big Fish","floor":3,"gold_loss":0},{"damage_healed":0,"gold_gain":0,"player_choice":"Entered Light","damage_taken":15,"max_hp_gain":0,"max_hp_loss":0,"event_name":"Shining Light","floor":4,"gold_loss":0,"cards_upgraded":["Defend_G","Strike_G"]},{"damage_healed":0,"gold_gain":0,"player_choice":"Success","damage_taken":12,"relics_obtained":["Frozen Egg 2"],"max_hp_gain":0,"max_hp_loss":0,"event_name":"Scrap Ooze","floor":5,"gold_loss":0},{"damage_healed":0,"gold_gain":0,"player_choice":"Ignored","damage_taken":0,"max_hp_gain":0,"max_hp_loss":0,"event_name":"Liars Game","floor":13,"gold_loss":0}],"is_beta":false,"boss_relics":[],"items_purged_floors":[],"is_endless":false,"potions_floor_spawned":[1,7],"killed_by":"Slime Boss","ascension_level":8}}