{"host":"yl36o65drctrf4ph","time":1610814795,"event":{"mods":["BaseMod","BetterRewards","Good Game Mod","Minty Spire (QoL Compilation)","Practice Mode","Remove Card Discount Mod","Shop Mod","Thieving Mod","Treasure Hunter","noobMod"],"gold_per_floor":[353,370,370,385,560,591,591,620,698,727,738,752,783,809,809,907,907,919,939,956,967,171,200,213,239,239,267,286,286,6,6,6,113,113,135,150,150,160,215,254,254,287,287,287,287,287,340,372,372,378,378,378,121,170,176],"floor_reached":56,"language":"ENG","playtime":13565,"items_purged":["Doubt","Regret","Reprogram","Zap","Dualcast","Streamline","TH:CursedSword+1","Ball Lightning"],"score":1868,"play_id":"5a019367-720e-44e9-85d8-7b7aeb326525","local_time":"20210117003315","is_ascension_mode":true,"campfire_choices":[{"data":"Panache","floor":7,"key":"SMITH"},{"data":"TH:CursedSword","floor":15,"key":"SMITH"},{"floor":29,"key":"DIG"},{"floor":32,"key":"DIG"},{"floor":41,"key":"RECALL"},{"floor":46,"key":"DIG"},{"floor":49,"key":"DIG"},{"floor":52,"key":"DIG"}],"circlet_count":0,"master_deck":["Panache+1","Loop","Coolheaded","Darkness","Doom and Gloom+1","TH:BikiniMail","TH:CopperCoins","Redo+1","TH:TreasureMap","TH:TreasureMap","Coolheaded","Defragment","Capacitor","TH:TreasureMap","Leap","TH:CopperCoins","Buffer","Force Field","Steam","Lockon","Doom and Gloom","Echo Form","Redo","Loop","Cold Snap+1","Creative AI","Defragment","TH:DeckOfManyThings","Conserve Battery+1","Recycle","TH:BikiniMail","Consume","TH:DeckOfManyThings","Apotheosis+1","Melter","Rainbow","TH:PixieDust","Core Surge","Streamline+1","Melter+1","Heatsinks","Stack+1","TH:PixieDust","TH:ArmorSpikes","Rip and Tear","TH:BikiniMail","TH:BikiniMail","Madness","Madness","TH:ElvenBoots","Darkness+1","Coolheaded","Panacea","Loop","TH:BikiniMail"],"relics":["FrozenCore","REME:ComplimentaryCards","ice","ClockworkSouvenir","Cables","Unceasing Top","Nunchaku","Strawberry","Darkstone Periapt","Mercury Hourglass","Emotion Chip","Pandora\u0027s Box","Bird Faced Urn","Shovel","Frozen Eye","Whetstone","Pear","Meat on the Bone","Tiny Chest","Thread and Needle","CaptainsWheel","War Paint","Pocketwatch","Bottled Tornado","Mummified Hand","CeramicFish","TungstenRod","StrikeDummy","Sundial","TheAbacus","Happy Flower"],"acts_visited":["Exordium","TheCity","TheBeyond","TheEnding"],"potions_floor_usage":[2,33,42,55,55],"damage_taken":[{"damage":1,"enemies":"Cultist","floor":1,"turns":3},{"damage":7,"enemies":"Jaw Worm","floor":2,"turns":3},{"damage":8,"enemies":"Small Slimes","floor":4,"turns":3},{"damage":30,"enemies":"3 Sentries","floor":6,"turns":7},{"damage":19,"enemies":"Gremlin Nob","floor":8,"turns":4},{"damage":27,"enemies":"3 Sentries","floor":10,"turns":4},{"damage":4,"enemies":"Looter","floor":11,"turns":2},{"damage":8,"enemies":"Large Slime","floor":12,"turns":5},{"damage":11,"enemies":"Gremlin Nob","floor":13,"turns":3},{"damage":36,"enemies":"Hexaghost","floor":16,"turns":7},{"damage":29,"enemies":"Chosen","floor":18,"turns":5},{"damage":20,"enemies":"Shell Parasite","floor":19,"turns":9},{"damage":21,"enemies":"Centurion and Healer","floor":20,"turns":6},{"damage":29,"enemies":"Shelled Parasite and Fungi","floor":21,"turns":6},{"damage":18,"enemies":"Gremlin Leader","floor":23,"turns":6},{"damage":15,"enemies":"Snecko","floor":24,"turns":5},{"damage":33,"enemies":"Slavers","floor":25,"turns":3},{"damage":31,"enemies":"Book of Stabbing","floor":27,"turns":5},{"damage":10,"enemies":"Cultist and Chosen","floor":28,"turns":6},{"damage":13,"enemies":"Champ","floor":33,"turns":7},{"damage":0,"enemies":"3 Darklings","floor":35,"turns":5},{"damage":3,"enemies":"3 Shapes","floor":36,"turns":3},{"damage":3,"enemies":"Sphere and 2 Shapes","floor":38,"turns":3},{"damage":23,"enemies":"2 Orb Walkers","floor":39,"turns":5},{"damage":8,"enemies":"Nemesis","floor":40,"turns":5},{"damage":12,"enemies":"Reptomancer","floor":42,"turns":3},{"damage":0,"enemies":"Giant Head","floor":47,"turns":6},{"damage":11,"enemies":"3 Darklings","floor":48,"turns":3},{"damage":2,"enemies":"Donu and Deca","floor":50,"turns":11},{"damage":20,"enemies":"Shield and Spear","floor":54,"turns":9},{"damage":0,"enemies":"The Heart","floor":55,"turns":11}],"seed_played":"4173828252286613168","potions_obtained":[{"floor":2,"key":"Fruit Juice"},{"floor":6,"key":"PotionOfCapacity"},{"floor":11,"key":"EntropicBrew"},{"floor":13,"key":"DuplicationPotion"},{"floor":27,"key":"SteroidPotion"},{"floor":33,"key":"DuplicationPotion"},{"floor":42,"key":"PowerPotion"}],"is_trial":false,"path_per_floor":["M","M","?","M","?","E","R","E","T","E","M","M","E","T","R","B",null,"M","M","M","M","$","E","M","E","T","E","M","R","$","?","R","B",null,"M","M","?","M","?","E","R","E","T","T","?","R","E","M","R","B",null,"R","$","E","B",null],"character_chosen":"DEFECT","items_purchased":["ClockworkSouvenir","Cables","Bird Faced Urn","Shovel","Frozen Eye","Defragment","Apotheosis","Melter","Conserve Battery","TheAbacus","Panacea","Loop"],"campfire_rested":0,"item_purchase_floors":[0,0,22,22,22,22,30,30,30,53,53,53],"current_hp_per_floor":[74,72,72,64,64,34,34,87,87,60,56,48,37,37,37,1,105,76,56,35,131,131,124,125,116,116,105,113,113,113,113,113,124,172,176,179,179,184,177,189,189,191,191,191,165,165,187,190,190,234,234,234,234,246,342],"gold":176,"neow_bonus":"","is_daily":false,"chose_seed":false,"campfire_upgraded":2,"win_rate":0.0,"timestamp":1610814795,"path_taken":["M","M","?","M","?","E","R","E","T","E","M","M","E","?","R","BOSS","M","M","M","M","$","E","M","E","T","E","M","R","$","?","R","BOSS","M","M","?","M","?","E","R","E","T","?","?","R","E","M","R","BOSS","R","$","E","BOSS"],"items_purchased_type":["Relic","Relic","Relic","Relic","Relic","Card","Card","Card","Card","Relic","Card","Card"],"build_version":"2020-12-22","purchased_purges":8,"victory":true,"max_hp_per_floor":[75,80,80,80,80,80,80,87,87,90,91,94,95,95,95,105,105,108,120,124,132,132,135,138,153,153,163,170,170,170,170,170,172,172,182,185,185,188,194,203,203,207,207,207,207,207,209,214,214,234,234,234,234,246,397],"card_choices":[{"not_picked":["Beam Cell","Leap"],"picked":"Coolheaded","floor":1},{"not_picked":["Hologram","Conserve Battery"],"picked":"Darkness","floor":2},{"not_picked":["Hello World","Beam Cell"],"picked":"Ball Lightning","floor":4},{"not_picked":["Reprogram","Fission"],"picked":"Doom and Gloom","floor":6},{"not_picked":["TH:CopperCoins"],"picked":"TH:BikiniMail","floor":6},{"not_picked":["TH:EnergyPotion"],"picked":"TH:CopperCoins","floor":8},{"not_picked":["Barrage","Thunder Strike"],"picked":"Redo","floor":8},{"not_picked":["TH:PixieDust"],"picked":"TH:TreasureMap","floor":9},{"not_picked":["TH:ArmorSpikes"],"picked":"TH:TreasureMap","floor":10},{"not_picked":["Double Energy","Hologram"],"picked":"Coolheaded","floor":10},{"not_picked":["Reprogram","Gash"],"picked":"Defragment","floor":11},{"not_picked":["Steam","Undo"],"picked":"Capacitor","floor":12},{"not_picked":["TH:PixieDust"],"picked":"TH:TreasureMap","floor":13},{"not_picked":["Meteor Strike","Barrage"],"picked":"Leap","floor":13},{"not_picked":["TH:Mimic"],"picked":"TH:CursedSword","floor":14},{"not_picked":["TH:Mimic"],"picked":"TH:CopperCoins","floor":16},{"not_picked":["Reboot","Machine Learning"],"picked":"Buffer","floor":16},{"not_picked":["Hologram+1","Double Energy+1"],"picked":"Loop","floor":18},{"not_picked":["Streamline","Tempest","Genetic Algorithm"],"picked":"SKIP","floor":19},{"not_picked":["Double Energy+1","Redo"],"picked":"Cold Snap","floor":20},{"not_picked":["White Noise+1","Heatsinks"],"picked":"Creative AI","floor":21},{"not_picked":["TH:PixieDust"],"picked":"TH:DeckOfManyThings","floor":23},{"not_picked":["Gash","Streamline"],"picked":"Conserve Battery+1","floor":23},{"not_picked":["Storm","Hologram+1"],"picked":"Recycle","floor":24},{"not_picked":["TH:EnergyPotion"],"picked":"TH:BikiniMail","floor":25},{"not_picked":["Auto Shields+1","Sweeping Beam"],"picked":"Consume","floor":25},{"not_picked":["TH:CursedSword"],"picked":"TH:DeckOfManyThings","floor":26},{"not_picked":["TH:EnergyPotion","TH:CursedSword"],"picked":"SKIP","floor":27},{"not_picked":["Steam","Fission","Redo+1"],"picked":"SKIP","floor":27},{"not_picked":["Stack","Hologram+1","Blizzard"],"picked":"SKIP","floor":28},{"not_picked":["TH:CursedSword"],"picked":"TH:PixieDust","floor":33},{"not_picked":["Machine Learning","Thunder Strike"],"picked":"Core Surge","floor":33},{"not_picked":["Steam","Genetic Algorithm+1"],"picked":"Streamline+1","floor":35},{"not_picked":["Ball Lightning","Double Energy"],"picked":"Melter+1","floor":36},{"not_picked":["Auto Shields","Leap+1"],"picked":"Heatsinks","floor":38},{"not_picked":["Turbo","Leap"],"picked":"Stack+1","floor":39},{"not_picked":["TH:Mimic"],"picked":"TH:PixieDust","floor":40},{"not_picked":["Static Discharge+1","Melter","Multi-Cast"],"picked":"SKIP","floor":40},{"not_picked":["TH:EnergyPotion"],"picked":"TH:ArmorSpikes","floor":42},{"not_picked":["Steam","Undo+1"],"picked":"Rip and Tear","floor":42},{"not_picked":["TH:CursedSword"],"picked":"TH:BikiniMail","floor":43},{"not_picked":["TH:CopperCoins"],"picked":"TH:BikiniMail","floor":44},{"not_picked":["TH:ArmorSpikes"],"picked":"TH:ElvenBoots","floor":47},{"not_picked":["Heatsinks","Undo"],"picked":"Darkness+1","floor":47},{"not_picked":["Gash","Cold Snap"],"picked":"Coolheaded","floor":48},{"not_picked":["TH:Mimic"],"picked":"TH:BikiniMail","floor":54},{"not_picked":["Consume+1","Fusion","Compile Driver"],"picked":"SKIP","floor":54}],"player_experience":122630,"relics_obtained":[{"floor":6,"key":"Nunchaku"},{"floor":8,"key":"Strawberry"},{"floor":9,"key":"Darkstone Periapt"},{"floor":10,"key":"Mercury Hourglass"},{"floor":13,"key":"Emotion Chip"},{"floor":23,"key":"Whetstone"},{"floor":25,"key":"Pear"},{"floor":26,"key":"Meat on the Bone"},{"floor":27,"key":"Tiny Chest"},{"floor":32,"key":"Thread and Needle"},{"floor":39,"key":"CaptainsWheel"},{"floor":40,"key":"War Paint"},{"floor":42,"key":"Pocketwatch"},{"floor":43,"key":"Bottled Tornado"},{"floor":44,"key":"Mummified Hand"},{"floor":46,"key":"CeramicFish"},{"floor":47,"key":"TungstenRod"},{"floor":49,"key":"StrikeDummy"},{"floor":52,"key":"Sundial"},{"floor":54,"key":"Happy Flower"}],"event_choices":[{"damage_healed":0,"gold_gain":0,"player_choice":"Box","damage_taken":0,"relics_obtained":["Unceasing Top"],"max_hp_gain":0,"max_hp_loss":0,"event_name":"Big Fish","floor":3,"gold_loss":0,"cards_obtained":["Regret"]},{"damage_healed":0,"gold_gain":175,"player_choice":"AGREE","damage_taken":0,"max_hp_gain":0,"max_hp_loss":0,"event_name":"Liars Game","floor":5,"gold_loss":0,"cards_obtained":["Doubt"]},{"damage_healed":0,"gold_gain":0,"cards_transformed":["Conserve Battery"],"player_choice":"Transformed","damage_taken":0,"max_hp_gain":0,"max_hp_loss":0,"event_name":"Transmorgrifier","floor":31,"gold_loss":0,"cards_obtained":["Rainbow"]},{"cards_removed":["Genetic Algorithm"],"damage_healed":0,"gold_gain":0,"player_choice":"Removed Skill","damage_taken":0,"max_hp_gain":0,"max_hp_loss":0,"event_name":"Falling","floor":37,"gold_loss":0},{"damage_healed":0,"gold_gain":0,"player_choice":"Fight","damage_taken":0,"max_hp_gain":0,"max_hp_loss":0,"event_name":"Mysterious Sphere","floor":39,"gold_loss":0},{"damage_healed":0,"gold_gain":0,"player_choice":"Embrace Madness","damage_taken":26,"max_hp_gain":0,"max_hp_loss":0,"event_name":"Winding Halls","floor":45,"gold_loss":0,"cards_obtained":["Madness","Madness"]}],"is_beta":false,"boss_relics":[{"not_picked":["Velvet Choker","Fusion Hammer"],"picked":"Pandora\u0027s Box"},{"not_picked":["Tiny House","Empty Cage"],"picked":"FrozenCore"}],"items_purged_floors":[22,22,22,22,22,22,30,53],"is_endless":false,"potions_floor_spawned":[2,6,11,13,19,20,24,27,33,35,42,47],"ascension_level":1}}