{"host":"kabf61oc9jgfwufg","time":1610779326,"event":{"mods":["AchievementEnabler","Aspiration","BaseMod","Conspire","Energized Spire","GifTheSpireLib","GungeonMod","Halation","HexUI Lib","Hubris","Infinite Spire","Minty Spire (QoL Compilation)","Quick Restart","Rare Cards Sparkle","Replay The Spire","Shop Mod","Small Relic Pack","StSLib"],"gold_per_floor":[111,111,131,56,66,66,94,134,134,134,161,236,236,261,261,362,362,381,381,411,304,304,304,330,330,330,350,350,383,383,418,418,550,550,598,598,72,88,109,142,142,142,142],"floor_reached":42,"language":"ENG","playtime":2687,"items_purged":["Strike_P","Defend_P","Defend_P","Strike_P"],"score":757,"play_id":"4363c8a0-94c1-413d-88a7-5eb98c801971","local_time":"20210116064206","is_ascension_mode":true,"campfire_choices":[{"data":"Eruption","floor":6,"key":"SMITH"},{"floor":10,"key":"REST"},{"floor":13,"key":"REST"},{"data":"SashWhip","floor":15,"key":"SMITH"},{"floor":23,"key":"REST"},{"floor":25,"key":"REST"},{"floor":32,"key":"REST"}],"circlet_count":0,"master_deck":["Strike_P","Defend_P","Defend_P","Eruption+1","Vigilance","Evaluate+1","SashWhip+1","FlurryOfBlows","Prostrate","FollowUp","CutThroughFate","FlurryOfBlows","Indignation","WreathOfFlame","Halt+1","WheelKick","Evaluate+1","CutThroughFate","WreathOfFlame+1","FollowUp","LessonLearned","WheelKick+1","SashWhip+1","Bandage Up"],"relics":["PureWater","Sundial","Dream Catcher","Chameleon Ring","hubris:Reverence","Omamori","Cursed Key","MutagenicStrength","Red Mask","Damaru","ReplayTheSpireMod:CursedCoin","relicPack:DSword","DemoMod:ChaffGrenade","hubris:64BitClover","ReplayTheSpireMod:Lightbulb","halation:Toothbrush","conspire:RoyalGoblet","Ornamental Fan","infinitespire:EvilPickle","Fusion Hammer","infinitespire:EmpoweringShard","MerchantsRug","Letter Opener","Mercury Hourglass"],"acts_visited":["Exordium","TheCity","TheBeyond"],"potions_floor_usage":[3,8,16,24,29,33,42],"damage_taken":[{"damage":0,"enemies":"2 Louse","floor":1,"turns":4},{"damage":4,"enemies":"Jaw Worm","floor":3,"turns":6},{"damage":0,"enemies":"Small Slimes","floor":5,"turns":2},{"damage":8,"enemies":"Gremlin Nob","floor":7,"turns":3},{"damage":11,"enemies":"conspire:MimicChest","floor":8,"turns":7},{"damage":13,"enemies":"Replay:BlueRogue","floor":11,"turns":5},{"damage":19,"enemies":"Lagavulin","floor":14,"turns":4},{"damage":30,"enemies":"Fading Forest","floor":16,"turns":11},{"damage":3,"enemies":"conspire:FuzzyDice","floor":18,"turns":4},{"damage":28,"enemies":"Masked Bandits","floor":20,"turns":4},{"damage":14,"enemies":"Book of Stabbing","floor":24,"turns":4},{"damage":0,"enemies":"Spheric Guardian","floor":27,"turns":1},{"damage":0,"enemies":"Gremlin Leader","floor":29,"turns":2},{"damage":0,"enemies":"conspire:Head Lice","floor":31,"turns":3},{"damage":38,"enemies":"Pondfish","floor":33,"turns":6},{"damage":11,"enemies":"3 Darklings","floor":35,"turns":4},{"damage":0,"enemies":"Orb Walker","floor":38,"turns":2},{"damage":0,"enemies":"Spire Growth","floor":39,"turns":4},{"damage":0,"enemies":"Nemesis","floor":40,"turns":3},{"damage":82,"enemies":"Nightmare","floor":42,"turns":4}],"seed_played":"-318185925585360700","potions_obtained":[{"floor":3,"key":"Fruit Juice"},{"floor":7,"key":"Swift Potion"},{"floor":8,"key":"Languid Potion"},{"floor":11,"key":"Ancient Potion"},{"floor":18,"key":"PowerPotion"},{"floor":24,"key":"AttackPotion"},{"floor":29,"key":"Energy Potion"},{"floor":31,"key":"Regen Potion"},{"floor":33,"key":"Toxic Potion"}],"is_trial":false,"path_per_floor":["M","?","M","$","M","R","E","?","T","R","E","?","R","E","R","B",null,"M","?","?","$","?","R","E","R","T","M","?","E","AVR","E","R","B",null,"M","?","$","M","M","E","?","NM"],"character_chosen":"WATCHER","items_purchased":["Damaru","ReplayTheSpireMod:CursedCoin","infinitespire:EmpoweringShard","MerchantsRug","Letter Opener"],"campfire_rested":5,"item_purchase_floors":[21,21,37,37,37],"current_hp_per_floor":[72,65,66,66,66,66,58,47,47,70,57,46,69,50,50,38,77,74,74,46,46,11,34,20,43,43,43,43,43,46,46,70,52,80,69,69,72,72,72,72,72,0,0],"gold":142,"neow_bonus":"THREE_CARDS","is_daily":false,"chose_seed":false,"campfire_upgraded":2,"win_rate":0.0,"timestamp":1610779326,"path_taken":["M","?","M","$","M","R","E","?","T","R","E","?","R","E","R","BOSS","M","?","?","?","?","R","E","R","T","M","?","E","AVR","E","R","BOSS","M","?","$","M","M","E","?","NM"],"items_purchased_type":["Relic","Relic","Relic","Relic","Relic"],"build_version":"2020-12-22","purchased_purges":4,"victory":false,"max_hp_per_floor":[72,72,77,77,77,77,77,77,77,77,77,77,77,77,77,77,77,77,77,77,77,77,77,77,77,77,77,77,77,80,80,80,80,80,80,80,83,83,83,83,83,83,83],"card_choices":[{"not_picked":["Fasting2","Replay:BluntJabs"],"picked":"Evaluate","floor":0},{"not_picked":["CrushJoints","EmptyMind"],"picked":"SashWhip","floor":1},{"not_picked":["Study","PathToVictory"],"picked":"FlurryOfBlows","floor":3},{"not_picked":["EmptyBody","Replay:Anticipation"],"picked":"Prostrate","floor":5},{"not_picked":["PathToVictory","Establishment"],"picked":"FollowUp","floor":7},{"not_picked":["Protect","Halt"],"picked":"CutThroughFate","floor":8},{"not_picked":["EmptyFist","SashWhip"],"picked":"FlurryOfBlows","floor":11},{"not_picked":["ClearTheMind","Prostrate"],"picked":"Indignation","floor":13},{"not_picked":["Vengeance","BowlingBash"],"picked":"WreathOfFlame","floor":14},{"not_picked":["Perseverance","BowlingBash"],"picked":"Halt","floor":18},{"not_picked":["Tantrum","EmptyBody"],"picked":"WheelKick","floor":20},{"not_picked":["CutThroughFate+1","ClearTheMind"],"picked":"Evaluate+1","floor":23},{"not_picked":["Adaptation","Ragnarok","SashWhip"],"picked":"SKIP","floor":24},{"not_picked":["Conclude","Indignation"],"picked":"CutThroughFate","floor":27},{"not_picked":["Worship","CutThroughFate"],"picked":"WreathOfFlame+1","floor":29},{"not_picked":["InnerPeace+1","FollowUp","SashWhip"],"picked":"SKIP","floor":31},{"not_picked":["ClearTheMind","FlyingSleeves"],"picked":"FollowUp","floor":32},{"not_picked":["Blasphemy","DevaForm"],"picked":"LessonLearned","floor":33},{"not_picked":["BowlingBash","PathToVictory"],"picked":"WheelKick+1","floor":35},{"not_picked":["SignatureMove","EmptyMind","Meditate+1"],"picked":"SKIP","floor":38},{"not_picked":["FlyingSleeves+1","Adaptation+1"],"picked":"SashWhip+1","floor":39},{"not_picked":["JustLucky","Pray+1","Replay:BluntJabs+1"],"picked":"SKIP","floor":40},{"not_picked":["Secret Weapon","ReplayTheSpireMod:Brewmster"],"picked":"Bandage Up","floor":41}],"player_experience":109253,"relics_obtained":[{"floor":7,"key":"Sundial"},{"floor":8,"key":"Dream Catcher"},{"floor":9,"key":"Chameleon Ring"},{"floor":11,"key":"hubris:Reverence"},{"floor":14,"key":"Omamori"},{"floor":20,"key":"Red Mask"},{"floor":24,"key":"DemoMod:ChaffGrenade"},{"floor":26,"key":"hubris:64BitClover"},{"floor":29,"key":"ReplayTheSpireMod:Lightbulb"},{"floor":31,"key":"Ornamental Fan"},{"floor":40,"key":"Mercury Hourglass"}],"event_choices":[{"cards_removed":["Strike_P"],"damage_healed":0,"gold_gain":0,"player_choice":"Card Removal","damage_taken":7,"max_hp_gain":0,"max_hp_loss":0,"event_name":"Golden Wing","floor":2,"gold_loss":0},{"damage_healed":0,"gold_gain":75,"player_choice":"Gather Gold","damage_taken":11,"max_hp_gain":0,"max_hp_loss":0,"event_name":"World of Goop","floor":12,"gold_loss":0},{"damage_healed":0,"gold_gain":0,"player_choice":"Inject Mutagens","damage_taken":0,"relics_obtained":["MutagenicStrength"],"max_hp_gain":0,"max_hp_loss":0,"event_name":"Drug Dealer","floor":19,"gold_loss":0},{"damage_healed":0,"gold_gain":0,"player_choice":"Fought Bandits","damage_taken":0,"max_hp_gain":0,"max_hp_loss":0,"event_name":"Masked Bandits","floor":20,"gold_loss":0},{"damage_healed":0,"gold_gain":0,"player_choice":"Forge","damage_taken":0,"max_hp_gain":0,"max_hp_loss":0,"event_name":"Accursed Blacksmith","floor":28,"gold_loss":0,"cards_upgraded":["Halt"]},{"damage_healed":0,"gold_gain":0,"player_choice":"Memory 1","damage_taken":0,"max_hp_gain":0,"max_hp_loss":0,"event_name":"SensoryStone","floor":41,"gold_loss":0}],"is_beta":false,"boss_relics":[{"not_picked":["aspiration:RunicSpoon","hubris:VirtuousBlindfold"],"picked":"Cursed Key"},{"not_picked":["energizedSpire:SpiderWeb","hubris:RunicObelisk"],"picked":"Fusion Hammer"}],"items_purged_floors":[4,21,30,37],"is_endless":false,"potions_floor_spawned":[3,7,8,11,18,24,29,31,33,38],"killed_by":"Nightmare","ascension_level":1}}