{"host":"00tqcjwpycel7e54","time":1610813354,"event":{"mods":["ATMod(阿瑾Mod)","Act Like it!","BaseMod","Colored Powertips","Decade(王小明)","Hermit","Highlight Path","Hubris","Luminous","Marisa（F雨　魔理沙）","Minty Spire (QoL Compilation)","Reimu（博丽灵梦）","Remilia（蕾米莉亚）","Robot Space Explorer","SOS（斯巴达之子）","Shop Mod","Spicy Shops","StSLib","The Administrix","The Animator","The Bug Knight","The Construct","The Cursed","The Gatherer","The Hierophant","The Mystic","The Runesmith","The Servant 0.9.4","WarShipGirlsR/战舰少女R mod","Youmu（魂魄妖梦）","Yuyuko","vexMod","【遗物卡牌】REMEMod"],"gold_per_floor":[119,129,149,424,443,478,478,495,522,539,574,574,130,148,148,252,252,262,280,280,291,141,141,141,141],"floor_reached":23,"language":"ZHS","playtime":999,"items_purged":["Regret"],"score":251,"play_id":"fa20b590-d7af-4bb7-bf7d-715ae6b2785c","local_time":"20210117000914","is_ascension_mode":true,"metric_token":2133,"campfire_choices":[{"data":"Gatherer:Centralize","floor":7.0,"key":"SMITH"},{"data":"Gatherer:WoolGloves","floor":12.0,"key":"SMITH"},{"data":"Gatherer:Snatch","floor":15.0,"key":"SMITH"}],"circlet_count":0,"master_deck":["Gatherer:Strike_Gatherer+1","Gatherer:Strike_Gatherer","Gatherer:Strike_Gatherer","Gatherer:Strike_Gatherer","Gatherer:Strike_Gatherer","Gatherer:Defend_Gatherer","Gatherer:Defend_Gatherer","Gatherer:Defend_Gatherer","Gatherer:Defend_Gatherer","Gatherer:Defend_Gatherer","Gatherer:Centralize+1","Gatherer:FlowerWhip+1","Gatherer:FlowerFalling","Gatherer:FlowerShield","Gatherer:FlowerFalling","Gatherer:Snatch+1","Gatherer:ScherryThrow","Gatherer:WoolGloves+1","Gatherer:FlowerFalling","Gatherer:StoneFence","Gatherer:FlowerBeam","Gatherer:FlowerShield+1","Gatherer:FlowerPower","Writhe"],"relics":["Gatherer:AlchemyBag","AT_ATBox","REME_ComplimentaryCards","Whetstone","Strawberry","Orichalcum","REME_HourglassOfDeath","Pantograph","Pear","construct:WeddingRing","CeramicFish"],"acts_visited":["Exordium","TheCity"],"potions_floor_usage":[],"damage_taken":[{"damage":5.0,"enemies":"Jaw Worm","floor":1.0,"turns":4.0},{"damage":0.0,"enemies":"Cultist","floor":2.0,"turns":2.0},{"damage":0.0,"enemies":"Small Slimes","floor":3.0,"turns":3.0},{"damage":7.0,"enemies":"Exordium Thugs","floor":5.0,"turns":4.0},{"damage":17.0,"enemies":"3 Sentries","floor":6.0,"turns":8.0},{"damage":1.0,"enemies":"Looter","floor":8.0,"turns":3.0},{"damage":7.0,"enemies":"2 Fungi Beasts","floor":10.0,"turns":3.0},{"damage":4.0,"enemies":"Gremlin Nob","floor":11.0,"turns":4.0},{"damage":0.0,"enemies":"3 Louse","floor":14.0,"turns":2.0},{"damage":21.0,"enemies":"Slime Boss","floor":16.0,"turns":12.0},{"damage":0.0,"enemies":"Spheric Guardian","floor":18.0,"turns":3.0},{"damage":5.0,"enemies":"Shell Parasite","floor":19.0,"turns":3.0},{"damage":16.0,"enemies":"Snake Plant","floor":21.0,"turns":2.0},{"damage":0,"enemies":"HollowMod:Nosk","floor":23,"turns":3}],"seed_played":"2550774697719081021","potions_obtained":[{"floor":2.0,"key":"Dexterity Potion"},{"floor":5.0,"key":"Energy Potion"},{"floor":10.0,"key":"Dexterity Potion"},{"floor":16.0,"key":"Weak Potion"},{"floor":19.0,"key":"AttackPotion"},{"floor":21.0,"key":"ColorlessPotion"}],"is_trial":false,"path_per_floor":["M","M","M","?","M","E","R","M","T","M","E","R","$","M","R","B",null,"M","M","?","M","$","E"],"character_chosen":"THE_GATHERER","items_purchased":["Pantograph","Pear","Gatherer:FlowerPower","CeramicFish"],"campfire_rested":0,"item_purchase_floors":[13,13,22,22],"current_hp_per_floor":[67,67,67,67,60,50,50,49,49,42,38,38,48,48,48,52,89,89,84,89,73,73,73,73,73],"gold":141,"neow_bonus":"RANDOM_COMMON_RELIC","is_daily":false,"chose_seed":false,"campfire_upgraded":3,"win_rate":0.0,"timestamp":1610813354,"path_taken":["M","M","M","?","M","E","R","M","T","M","E","R","$","M","R","BOSS","M","?","?","M","$","E"],"items_purchased_type":["Relic","Relic","Card","Relic"],"build_version":"2020-12-22","purchased_purges":1,"victory":false,"max_hp_per_floor":[72,72,72,72,72,79,79,79,79,79,79,79,89,89,89,89,89,89,89,89,89,89,89,89,89],"card_choices":[{"not_picked":["Gatherer:Frenzy","Gatherer:RecipeChange"],"picked":"Gatherer:FlowerFalling","floor":1.0},{"not_picked":["Gatherer:SaveValuables","Gatherer:Snatch"],"picked":"Gatherer:FlowerShield","floor":2.0},{"not_picked":["Gatherer:Misfortune","Gatherer:TacticalStrike"],"picked":"Gatherer:FlowerFalling","floor":3.0},{"not_picked":["Gatherer:CollectorsShot","Gatherer:RottenStipe"],"picked":"Gatherer:Snatch","floor":5.0},{"not_picked":["Gatherer:Polymorphism","Gatherer:CursedBlade","Gatherer:Uplift"],"picked":"SKIP","floor":6.0},{"not_picked":["Gatherer:Pollute","Gatherer:BambuSword"],"picked":"Gatherer:ScherryThrow","floor":8.0},{"not_picked":["Gatherer:AromaProtection","Gatherer:CollectorsShot"],"picked":"Gatherer:WoolGloves","floor":10.0},{"not_picked":["Gatherer:MiningStrike","Gatherer:TreeGrowth"],"picked":"Gatherer:FlowerFalling","floor":11.0},{"not_picked":["Gatherer:Herbalism","Gatherer:TreeGrowth","Gatherer:BambuSword"],"picked":"SKIP","floor":14.0},{"not_picked":["Gatherer:CursedBlade","Gatherer:Examine"],"picked":"Gatherer:StoneFence","floor":16.0},{"not_picked":["Gatherer:EnergyBasket","Gatherer:GatherMaterial"],"picked":"Gatherer:FlowerBeam","floor":18.0},{"not_picked":["Gatherer:ScherryThrow+1","Gatherer:PotentialSlash+1"],"picked":"Gatherer:FlowerShield+1","floor":19.0},{"not_picked":["Gatherer:Convert+1","Gatherer:ScentOfRosmari","Gatherer:Misfortune"],"picked":"SKIP","floor":21.0}],"player_experience":724844,"relics_obtained":[{"floor":6.0,"key":"Strawberry"},{"floor":9.0,"key":"Orichalcum"},{"floor":11.0,"key":"REME_HourglassOfDeath"}],"event_choices":[{"damage_healed":0.0,"max_hp_gain":0.0,"max_hp_loss":0.0,"gold_gain":275.0,"event_name":"Golden Shrine","player_choice":"Desecrate","floor":4.0,"gold_loss":0.0,"damage_taken":0.0,"cards_obtained":["Regret"]},{"damage_healed":5.0,"max_hp_gain":0.0,"max_hp_loss":0.0,"gold_gain":0.0,"event_name":"Wheel of Change","player_choice":"Full Heal","floor":20.0,"gold_loss":0.0,"damage_taken":0.0}],"is_beta":false,"boss_relics":[{"not_picked":["vexMod:TanglingVine","Runic Dome"],"picked":"construct:WeddingRing"}],"items_purged_floors":[13],"is_endless":false,"potions_floor_spawned":[2,5,10,16,19,21],"killed_by":"HollowMod:Nosk","ascension_level":2}}