{"host":"btkahjvw3wdsn6lk","time":1610801438,"event":{"mods":["100% Spire Juice","ATMod(°¢èªMod)","Act Like it!","BaseMod","Dota2Spire","Gensokyo","Highlight Path","Minty Spire (QoL Compilation)","RumiaBox-Â¶Ã×æ«µÄÉñÃØºÐ×Ó","Spicy Shops","StSLib","¡¾ÒÅÎï¿¨ÅÆ¡¿REMEMod"],"gold_per_floor":[111,59,78,411,428,459,459,472,472,491,503,514,540,551,551,652,652,668,668,668,346,374,374,390,422,422,438,455,455,455,472,472,568,568,580,60,78,90,141,173,734,734,734,734,751,764,778,778,778,778,778,778,249,277,277],"floor_reached":56,"language":"ZHS","playtime":5748,"items_purged":["Moonworks:Flamethrower","Moonworks:Strike","Moonworks:Strike","Moonworks:Strike","Moonworks:Defend"],"score":1465,"play_id":"1eea62bc-f2e0-4a19-ab2c-95f6664e5fb0","local_time":"20210116205038","is_ascension_mode":false,"campfire_choices":[{"data":"AT_LightSaberMaster","floor":7.0,"key":"SMITH"},{"data":"Moonworks:MixPhenomenon","floor":15.0,"key":"SMITH"},{"data":"Moonworks:Wanted","floor":23.0,"key":"SMITH"},{"floor":29.0,"key":"RECALL"},{"data":"Moonworks:MiracleWalker","floor":32.0,"key":"SMITH"},{"data":"Moonworks:MixPhenomenon","floor":42,"key":"SMITH"},{"data":"Moonworks:MixPhenomenon","floor":44,"key":"SMITH"},{"data":"AT_FamilyPortrait","floor":49,"key":"SMITH"},{"data":"Moonworks:ShieldCounter","floor":52,"key":"SMITH"}],"circlet_count":0,"master_deck":["Moonworks:Defend","Moonworks:Defend","Moonworks:Defend","Moonworks:Ambush","Moonworks:LongDistanceShot","AT_LightSaberMaster+1","AT_FamilyPortrait+1","Moonworks:MixPhenomenon+1","Moonworks:UnluckyCharm","Moonworks:NicePresent","Moonworks:AngelHand","Moonworks:MixPhenomenon+1","Moonworks:ShieldCounter+1","Moonworks:TreasureThief","Moonworks:Wanted+1","Moonworks:Gamble","Moonworks:MiracleWalker+1","Moonworks:NicePresent","Moonworks:NicePresent","Moonworks:WeAreWaruda","Moonworks:NicePresent+1","Moonworks:WindyEnchantment","Moonworks:UnluckyCharm","Moonworks:MixPhenomenon+1","Moonworks:UnluckyCharm","Moonworks:ForcedRevival+1","Moonworks:GoAway","AT_BreakingExtremeWeapon","Moonworks:LeapThroughSpace"],"relics":["Moonworks:BrokenBomb","Moonworks:Homemark","AT_ATBox","REME_ComplimentaryCards","GodSword4","Strawberry","Shuriken","EasyGame_NEW","Enchiridion","MutagenicStrength","GodSword5","Red Mask","FossilizedHelix","Gremlin Horn","AT_BladeRuinedKing","AT_TrinityForce","Membership Card","Ccalipers","Dota2Spire:BladeMail","Unceasing Top","Question Card","GodSword6","Regal Pillow","Bottled Flame","Dota2Spire:Mjollnir","ZombieArmy"],"acts_visited":["Exordium","TheCity","TheBeyond","TheEnding"],"potions_floor_usage":[45,45,46,55,55],"damage_taken":[{"damage":0.0,"enemies":"2 Louse","floor":1.0,"turns":4.0},{"damage":6.0,"enemies":"Cultist","floor":3.0,"turns":3.0},{"damage":0.0,"enemies":"Small Slimes","floor":4.0,"turns":3.0},{"damage":0.0,"enemies":"Blue Slaver","floor":5.0,"turns":3.0},{"damage":10.0,"enemies":"Lagavulin","floor":6.0,"turns":8.0},{"damage":6.0,"enemies":"Large Slime","floor":8.0,"turns":6.0},{"damage":0.0,"enemies":"Exordium Wildlife","floor":10.0,"turns":2.0},{"damage":0.0,"enemies":"Blue Slaver","floor":11.0,"turns":3.0},{"damage":0.0,"enemies":"Exordium Thugs","floor":12.0,"turns":4.0},{"damage":0.0,"enemies":"3 Sentries","floor":13.0,"turns":3.0},{"damage":0.0,"enemies":"3 Louse","floor":14.0,"turns":4.0},{"damage":20.0,"enemies":"Hexaghost","floor":16.0,"turns":8.0},{"damage":0.0,"enemies":"Shell Parasite","floor":18.0,"turns":2.0},{"damage":12.0,"enemies":"Masked Bandits","floor":22.0,"turns":3.0},{"damage":0.0,"enemies":"Spheric Guardian","floor":24.0,"turns":3.0},{"damage":0.0,"enemies":"Slavers","floor":25.0,"turns":3.0},{"damage":0.0,"enemies":"Snake Plant","floor":27.0,"turns":3.0},{"damage":0.0,"enemies":"Shelled Parasite and Fungi","floor":28.0,"turns":2.0},{"damage":0.0,"enemies":"3 Cultists","floor":31.0,"turns":3.0},{"damage":0.0,"enemies":"Collector","floor":33.0,"turns":3.0},{"damage":0.0,"enemies":"3 Darklings","floor":35.0,"turns":3.0},{"damage":0.0,"enemies":"Orb Walker","floor":37.0,"turns":2.0},{"damage":0.0,"enemies":"4 Shapes","floor":38.0,"turns":1.0},{"damage":0.0,"enemies":"2 Orb Walkers","floor":39.0,"turns":4.0},{"damage":0.0,"enemies":"Giant Head","floor":40.0,"turns":3.0},{"damage":0,"enemies":"Spire Growth","floor":45,"turns":4},{"damage":0,"enemies":"Writhing Mass","floor":46,"turns":1},{"damage":0,"enemies":"3 Darklings","floor":47,"turns":1},{"damage":0,"enemies":"Donu and Deca","floor":50,"turns":1},{"damage":3,"enemies":"Shield and Spear","floor":54,"turns":4},{"damage":13,"enemies":"The Heart","floor":55,"turns":3}],"seed_played":"-9048451967723084526","potions_obtained":[{"floor":3.0,"key":"Dexterity Potion"},{"floor":5.0,"key":"Regen Potion"},{"floor":8.0,"key":"Explosive Potion"},{"floor":13.0,"key":"ColorlessPotion"},{"floor":16.0,"key":"Regen Potion"},{"floor":18.0,"key":"Dexterity Potion"},{"floor":25.0,"key":"FairyPotion"},{"floor":28.0,"key":"Swift Potion"},{"floor":38.0,"key":"ColorlessPotion"},{"floor":45,"key":"EssenceOfSteel"},{"floor":46,"key":"REME_GoldPotion"}],"is_trial":false,"path_per_floor":["M","?","M","M","M","E","R","M","T","M","M","M","E","M","R","B",null,"M","?","?","$","?","R","M","E","T","M","M","R","?","M","R","B",null,"M","$","M","M","?","E","$","R","T","R","M","M","M","?","R","B",null,"R","$","E","B",null],"character_chosen":"THE_STARBREAKER","items_purchased":["GodSword5","Membership Card","Ccalipers","Fruit Juice","Dota2Spire:BladeMail","Moonworks:WindyEnchantment","Dota2Spire:HealingSalve","GodSword6","Moonworks:UnluckyCharm","AT_BreakingExtremeWeapon","Bottled Flame","Dota2Spire:Mjollnir","CultistPotion","GamblersBrew"],"campfire_rested":0,"item_purchase_floors":[21,36,36,36,36,36,41,41,41,53,53,53,53,53],"current_hp_per_floor":[66,66,60,60,60,57,57,51,51,51,51,51,51,51,51,31,73,73,57,57,57,56,56,56,56,56,56,56,56,56,1,1,1,73,73,83,83,83,83,1,1,1,1,1,39,66,68,68,68,1,85,85,85,85,79],"gold":277,"neow_bonus":"TEN_PERCENT_HP_BONUS","is_daily":false,"chose_seed":false,"campfire_upgraded":8,"win_rate":0.0,"timestamp":1610801438,"path_taken":["M","?","M","M","M","E","R","M","T","M","M","M","E","?","R","BOSS","M","?","?","$","?","R","?","E","T","M","M","R","?","M","R","BOSS","M","$","M","M","?","E","?","R","T","R","M","M","M","?","R","BOSS","R","$","E","BOSS"],"items_purchased_type":["Relic","Relic","Relic","Potion","Relic","Card","Potion","Relic","Card","Card","Relic","Relic","Potion","Potion"],"build_version":"2020-12-22","purchased_purges":5,"victory":true,"max_hp_per_floor":[66,66,66,66,66,73,73,73,73,73,73,73,73,73,73,73,73,73,73,73,73,73,73,73,73,73,73,73,73,73,73,73,73,73,73,83,83,83,83,83,83,83,83,83,83,83,85,85,85,85,85,85,85,85,85],"card_choices":[{"not_picked":["Moonworks:SakisCookie","Moonworks:CloudOfSeagulls"],"picked":"Moonworks:MixPhenomenon","floor":1.0},{"not_picked":["Moonworks:ImOnFire","Moonworks:IndiscriminateFireSupport"],"picked":"Moonworks:UnluckyCharm","floor":3.0},{"not_picked":["Moonworks:IndiscriminateFireSupport","Moonworks:SakisCookie"],"picked":"Moonworks:NicePresent","floor":4.0},{"not_picked":["Moonworks:BeyondHell","Moonworks:IndiscriminateFireSupport"],"picked":"Moonworks:AngelHand","floor":5.0},{"not_picked":["Moonworks:FinalSurgery","Moonworks:NicePresent"],"picked":"Moonworks:MixPhenomenon","floor":6.0},{"not_picked":["Moonworks:Dash","Moonworks:Poppoformation"],"picked":"Moonworks:ShieldCounter","floor":8.0},{"not_picked":["Moonworks:LulusLuckyEgg","Moonworks:DeployBits","Moonworks:BigMagnum"],"picked":"SKIP","floor":10.0},{"not_picked":["Moonworks:Poppoformation","Moonworks:ScrambledEve"],"picked":"Moonworks:TreasureThief","floor":11.0},{"not_picked":["Moonworks:MiracleRedBeanIceCream","Moonworks:TreasureThief","Moonworks:IndiscriminateFireSupport"],"picked":"SKIP","floor":12.0},{"not_picked":["Moonworks:CastOff","Moonworks:Poppoformation"],"picked":"Moonworks:Flamethrower","floor":13.0},{"not_picked":["Moonworks:EvilSpyWorkPreparation","Moonworks:LulusLuckyEgg"],"picked":"Moonworks:Wanted","floor":14.0},{"not_picked":["Moonworks:ReflectiveShell","Moonworks:Wanted"],"picked":"Moonworks:Gamble","floor":16.0},{"not_picked":["Moonworks:IndiscriminateFireSupport","Moonworks:EvilSpyWorkPreparation","Moonworks:JonathanRush+1"],"picked":"SKIP","floor":18.0},{"not_picked":["Moonworks:BigBangBell","Moonworks:RedAndBlue"],"picked":"Moonworks:MiracleWalker","floor":24.0},{"not_picked":["Moonworks:EvilSpyWorkPreparation+1","Moonworks:JonathanRush"],"picked":"Moonworks:NicePresent","floor":25.0},{"not_picked":["Moonworks:EvilSpyWorkPreparation","Moonworks:RagingMadness+1","Moonworks:TacticalRetreat"],"picked":"SKIP","floor":27.0},{"not_picked":["Moonworks:CastOff","Moonworks:LulusLuckyEgg+1"],"picked":"Moonworks:NicePresent","floor":28.0},{"not_picked":["Moonworks:RedAndBlue","Moonworks:BigMagnum","Moonworks:SakisCookie"],"picked":"SKIP","floor":31.0},{"not_picked":["Moonworks:StarBlastingFuse","Moonworks:PlushieMaster"],"picked":"Moonworks:WeAreWaruda","floor":33.0},{"not_picked":["Moonworks:JonathanRush+1","Moonworks:ImOnFire+1"],"picked":"Moonworks:NicePresent+1","floor":35.0},{"not_picked":["Moonworks:Assault+1","Moonworks:UnpaidWork","Moonworks:IndiscriminateFireSupport"],"picked":"SKIP","floor":37.0},{"not_picked":["Moonworks:SakisCookie+1","Moonworks:Gamble"],"picked":"Moonworks:UnluckyCharm","floor":38.0},{"not_picked":["Moonworks:BigBangBell+1","Moonworks:Heat300Percent"],"picked":"Moonworks:MixPhenomenon","floor":39.0},{"not_picked":["Moonworks:DevilHand+1","Moonworks:JonathanRush","Moonworks:BigMagnum+1"],"picked":"SKIP","floor":40.0},{"not_picked":["Moonworks:Assault+1","Moonworks:DeployBits+1","Moonworks:CookingTime"],"picked":"Moonworks:ForcedRevival+1","floor":45},{"not_picked":["Moonworks:IndiscriminateFireSupport","Moonworks:DeployBits","Moonworks:LulusLuckyEgg","Moonworks:EvilSpyWorkPreparation"],"picked":"SKIP","floor":46},{"not_picked":["Moonworks:CastOff","Moonworks:JonathanRush+1","Moonworks:NicePresent"],"picked":"Moonworks:GoAway","floor":47},{"not_picked":["Moonworks:IndiscriminateFireSupport","Moonworks:Assault+1","Moonworks:RagingMadness"],"picked":"Moonworks:LeapThroughSpace","floor":54}],"player_experience":386320,"relics_obtained":[{"floor":6.0,"key":"Strawberry"},{"floor":13.0,"key":"Shuriken"},{"floor":19.0,"key":"Enchiridion"},{"floor":22.0,"key":"Red Mask"},{"floor":25.0,"key":"FossilizedHelix"},{"floor":26.0,"key":"Gremlin Horn"},{"floor":39.0,"key":"Unceasing Top"},{"floor":40.0,"key":"Question Card"},{"floor":43,"key":"Regal Pillow"},{"floor":54,"key":"ZombieArmy"}],"event_choices":[{"damage_healed":0.0,"max_hp_gain":0.0,"max_hp_loss":0.0,"gold_gain":0.0,"event_name":"WeMeetAgain","player_choice":"Paid Gold","floor":2.0,"gold_loss":52.0,"damage_taken":0.0,"relics_obtained":["GodSword4"]},{"damage_healed":0.0,"max_hp_gain":0.0,"max_hp_loss":0.0,"gold_gain":0.0,"event_name":"Cursed Tome","player_choice":"Obtained Book","floor":19.0,"gold_loss":0.0,"damage_taken":16.0},{"damage_healed":0.0,"max_hp_gain":0.0,"max_hp_loss":0.0,"gold_gain":0.0,"event_name":"Drug Dealer","player_choice":"Inject Mutagens","floor":20.0,"gold_loss":0.0,"damage_taken":0.0,"relics_obtained":["MutagenicStrength"]},{"damage_healed":0.0,"max_hp_gain":0.0,"max_hp_loss":0.0,"gold_gain":0.0,"event_name":"Masked Bandits","player_choice":"Fought Bandits","floor":22.0,"gold_loss":0.0,"damage_taken":0.0},{"damage_healed":0.0,"max_hp_gain":0.0,"max_hp_loss":0.0,"gold_gain":0.0,"event_name":"The Mausoleum","player_choice":"Opened","floor":30.0,"gold_loss":0.0,"damage_taken":0.0,"relics_obtained":["AT_BladeRuinedKing"]},{"damage_healed":0.0,"max_hp_gain":0.0,"max_hp_loss":0.0,"gold_gain":0.0,"event_name":"Mysterious Sphere","player_choice":"Fight","floor":39.0,"gold_loss":0.0,"damage_taken":0.0},{"cards_removed":["Moonworks:Strike"],"damage_healed":0,"gold_gain":0,"player_choice":"Removed Attack","damage_taken":0,"max_hp_gain":0,"max_hp_loss":0,"event_name":"Falling","floor":48,"gold_loss":0}],"is_beta":false,"boss_relics":[{"not_picked":["Calling Bell","SlaversCollar"],"picked":"EasyGame_NEW"},{"not_picked":["Cursed Key","Snecko Eye"],"picked":"AT_TrinityForce"}],"items_purged_floors":[21,36,41,41,53],"is_endless":false,"potions_floor_spawned":[3,5,8,13,16,18,25,28,38,39,45,46,54],"ascension_level":0}}