{"host":"qc8h4lvnd2c314ki","time":1610765293,"event":{"mods":["100% Spire Juice","AchievementEnabler","Act Like it!","BaseMod","Better Note","Better Third Choice","Curses Come First","Dota2Spire","Evolution","Friendly Minions","GifTheSpireLib","Highlight Path","Minty Spire (QoL Compilation)","Prisma Mod","Random Character Button","Robot Space Explorer","Spicy Shops","StSLib","The Blue Laboratory","The Marked","¡¾ÒÅÎï¿¨ÅÆ¡¿REMEMod"],"gold_per_floor":[110,110,121,136,155,189,68,91,91,91,91,91,106,123,123,224,224,234,8,27,27,40,40,40,60,138,179,179,189,216,261,261,366,366,378,395,448,448,448],"floor_reached":38,"language":"ZHS","playtime":2781,"items_purged":["Pain","Moonworks:Strike"],"score":405,"play_id":"b67e18df-5464-40eb-97a4-b9edc11ebd7a","local_time":"20210116104813","is_ascension_mode":false,"campfire_choices":[{"floor":12,"key":"RECALL"},{"floor":15,"key":"REST"},{"floor":23,"key":"REST"},{"data":"REME_Flogging","floor":28,"key":"SMITH"},{"floor":32,"key":"REST"}],"circlet_count":0,"master_deck":["Moonworks:Strike","Moonworks:Strike","Moonworks:Strike","Moonworks:Defend","Moonworks:Defend","Moonworks:Defend","Moonworks:Defend","Moonworks:Ambush","Moonworks:LongDistanceShot","REME_Flogging+1","Moonworks:MixPhenomenon","Moonworks:AwakeningOfTalent","Moonworks:LulusLuckyEgg","Moonworks:MiracleWalker","Moonworks:Assault","Moonworks:RagingMadness","Recycle+1","Moonworks:ForcedRevival","Moonworks:StarBlastingFuse","Moonworks:MiracleWalker","Moonworks:BigBangBell","PrismaMod:IllyaCarnivalPrismaAstolfo+1","Moonworks:BindingChains","Moonworks:IndiscriminateFireSupport+1","Moonworks:Heat300Percent","Moonworks:OutOfAmmo"],"relics":["Moonworks:BrokenBomb","Moonworks:Homemark","EVO:Axolotl","REME_ComplimentaryCards","WarpedTongs","Tiny Chest","StoneCalendar","Lantern","SlaversCollar","Pear","Sundial","The Courier","Smiling Mask","Dota2Spire:RefresherOrb","Unceasing Top"],"acts_visited":["Exordium","TheCity","TheBeyond"],"potions_floor_usage":[17,37],"damage_taken":[{"damage":1,"enemies":"Jaw Worm","floor":1,"turns":2},{"damage":3,"enemies":"Cultist","floor":3,"turns":3},{"damage":0,"enemies":"2 Louse","floor":4,"turns":2},{"damage":9,"enemies":"Looter","floor":5,"turns":3},{"damage":28,"enemies":"Gremlin Nob","floor":6,"turns":4},{"damage":2,"enemies":"Gremlin Gang","floor":13,"turns":5},{"damage":13,"enemies":"Lots of Slimes","floor":14,"turns":2},{"damage":15,"enemies":"Slime Boss","floor":16,"turns":7},{"damage":25,"enemies":"3 Byrds","floor":18,"turns":5},{"damage":10,"enemies":"Chosen","floor":20,"turns":2},{"damage":28,"enemies":"Shelled Parasite and Fungi","floor":22,"turns":7},{"damage":28,"enemies":"Snake Plant","floor":25,"turns":5},{"damage":0,"enemies":"Chosen and Byrds","floor":27,"turns":5},{"damage":18,"enemies":"Centurion and Healer","floor":29,"turns":5},{"damage":2,"enemies":"3 Cultists","floor":31,"turns":4},{"damage":65,"enemies":"Champ","floor":33,"turns":9},{"damage":17,"enemies":"3 Darklings","floor":35,"turns":4},{"damage":5,"enemies":"3 Shapes","floor":36,"turns":3},{"damage":63,"enemies":"2 Orb Walkers","floor":37,"turns":4},{"damage":6,"enemies":"Spire Growth","floor":38,"turns":1}],"seed_played":"-6598407178338538956","potions_obtained":[{"floor":3,"key":"FearPotion"},{"floor":6,"key":"blueLaboratory:BottledHope"},{"floor":13,"key":"blueLaboratory:FrostheartPotion"},{"floor":16,"key":"Fruit Juice"},{"floor":18,"key":"blueLaboratory:CorrosionFlask"}],"is_trial":false,"path_per_floor":["M","?","M","M","M","E","$","T","T","?","$","R","M","M","R","B",null,"M","$","M","T","M","R","?","M","T","M","R","M","T","M","R","B",null,"M","M","?","M"],"character_chosen":"THE_STARBREAKER","items_purchased":["Moonworks:RagingMadness","Pear"],"campfire_rested":3,"item_purchase_floors":[7,19],"current_hp_per_floor":[65,65,62,62,53,25,25,25,25,20,20,20,18,5,24,19,71,54,64,59,59,31,55,55,35,35,43,43,33,33,36,61,4,84,67,65,5,0,0],"gold":448,"neow_bonus":"TEN_PERCENT_HP_BONUS","is_daily":false,"chose_seed":false,"campfire_upgraded":1,"win_rate":0.0,"timestamp":1610765293,"path_taken":["M","?","M","M","M","E","$","?","T","?","?","R","M","M","R","BOSS","M","$","M","?","?","R","?","M","T","M","R","?","?","M","R","BOSS","M","M","?","M"],"items_purchased_type":["Card","Relic"],"build_version":"2020-12-22","purchased_purges":2,"victory":false,"max_hp_per_floor":[66,66,66,66,66,66,66,66,66,66,66,66,66,66,66,66,71,71,81,81,81,81,81,81,84,84,84,84,84,84,84,84,84,84,84,84,87,87,87],"card_choices":[{"not_picked":["Moonworks:Assault","Moonworks:ImOnFire"],"picked":"Moonworks:MixPhenomenon","floor":1},{"not_picked":["Moonworks:TacticalRetreat","Moonworks:Flamethrower"],"picked":"Moonworks:AwakeningOfTalent","floor":3},{"not_picked":["Moonworks:SakisCookie","Moonworks:IndiscriminateFireSupport"],"picked":"Moonworks:LulusLuckyEgg","floor":4},{"not_picked":["Moonworks:WindyEnchantment","Moonworks:BackdoorTrade"],"picked":"Moonworks:MiracleWalker","floor":5},{"not_picked":["Moonworks:SakisCookie","Moonworks:EvilSpyWorkPreparation"],"picked":"Moonworks:Assault","floor":6},{"not_picked":["Moonworks:JonathanRush","Moonworks:LulusLuckyEgg"],"picked":"Moonworks:ForcedRevival","floor":13},{"not_picked":["Moonworks:NicePresent","Moonworks:ImOnFire","Moonworks:IndiscriminateFireSupport"],"picked":"SKIP","floor":14},{"not_picked":["Moonworks:GoAway","Moonworks:CrystalBarrier"],"picked":"Moonworks:StarBlastingFuse","floor":16},{"not_picked":["Moonworks:UnpaidWork","Moonworks:SakisCookie"],"picked":"Moonworks:MiracleWalker","floor":18},{"not_picked":["Moonworks:ImOnFire+1","Moonworks:SakisCookie","Moonworks:RagingMadness"],"picked":"SKIP","floor":20},{"not_picked":["Moonworks:AwakeningOfTalent","Moonworks:Assault+1"],"picked":"Moonworks:BigBangBell","floor":22},{"not_picked":["Moonworks:ImOnFire+1","Moonworks:SakisCookie"],"picked":"Moonworks:BindingChains","floor":25},{"not_picked":["Moonworks:IndiscriminateFireSupport","Moonworks:LulusLuckyEgg","Moonworks:Assault+1"],"picked":"SKIP","floor":27},{"not_picked":["Moonworks:BigMagnum","Moonworks:ShieldCounter"],"picked":"Moonworks:IndiscriminateFireSupport+1","floor":29},{"not_picked":["Moonworks:BigMagnum+1","Moonworks:NicePresent"],"picked":"Moonworks:Heat300Percent","floor":31},{"not_picked":["Moonworks:Gamble","Moonworks:PlushieMaster"],"picked":"Moonworks:OutOfAmmo","floor":33},{"not_picked":["Moonworks:BigMagnum+1","Moonworks:NicePresent","Moonworks:Assault"],"picked":"SKIP","floor":35},{"not_picked":["Moonworks:Dash","Moonworks:IndiscriminateFireSupport","Moonworks:NicePresent"],"picked":"SKIP","floor":36}],"player_experience":519444,"relics_obtained":[{"floor":6,"key":"Tiny Chest"},{"floor":9,"key":"StoneCalendar"},{"floor":21,"key":"Sundial"},{"floor":26,"key":"The Courier"},{"floor":30,"key":"Smiling Mask"},{"floor":37,"key":"Unceasing Top"}],"event_choices":[{"damage_healed":0,"gold_gain":0,"player_choice":"Rummage","damage_taken":0,"relics_obtained":["WarpedTongs"],"max_hp_gain":0,"max_hp_loss":0,"event_name":"Accursed Blacksmith","floor":2,"gold_loss":0,"cards_obtained":["Pain"]},{"cards_removed":["REME_Flogging"],"damage_healed":0,"gold_gain":0,"player_choice":"Take \u0026 Give","damage_taken":0,"max_hp_gain":0,"max_hp_loss":0,"event_name":"betterNote:BetterNote","floor":24,"gold_loss":0,"cards_obtained":["PrismaMod:IllyaCarnivalPrismaAstolfo"]},{"damage_healed":0,"gold_gain":0,"player_choice":"Fight","damage_taken":0,"max_hp_gain":0,"max_hp_loss":0,"event_name":"Mysterious Sphere","floor":37,"gold_loss":0}],"is_beta":false,"boss_relics":[{"not_picked":["Tiny House","Sozu"],"picked":"SlaversCollar"},{"not_picked":["REME_LowDesire","Runic Pyramid"],"picked":"Dota2Spire:RefresherOrb"}],"items_purged_floors":[7,19],"is_endless":false,"potions_floor_spawned":[3,6,13,16,18,22,29,35],"killed_by":"Spire Growth","ascension_level":0}}