{"host":"KYO","time":1610763166,"event":{"mods":["ATMod(°¢èªMod)","BaseMod","BetterRewards","Minty Spire (QoL Compilation)","Shop Mod","StSLib","SuperFastMode","[IsaacMod]ÒÔÈö¼âËþ","¡¾ÒÅÎï¿¨ÅÆ¡¿REMEMod"],"gold_per_floor":[168,213,268,268,268,321,321,392,392,451,451,552,622,679,679,795,795,843,919,1034,1148,801,908,244,303,376,376,484,321,392,392,392,522,522,576,400,547,611,274,374,374,530,530,624,759,841,1018,1160,1160,1252,1319,1319,1319,935,1053,1120],"floor_reached":57,"language":"ZHS","playtime":2001,"items_purged":["Strike_R","Strike_R","Strike_R","Strike_R","Strike_R","Defend_R","Defend_R","Defend_R","Bash"],"score":4923,"play_id":"519a871f-72f3-422b-ada5-f6e31ed2dee4","local_time":"20210116101246","is_ascension_mode":true,"campfire_choices":[{"data":"Rampage","floor":7,"key":"SMITH"},{"data":"Flash of Steel","floor":11,"key":"SMITH"},{"data":"Offering","floor":15,"key":"SMITH"},{"floor":27,"key":"RECALL"},{"data":"AT_ChampionStep","floor":32,"key":"SMITH"},{"data":"Shrug It Off","floor":41,"key":"SMITH"},{"floor":49,"key":"DIG"},{"floor":53,"key":"DIG"}],"circlet_count":0,"master_deck":["AscendersBane","AT_ChampionStep+1","Burning Pact+1","Rampage+1","Flash of Steel+1","Shrug It Off+1","REME_Scribble+1","Offering+1","AT_ShrugMaster+1"],"relics":["Burning Blood","HushsDoor","Shovel","AT_ATBox","REME_ComplimentaryCards","BookofShadows","AT_BladeRuinedKing","Bag of Marbles","MerchantsRug","GuppysTail","Orichalcum","AT_ImmortalShieldbow","OrangePellets","SatanicBible","AT_MibuBalloonWealth","AT_EbonyIvory","HowToJump","AT_SeraphEmbrace","TheAbacus","TheBean","Ginger","AT_SunfireAegis","SalivaCoin","AT_TrinityForce","JudasShadow","Red Mask","Leech","Happy Flower","ClockworkSouvenir","Medical Kit","Paper Frog","AT_DeathDance","GuppysHead","Ancient Tea Set","AT_TimeSand","Centennial Puzzle","AT_Manta","Mercury Hourglass","REME_ChargedStone","GuppysPaw","DeadEye","AT_SpeedBoots","Bird Faced Urn","Bronze Scales","Blue Candle","Ornamental Fan","TheBible","Vajra","Mummified Hand","SteamSale","Boot","Oddly Smooth Stone"],"acts_visited":["Exordium","TheCity","TheBeyond","TheEnding"],"potions_floor_usage":[8,42,56,56,56,56],"damage_taken":[{"damage":0,"enemies":"Small Slimes","floor":1,"turns":2},{"damage":0,"enemies":"Cultist","floor":2,"turns":1},{"damage":0,"enemies":"Lagavulin","floor":6,"turns":2},{"damage":0,"enemies":"Jaw Worm","floor":8,"turns":1},{"damage":0,"enemies":"Gremlin Nob","floor":10,"turns":1},{"damage":0,"enemies":"3 Sentries","floor":12,"turns":3},{"damage":0,"enemies":"2 Fungi Beasts","floor":13,"turns":1},{"damage":0,"enemies":"Lagavulin","floor":14,"turns":1},{"damage":8,"enemies":"Hexaghost","floor":16,"turns":1},{"damage":0,"enemies":"Chosen","floor":18,"turns":1},{"damage":0,"enemies":"2 Thieves","floor":19,"turns":1},{"damage":0,"enemies":"Masked Bandits","floor":20,"turns":1},{"damage":0,"enemies":"Hiden Room Battle","floor":21,"turns":1},{"damage":0,"enemies":"Slavers","floor":23,"turns":1},{"damage":0,"enemies":"Book of Stabbing","floor":25,"turns":1},{"damage":0,"enemies":"Slavers","floor":28,"turns":1},{"damage":0,"enemies":"Book of Stabbing","floor":30,"turns":1},{"damage":0,"enemies":"Automaton","floor":33,"turns":1},{"damage":3,"enemies":"Orb Walker","floor":35,"turns":1},{"damage":0,"enemies":"3 Darklings","floor":37,"turns":1},{"damage":0,"enemies":"Spire Growth","floor":38,"turns":1},{"damage":18,"enemies":"Giant Head","floor":40,"turns":1},{"damage":30,"enemies":"Reptomancer","floor":42,"turns":1},{"damage":18,"enemies":"Nemesis","floor":44,"turns":1},{"damage":18,"enemies":"Jaw Worm Horde","floor":45,"turns":1},{"damage":18,"enemies":"Maw","floor":46,"turns":1},{"damage":18,"enemies":"3 Darklings","floor":47,"turns":1},{"damage":18,"enemies":"Reptomancer","floor":48,"turns":1},{"damage":18,"enemies":"Donu and Deca","floor":50,"turns":1},{"damage":18,"enemies":"Time Eater","floor":51,"turns":2},{"damage":18,"enemies":"Shield and Spear","floor":55,"turns":1},{"damage":6,"enemies":"The Heart","floor":56,"turns":4}],"seed_played":"2266132455264516368","potions_obtained":[{"floor":2,"key":"Explosive Potion"},{"floor":6,"key":"REME_GoldPotion"},{"floor":12,"key":"SpeedPotion"},{"floor":14,"key":"EssenceOfSteel"},{"floor":18,"key":"AttackPotion"},{"floor":21,"key":"DistilledChaos"},{"floor":30,"key":"SteroidPotion"},{"floor":33,"key":"ColorlessPotion"},{"floor":38,"key":"SkillPotion"},{"floor":40,"key":"BloodPotion"},{"floor":42,"key":"SkillPotion"},{"floor":47,"key":"DistilledChaos"},{"floor":48,"key":"FearPotion"}],"is_trial":false,"path_per_floor":["M","M","?","?","?","E","R","M","T","E","R","E","M","E","R","B",null,"M","M","?","?","$","E","$","E","T","R","E","$","E","T","R","B",null,"M","$","M","M","$","E","R","E","T","E","M","M","M","E","R","B","B",null,"R","$","E","B",null],"character_chosen":"IRONCLAD","items_purchased":["AT_BladeRuinedKing","Bag of Marbles","MerchantsRug","Rampage","GuppysTail","Orichalcum","AT_ImmortalShieldbow","OrangePellets","SatanicBible","AT_MibuBalloonWealth","AT_EbonyIvory","HowToJump","Flash of Steel","AT_ArchangelStaff","TheAbacus","TheBean","JudasShadow","ClockworkSouvenir","Medical Kit","Paper Frog","AT_DeathDance","War Paint","GuppysPaw","DeadEye","Strawberry","AT_SpeedBoots","SteamSale","Boot","Block Potion","EssenceOfSteel","Block Potion"],"campfire_rested":0,"item_purchase_floors":[0,0,0,0,0,0,0,0,0,0,0,0,0,0,0,0,17,22,24,24,24,29,34,36,39,39,54,54,54,54,54],"current_hp_per_floor":[74,75,60,34,34,40,40,46,46,52,52,58,64,72,72,72,66,68,70,72,65,65,73,73,78,78,78,80,80,86,86,86,98,88,94,94,97,106,113,119,119,148,148,157,169,181,193,205,205,217,230,264,264,264,276,303],"gold":1120,"neow_bonus":"","is_daily":false,"chose_seed":false,"campfire_upgraded":5,"win_rate":0.0,"timestamp":1610763166,"path_taken":["M","M","?","?","?","E","R","M","T","E","R","E","M","E","R","BOSS","M","M","?","?","$","E","$","E","T","R","E","$","E","?","R","BOSS","M","$","M","M","?","E","R","E","T","E","M","M","M","E","R","BOSS","BOSS","R","$","E","BOSS"],"items_purchased_type":["Relic","Relic","Relic","Card","Relic","Relic","Relic","Relic","Relic","Relic","Relic","Relic","Card","Relic","Relic","Relic","Relic","Relic","Relic","Relic","Relic","Relic","Relic","Relic","Relic","Relic","Relic","Relic","Potion","Potion","Potion"],"build_version":"2020-12-18","purchased_purges":9,"victory":true,"max_hp_per_floor":[75,75,75,75,75,75,75,75,75,75,75,75,75,77,77,79,66,68,70,72,74,74,76,76,78,78,78,80,80,86,86,86,98,88,94,94,97,106,113,131,131,149,149,167,185,203,221,239,239,257,275,275,275,275,293,311],"card_choices":[{"not_picked":["Iron Wave","Anger","Cleave"],"picked":"SKIP","floor":1},{"not_picked":["Clash","Twin Strike"],"picked":"Shrug It Off","floor":2},{"not_picked":["Bludgeon","Metallicize","True Grit"],"picked":"SKIP","floor":6},{"not_picked":["Flex","REME_SingleHolding","Perfected Strike"],"picked":"SKIP","floor":8},{"not_picked":["Clothesline","Bloodletting","Headbutt"],"picked":"SKIP","floor":10},{"not_picked":["Thunderclap","Hemokinesis","Spot Weakness"],"picked":"SKIP","floor":12},{"not_picked":["AT_IchimonjiDouble","Dual Wield"],"picked":"REME_Scribble","floor":13},{"not_picked":["Dual Wield","Bomb"],"picked":"Offering","floor":14},{"not_picked":["Iron Wave","Shrug It Off","Dark Embrace"],"picked":"SKIP","floor":18},{"not_picked":["Seeing Red+1","Sword Boomerang","Havoc"],"picked":"SKIP","floor":19},{"not_picked":["Thunderclap","Carnage","Dark Embrace"],"picked":"SKIP","floor":23},{"not_picked":["Disarm","Demon Form","Sword Boomerang"],"picked":"SKIP","floor":25},{"not_picked":["Twin Strike","Shrug It Off","Sentinel"],"picked":"SKIP","floor":28},{"not_picked":["True Grit","Reaper","Searing Blow"],"picked":"SKIP","floor":30},{"not_picked":["Pommel Strike","Heavy Blade","Twin Strike"],"picked":"SKIP","floor":35},{"not_picked":["Fiend Fire","Twin Strike","Heavy Blade"],"picked":"SKIP","floor":37},{"not_picked":["Entrench","Flame Barrier+1"],"picked":"AT_ShrugMaster+1","floor":38},{"not_picked":["Sentinel","Thunderclap","Cleave+1"],"picked":"SKIP","floor":40},{"not_picked":["Dropkick","REME_Cut+1","Disarm"],"picked":"SKIP","floor":42},{"not_picked":["AT_DiedThrough","AT_ManFootWork","Ghostly Armor"],"picked":"SKIP","floor":44},{"not_picked":["True Grit","Dropkick+1","Feel No Pain"],"picked":"SKIP","floor":45},{"not_picked":["REME_FearOfPain","Clash","Thunderclap+1"],"picked":"SKIP","floor":46},{"not_picked":["Body Slam","True Grit+1","Entrench"],"picked":"SKIP","floor":47},{"not_picked":["REME_ACTH","Warcry","Carnage"],"picked":"SKIP","floor":48},{"not_picked":["Havoc","Spot Weakness","Iron Wave+1"],"picked":"SKIP","floor":55}],"player_experience":601911,"relics_obtained":[{"floor":6,"key":"Matryoshka"},{"floor":9,"key":"AT_SunfireAegis"},{"floor":10,"key":"Potion Belt"},{"floor":12,"key":"AnarchistCookbook"},{"floor":14,"key":"SalivaCoin"},{"floor":20,"key":"Red Mask"},{"floor":21,"key":"Leech"},{"floor":21,"key":"Happy Flower"},{"floor":25,"key":"GuppysHead"},{"floor":26,"key":"Ancient Tea Set"},{"floor":26,"key":"AT_TimeSand"},{"floor":28,"key":"Centennial Puzzle"},{"floor":30,"key":"AT_Manta"},{"floor":31,"key":"Mercury Hourglass"},{"floor":40,"key":"Bird Faced Urn"},{"floor":42,"key":"Bronze Scales"},{"floor":43,"key":"Blue Candle"},{"floor":44,"key":"Ornamental Fan"},{"floor":48,"key":"TheBible"},{"floor":49,"key":"Vajra"},{"floor":53,"key":"Mummified Hand"},{"floor":55,"key":"Oddly Smooth Stone"}],"event_choices":[{"damage_healed":0,"gold_gain":0,"player_choice":"Success","damage_taken":26,"relics_obtained":["Ginger"],"max_hp_gain":0,"max_hp_loss":0,"event_name":"Scrap Ooze","floor":4,"gold_loss":0},{"cards_removed":["Defend_R"],"damage_healed":0,"gold_gain":0,"player_choice":"Forget","damage_taken":0,"max_hp_gain":0,"max_hp_loss":0,"event_name":"Living Wall","floor":5,"gold_loss":0},{"damage_healed":0,"gold_gain":0,"player_choice":"Fought Bandits","damage_taken":0,"max_hp_gain":0,"max_hp_loss":0,"event_name":"Masked Bandits","floor":20,"gold_loss":0},{"damage_healed":0,"gold_gain":0,"player_choice":"Fight","damage_taken":0,"max_hp_gain":0,"max_hp_loss":0,"event_name":"HidenRoomEvent","floor":21,"gold_loss":0}],"is_beta":true,"boss_relics":[{"not_picked":["Sozu","Philosopher\u0027s Stone"],"picked":"AT_TrinityForce"},{"not_picked":[]},{"not_picked":["Velvet Choker","Astrolabe"],"picked":"REME_ChargedStone"},{"not_picked":[]}],"items_purged_floors":[0,0,0,0,0,0,0,22,54],"is_endless":false,"potions_floor_spawned":[2,6,12,14,18,21,30,33,38,40,42,47,48],"ascension_level":20}}