{"host":"a5lz0e76zb3fcwkm","time":1610821404,"event":{"mods":["AchievementEnabler","BaseMod","Colored Map","Colored Powertips","Minty Spire (QoL Compilation)","StSLib","SuperFastMode"],"gold_per_floor":[110,260,260,260,271,305,315,315,315,345,345,126,126,151,151,151,151],"floor_reached":16,"language":"KOR","playtime":240,"items_purged":["Strike_G"],"score":282,"play_id":"d1508128-8238-42a8-b159-d940925e1ed8","local_time":"20210117032324","is_ascension_mode":true,"campfire_choices":[{"data":"Infinite Blades","floor":8,"key":"SMITH"},{"data":"Calculated Gamble","floor":11,"key":"SMITH"},{"data":"Blade Dance","floor":13,"key":"SMITH"},{"data":"Footwork","floor":15,"key":"SMITH"}],"circlet_count":0,"master_deck":["AscendersBane","Strike_G","Strike_G","Strike_G","Strike_G","Defend_G","Defend_G","Defend_G","Defend_G","Defend_G","Survivor","Neutralize","Calculated Gamble+1","Backstab","Infinite Blades+1","Blade Dance+1","Footwork+1"],"relics":["Ring of the Snake","NeowsBlessing","Paper Crane","Shuriken","Mummified Hand","Bottled Flame"],"acts_visited":["Exordium"],"potions_floor_usage":[10,14],"damage_taken":[{"damage":0,"enemies":"Small Slimes","floor":1,"turns":1},{"damage":0,"enemies":"Cultist","floor":5,"turns":1},{"damage":0,"enemies":"Gremlin Nob","floor":6,"turns":1},{"damage":0,"enemies":"2 Louse","floor":7,"turns":2},{"damage":27,"enemies":"3 Sentries","floor":10,"turns":8},{"damage":4,"enemies":"Gremlin Nob","floor":14,"turns":3},{"damage":30,"enemies":"Slime Boss","floor":16,"turns":7}],"seed_played":"8963353928249667588","potions_obtained":[{"floor":1,"key":"Ancient Potion"},{"floor":5,"key":"Energy Potion"},{"floor":10,"key":"Swift Potion"}],"is_trial":false,"path_per_floor":["M","?","?","?","M","E","M","R","T","E","R","$","R","E","R","B"],"character_chosen":"THE_SILENT","items_purchased":["Blade Dance","Footwork"],"campfire_rested":0,"item_purchase_floors":[12,12],"current_hp_per_floor":[59,59,59,59,59,59,59,59,59,32,32,32,32,28,28,0,0],"gold":151,"neow_bonus":"THREE_ENEMY_KILL","is_daily":false,"chose_seed":false,"campfire_upgraded":4,"win_rate":0.0,"timestamp":1610821404,"path_taken":["M","?","?","?","M","E","M","R","T","E","R","$","R","E","R","BOSS"],"items_purchased_type":["Card","Card"],"build_version":"2020-12-22","purchased_purges":1,"victory":false,"max_hp_per_floor":[66,66,66,66,66,66,66,66,66,66,66,66,66,66,66,66,66],"card_choices":[{"not_picked":["Leg Sweep","Skewer","Slice"],"picked":"SKIP","floor":1},{"not_picked":["Dash","Distraction"],"picked":"Calculated Gamble","floor":5},{"not_picked":["Caltrops","Bane"],"picked":"Backstab","floor":6},{"not_picked":["Sucker Punch","Setup"],"picked":"Infinite Blades","floor":7},{"not_picked":["Calculated Gamble","Unload","Bouncing Flask"],"picked":"SKIP","floor":10},{"not_picked":["Prepared","Choke","Crippling Poison"],"picked":"SKIP","floor":14}],"player_experience":1754961,"relics_obtained":[{"floor":4,"key":"Paper Crane"},{"floor":6,"key":"Shuriken"},{"floor":10,"key":"Mummified Hand"},{"floor":14,"key":"Bottled Flame"}],"event_choices":[{"damage_healed":0,"gold_gain":150,"player_choice":"AGREE","damage_taken":0,"max_hp_gain":0,"max_hp_loss":0,"event_name":"Liars Game","floor":2,"gold_loss":0,"cards_obtained":["Doubt"]},{"cards_removed":["Doubt"],"damage_healed":0,"gold_gain":0,"player_choice":"Forget","damage_taken":0,"max_hp_gain":0,"max_hp_loss":0,"event_name":"Living Wall","floor":3,"gold_loss":0},{"damage_healed":0,"gold_gain":0,"player_choice":"Relic","damage_taken":0,"max_hp_gain":0,"max_hp_loss":0,"event_name":"Wheel of Change","floor":4,"gold_loss":0}],"is_beta":false,"boss_relics":[],"items_purged_floors":[12],"is_endless":false,"potions_floor_spawned":[1,5,10],"killed_by":"Slime Boss","ascension_level":20}}