{"host":"sc0o2qwpf9j16a4i","time":1610816351,"event":{"mods":["AchievementEnabler","BaseMod","BetterRewards","Block Reminder","Colored Map","Colored Powertips","Custom Start","Highlight Path","Minty Spire (QoL Compilation)","Relic Stats"],"gold_per_floor":[109,126,136,136,148,148,173,187,187,187,215,215,13,33,33,107,107,122,34,51,51,70,70,98,110,135,135,135],"floor_reached":27,"language":"ENG","playtime":761,"items_purged":[],"score":590,"play_id":"e8fac34b-a53f-42fa-80d6-340b184f0ee1","local_time":"20210116185911","is_ascension_mode":true,"campfire_choices":[{"floor":6,"key":"REST"},{"floor":10,"key":"REST"},{"data":"Apotheosis","floor":15,"key":"SMITH"},{"floor":23,"key":"REST"}],"circlet_count":0,"master_deck":["AscendersBane","Strike_B","Strike_B","Strike_B","Defend_B","Defend_B","Defend_B","Defend_B","Zap","Dualcast","Ball Lightning","Sweeping Beam","Chill","Cold Snap","Ball Lightning","Loop","Reinforced Body","Apotheosis+1","Creative AI","Amplify","Coolheaded","Heatsinks","Coolheaded","Cold Snap","Compile Driver","Multi-Cast","Defragment"],"relics":["Cracked Core","Ice Cream","Omamori","Cables","MealTicket","Sozu","Kunai","Juzu Bracelet"],"acts_visited":["Exordium","TheCity"],"potions_floor_usage":[7,11,16,25],"damage_taken":[{"damage":4,"enemies":"Small Slimes","floor":1,"turns":3},{"damage":4,"enemies":"Jaw Worm","floor":2,"turns":3},{"damage":0,"enemies":"Cultist","floor":3,"turns":2},{"damage":6,"enemies":"Exordium Wildlife","floor":5,"turns":4},{"damage":20,"enemies":"Lagavulin","floor":7,"turns":7},{"damage":0,"enemies":"Lots of Slimes","floor":8,"turns":2},{"damage":2,"enemies":"3 Sentries","floor":11,"turns":5},{"damage":8,"enemies":"Red Slaver","floor":14,"turns":2},{"damage":0,"enemies":"Slime Boss","floor":16,"turns":8},{"damage":5,"enemies":"Chosen","floor":18,"turns":4},{"damage":15,"enemies":"2 Thieves","floor":20,"turns":4},{"damage":27,"enemies":"Shelled Parasite and Fungi","floor":22,"turns":7},{"damage":40,"enemies":"Gremlin Leader","floor":24,"turns":8},{"damage":0,"enemies":"Sentry and Sphere","floor":25,"turns":7},{"damage":10,"enemies":"Centurion and Healer","floor":27,"turns":1}],"seed_played":"7327652654303051074","potions_obtained":[{"floor":2,"key":"ColorlessPotion"},{"floor":3,"key":"EssenceOfSteel"},{"floor":7,"key":"SpeedPotion"},{"floor":12,"key":"FocusPotion"}],"is_trial":false,"path_per_floor":["M","M","M","?","M","R","E","M","T","R","E","?","$","M","R","B",null,"M","$","M","?","M","R","E","M","T","M"],"character_chosen":"DEFECT","items_purchased":["Apotheosis","Heatsinks"],"campfire_rested":3,"item_purchase_floors":[13,19],"current_hp_per_floor":[42,38,38,38,32,53,33,33,33,54,52,52,67,59,59,59,68,63,71,56,56,29,50,10,10,10,0,0],"gold":135,"neow_bonus":"ONE_RARE_RELIC","is_daily":false,"chose_seed":false,"campfire_upgraded":1,"win_rate":0.0,"timestamp":1610816351,"path_taken":["M","M","M","?","M","R","E","M","T","R","E","?","$","M","R","BOSS","M","?","M","?","?","R","E","M","T","M"],"items_purchased_type":["Card","Card"],"build_version":"2020-12-22","purchased_purges":0,"victory":false,"max_hp_per_floor":[71,71,71,71,71,71,71,71,71,71,71,71,71,71,71,71,71,71,71,71,71,71,71,71,71,71,71,71],"relic_stats":{"Sozu":3,"counters":[15,67],"MealTicket":23,"Juzu Bracelet":0,"Kunai":[2],"obtain_stats":[{"Ice Cream":0,"Sozu":17,"MealTicket":11,"Omamori":7,"Juzu Bracelet":26,"Kunai":24,"Cracked Core":0,"Cables":9},{"Ice Cream":0,"Sozu":9,"MealTicket":7,"Omamori":5,"Juzu Bracelet":14,"Kunai":13,"Cracked Core":0,"Cables":6},{"Ice Cream":0,"Sozu":36,"MealTicket":26,"Omamori":19,"Juzu Bracelet":66,"Kunai":59,"Cracked Core":0,"Cables":21}],"Cables":[41,22,19,0,0]},"card_choices":[{"not_picked":["Coolheaded","Conserve Battery"],"picked":"Ball Lightning","floor":1},{"not_picked":["Steam Power","Stack"],"picked":"Sweeping Beam","floor":2},{"not_picked":["Sweeping Beam","Barrage"],"picked":"Chill","floor":3},{"not_picked":["Gash","Darkness"],"picked":"Cold Snap","floor":5},{"not_picked":["Streamline","Rebound"],"picked":"Ball Lightning","floor":7},{"not_picked":["Ball Lightning","Steam"],"picked":"Loop","floor":8},{"not_picked":["Rebound","Blizzard"],"picked":"Reinforced Body","floor":11},{"not_picked":["Cold Snap","Sunder"],"picked":"Creative AI","floor":14},{"not_picked":["Hyperbeam","Reboot"],"picked":"Amplify","floor":16},{"not_picked":["Rebound","Cold Snap"],"picked":"Coolheaded","floor":18},{"not_picked":["Turbo","Redo"],"picked":"Coolheaded","floor":20},{"not_picked":["Skim","Rebound"],"picked":"Compile Driver","floor":22},{"not_picked":["Rebound","Coolheaded"],"picked":"Multi-Cast","floor":24},{"not_picked":["Rebound","Steam"],"picked":"Defragment","floor":25}],"player_experience":665628,"relics_obtained":[{"floor":7,"key":"Omamori"},{"floor":9,"key":"Cables"},{"floor":11,"key":"MealTicket"},{"floor":24,"key":"Kunai"},{"floor":26,"key":"Juzu Bracelet"}],"event_choices":[{"damage_healed":0,"gold_gain":0,"player_choice":"Ignored","damage_taken":0,"max_hp_gain":0,"max_hp_loss":0,"event_name":"Liars Game","floor":4,"gold_loss":0},{"damage_healed":0,"gold_gain":0,"player_choice":"Got Potions","damage_taken":0,"max_hp_gain":0,"max_hp_loss":0,"event_name":"Lab","floor":12,"gold_loss":0},{"damage_healed":0,"gold_gain":0,"cards_transformed":["Strike_B"],"player_choice":"Transformed","damage_taken":0,"max_hp_gain":0,"max_hp_loss":0,"event_name":"Transmorgrifier","floor":21,"gold_loss":0,"cards_obtained":["Cold Snap"]}],"is_beta":false,"boss_relics":[{"not_picked":["SlaversCollar","FrozenCore"],"picked":"Sozu"}],"items_purged_floors":[],"is_endless":false,"potions_floor_spawned":[2,3,7,20,24,25],"killed_by":"Centurion and Healer","ascension_level":20}}