{"host":"dyggtcpod2kd5hqt","time":1610818061,"event":{"mods":["2.2 Compatiblity","AchievementEnabler","BaseMod","Bestiary","Block Reminder","Colored Map","Colored Powertips","Minty Spire (QoL Compilation)","Quick Restart","Rare Cards Sparkle","Relic Stats","Unknown Chances"],"gold_per_floor":[113,388,399,111,121,121,132,132,132,149,4,4,29,41,41,146,196,216,216,82,92,111,111,142,153,177,177,177,191,116,143,143,246,246,257,273,273,323,336,369,369,396,422,422,434,467,467,480,480,480,480,480,12,47,47],"floor_reached":56,"language":"ENG","playtime":9946,"items_purged":["Regret","Writhe"],"score":1372,"play_id":"7305fb5a-fc6f-4c17-8107-ac57a17c2f8e","local_time":"20210116122741","is_ascension_mode":true,"campfire_choices":[{"data":"Wraith Form v2","floor":6.0,"key":"SMITH"},{"data":"Glass Knife","floor":8.0,"key":"SMITH"},{"data":"Blade Dance","floor":15.0,"key":"SMITH"},{"data":"Dash","floor":23.0,"key":"SMITH"},{"data":"Footwork","floor":28.0,"key":"SMITH"},{"floor":32.0,"key":"REST"},{"floor":41.0,"key":"REST"},{"floor":44.0,"key":"REST"},{"floor":49.0,"key":"RECALL"},{"data":"1","floor":52,"key":"LIFT"}],"circlet_count":0,"master_deck":["Strike_G","Strike_G","Strike_G","Strike_G","Defend_G","Defend_G+1","Defend_G+1","Defend_G","Survivor","Neutralize","Blade Dance","Wraith Form v2+1","Glass Knife+1","Footwork","Storm of Steel+1","Blade Dance+1","Backflip+1","Backflip","Venomology","Footwork+1","Prepared","Escape Plan","Dash+1","Leg Sweep","Noxious Fumes+1","Calculated Gamble+1","Night Terror+1","Blade Dance+1","Blade Dance+1","Blur+1","Footwork+1","Deflect+1","Escape Plan+1","Accuracy","Wraith Form v2+1","Adrenaline+1"],"relics":["SlaversCollar","War Paint","OrangePellets","White Beast Statue","Tiny House","Question Card","Paper Crane","Centennial Puzzle","Toxic Egg 2","Fusion Hammer","Girya","Boot","StrikeDummy","Bottled Flame","DollysMirror","Dead Branch","Shuriken"],"acts_visited":["Exordium","TheCity","TheBeyond","TheEnding"],"potions_floor_usage":[50,50,55,55,55],"damage_taken":[{"damage":0.0,"enemies":"2 Louse","floor":1.0,"turns":4.0},{"damage":7.0,"enemies":"Cultist","floor":3.0,"turns":5.0},{"damage":0.0,"enemies":"Jaw Worm","floor":5.0,"turns":3.0},{"damage":17.0,"enemies":"Lots of Slimes","floor":7.0,"turns":4.0},{"damage":10.0,"enemies":"Blue Slaver","floor":10.0,"turns":4.0},{"damage":7.0,"enemies":"Gremlin Nob","floor":13.0,"turns":3.0},{"damage":0.0,"enemies":"Large Slime","floor":14.0,"turns":3.0},{"damage":27.0,"enemies":"The Guardian","floor":16.0,"turns":15.0},{"damage":15.0,"enemies":"Chosen","floor":18.0,"turns":6.0},{"damage":7.0,"enemies":"Spheric Guardian","floor":21.0,"turns":5.0},{"damage":21.0,"enemies":"Snake Plant","floor":22.0,"turns":9.0},{"damage":18.0,"enemies":"Book of Stabbing","floor":24.0,"turns":7.0},{"damage":5.0,"enemies":"Cultist and Chosen","floor":25.0,"turns":7.0},{"damage":16.0,"enemies":"Centurion and Healer","floor":29.0,"turns":8.0},{"damage":16.0,"enemies":"Slavers","floor":31.0,"turns":7.0},{"damage":13.0,"enemies":"Champ","floor":33.0,"turns":13.0},{"damage":14.0,"enemies":"3 Shapes","floor":35.0,"turns":3.0},{"damage":20.0,"enemies":"3 Darklings","floor":36.0,"turns":9.0},{"damage":0.0,"enemies":"Mind Bloom Boss Battle","floor":38.0,"turns":7.0},{"damage":3.0,"enemies":"4 Shapes","floor":39.0,"turns":6.0},{"damage":27.0,"enemies":"Giant Head","floor":40.0,"turns":12.0},{"damage":11.0,"enemies":"Nemesis","floor":42.0,"turns":8.0},{"damage":13.0,"enemies":"Jaw Worm Horde","floor":45.0,"turns":4.0},{"damage":20.0,"enemies":"Reptomancer","floor":46.0,"turns":9.0},{"damage":1.0,"enemies":"Spire Growth","floor":48.0,"turns":8.0},{"damage":51,"enemies":"Awakened One","floor":50,"turns":24},{"damage":8,"enemies":"Shield and Spear","floor":54,"turns":8},{"damage":17,"enemies":"The Heart","floor":55,"turns":9}],"seed_played":"-6465930090200959246","potions_obtained":[{"floor":3.0,"key":"Block Potion"},{"floor":7.0,"key":"Strength Potion"},{"floor":13.0,"key":"Energy Potion"},{"floor":14.0,"key":"Energy Potion"},{"floor":21.0,"key":"PowerPotion"},{"floor":22.0,"key":"Block Potion"},{"floor":24.0,"key":"Fire Potion"},{"floor":25.0,"key":"EssenceOfSteel"},{"floor":31.0,"key":"DistilledChaos"},{"floor":33.0,"key":"Dexterity Potion"},{"floor":35.0,"key":"Fruit Juice"},{"floor":39.0,"key":"DistilledChaos"},{"floor":45.0,"key":"Explosive Potion"},{"floor":48.0,"key":"Dexterity Potion"},{"floor":54,"key":"Regen Potion"}],"is_trial":false,"path_per_floor":["M","?","M","$","M","R","M","R","T","M","$","?","E","M","R","B",null,"M","?","$","M","M","R","E","M","T","?","R","M","?","E","R","B",null,"M","M","?","?","M","E","R","E","T","R","M","E","?","M","R","B",null,"R","$","E","B",null],"character_chosen":"THE_SILENT","items_purchased":["Glass Knife","Footwork","OrangePellets","Escape Plan","Accuracy","DollysMirror","Dead Branch"],"campfire_rested":3,"item_purchase_floors":[4,4,11,20,53,53,53],"current_hp_per_floor":[70,70,63,63,63,63,46,46,46,36,36,36,29,29,29,2,75,60,60,60,53,32,32,14,9,9,34,34,18,18,2,24,11,75,61,46,46,46,43,16,40,29,29,53,40,20,20,19,19,24,80,80,80,72,67],"gold":47,"neow_bonus":"BOSS_RELIC","is_daily":false,"chose_seed":false,"campfire_upgraded":5,"win_rate":0.0,"timestamp":1610818061,"path_taken":["M","?","M","$","?","R","M","R","T","M","$","?","E","?","R","BOSS","M","?","$","M","M","R","E","M","T","?","R","M","?","E","R","BOSS","M","M","?","?","M","E","R","E","T","R","M","E","?","M","R","BOSS","R","$","E","BOSS"],"items_purchased_type":["Card","Card","Relic","Card","Card","Relic","Relic"],"build_version":"2020-12-22","purchased_purges":2,"victory":true,"max_hp_per_floor":[70,70,70,70,70,70,70,70,70,70,70,70,70,70,70,70,75,75,75,75,75,75,75,75,75,75,75,75,75,75,75,75,75,75,75,80,80,80,80,80,80,80,80,80,80,80,80,80,80,80,80,80,80,80,80],"relic_stats":{"OrangePellets":[36],"Centennial Puzzle":[42],"counters":[28,210],"Shuriken":[10],"Dead Branch":[73],"War Paint":["Defend_G","Defend_G"],"Question Card":17,"Boot":[194],"obtain_stats":[{"Girya":38,"Tiny House":17,"Dead Branch":53,"War Paint":9,"Paper Crane":24,"Question Card":19,"Boot":40,"White Beast Statue":13,"SlaversCollar":0,"OrangePellets":11,"Centennial Puzzle":26,"Bottled Flame":46,"DollysMirror":53,"Shuriken":54,"Fusion Hammer":34,"Toxic Egg 2":31,"StrikeDummy":42,"Ring of the Snake":0},{"Girya":19,"Tiny House":8,"Dead Branch":26,"War Paint":4,"Paper Crane":12,"Question Card":9,"Boot":21,"White Beast Statue":6,"SlaversCollar":0,"OrangePellets":5,"Centennial Puzzle":13,"Bottled Flame":24,"DollysMirror":26,"Shuriken":27,"Fusion Hammer":16,"Toxic Egg 2":15,"StrikeDummy":22,"Ring of the Snake":0},{"Girya":122,"Tiny House":41,"Dead Branch":193,"War Paint":16,"Paper Crane":68,"Question Card":47,"Boot":140,"White Beast Statue":23,"SlaversCollar":0,"OrangePellets":20,"Centennial Puzzle":75,"Bottled Flame":161,"DollysMirror":193,"Shuriken":201,"Fusion Hammer":103,"Toxic Egg 2":90,"StrikeDummy":148,"Ring of the Snake":0}]},"card_choices":[{"not_picked":["Slice","Underhanded Strike"],"picked":"Blade Dance","floor":1.0},{"not_picked":["Backflip","Poisoned Stab"],"picked":"Wraith Form v2","floor":3.0},{"not_picked":["Quick Slash","Dagger Throw","PiercingWail"],"picked":"SKIP","floor":5.0},{"not_picked":["Setup","Deflect"],"picked":"Storm of Steel","floor":7.0},{"not_picked":["Distraction","Prepared"],"picked":"Blade Dance","floor":10.0},{"not_picked":["PiercingWail","Calculated Gamble"],"picked":"Backflip","floor":13.0},{"not_picked":["Riddle With Holes","Dagger Spray"],"picked":"Backflip","floor":14.0},{"not_picked":["Night Terror","Malaise"],"picked":"Venomology","floor":16.0},{"not_picked":["Dagger Spray","Tactician"],"picked":"Footwork","floor":17.0},{"not_picked":["Skewer","Dagger Spray"],"picked":"Prepared","floor":18.0},{"not_picked":["Backstab","Masterful Stab","Dagger Throw"],"picked":"Dash","floor":21.0},{"not_picked":["Underhanded Strike+1","Expertise","Tactician"],"picked":"Leg Sweep","floor":22.0},{"not_picked":["Well Laid Plans","Flying Knee","Dash"],"picked":"Noxious Fumes+1","floor":24.0},{"not_picked":["Dash","Dagger Throw+1","Choke","Dagger Spray"],"picked":"SKIP","floor":25.0},{"not_picked":["Sucker Punch","Skewer","Flying Knee","Outmaneuver"],"picked":"SKIP","floor":29.0},{"not_picked":["Slice","Poisoned Stab","Caltrops"],"picked":"Calculated Gamble+1","floor":31.0},{"not_picked":["Grand Finale","Die Die Die","Glass Knife"],"picked":"Night Terror+1","floor":33.0},{"not_picked":["Deadly Poison+1","Dagger Spray+1","Reflex+1","Masterful Stab"],"picked":"SKIP","floor":35.0},{"not_picked":["Poisoned Stab","Acrobatics+1","Underhanded Strike","Bane+1"],"picked":"SKIP","floor":36.0},{"not_picked":["Bane","Crippling Poison+1","Prepared+1"],"picked":"Blade Dance+1","floor":38.0},{"not_picked":["PiercingWail+1","Sucker Punch","Catalyst+1"],"picked":"Blade Dance+1","floor":39.0},{"not_picked":["Sucker Punch","Deflect+1","Acrobatics+1","Slice+1"],"picked":"SKIP","floor":40.0},{"not_picked":["Glass Knife","Sucker Punch+1","Distraction+1"],"picked":"Blur+1","floor":42.0},{"not_picked":["Slice","Prepared+1","Infinite Blades"],"picked":"Footwork+1","floor":45.0},{"not_picked":["Underhanded Strike","Dagger Spray","Masterful Stab+1"],"picked":"Deflect+1","floor":46.0},{"not_picked":["Bane+1","Distraction+1","Dagger Spray"],"picked":"Escape Plan+1","floor":48.0},{"not_picked":["PiercingWail+1","Catalyst+1","Dagger Spray+1"],"picked":"Adrenaline+1","floor":54}],"player_experience":737859,"relics_obtained":[{"floor":9.0,"key":"War Paint"},{"floor":13.0,"key":"White Beast Statue"},{"floor":24.0,"key":"Paper Crane"},{"floor":26.0,"key":"Centennial Puzzle"},{"floor":31.0,"key":"Toxic Egg 2"},{"floor":38.0,"key":"Girya"},{"floor":40.0,"key":"Boot"},{"floor":42.0,"key":"StrikeDummy"},{"floor":46.0,"key":"Bottled Flame"},{"floor":54,"key":"Shuriken"}],"event_choices":[{"damage_healed":0.0,"max_hp_gain":0.0,"max_hp_loss":0.0,"gold_gain":275.0,"event_name":"Golden Shrine","player_choice":"Desecrate","floor":2.0,"gold_loss":0.0,"damage_taken":0.0,"cards_obtained":["Regret"]},{"damage_healed":0.0,"max_hp_gain":0.0,"max_hp_loss":0.0,"gold_gain":0.0,"event_name":"Upgrade Shrine","player_choice":"Upgraded","floor":12.0,"gold_loss":0.0,"damage_taken":0.0,"cards_upgraded":["Storm of Steel"]},{"damage_healed":0.0,"max_hp_gain":0.0,"max_hp_loss":0.0,"gold_gain":0.0,"event_name":"The Mausoleum","player_choice":"Opened","floor":19.0,"gold_loss":0.0,"damage_taken":0.0,"relics_obtained":["Question Card"],"cards_obtained":["Writhe"]},{"damage_healed":25.0,"max_hp_gain":0.0,"max_hp_loss":0.0,"gold_gain":0.0,"event_name":"The Library","player_choice":"Heal","floor":27.0,"gold_loss":0.0,"damage_taken":0.0},{"cards_removed":["Strike_G"],"damage_healed":0.0,"max_hp_gain":0.0,"max_hp_loss":0.0,"gold_gain":0.0,"event_name":"Beggar","player_choice":"Gave Gold","floor":30.0,"gold_loss":75.0,"damage_taken":0.0},{"damage_healed":0.0,"max_hp_gain":0.0,"max_hp_loss":0.0,"gold_gain":0.0,"event_name":"Tomb of Lord Red Mask","player_choice":"Ignored","floor":37.0,"gold_loss":0.0,"damage_taken":0.0},{"damage_healed":0.0,"max_hp_gain":0.0,"max_hp_loss":0.0,"gold_gain":0.0,"event_name":"MindBloom","player_choice":"Fight","floor":38.0,"gold_loss":0.0,"damage_taken":0.0},{"cards_removed":["Defend_G"],"damage_healed":0.0,"max_hp_gain":0.0,"max_hp_loss":0.0,"gold_gain":0.0,"event_name":"Purifier","player_choice":"Purged","floor":47.0,"gold_loss":0.0,"damage_taken":0.0}],"is_beta":false,"boss_relics":[{"not_picked":["HoveringKite","Ectoplasm"],"picked":"Tiny House"},{"not_picked":["Coffee Dripper","Sozu"],"picked":"Fusion Hammer"}],"items_purged_floors":[4,20],"is_endless":false,"potions_floor_spawned":[3,7,13,14,16,18,21,22,24,25,29,31,33,35,36,38,39,40,42,45,46,48,54],"ascension_level":2}}