{"host":"l60rmjjsfi0fipmi","time":1610765596,"event":{"mods":["BaseMod","Colored Map","DeckTracker","Highlight Path","Minty Spire (QoL Compilation)","StSLib","The Cursed"],"gold_per_floor":[114,74,88,100,100,100,124,46,46,59,93,393,416,416,416,536,536,554,554,577,432,456,456,436,459,459,459,478,478,478,478],"floor_reached":30,"language":"ENG","playtime":1536,"items_purged":["Regret"],"score":278,"play_id":"cc81af44-00d3-492a-a037-72b3e42510cd","local_time":"20210115215316","is_ascension_mode":true,"campfire_choices":[{"data":"Neutralize","floor":6,"key":"SMITH"},{"data":"Infinite Blades","floor":15,"key":"SMITH"},{"floor":23,"key":"REST"},{"data":"Terror","floor":27,"key":"SMITH"},{"floor":29,"key":"REST"}],"circlet_count":0,"master_deck":["Strike_G","Strike_G","Strike_G","Strike_G","Strike_G","Defend_G","Defend_G","Defend_G","Defend_G","Defend_G","Survivor","Neutralize+1","Terror+1","Leg Sweep","Cloak And Dagger","Cloak And Dagger","Infinite Blades+1","Accuracy","Backflip","Malaise","Concentrate","Cloak And Dagger","Backstab","Backstab","Bouncing Flask+1"],"relics":["Ring of the Snake","Golden Idol","Question Card","Du-Vu Doll","Old Coin","Ornamental Fan","HoveringKite","Bottled Lightning"],"acts_visited":["Exordium","TheCity"],"potions_floor_usage":[11,16,16,25,28,30,30],"damage_taken":[{"damage":3,"enemies":"Jaw Worm","floor":1,"turns":5},{"damage":0,"enemies":"Small Slimes","floor":3,"turns":3},{"damage":0,"enemies":"2 Louse","floor":4,"turns":3},{"damage":3,"enemies":"Red Slaver","floor":7,"turns":5},{"damage":1,"enemies":"Looter","floor":10,"turns":5},{"damage":4,"enemies":"3 Sentries","floor":11,"turns":7},{"damage":5,"enemies":"Blue Slaver","floor":13,"turns":5},{"damage":46,"enemies":"Slime Boss","floor":16,"turns":11},{"damage":0,"enemies":"Chosen","floor":18,"turns":4},{"damage":15,"enemies":"Shell Parasite","floor":20,"turns":7},{"damage":30,"enemies":"Shelled Parasite and Fungi","floor":22,"turns":6},{"damage":14,"enemies":"Centurion and Healer","floor":25,"turns":11},{"damage":20,"enemies":"Snake Plant","floor":28,"turns":5},{"damage":34,"enemies":"Slavers","floor":30,"turns":4}],"seed_played":"6745365096538868324","potions_obtained":[{"floor":1,"key":"LiquidBronze"},{"floor":4,"key":"CunningPotion"},{"floor":11,"key":"Poison Potion"},{"floor":16,"key":"SkillPotion"},{"floor":20,"key":"Poison Potion"},{"floor":24,"key":"Poison Potion"},{"floor":28,"key":"Energy Potion"}],"is_trial":false,"path_per_floor":["M","$","M","M","?","R","M","$","T","M","E","?","M","?","R","B",null,"M","?","M","$","M","R","?","M","T","R","M","R","E"],"character_chosen":"THE_SILENT","items_purchased":["Leg Sweep","Accuracy","Backstab"],"campfire_rested":2,"item_purchase_floors":[2,8,21],"current_hp_per_floor":[74,74,74,74,71,71,68,68,68,67,63,60,55,55,55,9,71,71,71,56,56,26,47,47,33,33,33,13,34,0,0],"gold":478,"neow_bonus":"TEN_PERCENT_HP_BONUS","is_daily":false,"chose_seed":false,"campfire_upgraded":3,"win_rate":0.0,"timestamp":1610765596,"path_taken":["M","$","M","M","?","R","M","$","T","M","E","?","M","?","R","BOSS","M","?","M","$","M","R","?","M","T","R","M","R","E"],"items_purchased_type":["Card","Card","Card"],"build_version":"2020-12-22","purchased_purges":1,"victory":false,"max_hp_per_floor":[77,77,77,77,71,71,71,71,71,71,71,71,71,71,71,71,71,71,71,71,71,71,71,71,71,71,71,71,71,71,71],"card_choices":[{"not_picked":["Acrobatics","Riddle With Holes"],"picked":"Terror","floor":1},{"not_picked":["Backflip","Distraction"],"picked":"Cloak And Dagger","floor":3},{"not_picked":["Prepared","Slice"],"picked":"Cloak And Dagger","floor":4},{"not_picked":["Poisoned Stab","Noxious Fumes"],"picked":"Infinite Blades","floor":7},{"not_picked":["Deflect","Dagger Spray","Underhanded Strike"],"picked":"Backflip","floor":10},{"not_picked":["Leg Sweep","Blur","Acrobatics","Reflex"],"picked":"SKIP","floor":11},{"not_picked":["Dagger Throw","Backflip","Calculated Gamble","Heel Hook"],"picked":"SKIP","floor":13},{"not_picked":["Corpse Explosion","Glass Knife","Night Terror"],"picked":"Malaise","floor":16},{"not_picked":["Bane+1","PiercingWail","Deflect+1"],"picked":"Concentrate","floor":18},{"not_picked":["Backflip","Escape Plan","Noxious Fumes+1"],"picked":"Cloak And Dagger","floor":20},{"not_picked":["Backflip","Bane","Escape Plan+1"],"picked":"Backstab","floor":22},{"not_picked":["Flying Knee+1","PiercingWail","Cloak And Dagger"],"picked":"Bouncing Flask+1","floor":25},{"not_picked":["Flying Knee","Reflex","Catalyst","Flechettes+1"],"picked":"SKIP","floor":28}],"player_experience":420646,"relics_obtained":[{"floor":9,"key":"Question Card"},{"floor":11,"key":"Du-Vu Doll"},{"floor":26,"key":"Bottled Lightning"}],"event_choices":[{"damage_healed":0,"gold_gain":0,"player_choice":"Lose Max HP","damage_taken":0,"relics_obtained":["Golden Idol"],"max_hp_gain":0,"max_hp_loss":6,"event_name":"Golden Idol","floor":5,"gold_loss":0},{"damage_healed":0,"gold_gain":0,"player_choice":"Success","damage_taken":3,"relics_obtained":["Old Coin"],"max_hp_gain":0,"max_hp_loss":0,"event_name":"Scrap Ooze","floor":12,"gold_loss":0},{"damage_healed":0,"gold_gain":0,"player_choice":"Box","damage_taken":0,"relics_obtained":["Ornamental Fan"],"max_hp_gain":0,"max_hp_loss":0,"event_name":"Big Fish","floor":14,"gold_loss":0,"cards_obtained":["Regret"]},{"damage_healed":0,"gold_gain":0,"player_choice":"Ignored","damage_taken":0,"max_hp_gain":0,"max_hp_loss":0,"event_name":"Ghosts","floor":19,"gold_loss":0},{"damage_healed":0,"gold_gain":0,"player_choice":"Bought 1 Potion","damage_taken":0,"max_hp_gain":0,"max_hp_loss":0,"event_name":"The Woman in Blue","floor":24,"gold_loss":0}],"is_beta":false,"boss_relics":[{"not_picked":["Sozu","Runic Pyramid"],"picked":"HoveringKite"}],"items_purged_floors":[21],"is_endless":false,"potions_floor_spawned":[1,4,11,16,20,28],"killed_by":"Slavers","ascension_level":4}}