{"host":"c70kelp781yiwf61","time":1610796871,"event":{"mods":["BaseMod","Minty Spire (QoL Compilation)","Reimu£®≤©¿ˆ¡È√Œ£©","Waifu the Spire"],"gold_per_floor":[114,114,9999,8592,8592,8619,8619,8609,8609,8606,8616,8618,8597,7425,7425,7481,7481,7481,7481,7481,6875,6889,6867,6855,6349,6374,6388,5902,5904,5904,5539,5539,5606,5606,5590,5590,5590,5607,5607,5610,5610,5128,5128,5128,5129,4649,4649,4667,4667,4667,4667,4667,4137,4165,4135],"floor_reached":56,"language":"ZHS","playtime":2533,"items_purged":["Strike_Lin:ReiMu","Strike_Lin:ReiMu","Strike_Lin:ReiMu","Jack Of All Trades","Defend_Lin:ReiMu","Defend_Lin:ReiMu","Defend_Lin:ReiMu","SubAcupoint:ReiMu","OctopathSalyBorderN:ReiMu"],"score":1459,"play_id":"701a3786-aa29-4664-ab89-817a73bc065c","local_time":"20210116193431","is_ascension_mode":true,"campfire_choices":[{"data":"SpringWay:ReiMu","floor":7,"key":"SMITH"},{"data":"Apotheosis","floor":15,"key":"SMITH"},{"floor":30,"key":"RECALL"},{"data":"CleanRite:ReiMu","floor":32,"key":"SMITH"},{"data":"CleanRite:ReiMu","floor":44,"key":"SMITH"},{"data":"Dreaming:ReiMu","floor":49,"key":"SMITH"},{"data":"Dreaming2:ReiMu","floor":52,"key":"SMITH"}],"circlet_count":0,"master_deck":["Defend_Lin:ReiMu","NB:ReiMu","Stagnation:ReiMu","DependentForm:ReiMu+1","SpringWay:ReiMu+1","Intuition:ReiMu+1","Panache+1","PassingAway:ReiMu","NineCharacters:ReiMu+1","BarrageOfMoneybags:ReiMu","Dreaming2:ReiMu+1","OctopathBindingBorder2:ReiMu+1","SpreadBorder2:ReiMu","SpreadBorder2:ReiMu","SpringWay:ReiMu","KamiSacrifice:ReiMu","Apotheosis+1","Bandage Up","Gathering:ReiMu+1","CleanRite:ReiMu+1","KyokaiOfKami:ReiMu+1","Conquer:ReiMu+1","ManaGlint:ReiMu","InherentArray:ReiMu+1","YinYangSange:ReiMu+1","CleanRite:ReiMu+1","Panache+1","MikOfLucky:ReiMu+1","InherentArray:ReiMu+1","Mayhem+1","Dreaming:ReiMu+1","NineCharacters:ReiMu+1","KyokaiOfKami:ReiMu+1","Mayhem+1","InherentArray:ReiMu+1","NineCharacters:ReiMu+1","TakeOff:ReiMu","Panache+1","Bandage Up","FantasyMoon:ReiMu"],"relics":["FlyPower:ReiMu","Frozen Egg 2","HandDrill","TurtleShell:ReiMu","Eternal Feather","Centennial Puzzle","Prayer Wheel","Mastiff:ReiMu","ClockworkSouvenir","Kunai","CrownOfHeavens:ReiMu","Enchiridion","Calipers","Membership Card","Salt:ReiMu","Tea:ReiMu","Ancient Tea Set","TheAbacus","Omamori","Bottled Lightning","Orichalcum","Lee\u0027s Waffle","MealTicket","Nunchaku","Pear","Happy Flower","Bronze Scales","Cauldron","Coffee Dripper","Incense Burner","Medical Kit","Letter Opener","BodyOfKamiR:ReiMu","FadedRune:ReiMu","White Beast Statue","Meat on the Bone","Dream Catcher","OrangePellets","Ice Cream","Vajra","Sling","TungstenRod","Sundial"],"acts_visited":["Exordium","TheCity","TheBeyond","TheEnding"],"potions_floor_usage":[4,8,10,22,23,47],"damage_taken":[{"damage":12,"enemies":"Cultist","floor":1,"turns":6},{"damage":6,"enemies":"Small Slimes","floor":3,"turns":6},{"damage":1,"enemies":"Lagavulin","floor":6,"turns":9},{"damage":9,"enemies":"Gremlin Nob","floor":8,"turns":4},{"damage":5,"enemies":"Lagavulin","floor":10,"turns":5},{"damage":0,"enemies":"2 Louse","floor":11,"turns":3},{"damage":10,"enemies":"Exordium Wildlife","floor":12,"turns":4},{"damage":3,"enemies":"Blue Slaver","floor":13,"turns":4},{"damage":12,"enemies":"Hexaghost","floor":16,"turns":9},{"damage":0,"enemies":"Chosen","floor":18,"turns":3},{"damage":11,"enemies":"2 Thieves","floor":22,"turns":3},{"damage":0,"enemies":"Gremlin Leader","floor":23,"turns":7},{"damage":8,"enemies":"Shelled Parasite and Fungi","floor":24,"turns":2},{"damage":0,"enemies":"Centurion and Healer","floor":27,"turns":4},{"damage":6,"enemies":"Book of Stabbing","floor":29,"turns":4},{"damage":12,"enemies":"Collector","floor":33,"turns":5},{"damage":10,"enemies":"3 Darklings","floor":35,"turns":2},{"damage":0,"enemies":"3 Shapes","floor":38,"turns":2},{"damage":8,"enemies":"Giant Head","floor":40,"turns":6},{"damage":18,"enemies":"Reptomancer","floor":45,"turns":4},{"damage":0,"enemies":"Writhing Mass","floor":47,"turns":1},{"damage":4,"enemies":"2 Orb Walkers","floor":48,"turns":4},{"damage":15,"enemies":"Awakened One","floor":50,"turns":7},{"damage":6,"enemies":"Shield and Spear","floor":54,"turns":4},{"damage":0,"enemies":"The Heart","floor":55,"turns":7}],"seed_played":"8135576242881840794","potions_obtained":[{"floor":3,"key":"Energy Potion"},{"floor":11,"key":"BlessingOfTheForge"},{"floor":13,"key":"EssenceOfSteel"},{"floor":23,"key":"DistilledChaos"},{"floor":24,"key":"Weak Potion"},{"floor":31,"key":"SmokeBomb"},{"floor":31,"key":"EntropicBrew"},{"floor":48,"key":"Energy Potion"}],"is_trial":false,"path_per_floor":["M","?","M","$","?","E","R","E","T","E","M","M","M","$","R","B",null,"M","?","?","$","M","E","M","$","T","M","$","E","R","$","R","B",null,"M","?","?","M","?","E","?","$","T","R","E","$","M","?","R","B",null,"R","$","E","B",null],"character_chosen":"REIMU","items_purchased":["Frozen Egg 2","HandDrill","TurtleShell:ReiMu","Panache+1","PassingAway:ReiMu","Fruit Juice","Strength Potion","Strength Potion","NineCharacters:ReiMu+1","OctopathSalyBorderN:ReiMu","Apotheosis","Bandage Up","Gathering:ReiMu+1","CleanRite:ReiMu","SubAcupoint:ReiMu","Mastiff:ReiMu","ClockworkSouvenir","Kunai","Membership Card","Salt:ReiMu","Tea:ReiMu","ManaGlint:ReiMu","InherentArray:ReiMu+1","Jack Of All Trades","Panache+1","MikOfLucky:ReiMu+1","TheAbacus","Omamori","BottledKami:ReiMu","Bottled Lightning","Lee\u0027s Waffle","MealTicket","Nunchaku","Mayhem+1","Dreaming:ReiMu","Happy Flower","Bronze Scales","Cauldron","NineCharacters:ReiMu+1","Medical Kit","Letter Opener","BodyOfKamiR:ReiMu","TakeOff:ReiMu","Meat on the Bone","Dream Catcher","OrangePellets","Panache+1","Bandage Up","Vajra","Sling","TungstenRod","FantasyMoon:ReiMu"],"campfire_rested":0,"item_purchase_floors":[4,4,4,4,4,4,4,4,4,4,14,14,14,14,14,14,14,14,21,21,21,21,21,21,25,25,25,25,25,25,28,28,28,28,28,31,31,31,31,42,42,42,42,46,46,46,46,53,53,53,53,53],"current_hp_per_floor":[53,53,47,52,52,51,60,51,51,46,46,36,33,33,48,42,70,70,54,54,54,47,55,51,51,51,51,77,81,87,87,87,75,87,77,77,77,77,77,75,87,87,87,87,69,84,84,80,87,87,87,87,87,87,87],"gold":4135,"neow_bonus":"TRANSFORM_CARD","is_daily":false,"chose_seed":false,"campfire_upgraded":6,"win_rate":0.0,"timestamp":1610796871,"path_taken":["M","?","M","$","?","E","R","E","T","E","M","M","M","$","R","BOSS","M","?","?","?","M","E","?","$","T","M","$","E","R","?","R","BOSS","M","?","?","M","?","E","?","$","T","R","E","?","?","?","R","BOSS","R","$","E","BOSS"],"items_purchased_type":["Relic","Relic","Relic","Card","Card","Potion","Potion","Potion","Card","Card","Card","Card","Card","Card","Card","Relic","Relic","Relic","Relic","Relic","Relic","Card","Card","Card","Card","Card","Relic","Relic","Potion","Relic","Relic","Relic","Relic","Card","Card","Relic","Relic","Relic","Card","Relic","Relic","Relic","Card","Relic","Relic","Relic","Card","Card","Relic","Relic","Relic","Card"],"build_version":"2020-12-22","purchased_purges":9,"victory":true,"max_hp_per_floor":[65,65,65,70,70,70,70,70,70,70,70,70,70,70,70,70,70,70,70,70,70,70,70,70,70,70,70,77,87,87,87,87,87,87,87,87,87,87,87,87,87,87,87,87,87,87,87,87,87,87,87,87,87,87,87],"card_choices":[{"not_picked":["Meditation:ReiMu","SubcavityInstant:ReiMu"],"picked":"SpringWay:ReiMu","floor":1},{"not_picked":["Meditation:ReiMu","AlertArray:ReiMu"],"picked":"Intuition:ReiMu","floor":3},{"not_picked":["Meditation:ReiMu","RainPray2:ReiMu"],"picked":"BarrageOfMoneybags:ReiMu","floor":6},{"not_picked":["BarrageOfMoneybags:ReiMu","Intuition:ReiMu"],"picked":"Dreaming2:ReiMu","floor":8},{"not_picked":["PhosphorusFlame:ReiMu","RainPray2:ReiMu"],"picked":"OctopathBindingBorder2:ReiMu+1","floor":10},{"not_picked":["FoulBorder2:ReiMu+1","TightArray:ReiMu"],"picked":"SpringWay:ReiMu","floor":11},{"not_picked":["BlastKick2:ReiMu","SpringWay:ReiMu"],"picked":"SpreadBorder2:ReiMu","floor":11},{"not_picked":["WonderfulDomain:ReiMu","OrbThrow:ReiMu"],"picked":"SpreadBorder2:ReiMu","floor":12},{"not_picked":["Mountainwind:ReiMu","TightArray:ReiMu"],"picked":"SpringWay:ReiMu","floor":12},{"not_picked":["Enchanting:ReiMu","CareerPray:ReiMu"],"picked":"KamiSacrifice:ReiMu","floor":13},{"not_picked":["Enchanting:ReiMu","TightArray:ReiMu","KamiSacrifice:ReiMu"],"picked":"SKIP","floor":13},{"not_picked":["PrayRite:ReiMu","CardOfSanctity:ReiMu"],"picked":"KyokaiOfKami:ReiMu+1","floor":16},{"not_picked":["SpiritualOutbreak2:ReiMu+1","SubAcupoint:ReiMu"],"picked":"Conquer:ReiMu+1","floor":18},{"not_picked":["FantasyBorder:ReiMu","BarrageOfMoneybags:ReiMu+1","Enchanting:ReiMu+1"],"picked":"SKIP","floor":18},{"not_picked":["SubcavityInstant:ReiMu","WonderfulDomain:ReiMu"],"picked":"YinYangSange:ReiMu+1","floor":22},{"not_picked":["PayForSelf:ReiMu","SpringWay:ReiMu","RainPray2:ReiMu"],"picked":"SKIP","floor":22},{"not_picked":["SafetyPray:ReiMu+1","OctopathSalyBorderN:ReiMu"],"picked":"CleanRite:ReiMu","floor":23},{"not_picked":["SpringWay:ReiMu","EmergencyTakeOff:ReiMu","RainPray2:ReiMu+1"],"picked":"SKIP","floor":24},{"not_picked":["CollectionFlower2:ReiMu","Meditation:ReiMu+1","PhosphorusFlame:ReiMu"],"picked":"SKIP","floor":24},{"not_picked":["CeremonyResonance:ReiMu","CareerPray:ReiMu"],"picked":"InherentArray:ReiMu+1","floor":27},{"not_picked":["SubAcupoint:ReiMu+1","Enchanting:ReiMu","OrbThrow:ReiMu"],"picked":"SKIP","floor":27},{"not_picked":["SpringWay:ReiMu+1","PayForSelf:ReiMu","Meditation:ReiMu"],"picked":"SKIP","floor":29},{"not_picked":["Free:ReiMu","Determination:ReiMu"],"picked":"KyokaiOfKami:ReiMu+1","floor":33},{"not_picked":["TightArray:ReiMu","KamiSacrifice:ReiMu","SubcavityInstant:ReiMu"],"picked":"SKIP","floor":35},{"not_picked":["PayForSelf:ReiMu+1","OrbThrow:ReiMu+1","PhosphorusFlame:ReiMu"],"picked":"SKIP","floor":35},{"not_picked":["Magnetism+1","PanicButton"],"picked":"Mayhem+1","floor":37},{"not_picked":["MountainWay:ReiMu+1","OctopathBindingBorder2:ReiMu+1"],"picked":"InherentArray:ReiMu+1","floor":38},{"not_picked":["TightArray:ReiMu+1","Meditation:ReiMu+1","AlertArray:ReiMu+1"],"picked":"SKIP","floor":38},{"not_picked":["AirStrike:ReiMu","AlertArray:ReiMu"],"picked":"NineCharacters:ReiMu+1","floor":40},{"not_picked":["Amulet:ReiMu+1","SubAcupoint:ReiMu+1","Gathering:ReiMu+1"],"picked":"SKIP","floor":45},{"not_picked":["KyokaiOfKami:ReiMu+1","FineLineFantasy:ReiMu+1","Meditation:ReiMu+1"],"picked":"SKIP","floor":54}],"player_experience":157079,"relics_obtained":[{"floor":6,"key":"Eternal Feather"},{"floor":8,"key":"Centennial Puzzle"},{"floor":10,"key":"Prayer Wheel"},{"floor":19,"key":"Enchiridion"},{"floor":23,"key":"Ancient Tea Set"},{"floor":26,"key":"Orichalcum"},{"floor":29,"key":"Pear"},{"floor":40,"key":"Incense Burner"},{"floor":43,"key":"FadedRune:ReiMu"},{"floor":45,"key":"White Beast Statue"},{"floor":48,"key":"Ice Cream"},{"floor":54,"key":"Sundial"}],"event_choices":[{"damage_healed":0,"gold_gain":0,"player_choice":"Grow","damage_taken":0,"max_hp_gain":0,"max_hp_loss":0,"event_name":"Living Wall","floor":2,"gold_loss":0,"cards_upgraded":["DependentForm:ReiMu"]},{"damage_healed":0,"gold_gain":0,"player_choice":"Upgraded","damage_taken":0,"max_hp_gain":0,"max_hp_loss":0,"event_name":"Upgrade Shrine","floor":5,"gold_loss":0,"cards_upgraded":["Intuition:ReiMu"]},{"damage_healed":0,"gold_gain":0,"player_choice":"Obtained Book","damage_taken":16,"max_hp_gain":0,"max_hp_loss":0,"event_name":"Cursed Tome","floor":19,"gold_loss":0},{"damage_healed":0,"gold_gain":0,"player_choice":"Opened","damage_taken":0,"relics_obtained":["Calipers"],"max_hp_gain":0,"max_hp_loss":0,"event_name":"The Mausoleum","floor":20,"gold_loss":0},{"damage_healed":0,"gold_gain":0,"player_choice":"Ignored","damage_taken":0,"max_hp_gain":0,"max_hp_loss":0,"event_name":"Tomb of Lord Red Mask","floor":36,"gold_loss":0},{"damage_healed":0,"gold_gain":0,"player_choice":"Memory 1","damage_taken":0,"max_hp_gain":0,"max_hp_loss":0,"event_name":"SensoryStone","floor":37,"gold_loss":0},{"cards_removed":["SpringWay:ReiMu"],"damage_healed":0,"gold_gain":0,"player_choice":"Removed Skill","damage_taken":0,"max_hp_gain":0,"max_hp_loss":0,"event_name":"Falling","floor":39,"gold_loss":0},{"damage_healed":22,"gold_gain":0,"player_choice":"Writhe","damage_taken":0,"max_hp_gain":0,"max_hp_loss":0,"event_name":"Winding Halls","floor":41,"gold_loss":0,"cards_obtained":["Writhe"]},{"damage_healed":0,"gold_gain":0,"player_choice":"Fight","damage_taken":0,"max_hp_gain":0,"max_hp_loss":0,"event_name":"Mysterious Sphere","floor":48,"gold_loss":0}],"is_beta":false,"boss_relics":[{"not_picked":["Velvet Choker","Calling Bell"],"picked":"CrownOfHeavens:ReiMu"},{"not_picked":["Pandora\u0027s Box","Astrolabe"],"picked":"Coffee Dripper"}],"items_purged_floors":[4,14,21,25,28,31,42,46,53],"is_endless":false,"potions_floor_spawned":[3,11,13,23,24,33,35,47,48,54],"ascension_level":1}}