{"host":"rolltorest","time":1610758671,"event":{"mods":["BaseMod","Minty Spire (QoL Compilation)","Relic Stats","Slay the Relics Exporter","StSLib"],"gold_per_floor":[118,118,118,118,143,143,163,183,210,251,274,315,315,43,43,141,141,166,185,27,52,52,52,52],"floor_reached":23,"language":"ENG","playtime":628,"items_purged":["Strike_P"],"score":452,"play_id":"cfc254f7-4509-4152-8e2a-2be0f883cb21","local_time":"20210115165750","is_ascension_mode":true,"campfire_choices":[{"floor":6,"key":"REST"},{"data":"Meditate","floor":13,"key":"SMITH"},{"data":"PathToVictory","floor":15,"key":"SMITH"}],"circlet_count":0,"master_deck":["AscendersBane","Strike_P","Strike_P","Strike_P","Defend_P","Defend_P","Defend_P","Defend_P","Eruption","Vigilance","Meditate+1","Crescendo","SashWhip","FlurryOfBlows","PathToVictory+1","Adaptation","DeceiveReality+1","Wireheading","EmptyFist","PathToVictory+1","DeusExMachina+1","ThirdEye+1","Conclude","Scrawl+1","FlurryOfBlows+1","Halt+1","Indignation+1","ClearTheMind+1","Shame"],"relics":["Philosopher\u0027s Stone","Pen Nib","Golden Idol","Ancient Tea Set","Eternal Feather","Toxic Egg 2","Runic Pyramid","Orrery","Toy Ornithopter"],"acts_visited":["Exordium","TheCity"],"potions_floor_usage":[10,12,16,18,21,23],"damage_taken":[{"damage":3,"enemies":"Jaw Worm","floor":1,"turns":4},{"damage":0,"enemies":"Small Slimes","floor":5,"turns":2},{"damage":6,"enemies":"2 Louse","floor":7,"turns":4},{"damage":0,"enemies":"Blue Slaver","floor":8,"turns":2},{"damage":0,"enemies":"Lagavulin","floor":10,"turns":4},{"damage":0,"enemies":"Large Slime","floor":11,"turns":3},{"damage":18,"enemies":"3 Sentries","floor":12,"turns":4},{"damage":3,"enemies":"The Guardian","floor":16,"turns":6},{"damage":17,"enemies":"2 Thieves","floor":18,"turns":4},{"damage":36,"enemies":"3 Byrds","floor":19,"turns":4},{"damage":0,"enemies":"Sentry and Sphere","floor":21,"turns":4},{"damage":0,"enemies":"Slavers","floor":23,"turns":1}],"seed_played":"2712341352566179791","potions_obtained":[{"floor":5,"key":"Explosive Potion"},{"floor":7,"key":"FearPotion"},{"floor":10,"key":"Regen Potion"},{"floor":12,"key":"Block Potion"},{"floor":16,"key":"Weak Potion"},{"floor":19,"key":"SkillPotion"}],"is_trial":false,"path_per_floor":["M","?","?","?","M","R","M","M","T","E","M","E","R","$","R","B",null,"M","M","$","M","?","E"],"character_chosen":"WATCHER","items_purchased":["Wireheading","EmptyFist","PathToVictory+1","Orrery"],"campfire_rested":1,"item_purchase_floors":[14,14,14,20],"current_hp_per_floor":[58,13,13,13,13,31,25,25,25,25,25,19,28,28,40,37,56,39,3,3,3,3,8,8],"gold":52,"neow_bonus":"BOSS_RELIC","is_daily":false,"chose_seed":false,"campfire_upgraded":2,"win_rate":0.0,"timestamp":1610758670,"path_taken":["M","?","?","?","M","R","M","M","T","E","M","E","R","?","R","BOSS","M","M","$","M","?","E"],"items_purchased_type":["Card","Card","Card","Relic"],"build_version":"2020-12-18","purchased_purges":1,"victory":false,"max_hp_per_floor":[68,68,62,62,62,62,62,62,62,62,62,62,62,62,62,62,62,62,62,62,62,62,62,62],"relic_stats":{"counters":[12,42],"Golden Idol":68,"Eternal Feather":21,"Pen Nib":[8],"obtain_stats":[{"Golden Idol":3,"Orrery":20,"Philosopher\u0027s Stone":0,"Eternal Feather":10,"Pen Nib":2,"PureWater":0,"Toxic Egg 2":12,"Ancient Tea Set":9,"Toy Ornithopter":22,"Runic Pyramid":17},{"Golden Idol":1,"Orrery":10,"Philosopher\u0027s Stone":0,"Eternal Feather":5,"Pen Nib":1,"PureWater":0,"Toxic Egg 2":7,"Ancient Tea Set":4,"Toy Ornithopter":11,"Runic Pyramid":8},{"Golden Idol":4,"Orrery":37,"Philosopher\u0027s Stone":0,"Eternal Feather":16,"Pen Nib":4,"PureWater":0,"Toxic Egg 2":23,"Ancient Tea Set":12,"Toy Ornithopter":41,"Runic Pyramid":29}],"Toy Ornithopter":5},"card_choices":[{"not_picked":["FlyingSleeves","Indignation"],"picked":"Meditate","floor":1},{"not_picked":["JustLucky","EmptyBody"],"picked":"Crescendo","floor":5},{"not_picked":["Prostrate","ClearTheMind"],"picked":"SashWhip","floor":7},{"not_picked":["PathToVictory","CutThroughFate"],"picked":"FlurryOfBlows","floor":8},{"not_picked":["WindmillStrike","Crescendo"],"picked":"PathToVictory","floor":10},{"not_picked":["Protect","Consecrate"],"picked":"Adaptation","floor":11},{"not_picked":["Omniscience+1","InnerPeace+1"],"picked":"DeceiveReality+1","floor":12},{"not_picked":["MasterReality","Brilliance"],"picked":"DeusExMachina+1","floor":16},{"not_picked":["EmptyBody+1","Protect+1"],"picked":"ThirdEye+1","floor":18},{"not_picked":["Prostrate+1","Halt+1"],"picked":"Conclude","floor":19},{"not_picked":["JustLucky","CrushJoints"],"picked":"Scrawl+1","floor":20},{"not_picked":["EmptyFist","CrushJoints"],"picked":"FlurryOfBlows+1","floor":20},{"not_picked":["EmptyBody+1","Nirvana"],"picked":"Halt+1","floor":20},{"not_picked":["BowlingBash","FlyingSleeves"],"picked":"Indignation+1","floor":20},{"not_picked":["FlurryOfBlows","SashWhip"],"picked":"ClearTheMind+1","floor":21}],"player_experience":1719788,"relics_obtained":[{"floor":9,"key":"Ancient Tea Set"},{"floor":10,"key":"Eternal Feather"},{"floor":12,"key":"Toxic Egg 2"}],"event_choices":[{"damage_healed":0,"gold_gain":0,"player_choice":"Success","damage_taken":45,"relics_obtained":["Pen Nib"],"max_hp_gain":0,"max_hp_loss":0,"event_name":"Scrap Ooze","floor":2,"gold_loss":0},{"damage_healed":0,"gold_gain":0,"player_choice":"Lose Max HP","damage_taken":0,"relics_obtained":["Golden Idol"],"max_hp_gain":0,"max_hp_loss":6,"event_name":"Golden Idol","floor":3,"gold_loss":0},{"damage_healed":0,"gold_gain":0,"player_choice":"Ignored","damage_taken":0,"max_hp_gain":0,"max_hp_loss":0,"event_name":"Golden Wing","floor":4,"gold_loss":0},{"damage_healed":0,"gold_gain":0,"player_choice":"Stole Relic","damage_taken":0,"relics_obtained":["Toy Ornithopter"],"max_hp_gain":0,"max_hp_loss":0,"event_name":"Addict","floor":22,"gold_loss":0,"cards_obtained":["Shame"]}],"is_beta":true,"boss_relics":[{"not_picked":["Tiny House","Fusion Hammer"],"picked":"Runic Pyramid"}],"items_purged_floors":[14],"is_endless":false,"potions_floor_spawned":[5,7,10,12,16,19],"killed_by":"Slavers","ascension_level":20}}