{"host":"r9uivonio18rfam2","time":1610813326,"event":{"mods":["2.2 Compatiblity","AchievementEnabler","Act Like it!","Aspiration","BaseMod","Better Altar","Better Match","Better Note","Better Sensory Stone","Better Skull","Better Third Choice","BetterRewards","Colored Map","Colored Powertips","Conspire","Energized Spire","Infinite Spire","Minty Spire (QoL Compilation)","Permanent Neow","Quick Restart","Replay The Spire","Spikes Relics","StSLib","The Blue Laboratory","The Jungle","Wandering Minibosses","vexMod"],"gold_per_floor":[119,44,44,7,25,57,57,84,84,84,33,51,51,51,51],"floor_reached":14,"language":"ENG","playtime":505,"items_purged":["Defend_R"],"score":134,"play_id":"ad6a0f57-8bd8-4db5-8733-44aea0efaa57","local_time":"20210116110846","is_ascension_mode":true,"campfire_choices":[{"floor":7,"key":"REST"},{"data":"Genetic Algorithm","floor":13,"key":"SMITH"}],"circlet_count":0,"master_deck":["Strike_R","Strike_R","Strike_R","Defend_R","Defend_R","Defend_R","Bash","Shrug It Off","Sword Boomerang+1","Skim","Replay:Poison Smokescreen","Consecrate","Genetic Algorithm+1"],"relics":["Burning Blood","aspiration:Nostalgia","Ring of the Snake","PrismaticShard","aspiration:HatOfInfinitePower","Kunai","Replay:Towering Pillar of Hats"],"acts_visited":["Exordium"],"potions_floor_usage":[6,14],"damage_taken":[{"damage":10,"enemies":"Cultist","floor":1,"turns":5},{"damage":9,"enemies":"Jaw Worm","floor":5,"turns":4},{"damage":64,"enemies":"3 Sentries","floor":6,"turns":11},{"damage":27,"enemies":"Lagavulin","floor":8,"turns":7},{"damage":0,"enemies":"2 Louse","floor":12,"turns":2},{"damage":20,"enemies":"3 Sentries","floor":14,"turns":4}],"seed_played":"4231191465236476978","potions_obtained":[{"floor":5,"key":"blueLaboratory:SmithPotion"}],"is_trial":false,"path_per_floor":["M","$","?","$","M","E","R","E","T","?","$","M","R","E"],"character_chosen":"IRONCLAD","items_purchased":["Sword Boomerang+1","Energy Potion"],"campfire_rested":1,"item_purchase_floors":[4,11],"current_hp_per_floor":[68,68,68,68,65,7,31,10,10,10,10,16,16,0,0],"gold":51,"neow_bonus":"NOSTALGIA","is_daily":false,"chose_seed":false,"campfire_upgraded":1,"win_rate":0.0,"timestamp":1610813326,"path_taken":["M","$","?","?","?","E","R","E","T","?","$","M","R","E"],"items_purchased_type":["Card","Potion"],"build_version":"2020-12-22","purchased_purges":1,"victory":false,"max_hp_per_floor":[80,80,80,80,80,80,80,80,80,80,80,80,80,80,80],"card_choices":[{"not_picked":["Pommel Strike","Wild Strike"],"picked":"Shrug It Off","floor":1},{"not_picked":["Jack Of All Trades","ReplayTheSpireMod:LeadingStrike"],"picked":"Skim","floor":5},{"not_picked":["FlyingSleeves","Dropkick"],"picked":"Replay:Poison Smokescreen","floor":6},{"not_picked":["Backflip","Amplify"],"picked":"Consecrate","floor":8},{"not_picked":["Clothesline","Hidden Blade"],"picked":"Genetic Algorithm","floor":12}],"player_experience":360301,"relics_obtained":[{"floor":6,"key":"aspiration:HatOfInfinitePower"},{"floor":8,"key":"Kunai"},{"floor":9,"key":"Replay:Towering Pillar of Hats"}],"event_choices":[{"cards_removed":["Strike_R"],"damage_healed":0,"gold_gain":0,"player_choice":"Offered Basic","damage_taken":0,"max_hp_gain":0,"max_hp_loss":0,"event_name":"Bonfire Elementals","floor":3,"gold_loss":0},{"cards_removed":["Strike_R"],"damage_healed":0,"gold_gain":0,"player_choice":"Forget","damage_taken":0,"max_hp_gain":0,"max_hp_loss":0,"event_name":"Living Wall","floor":10,"gold_loss":0}],"is_beta":false,"boss_relics":[],"items_purged_floors":[2],"is_endless":false,"potions_floor_spawned":[5],"killed_by":"3 Sentries","ascension_level":8}}