{"host":"mai03x2ekbjy4059","time":1610777849,"event":{"mods":["2.2 Compatiblity","BaseMod","DeckTracker","Highlight Path","Keyboard Shortcuts","Minty Spire (QoL Compilation)","Permanent Neow","Quick Restart","SuperFastMode","everything is the same but u backflip on backflip"],"gold_per_floor":[114,33,53,128,52,84,94,119,190,202,216,141,141,169,169,264,264,274,274,324,342,342,342,368,385,412,444,444,12,22,57,57,161,161,175,175,225,237,237,264,283,310,358,391,391,28,40,70,70,70,70,70,36,61,61],"floor_reached":56,"language":"KOR","playtime":1857,"items_purged":["Strike_G","Strike_G","Strike_G"],"score":1601,"play_id":"b1054b4a-88ac-4bd5-b9c2-5e5e6607135f","local_time":"20210116151729","is_ascension_mode":true,"campfire_choices":[{"data":"Catalyst","floor":15.0,"key":"SMITH"},{"data":"Corpse Explosion","floor":23.0,"key":"SMITH"},{"data":"Footwork","floor":28.0,"key":"SMITH"},{"data":"Noxious Fumes","floor":32.0,"key":"SMITH"},{"data":"Crippling Poison","floor":45,"key":"SMITH"},{"floor":49,"key":"RECALL"},{"data":"Catalyst","floor":52,"key":"SMITH"}],"circlet_count":0,"master_deck":["Strike_G","Defend_G","Defend_G","Defend_G","Defend_G","Defend_G","Survivor","Neutralize","Noxious Fumes+1","Catalyst+1","Escape Plan","Deadly Poison","Backflip","Crippling Poison+1","Corpse Explosion+1","Backflip","Footwork+1","Leg Sweep","Blur","Caltrops","Burst","Offering","Clumsy","Blur","Catalyst+1","Escape Plan","Caltrops+1"],"relics":["Ring of the Snake","Pocketwatch","PreservedInsect","Eternal Feather","Sundial","Coffee Dripper","Bird Faced Urn","Pear","TwistedFunnel","Snake Skull","Dream Catcher","Cursed Key","FossilizedHelix","Gremlin Horn","StoneCalendar","Bag of Preparation","Omamori","Singing Bowl","Orichalcum","Vajra"],"acts_visited":["Exordium","TheCity","TheBeyond","TheEnding"],"potions_floor_usage":[55,55,55],"damage_taken":[{"damage":0.0,"enemies":"2 Louse","floor":1.0,"turns":3.0},{"damage":0.0,"enemies":"Cultist","floor":3.0,"turns":5.0},{"damage":11.0,"enemies":"Lagavulin","floor":6.0,"turns":6.0},{"damage":1.0,"enemies":"Small Slimes","floor":7.0,"turns":4.0},{"damage":16.0,"enemies":"Gremlin Nob","floor":8.0,"turns":4.0},{"damage":0.0,"enemies":"Looter","floor":10.0,"turns":4.0},{"damage":3.0,"enemies":"2 Fungi Beasts","floor":11.0,"turns":4.0},{"damage":0.0,"enemies":"3 Sentries","floor":14.0,"turns":8.0},{"damage":7.0,"enemies":"The Guardian","floor":16.0,"turns":8.0},{"damage":2.0,"enemies":"3 Byrds","floor":18.0,"turns":2.0},{"damage":12.0,"enemies":"2 Thieves","floor":21.0,"turns":2.0},{"damage":7.0,"enemies":"Book of Stabbing","floor":24.0,"turns":4.0},{"damage":7.0,"enemies":"Centurion and Healer","floor":25.0,"turns":4.0},{"damage":9.0,"enemies":"Gremlin Leader","floor":27.0,"turns":4.0},{"damage":0.0,"enemies":"Snecko","floor":30.0,"turns":4.0},{"damage":15.0,"enemies":"Slavers","floor":31.0,"turns":5.0},{"damage":24.0,"enemies":"Collector","floor":33.0,"turns":6.0},{"damage":0.0,"enemies":"3 Darklings","floor":35.0,"turns":4.0},{"damage":10,"enemies":"2 Orb Walkers","floor":37,"turns":3},{"damage":0,"enemies":"Orb Walker","floor":38,"turns":3},{"damage":0,"enemies":"Giant Head","floor":40,"turns":4},{"damage":0,"enemies":"3 Darklings","floor":41,"turns":2},{"damage":0,"enemies":"Nemesis","floor":42,"turns":9},{"damage":0,"enemies":"Giant Head","floor":44,"turns":5},{"damage":0,"enemies":"Spire Growth","floor":47,"turns":4},{"damage":0,"enemies":"Reptomancer","floor":48,"turns":4},{"damage":2,"enemies":"Donu and Deca","floor":50,"turns":6},{"damage":0,"enemies":"Shield and Spear","floor":54,"turns":4},{"damage":23,"enemies":"The Heart","floor":55,"turns":6}],"seed_played":"-4717425053685820884","potions_obtained":[{"floor":1.0,"key":"Poison Potion"},{"floor":6.0,"key":"SteroidPotion"},{"floor":8.0,"key":"DuplicationPotion"},{"floor":11.0,"key":"DuplicationPotion"},{"floor":14.0,"key":"CunningPotion"},{"floor":21.0,"key":"ColorlessPotion"},{"floor":27.0,"key":"Dexterity Potion"},{"floor":30.0,"key":"Poison Potion"},{"floor":33.0,"key":"SteroidPotion"},{"floor":35.0,"key":"PowerPotion"}],"is_trial":false,"path_per_floor":["M","$","M","?","$","E","M","E","T","M","M","$","?","E","R","B",null,"M","?","?","M","?","R","E","M","T","E","R","$","M","E","R","B",null,"M","?","?","M","?","E","M","E","T","E","R","$","M","E","R","B",null,"R","$","E","B",null],"character_chosen":"THE_SILENT","items_purchased":["Noxious Fumes","Escape Plan","TwistedFunnel","Snake Skull","Caltrops","Singing Bowl","Escape Plan"],"campfire_rested":0,"item_purchase_floors":[2,5,29,29,29,46,53],"current_hp_per_floor":[70,70,70,63,63,52,51,35,35,35,32,32,37,37,46,39,75,73,59,59,47,47,59,52,49,49,52,64,64,70,61,73,55,90,90,90,84,90,90,90,90,90,90,90,90,90,92,92,92,92,92,92,92,92,69],"gold":61,"neow_bonus":"RANDOM_COLORLESS","is_daily":false,"chose_seed":false,"campfire_upgraded":6,"win_rate":0.0,"timestamp":1610777849,"path_taken":["M","$","M","?","$","E","M","E","T","M","M","?","?","E","R","BOSS","M","?","?","?","?","R","E","M","T","E","R","?","?","E","R","BOSS","M","?","?","M","?","E","M","E","T","E","R","$","M","E","R","BOSS","R","$","E","BOSS"],"items_purchased_type":["Card","Card","Relic","Relic","Card","Relic","Card"],"build_version":"2020-12-22","purchased_purges":3,"victory":true,"max_hp_per_floor":[70,70,70,70,70,70,70,70,70,70,70,70,75,75,75,75,75,75,80,80,80,80,80,80,80,80,90,90,90,90,90,90,90,90,90,90,90,90,90,90,90,90,90,90,90,90,92,92,92,92,92,92,92,92,92],"card_choices":[{"not_picked":["Trip","Good Instincts"],"picked":"Finesse","floor":0.0},{"not_picked":["PiercingWail","Acrobatics","Dagger Spray"],"picked":"SKIP","floor":1.0},{"not_picked":["Dodge and Roll","Infinite Blades"],"picked":"Catalyst","floor":3.0},{"not_picked":["Riddle With Holes","Cloak And Dagger"],"picked":"Bane","floor":6.0},{"not_picked":["Blade Dance","Catalyst"],"picked":"Deadly Poison","floor":7.0},{"not_picked":["Distraction","Infinite Blades","Bane"],"picked":"SKIP","floor":8.0},{"not_picked":["Underhanded Strike","Dash"],"picked":"Backflip","floor":10.0},{"not_picked":["Sucker Punch","Doppelganger","Dash"],"picked":"SKIP","floor":11.0},{"not_picked":["Slice","Bullet Time"],"picked":"Crippling Poison","floor":14.0},{"not_picked":["Malaise","Tools of the Trade"],"picked":"Corpse Explosion","floor":16.0},{"not_picked":["Predator","Sucker Punch+1","Endless Agony"],"picked":"SKIP","floor":18.0},{"not_picked":["Masterful Stab","Sucker Punch"],"picked":"Backflip","floor":21.0},{"not_picked":["Crippling Poison","Caltrops"],"picked":"Footwork","floor":24.0},{"not_picked":["Dash","Finisher"],"picked":"Leg Sweep","floor":25.0},{"not_picked":["Dodge and Roll","Poisoned Stab"],"picked":"Blur","floor":27.0},{"not_picked":["Finisher+1","Phantasmal Killer","Underhanded Strike"],"picked":"SKIP","floor":30.0},{"not_picked":["Eviscerate","Prepared","Underhanded Strike"],"picked":"SKIP","floor":31.0},{"not_picked":["Die Die Die","Wraith Form v2"],"picked":"Burst","floor":33.0},{"not_picked":["Outmaneuver","Infinite Blades+1","Flying Knee"],"picked":"SKIP","floor":35.0},{"not_picked":["Leg Sweep","Dagger Spray+1","Masterful Stab+1"],"picked":"SKIP","floor":38},{"not_picked":["A Thousand Cuts","Prepared","Choke"],"picked":"SKIP","floor":40},{"not_picked":["Dagger Throw","Outmaneuver+1","Terror"],"picked":"SKIP","floor":41},{"not_picked":["Cloak And Dagger+1","Masterful Stab+1","Acrobatics"],"picked":"SKIP","floor":42},{"not_picked":["Poisoned Stab","Reflex+1"],"picked":"Blur","floor":44},{"not_picked":["Heel Hook+1","Calculated Gamble+1","Predator"],"picked":"Singing Bowl","floor":47},{"not_picked":["Backflip","Blade Dance+1"],"picked":"Catalyst","floor":48},{"not_picked":["Choke","Unload"],"picked":"Caltrops+1","floor":54}],"player_experience":1047528,"relics_obtained":[{"floor":6.0,"key":"Pocketwatch"},{"floor":8.0,"key":"PreservedInsect"},{"floor":9.0,"key":"Eternal Feather"},{"floor":14.0,"key":"Sundial"},{"floor":24.0,"key":"Bird Faced Urn"},{"floor":27.0,"key":"Pear"},{"floor":31.0,"key":"Dream Catcher"},{"floor":37,"key":"FossilizedHelix"},{"floor":40,"key":"Gremlin Horn"},{"floor":42,"key":"StoneCalendar"},{"floor":43,"key":"Bag of Preparation"},{"floor":44,"key":"Omamori"},{"floor":48,"key":"Orichalcum"},{"floor":54,"key":"Vajra"}],"event_choices":[{"damage_healed":0.0,"max_hp_gain":0.0,"max_hp_loss":0.0,"gold_gain":75.0,"event_name":"FaceTrader","player_choice":"Touch","floor":4.0,"gold_loss":0.0,"damage_taken":7.0},{"damage_healed":0.0,"max_hp_gain":5.0,"max_hp_loss":0.0,"gold_gain":0.0,"event_name":"Big Fish","player_choice":"Donut","floor":13.0,"gold_loss":0.0,"damage_taken":0.0},{"damage_healed":0.0,"max_hp_gain":5.0,"max_hp_loss":0.0,"gold_gain":0.0,"event_name":"Forgotten Altar","player_choice":"Shed Blood","floor":19.0,"gold_loss":0.0,"damage_taken":19.0},{"damage_healed":0.0,"max_hp_gain":0.0,"max_hp_loss":0.0,"gold_gain":100.0,"event_name":"The Joust","player_choice":"Bet on Murderer","floor":20.0,"gold_loss":50.0,"damage_taken":0.0},{"cards_removed":["Strike_G"],"damage_healed":0.0,"max_hp_gain":0.0,"max_hp_loss":0.0,"gold_gain":0.0,"event_name":"Bonfire Elementals","player_choice":"Offered Basic","floor":22.0,"gold_loss":0.0,"damage_taken":0.0},{"cards_removed":["Bane"],"damage_healed":0.0,"max_hp_gain":0.0,"max_hp_loss":0.0,"gold_gain":0.0,"event_name":"Falling","player_choice":"Removed Attack","floor":36.0,"gold_loss":0.0,"damage_taken":0.0},{"damage_healed":0,"gold_gain":0,"player_choice":"Fight","damage_taken":0,"max_hp_gain":0,"max_hp_loss":0,"event_name":"Mysterious Sphere","floor":37,"gold_loss":0},{"cards_removed":["Finesse"],"damage_healed":0,"gold_gain":0,"player_choice":"Took Card","damage_taken":0,"max_hp_gain":0,"max_hp_loss":0,"event_name":"NoteForYourself","floor":39,"gold_loss":0,"cards_obtained":["Offering"]}],"is_beta":false,"boss_relics":[{"not_picked":["Ring of the Serpent","Pandora\u0027s Box"],"picked":"Coffee Dripper"},{"not_picked":["Snecko Eye","HoveringKite"],"picked":"Cursed Key"}],"items_purged_floors":[12,29,46],"is_endless":false,"potions_floor_spawned":[1,6,8,11,14,16,21,27,30,31,33,35,40,41,44,47],"ascension_level":1}}