{"host":"t6r1isv2bex5ovch","time":1610796852,"event":{"mods":["AchievementEnabler","Act Like it!","Aspiration","BaseMod","Better Altar","Better Match","Better Note","Better Sensory Stone","Better Skull","Better Third Choice","Better Vampires","Colored Powertips","Displayed Cursed Tome","Downfall","Energized Spire","Evolution","Fox Events","Hubris","Minty Spire (QoL Compilation)","StSLib","The Bug Knight","The Disciple","The Factory","The Jungle","The Runesmith"],"gold_per_floor":[113,128,144,155,209,239,251,281,381,381,381,381],"floor_reached":11,"language":"ENG","playtime":927,"items_purged":[],"score":94,"play_id":"ad95a10f-4c73-48f9-ae12-1d85ecd0694e","local_time":"20210116213412","is_ascension_mode":true,"campfire_choices":[{"floor":10,"key":"RECALL"}],"circlet_count":0,"master_deck":["HollowMod:NailStrikeStart","HollowMod:NailStrikeStart","HollowMod:NailStrikeStart","HollowMod:NailStrikeStart","HollowMod:QuickDashStart","HollowMod:QuickDashStart","HollowMod:QuickDashStart","HollowMod:QuickDashStart","HollowMod:FocusHealStart","HollowMod:PogoStrike","HollowMod:InfectedAttack","HollowMod:NewGlowingWomb"],"relics":["HollowMod:VesselMask","EVO:Axolotl","foxEvents:LuckyCharm","aspiration:StickyExplosives_weak","Eternal Feather"],"acts_visited":["Exordium"],"potions_floor_usage":[5,7],"damage_taken":[{"damage":1,"enemies":"Cultist","floor":1,"turns":5},{"damage":5,"enemies":"2 Louse","floor":2,"turns":3},{"damage":0,"enemies":"Small Slimes","floor":3,"turns":3},{"damage":13,"enemies":"Exordium Wildlife","floor":4,"turns":5},{"damage":17,"enemies":"Colosseum Slavers","floor":5,"turns":6},{"damage":54,"enemies":"Lagavulin","floor":6,"turns":7},{"damage":0,"enemies":"2 Fungi Beasts","floor":7,"turns":3},{"damage":25,"enemies":"Gremlin Nob","floor":8,"turns":4},{"damage":31,"enemies":"Lagavulin","floor":11,"turns":6}],"seed_played":"5809960147056870144","potions_obtained":[{"floor":4,"key":"Regen Potion"},{"floor":6,"key":"Fire Potion"}],"is_trial":false,"path_per_floor":["M","M","M","M","?","E","M","E","T","R","E"],"character_chosen":"THE_BUGKNIGHT","items_purchased":[],"campfire_rested":0,"item_purchase_floors":[],"current_hp_per_floor":[82,82,82,75,82,40,40,15,15,21,0,0],"gold":381,"neow_bonus":"TEN_PERCENT_HP_BONUS","is_daily":false,"chose_seed":false,"campfire_upgraded":0,"win_rate":0.0,"timestamp":1610796852,"path_taken":["M","M","M","M","?","E","M","E","T","R","E"],"items_purchased_type":[],"build_version":"2020-12-22","purchased_purges":0,"victory":false,"max_hp_per_floor":[82,82,82,82,82,82,82,82,82,82,82,82],"card_choices":[{"not_picked":["HollowMod:DescendingDark","HollowMod:SharpenedNail"],"picked":"HollowMod:InfectedAttack","floor":1},{"not_picked":["HollowMod:LifebloodCocoon","HollowMod:RecoilStrike","HollowMod:MonarchWings"],"picked":"SKIP","floor":2},{"not_picked":["HollowMod:Grubsong","HollowMod:ChannelNail","HollowMod:DescendingDark"],"picked":"SKIP","floor":3},{"not_picked":["HollowMod:SoulSplash","HollowMod:SoulVessel","HollowMod:DesolateDive"],"picked":"SKIP","floor":4},{"not_picked":["HollowMod:SoulEater","HollowMod:SoulStrike"],"picked":"HollowMod:NewGlowingWomb","floor":5},{"not_picked":["HollowMod:PerfectDash","HollowMod:SoulEater","HollowMod:ShapeofUnn"],"picked":"SKIP","floor":6},{"not_picked":["HollowMod:CoiledNail","HollowMod:NewLittleFool","HollowMod:GoodIntentions"],"picked":"SKIP","floor":7},{"not_picked":["HollowMod:DoubleDash","HollowMod:CornifersMapStart","HollowMod:SoulEater"],"picked":"SKIP","floor":8}],"player_experience":471383,"relics_obtained":[{"floor":5,"key":"foxEvents:LuckyCharm"},{"floor":6,"key":"aspiration:StickyExplosives_weak"},{"floor":8,"key":"Eternal Feather"}],"event_choices":[],"is_beta":false,"boss_relics":[],"items_purged_floors":[],"is_endless":false,"potions_floor_spawned":[4,6],"killed_by":"Lagavulin","ascension_level":2}}