{"host":"7yxt37kap0q16lk4","time":1610835384,"event":{"mods":["2.2 Compatiblity","Act Like it!","BaseMod","Better Third Choice","Better-Laid Plans","Colored Map","Custom Start","Highlight Path","Keyboard Shortcuts","Minty Spire (QoL Compilation)","Quick Restart","Rare Cards Sparkle","Relic Stats","Shop Mod","Slay the Relics Exporter","StSLib","SuperFastMode"],"gold_per_floor":[112,122,138,138,154,173,173,173,173,41,56,56,75,89,89,160,160,180,180,180,190,190,190,221,221,245,272,272,272,7,25,25,98,98,115,127,141,141,1140,1140,1140,1140,1219,1236,1236,1236,1236],"floor_reached":46,"language":"KOR","playtime":1203,"items_purged":["Skewer"],"score":950,"play_id":"8756d828-67e9-4e80-9770-6990a6aa17e1","local_time":"20210117071624","is_ascension_mode":true,"campfire_choices":[{"data":"Deadly Poison","floor":7.0,"key":"SMITH"},{"data":"Neutralize","floor":12.0,"key":"SMITH"},{"data":"Bane","floor":15.0,"key":"SMITH"},{"floor":23.0,"key":"REST"},{"floor":29.0,"key":"REST"},{"data":"Bullet Time","floor":32.0,"key":"SMITH"},{"floor":40,"key":"REST"},{"floor":45,"key":"REST"}],"circlet_count":0,"master_deck":["AscendersBane","Survivor","Neutralize+1","Deflect","Well Laid Plans","Backflip","Deadly Poison+1","Deflect","Footwork","Bouncing Flask","Bane+1","Corpse Explosion","Bullet Time+1","Blur","Endless Agony","Tactician","A Thousand Cuts","Noxious Fumes","Grand Finale","Concentrate+1","Master of Strategy","Crippling Poison"],"relics":["Ring of the Snake","Ice Cream","The Courier","Thread and Needle","TwistedFunnel","Pandora\u0027s Box","Akabeko","The Specimen","Empty Cage","Omamori","Pantograph","Pear"],"acts_visited":["Exordium","TheCity","TheBeyond"],"potions_floor_usage":[37],"damage_taken":[{"damage":7.0,"enemies":"Cultist","floor":1.0,"turns":4.0},{"damage":4.0,"enemies":"Small Slimes","floor":2.0,"turns":5.0},{"damage":1.0,"enemies":"Jaw Worm","floor":3.0,"turns":5.0},{"damage":0.0,"enemies":"Blue Slaver","floor":5.0,"turns":8.0},{"damage":23.0,"enemies":"Exordium Thugs","floor":6.0,"turns":6.0},{"damage":0.0,"enemies":"3 Louse","floor":11.0,"turns":3.0},{"damage":0.0,"enemies":"Blue Slaver","floor":13.0,"turns":4.0},{"damage":0.0,"enemies":"Lots of Slimes","floor":14.0,"turns":3.0},{"damage":21.0,"enemies":"Slime Boss","floor":16.0,"turns":8.0},{"damage":24.0,"enemies":"Shell Parasite","floor":18.0,"turns":4.0},{"damage":3.0,"enemies":"Chosen","floor":21.0,"turns":4.0},{"damage":26.0,"enemies":"Book of Stabbing","floor":24.0,"turns":5.0},{"damage":10.0,"enemies":"Gremlin Leader","floor":27.0,"turns":6.0},{"damage":1.0,"enemies":"Sentry and Sphere","floor":31.0,"turns":3.0},{"damage":10.0,"enemies":"Automaton","floor":33.0,"turns":8.0},{"damage":0.0,"enemies":"Orb Walker","floor":35.0,"turns":3.0},{"damage":0.0,"enemies":"3 Shapes","floor":36.0,"turns":3.0},{"damage":42,"enemies":"3 Darklings","floor":37,"turns":4},{"damage":26,"enemies":"Writhing Mass","floor":44,"turns":5},{"damage":46,"enemies":"Nemesis","floor":46,"turns":6}],"seed_played":"2034083735044106692","potions_obtained":[{"floor":6.0,"key":"SkillPotion"},{"floor":13.0,"key":"FearPotion"},{"floor":24.0,"key":"Weak Potion"},{"floor":27.0,"key":"SteroidPotion"},{"floor":33.0,"key":"AttackPotion"},{"floor":36.0,"key":"DistilledChaos"},{"floor":37,"key":"DuplicationPotion"}],"is_trial":false,"path_per_floor":["M","M","M","?","M","M","R","T","T","$","M","R","M","M","R","B",null,"M","?","?","M","?","R","E","?","T","E","?","R","$","M","R","B",null,"M","M","M","?","?","R","?","T","T","M","R","E"],"character_chosen":"THE_SILENT","items_purchased":["TwistedFunnel","Grand Finale","DistilledChaos"],"campfire_rested":4,"item_purchase_floors":[10,30,30],"current_hp_per_floor":[52,48,47,47,47,24,24,24,24,24,24,24,24,24,24,3,46,22,22,22,19,19,37,11,11,11,1,13,31,31,30,30,20,50,50,50,8,8,8,26,26,26,36,10,31,0,0],"gold":1236,"neow_bonus":"ONE_RARE_RELIC","is_daily":false,"chose_seed":false,"campfire_upgraded":4,"win_rate":0.0,"timestamp":1610835384,"path_taken":["M","?","M","?","M","M","R","?","T","?","?","R","M","M","R","BOSS","M","?","?","?","?","R","E","?","T","E","?","R","$","M","R","BOSS","M","M","M","?","?","R","?","?","T","?","R","E"],"items_purchased_type":["Relic","Card","Potion"],"build_version":"2020-12-22","purchased_purges":1,"victory":false,"max_hp_per_floor":[60,60,60,60,60,60,60,60,60,60,60,60,60,60,60,60,60,60,60,60,60,60,60,60,60,60,60,60,60,60,60,60,60,60,60,60,60,60,60,60,60,60,70,70,70,70,70],"relic_stats":{"counters":[20,97],"Pantograph":0,"Pandora\u0027s Box":["Bullet Time","Skewer","Skewer","Sucker Punch","Underhanded Strike","Blur","Endless Agony","Tactician","A Thousand Cuts","Noxious Fumes"],"obtain_stats":[{"Ice Cream":0,"TwistedFunnel":10,"Pear":43,"The Specimen":27,"Pantograph":42,"Thread and Needle":9,"Pandora\u0027s Box":17,"The Courier":8,"Omamori":39,"Empty Cage":34,"Akabeko":24,"Ring of the Snake":0},{"Ice Cream":0,"TwistedFunnel":5,"Pear":18,"The Specimen":13,"Pantograph":18,"Thread and Needle":5,"Pandora\u0027s Box":9,"The Courier":5,"Omamori":18,"Empty Cage":15,"Akabeko":12,"Ring of the Snake":0},{"Ice Cream":0,"TwistedFunnel":28,"Pear":86,"The Specimen":65,"Pantograph":86,"Thread and Needle":28,"Pandora\u0027s Box":46,"The Courier":28,"Omamori":86,"Empty Cage":76,"Akabeko":59,"Ring of the Snake":0}],"Ring of the Snake":[42]},"card_choices":[{"not_picked":["Prepared","Underhanded Strike"],"picked":"Deflect","floor":1.0},{"not_picked":["Skewer","Calculated Gamble"],"picked":"Well Laid Plans","floor":2.0},{"not_picked":["Outmaneuver","Well Laid Plans"],"picked":"Backflip","floor":3.0},{"not_picked":["Well Laid Plans","Expertise"],"picked":"Deadly Poison","floor":5.0},{"not_picked":["Skewer","Expertise"],"picked":"Deflect","floor":6.0},{"not_picked":["A Thousand Cuts","Outmaneuver"],"picked":"Footwork","floor":11.0},{"not_picked":["Backflip","Deflect"],"picked":"Bouncing Flask","floor":13.0},{"not_picked":["Dagger Spray","Quick Slash"],"picked":"Bane","floor":14.0},{"not_picked":["Storm of Steel","Die Die Die"],"picked":"Corpse Explosion","floor":16.0},{"not_picked":["Predator","Expertise","Cloak And Dagger"],"picked":"SKIP","floor":18.0},{"not_picked":["Blade Dance","Bane","Dagger Throw"],"picked":"SKIP","floor":21.0},{"not_picked":["Underhanded Strike","Poisoned Stab","Deadly Poison"],"picked":"SKIP","floor":24.0},{"not_picked":["Poisoned Stab","Bane","Flechettes+1"],"picked":"SKIP","floor":27.0},{"not_picked":["Cloak And Dagger","Dagger Spray","Tools of the Trade"],"picked":"SKIP","floor":31.0},{"not_picked":["Venomology","Bullet Time"],"picked":"Grand Finale","floor":33.0},{"not_picked":["Blade Dance","Deadly Poison","Terror"],"picked":"SKIP","floor":35.0},{"not_picked":["Outmaneuver","Blade Dance","Endless Agony+1"],"picked":"SKIP","floor":36.0},{"not_picked":["Deflect","Night Terror"],"picked":"Concentrate+1","floor":37},{"not_picked":["Metamorphosis","Thinking Ahead"],"picked":"Master of Strategy","floor":38},{"not_picked":["Bane","Dagger Throw"],"picked":"Crippling Poison","floor":44}],"player_experience":1046038,"relics_obtained":[{"floor":8.0,"key":"The Courier"},{"floor":9.0,"key":"Thread and Needle"},{"floor":24.0,"key":"Akabeko"},{"floor":27.0,"key":"The Specimen"},{"floor":42,"key":"Pantograph"},{"floor":43,"key":"Pear"}],"event_choices":[{"damage_healed":0.0,"max_hp_gain":0.0,"max_hp_loss":0.0,"gold_gain":0.0,"event_name":"betterThird:BetterSerpent","player_choice":"Ignored","floor":4.0,"gold_loss":0.0,"damage_taken":138.0},{"cards_removed":["Skewer"],"damage_healed":0.0,"max_hp_gain":0.0,"max_hp_loss":0.0,"gold_gain":0.0,"event_name":"betterThird:BetterWriting","player_choice":"Elegance","floor":19.0,"gold_loss":0.0,"damage_taken":0.0},{"damage_healed":0.0,"max_hp_gain":0.0,"max_hp_loss":0.0,"gold_gain":0.0,"event_name":"FaceTrader","player_choice":"Leave","floor":20.0,"gold_loss":0.0,"damage_taken":0.0},{"damage_healed":0.0,"max_hp_gain":0.0,"max_hp_loss":0.0,"gold_gain":0.0,"event_name":"The Mausoleum","player_choice":"Ignored","floor":22.0,"gold_loss":0.0,"damage_taken":0.0},{"damage_healed":0.0,"max_hp_gain":0.0,"max_hp_loss":0.0,"gold_gain":0.0,"event_name":"Vampires","player_choice":"Ignored","floor":25.0,"gold_loss":0.0,"damage_taken":0.0},{"damage_healed":12.0,"max_hp_gain":0.0,"max_hp_loss":0.0,"gold_gain":0.0,"event_name":"The Library","player_choice":"Heal","floor":28.0,"gold_loss":0.0,"damage_taken":0.0},{"damage_healed":0,"gold_gain":0,"player_choice":"Memory 1","damage_taken":0,"max_hp_gain":0,"max_hp_loss":0,"event_name":"SensoryStone","floor":38,"gold_loss":0},{"damage_healed":0,"gold_gain":999,"player_choice":"Gold","damage_taken":0,"max_hp_gain":0,"max_hp_loss":0,"event_name":"MindBloom","floor":39,"gold_loss":0,"cards_obtained":["Normality","Normality"]},{"cards_removed":["Grand Finale"],"damage_healed":0,"gold_gain":0,"player_choice":"Removed Attack","damage_taken":0,"max_hp_gain":0,"max_hp_loss":0,"event_name":"Falling","floor":41,"gold_loss":0}],"is_beta":false,"boss_relics":[{"not_picked":["Velvet Choker","Ring of the Serpent"],"picked":"Pandora\u0027s Box"},{"not_picked":["Fusion Hammer","Astrolabe"],"picked":"Empty Cage"}],"items_purged_floors":[30],"is_endless":false,"potions_floor_spawned":[6,13,14,24,27,33,36,37],"killed_by":"Nemesis","ascension_level":20}}