{"host":"baymyijz6sxaqj5s","time":1610795469,"event":{"mods":["AchievementEnabler","BaseMod","Colored Map","Colored Powertips","DeckTracker","Highlight Path","KOR Keyword Fix","Keyboard Shortcuts","Minty Spire (QoL Compilation)","StSLib","SuperFastMode"],"gold_per_floor":[119,69,15,30,130,130,143,143,170,125,125,145,158,10,10,108,108,123,123,123,136,136,136],"floor_reached":22,"language":"KOR","playtime":558,"items_purged":[],"score":208,"play_id":"6a67145b-ed3f-4275-b5e3-a9699c366723","local_time":"20210116201109","is_ascension_mode":true,"campfire_choices":[{"data":"Survivor","floor":6,"key":"SMITH"},{"data":"Backflip","floor":8,"key":"SMITH"},{"floor":15,"key":"REST"}],"circlet_count":0,"master_deck":["Strike_G","Strike_G","Strike_G","Strike_G","Defend_G","Defend_G","Defend_G","Defend_G","Defend_G","Survivor+1","Neutralize","Acrobatics","Poisoned Stab","Backflip+1","Dodge and Roll+1","Deflect","Leg Sweep","Noxious Fumes","Escape Plan"],"relics":["Ring of the Snake","Potion Belt","Snake Skull","SlaversCollar"],"acts_visited":["Exordium","TheCity"],"potions_floor_usage":[16,18],"damage_taken":[{"damage":0,"enemies":"Small Slimes","floor":1,"turns":4},{"damage":0,"enemies":"2 Louse","floor":4,"turns":3},{"damage":12,"enemies":"Cultist","floor":7,"turns":6},{"damage":1,"enemies":"Looter","floor":10,"turns":5},{"damage":11,"enemies":"Exordium Thugs","floor":12,"turns":7},{"damage":0,"enemies":"2 Fungi Beasts","floor":13,"turns":5},{"damage":11,"enemies":"Hexaghost","floor":16,"turns":10},{"damage":32,"enemies":"Chosen","floor":18,"turns":7},{"damage":7,"enemies":"Spheric Guardian","floor":21,"turns":7},{"damage":33,"enemies":"3 Cultists","floor":22,"turns":5}],"seed_played":"1587316558609236713","potions_obtained":[{"floor":12,"key":"Block Potion"},{"floor":16,"key":"Fruit Juice"}],"is_trial":false,"path_per_floor":["M","?","$","M","?","R","M","R","T","M","?","M","M","$","R","B",null,"M","?","?","M","M"],"character_chosen":"THE_SILENT","items_purchased":["Poisoned Stab","Snake Skull"],"campfire_rested":1,"item_purchase_floors":[3,14],"current_hp_per_floor":[77,77,77,77,77,77,65,65,65,64,64,53,53,53,76,65,77,50,50,34,27,0,0],"gold":136,"neow_bonus":"TEN_PERCENT_HP_BONUS","is_daily":false,"chose_seed":false,"campfire_upgraded":2,"win_rate":0.0,"timestamp":1610795469,"path_taken":["M","?","$","M","?","R","M","R","T","?","?","M","M","?","R","BOSS","M","?","?","M","M"],"items_purchased_type":["Card","Relic"],"build_version":"2020-12-22","purchased_purges":0,"victory":false,"max_hp_per_floor":[77,77,77,77,77,77,77,77,77,77,77,77,77,77,77,77,77,82,82,87,87,87,87],"card_choices":[{"not_picked":["Calculated Gamble","Distraction"],"picked":"Acrobatics","floor":1},{"not_picked":["Bane","Outmaneuver"],"picked":"Backflip","floor":4},{"not_picked":["Quick Slash","Calculated Gamble"],"picked":"Dodge and Roll","floor":7},{"not_picked":["Sucker Punch","Finisher"],"picked":"Deflect","floor":10},{"not_picked":["Caltrops","Blade Dance"],"picked":"Leg Sweep","floor":12},{"not_picked":["Blade Dance","Sucker Punch"],"picked":"Noxious Fumes","floor":13},{"not_picked":["Eviscerate","Acrobatics","Dagger Spray"],"picked":"SKIP","floor":18},{"not_picked":["Predator","Riddle With Holes"],"picked":"Escape Plan","floor":21}],"player_experience":40203,"relics_obtained":[{"floor":9,"key":"Potion Belt"}],"event_choices":[{"cards_removed":["Strike_G"],"damage_healed":0,"gold_gain":0,"player_choice":"Card Removal","damage_taken":0,"max_hp_gain":0,"max_hp_loss":0,"event_name":"The Cleric","floor":2,"gold_loss":50},{"damage_healed":0,"gold_gain":100,"player_choice":"Pray","damage_taken":0,"max_hp_gain":0,"max_hp_loss":0,"event_name":"Golden Shrine","floor":5,"gold_loss":0},{"damage_healed":0,"gold_gain":0,"player_choice":"Grow","damage_taken":0,"max_hp_gain":0,"max_hp_loss":0,"event_name":"Living Wall","floor":11,"gold_loss":0,"cards_upgraded":["Dodge and Roll"]},{"damage_healed":0,"gold_gain":0,"player_choice":"Ignored","damage_taken":0,"max_hp_gain":0,"max_hp_loss":0,"event_name":"Ghosts","floor":19,"gold_loss":0},{"damage_healed":0,"gold_gain":0,"player_choice":"Shed Blood","damage_taken":21,"max_hp_gain":5,"max_hp_loss":0,"event_name":"Forgotten Altar","floor":20,"gold_loss":0}],"is_beta":false,"boss_relics":[{"not_picked":["Empty Cage","Pandora\u0027s Box"],"picked":"SlaversCollar"}],"items_purged_floors":[],"is_endless":false,"potions_floor_spawned":[12,16],"killed_by":"3 Cultists","ascension_level":1}}