{"host":"r53pw7z744tg3fxg","time":1610803711,"event":{"mods":["AchievementEnabler","BaseMod","Colored Map","Colored Powertips","Highlight Path","Minty Spire (QoL Compilation)","Quick Restart","Transform Curses"],"gold_per_floor":[109,129,140,160,170,170,200,200,247,266,277,295,295,320,320,397,397,415,430,442,454,471,471,471],"floor_reached":23,"language":"ENG","playtime":1084,"items_purged":[],"score":413,"play_id":"1eddb4da-87a8-4e40-90e5-af7429a92265","local_time":"20210116062831","is_ascension_mode":true,"campfire_choices":[{"data":"Eruption","floor":6.0,"key":"SMITH"},{"floor":13.0,"key":"REST"},{"floor":15.0,"key":"REST"}],"circlet_count":0,"master_deck":["AscendersBane","Strike_P","Strike_P","Strike_P","Strike_P","Defend_P","Defend_P","Defend_P","Defend_P","Eruption+1","Vigilance","BowlingBash","CarveReality","ThirdEye","BattleHymn","Consecrate","WindmillStrike","SashWhip","Evaluate","DeusExMachina","CurseOfTheBell","Weave","Crescendo","EmptyBody","Tantrum","Alpha"],"relics":["PureWater","Anchor","Oddly Smooth Stone","Gremlin Horn","Calling Bell","Happy Flower","Mercury Hourglass","CaptainsWheel"],"acts_visited":["Exordium","TheCity"],"potions_floor_usage":[20,21,22],"damage_taken":[{"damage":0.0,"enemies":"Cultist","floor":1.0,"turns":3.0},{"damage":4.0,"enemies":"Small Slimes","floor":2.0,"turns":4.0},{"damage":3.0,"enemies":"2 Louse","floor":3.0,"turns":3.0},{"damage":0.0,"enemies":"Large Slime","floor":4.0,"turns":4.0},{"damage":6.0,"enemies":"Looter","floor":5.0,"turns":3.0},{"damage":16.0,"enemies":"Gremlin Nob","floor":7.0,"turns":3.0},{"damage":1.0,"enemies":"Exordium Thugs","floor":10.0,"turns":5.0},{"damage":0.0,"enemies":"Exordium Wildlife","floor":11.0,"turns":5.0},{"damage":1.0,"enemies":"Blue Slaver","floor":12.0,"turns":6.0},{"damage":0.0,"enemies":"Lagavulin","floor":14.0,"turns":4.0},{"damage":55.0,"enemies":"The Guardian","floor":16.0,"turns":10.0},{"damage":15.0,"enemies":"Shell Parasite","floor":18.0,"turns":7.0},{"damage":0,"enemies":"3 Byrds","floor":19,"turns":4},{"damage":7,"enemies":"Centurion and Healer","floor":20,"turns":5},{"damage":15,"enemies":"Shelled Parasite and Fungi","floor":21,"turns":4},{"damage":3,"enemies":"Sentry and Sphere","floor":22,"turns":4},{"damage":24,"enemies":"Gremlin Leader","floor":23,"turns":2}],"seed_played":"6429944469549886604","potions_obtained":[{"floor":3.0,"key":"SteroidPotion"},{"floor":5.0,"key":"Ambrosia"},{"floor":7.0,"key":"PowerPotion"},{"floor":19,"key":"LiquidBronze"},{"floor":20,"key":"BottledMiracle"},{"floor":21,"key":"SkillPotion"}],"is_trial":false,"path_per_floor":["M","M","M","M","M","R","E","?","T","M","M","M","R","E","R","B",null,"M","M","M","M","M","E"],"character_chosen":"WATCHER","items_purchased":[],"campfire_rested":2,"item_purchase_floors":[],"current_hp_per_floor":[67,63,60,60,54,54,38,34,34,33,33,32,54,54,74,19,60,45,45,38,23,20,0,0],"gold":471,"neow_bonus":"TEN_PERCENT_HP_BONUS","is_daily":false,"chose_seed":false,"campfire_upgraded":1,"win_rate":0.0,"timestamp":1610803711,"path_taken":["M","?","M","M","M","R","E","?","T","M","M","M","R","E","R","BOSS","M","M","M","M","M","E"],"items_purchased_type":[],"build_version":"2020-12-22","purchased_purges":0,"victory":false,"max_hp_per_floor":[74,74,74,74,74,74,74,74,74,74,74,74,74,74,74,74,74,74,74,74,74,74,74,74],"card_choices":[{"not_picked":["JustLucky","WaveOfTheHand"],"picked":"BowlingBash","floor":1.0},{"not_picked":["ClearTheMind","Collect"],"picked":"CarveReality","floor":2.0},{"not_picked":["BowlingBash","FlurryOfBlows"],"picked":"ThirdEye","floor":3.0},{"not_picked":["CutThroughFate","FollowUp"],"picked":"BattleHymn","floor":4.0},{"not_picked":["WreathOfFlame","Wireheading","Adaptation"],"picked":"SKIP","floor":5.0},{"not_picked":["TalkToTheHand","CutThroughFate"],"picked":"Consecrate","floor":7.0},{"not_picked":["Wish","FollowUp"],"picked":"WindmillStrike","floor":10.0},{"not_picked":["Pray","SignatureMove"],"picked":"SashWhip","floor":11.0},{"not_picked":["Consecrate","BowlingBash"],"picked":"Evaluate","floor":12.0},{"not_picked":["EmptyMind","Pray","JustLucky"],"picked":"SKIP","floor":14.0},{"not_picked":["Ragnarok","Scrawl"],"picked":"DeusExMachina","floor":16.0},{"not_picked":["EmptyFist","CrushJoints"],"picked":"Weave","floor":18.0},{"not_picked":["MentalFortress","Adaptation"],"picked":"Crescendo","floor":19},{"not_picked":["EmptyFist","Swivel"],"picked":"EmptyBody","floor":20},{"not_picked":["BattleHymn","CarveReality"],"picked":"Tantrum","floor":21},{"not_picked":["ThirdEye","Crescendo"],"picked":"Alpha","floor":22}],"player_experience":1274563,"relics_obtained":[{"floor":7.0,"key":"Anchor"},{"floor":9.0,"key":"Oddly Smooth Stone"},{"floor":14.0,"key":"Gremlin Horn"},{"floor":17.0,"key":"Happy Flower"},{"floor":17.0,"key":"Mercury Hourglass"},{"floor":17.0,"key":"CaptainsWheel"}],"event_choices":[{"damage_healed":0.0,"max_hp_gain":0.0,"max_hp_loss":0.0,"gold_gain":0.0,"event_name":"The Woman in Blue","player_choice":"Bought 0 Potions","floor":8.0,"gold_loss":0.0,"damage_taken":0.0}],"is_beta":false,"boss_relics":[{"not_picked":["Pandora\u0027s Box","Philosopher\u0027s Stone"],"picked":"Calling Bell"}],"items_purged_floors":[],"is_endless":false,"potions_floor_spawned":[3,5,7,12,19,20,21],"killed_by":"Gremlin Leader","ascension_level":15}}