{"host":"baymyijz6sxaqj5s","time":1610782787,"event":{"mods":["AchievementEnabler","BaseMod","Colored Map","Colored Powertips","DeckTracker","Highlight Path","KOR Keyword Fix","Keyboard Shortcuts","Minty Spire (QoL Compilation)","Quick Restart","StSLib","SuperFastMode"],"gold_per_floor":[116,128,128,128,142,142,162,173,247,322,340,359,359,382,382,479,479,495,495,510,520,538,538,538,538],"floor_reached":24,"language":"KOR","playtime":671,"items_purged":[],"score":202,"play_id":"a8f684ec-7571-4ca7-83ca-3e4cdc53c50a","local_time":"20210116163947","is_ascension_mode":true,"campfire_choices":[{"data":"Burning Pact","floor":6,"key":"SMITH"},{"data":"Heavy Blade","floor":13,"key":"SMITH"},{"floor":15,"key":"REST"},{"floor":23,"key":"REST"}],"circlet_count":0,"master_deck":["Strike_R","Strike_R","Strike_R","Strike_R","Strike_R","Defend_R","Defend_R","Defend_R","Defend_R","Bash","Spot Weakness+1","Burning Pact+1","Heavy Blade+1","Shrug It Off+1","Double Tap+1","Armaments+1","Body Slam"],"relics":["Burning Blood","Toxic Egg 2","PreservedInsect","Mark of Pain","MutagenicStrength"],"acts_visited":["Exordium","TheCity"],"potions_floor_usage":[11,11,12,24],"damage_taken":[{"damage":2,"enemies":"2 Louse","floor":1,"turns":3},{"damage":8,"enemies":"Small Slimes","floor":2,"turns":4},{"damage":1,"enemies":"Jaw Worm","floor":5,"turns":3},{"damage":10,"enemies":"Looter","floor":7,"turns":3},{"damage":14,"enemies":"Blue Slaver","floor":8,"turns":3},{"damage":5,"enemies":"2 Fungi Beasts","floor":11,"turns":3},{"damage":20,"enemies":"Exordium Thugs","floor":12,"turns":6},{"damage":77,"enemies":"Slime Boss","floor":16,"turns":16},{"damage":31,"enemies":"2 Thieves","floor":18,"turns":5},{"damage":28,"enemies":"Shell Parasite","floor":20,"turns":7},{"damage":33,"enemies":"Snake Plant","floor":21,"turns":5},{"damage":14,"enemies":"Shelled Parasite and Fungi","floor":22,"turns":4},{"damage":39,"enemies":"Slavers","floor":24,"turns":3}],"seed_played":"-4870015523641273396","potions_obtained":[{"floor":1,"key":"ColorlessPotion"},{"floor":8,"key":"EssenceOfSteel"},{"floor":11,"key":"Energy Potion"},{"floor":20,"key":"Ancient Potion"},{"floor":22,"key":"Weak Potion"}],"is_trial":false,"path_per_floor":["M","M","?","?","M","R","M","M","T","?","M","M","R","T","R","B",null,"M","?","M","M","M","R","E"],"character_chosen":"IRONCLAD","items_purchased":[],"campfire_rested":2,"item_purchase_floors":[],"current_hp_per_floor":[88,86,91,91,93,93,89,81,81,70,71,57,57,57,84,13,93,68,68,46,19,11,38,0,0],"gold":538,"neow_bonus":"TEN_PERCENT_HP_BONUS","is_daily":false,"chose_seed":false,"campfire_upgraded":2,"win_rate":0.0,"timestamp":1610782787,"path_taken":["M","M","?","?","M","R","?","M","T","?","M","M","R","?","R","BOSS","M","?","M","M","M","R","E"],"items_purchased_type":[],"build_version":"2020-12-22","purchased_purges":0,"victory":false,"max_hp_per_floor":[88,88,93,93,93,93,93,93,93,93,93,93,93,93,93,93,93,93,93,93,93,93,93,93,93],"card_choices":[{"not_picked":["Thunderclap","Warcry"],"picked":"Spot Weakness","floor":1},{"not_picked":["Flex","Uppercut","Pummel"],"picked":"SKIP","floor":2},{"not_picked":["Clash","Iron Wave"],"picked":"Burning Pact","floor":5},{"not_picked":["Perfected Strike","Twin Strike"],"picked":"Heavy Blade","floor":7},{"not_picked":["Exhume","Cleave","Perfected Strike"],"picked":"SKIP","floor":8},{"not_picked":["True Grit+1","Heavy Blade"],"picked":"Shrug It Off+1","floor":11},{"not_picked":["Twin Strike","Perfected Strike","Dark Embrace"],"picked":"SKIP","floor":12},{"not_picked":["Reaper","Fiend Fire"],"picked":"Double Tap+1","floor":16},{"not_picked":["Twin Strike+1","Flex+1"],"picked":"Armaments+1","floor":18},{"not_picked":["Perfected Strike","Rampage","Anger"],"picked":"SKIP","floor":20},{"not_picked":["Headbutt","Shrug It Off+1"],"picked":"Body Slam","floor":21},{"not_picked":["Iron Wave","True Grit+1","Bloodletting+1"],"picked":"SKIP","floor":22}],"player_experience":88024,"relics_obtained":[{"floor":9,"key":"Toxic Egg 2"},{"floor":14,"key":"PreservedInsect"}],"event_choices":[{"damage_healed":0,"gold_gain":0,"player_choice":"Donut","damage_taken":0,"max_hp_gain":5,"max_hp_loss":0,"event_name":"Big Fish","floor":3,"gold_loss":0},{"damage_healed":0,"gold_gain":0,"player_choice":"Grow","damage_taken":0,"max_hp_gain":0,"max_hp_loss":0,"event_name":"Living Wall","floor":4,"gold_loss":0,"cards_upgraded":["Spot Weakness"]},{"damage_healed":0,"gold_gain":75,"player_choice":"Gather Gold","damage_taken":11,"max_hp_gain":0,"max_hp_loss":0,"event_name":"World of Goop","floor":10,"gold_loss":0},{"damage_healed":0,"gold_gain":0,"player_choice":"Inject Mutagens","damage_taken":0,"relics_obtained":["MutagenicStrength"],"max_hp_gain":0,"max_hp_loss":0,"event_name":"Drug Dealer","floor":19,"gold_loss":0}],"is_beta":false,"boss_relics":[{"not_picked":["Pandora\u0027s Box","Busted Crown"],"picked":"Mark of Pain"}],"items_purged_floors":[],"is_endless":false,"potions_floor_spawned":[1,8,11,20,22],"killed_by":"Slavers","ascension_level":1}}