{"host":"1c52r9kaxdyo25eq","time":1610819693,"event":{"mods":["AchievementEnabler","BaseMod","Minty Spire (QoL Compilation)","Rare Cards Sparkle","SuperFastMode","everything is the same but u backflip on backflip"],"gold_per_floor":[112,129,54,67,81,81,29,29,29,44,44,55,69,69,69,143,143,159,159,179,13,31,31,49,49,49,49,66,66,77,77,77,77,77],"floor_reached":33,"language":"KOR","playtime":650,"items_purged":["Strike_G"],"score":482,"play_id":"e33c8c0e-a4fe-461a-a533-67c49b8bf0de","local_time":"20210117025453","is_ascension_mode":true,"campfire_choices":[{"data":"Terror","floor":6.0,"key":"SMITH"},{"data":"Poisoned Stab","floor":8.0,"key":"SMITH"},{"data":"Bouncing Flask","floor":11.0,"key":"SMITH"},{"data":"Neutralize","floor":15,"key":"SMITH"},{"data":"Wraith Form v2","floor":23,"key":"SMITH"},{"data":"Acrobatics","floor":25,"key":"SMITH"},{"data":"Prepared","floor":29,"key":"SMITH"},{"floor":32,"key":"REST"}],"circlet_count":0,"master_deck":["AscendersBane","Strike_G","Strike_G","Strike_G","Defend_G","Defend_G","Defend_G","Survivor","Neutralize+1","Quick Slash","Dagger Throw","Poisoned Stab","Terror+1","Poisoned Stab+1","Bouncing Flask+1","Prepared+1","Wraith Form v2+1","Footwork+1","Acrobatics+1","Writhe","Footwork"],"relics":["Ring of the Snake","Pear","Cursed Key","Lee\u0027s Waffle"],"acts_visited":["Exordium","TheCity"],"potions_floor_usage":[13,16,20,33],"damage_taken":[{"damage":3.0,"enemies":"Cultist","floor":1.0,"turns":4.0},{"damage":2.0,"enemies":"Small Slimes","floor":2.0,"turns":3.0},{"damage":0.0,"enemies":"2 Louse","floor":4.0,"turns":2.0},{"damage":14.0,"enemies":"Large Slime","floor":5.0,"turns":6.0},{"damage":0.0,"enemies":"Exordium Wildlife","floor":10.0,"turns":2.0},{"damage":5.0,"enemies":"Gremlin Gang","floor":12.0,"turns":4.0},{"damage":16,"enemies":"Exordium Thugs","floor":13,"turns":3},{"damage":13,"enemies":"Hexaghost","floor":16,"turns":8},{"damage":1,"enemies":"Chosen","floor":18,"turns":4},{"damage":18,"enemies":"2 Thieves","floor":20,"turns":4},{"damage":29,"enemies":"Sentry and Sphere","floor":22,"turns":6},{"damage":14,"enemies":"Cultist and Chosen","floor":24,"turns":5},{"damage":1,"enemies":"Centurion and Healer","floor":28,"turns":6},{"damage":24,"enemies":"Snecko","floor":30,"turns":6},{"damage":0,"enemies":"Collector","floor":33,"turns":2}],"seed_played":"-2979951404248854748","potions_obtained":[{"floor":2.0,"key":"PowerPotion"},{"floor":10.0,"key":"Block Potion"},{"floor":13,"key":"EssenceOfSteel"},{"floor":16,"key":"Block Potion"},{"floor":22,"key":"SkillPotion"}],"is_trial":false,"path_per_floor":["M","M","$","M","M","R","$","R","T","M","R","M","M","?","R","B",null,"M","?","M","$","M","R","M","R","T","?","M","R","M","?","R","B"],"character_chosen":"THE_SILENT","items_purchased":["Poisoned Stab","Lee\u0027s Waffle"],"campfire_rested":1,"item_purchase_floors":[7,21],"current_hp_per_floor":[56,54,54,54,40,40,40,40,50,50,50,45,29,22,22,9,59,58,58,40,83,54,54,40,40,40,40,39,39,15,15,39,39,39],"gold":77,"neow_bonus":"REMOVE_CARD","is_daily":false,"chose_seed":false,"campfire_upgraded":7,"win_rate":0.0,"timestamp":1610819693,"path_taken":["M","M","$","M","M","R","?","R","T","M","R","M","M","?","R","BOSS","M","?","M","$","M","R","M","R","T","?","?","R","M","?","R","BOSS"],"items_purchased_type":["Card","Relic"],"build_version":"2020-12-22","purchased_purges":1,"victory":false,"max_hp_per_floor":[66,66,66,66,66,66,66,66,76,76,76,76,76,76,76,76,76,76,76,76,83,83,83,83,83,83,83,83,83,83,83,83,83,83],"card_choices":[{"not_picked":["Backflip","Flying Knee"],"picked":"Quick Slash","floor":1.0},{"not_picked":["Deflect","Underhanded Strike"],"picked":"Dagger Throw","floor":2.0},{"not_picked":["Outmaneuver","Footwork"],"picked":"Poisoned Stab","floor":4.0},{"not_picked":["Underhanded Strike","Distraction"],"picked":"Terror","floor":5.0},{"not_picked":["Tactician","Escape Plan"],"picked":"Bouncing Flask","floor":10.0},{"not_picked":["Envenom","Distraction","Backflip"],"picked":"SKIP","floor":12.0},{"not_picked":["Underhanded Strike","Deflect"],"picked":"Prepared","floor":13},{"not_picked":["Bullet Time","Burst"],"picked":"Wraith Form v2","floor":16},{"not_picked":["Caltrops","Flying Knee"],"picked":"Footwork+1","floor":18},{"not_picked":["Backflip","Sucker Punch"],"picked":"Acrobatics","floor":20},{"not_picked":["Backflip","Slice","Leg Sweep"],"picked":"SKIP","floor":22},{"not_picked":["Cloak And Dagger","Dash+1","All Out Attack"],"picked":"SKIP","floor":24},{"not_picked":["Riddle With Holes+1","Underhanded Strike","Burst"],"picked":"SKIP","floor":28},{"not_picked":["Acrobatics","Deadly Poison","Blade Dance"],"picked":"SKIP","floor":30}],"player_experience":590001,"relics_obtained":[{"floor":9.0,"key":"Pear"}],"event_choices":[{"cards_removed":["Strike_G"],"damage_healed":0,"gold_gain":0,"player_choice":"Card Removal","damage_taken":7,"max_hp_gain":0,"max_hp_loss":0,"event_name":"Golden Wing","floor":14,"gold_loss":0},{"damage_healed":0,"gold_gain":0,"player_choice":"Ignored","damage_taken":0,"max_hp_gain":0,"max_hp_loss":0,"event_name":"Vampires","floor":19,"gold_loss":0},{"damage_healed":0,"gold_gain":0,"player_choice":"Ignored","damage_taken":0,"max_hp_gain":0,"max_hp_loss":0,"event_name":"Ghosts","floor":27,"gold_loss":0},{"damage_healed":0,"gold_gain":0,"cards_transformed":["Defend_G"],"player_choice":"Transformed","damage_taken":0,"max_hp_gain":0,"max_hp_loss":0,"event_name":"Transmorgrifier","floor":31,"gold_loss":0,"cards_obtained":["Footwork"]}],"is_beta":false,"boss_relics":[{"not_picked":["Calling Bell","SacredBark"],"picked":"Cursed Key"}],"items_purged_floors":[3],"is_endless":false,"potions_floor_spawned":[2,10,13,16,18,22],"killed_by":"Collector","ascension_level":20}}