{"host":"gkm149kh1ihaqy0o","time":1610812533,"event":{"mods":["AchievementEnabler","BaseMod","Colored Powertips","Googly Eyes","Key Reminder","Minty Spire (QoL Compilation)","Permanent Neow","Quick Restart","Random Character Button","Rare Cards Sparkle","Relic Sorter","Relic Stats","SuperFastMode","Unceasing Turn Reminder","everything is the same but u backflip on backflip"],"gold_per_floor":[117,129,139,156,145,172,172,207,234,234,252,268,268,286,286,389,389,403,313,332,332,332,363,363,363,363],"floor_reached":25,"language":"ENG","playtime":1362,"items_purged":[],"score":366,"play_id":"888479cc-cc30-4698-8970-8c8da53f7e65","local_time":"20210116095533","is_ascension_mode":true,"campfire_choices":[{"floor":7,"key":"REST"},{"data":"Apotheosis","floor":10,"key":"SMITH"},{"data":"Zap","floor":15,"key":"SMITH"},{"data":"Bite","floor":24,"key":"PURGE"}],"circlet_count":0,"master_deck":["Defend_B","Defend_B","Defend_B","Defend_B","Zap+1","Dualcast","Apotheosis+1","Rip and Tear","Sweeping Beam","Beam Cell","Electrodynamics","Hologram","Buffer","FTL+1","BootSequence","Ball Lightning","Machine Learning","Rebound+1","Stack","Bite","Bite","Bite","Bite","Reboot"],"relics":["Cracked Core","Peace Pipe","Whetstone","Coffee Dripper","Enchiridion","Pen Nib"],"acts_visited":["Exordium","TheCity"],"potions_floor_usage":[3,14,16,23,25],"damage_taken":[{"damage":0,"enemies":"Cultist","floor":1,"turns":3},{"damage":4,"enemies":"Jaw Worm","floor":2,"turns":2},{"damage":2,"enemies":"2 Louse","floor":3,"turns":3},{"damage":0,"enemies":"Blue Slaver","floor":4,"turns":3},{"damage":22,"enemies":"Exordium Thugs","floor":5,"turns":4},{"damage":16,"enemies":"Lagavulin","floor":6,"turns":7},{"damage":12,"enemies":"Gremlin Nob","floor":8,"turns":3},{"damage":5,"enemies":"Gremlin Gang","floor":11,"turns":2},{"damage":1,"enemies":"2 Fungi Beasts","floor":12,"turns":2},{"damage":0,"enemies":"3 Louse","floor":14,"turns":2},{"damage":3,"enemies":"The Guardian","floor":16,"turns":8},{"damage":0,"enemies":"Spheric Guardian","floor":18,"turns":3},{"damage":0,"enemies":"3 Byrds","floor":20,"turns":3},{"damage":40,"enemies":"Book of Stabbing","floor":23,"turns":5},{"damage":24,"enemies":"Snake Plant","floor":25,"turns":2}],"seed_played":"9214718501970452439","potions_obtained":[{"floor":2,"key":"BlessingOfTheForge"},{"floor":5,"key":"SpeedPotion"},{"floor":8,"key":"SpeedPotion"},{"floor":12,"key":"Explosive Potion"},{"floor":14,"key":"ColorlessPotion"},{"floor":18,"key":"Ancient Potion"},{"floor":20,"key":"PowerPotion"}],"is_trial":false,"path_per_floor":["M","M","M","M","M","E","R","E","T","R","M","M","?","M","R","B",null,"M","?","M","?","?","E","R","M"],"character_chosen":"DEFECT","items_purchased":[],"campfire_rested":1,"item_purchase_floors":[],"current_hp_per_floor":[68,64,62,62,40,24,44,32,32,32,29,30,52,54,54,53,64,66,66,68,52,52,17,17,0,0],"gold":363,"neow_bonus":"RANDOM_COLORLESS_2","is_daily":false,"chose_seed":false,"campfire_upgraded":2,"win_rate":0.0,"timestamp":1610812533,"path_taken":["M","M","M","M","M","E","R","E","T","R","M","M","?","M","R","BOSS","M","?","?","?","?","E","R","M"],"items_purchased_type":[],"build_version":"2020-12-22","purchased_purges":0,"victory":false,"max_hp_per_floor":[68,68,68,68,68,68,68,68,68,68,68,68,68,68,68,68,68,68,68,68,68,68,68,68,68,68],"relic_stats":{"Peace Pipe":1,"counters":[15,52],"Pen Nib":[0],"Whetstone":["Strike_B","Strike_B"],"obtain_stats":[{"Peace Pipe":6,"Blood Vial":8,"Enchiridion":21,"Pen Nib":23,"Coffee Dripper":17,"Whetstone":9,"Cracked Core":0},{"Peace Pipe":6,"Blood Vial":7,"Enchiridion":13,"Pen Nib":14,"Coffee Dripper":11,"Whetstone":7,"Cracked Core":0},{"Peace Pipe":22,"Blood Vial":25,"Enchiridion":45,"Pen Nib":50,"Coffee Dripper":39,"Whetstone":25,"Cracked Core":0}]},"card_choices":[{"not_picked":["Magnetism","Sadistic Nature"],"picked":"Apotheosis","floor":0},{"not_picked":["Cold Snap","Streamline"],"picked":"Rip and Tear","floor":1},{"not_picked":["Coolheaded","Streamline","Barrage"],"picked":"SKIP","floor":2},{"not_picked":["Go for the Eyes","Steam"],"picked":"Sweeping Beam","floor":3},{"not_picked":["Stack","Barrage"],"picked":"Beam Cell","floor":4},{"not_picked":["Sweeping Beam","Hologram"],"picked":"Electrodynamics","floor":5},{"not_picked":["Go for the Eyes","Rebound"],"picked":"Hologram","floor":6},{"not_picked":["Lockon","Sweeping Beam"],"picked":"Buffer","floor":8},{"not_picked":["Gash","Stack"],"picked":"FTL","floor":11},{"not_picked":["Compile Driver","Turbo"],"picked":"BootSequence","floor":12},{"not_picked":["Turbo","Hologram"],"picked":"Ball Lightning","floor":14},{"not_picked":["Thunder Strike","Meteor Strike"],"picked":"Machine Learning","floor":16},{"not_picked":["Barrage+1","Force Field"],"picked":"Rebound+1","floor":18},{"not_picked":["Sweeping Beam","Aggregate"],"picked":"Stack","floor":20},{"not_picked":["Redo","Steam"],"picked":"Reboot","floor":23}],"player_experience":628982,"relics_obtained":[{"floor":6,"key":"Peace Pipe"},{"floor":8,"key":"Blood Vial"},{"floor":9,"key":"Whetstone"},{"floor":21,"key":"Enchiridion"},{"floor":23,"key":"Pen Nib"}],"event_choices":[{"damage_healed":22,"gold_gain":0,"player_choice":"Banana","damage_taken":0,"max_hp_gain":0,"max_hp_loss":0,"event_name":"Big Fish","floor":13,"gold_loss":0},{"cards_removed":["Strike_B"],"damage_healed":0,"gold_gain":0,"player_choice":"Upgrade and Remove","damage_taken":0,"max_hp_gain":0,"max_hp_loss":0,"event_name":"Designer","floor":19,"gold_loss":90,"cards_upgraded":["FTL"]},{"damage_healed":0,"gold_gain":0,"player_choice":"Obtained Book","damage_taken":16,"max_hp_gain":0,"max_hp_loss":0,"event_name":"Cursed Tome","floor":21,"gold_loss":0},{"damage_healed":0,"gold_gain":0,"player_choice":"Became a vampire (Vial)","damage_taken":0,"max_hp_gain":0,"max_hp_loss":0,"event_name":"Vampires","floor":22,"relics_lost":["Blood Vial"],"gold_loss":0,"cards_obtained":["Bite","Bite","Bite","Bite","Bite"]}],"is_beta":false,"boss_relics":[{"not_picked":["SlaversCollar","Busted Crown"],"picked":"Coffee Dripper"}],"items_purged_floors":[],"is_endless":false,"potions_floor_spawned":[2,5,8,12,14,18,20],"killed_by":"Snake Plant","ascension_level":9}}