{"host":"i0avyit1s6jb1siw","time":1610801327,"event":{"mods":["BaseMod","DeckTracker","Dota2Spire","Highlight Path","Minty Spire (QoL Compilation)","Quick Restart","StSLib","SuperFastMode"],"gold_per_floor":[110,26,44,62,62,62,87,7,7,7,7,40,40,55,55,129,129,147,147,35,50,63,63,92,92,119,119,134,134,165,165,165],"floor_reached":31,"language":"ENG","playtime":602,"items_purged":["Strike_G"],"score":562,"play_id":"1ae156be-ccd3-4cc6-af3c-f79cb0ca0d46","local_time":"20210116134847","is_ascension_mode":true,"campfire_choices":[{"data":"Crippling Poison","floor":6.0,"key":"SMITH"},{"data":"Noxious Fumes","floor":10.0,"key":"SMITH"},{"data":"Crippling Poison","floor":13.0,"key":"SMITH"},{"data":"Noxious Fumes","floor":15.0,"key":"SMITH"},{"floor":23.0,"key":"REST"},{"floor":25.0,"key":"REST"},{"data":"Footwork","floor":27.0,"key":"SMITH"}],"circlet_count":0,"master_deck":["AscendersBane","Strike_G","Defend_G","Defend_G","Defend_G","Defend_G","Defend_G","Survivor","Neutralize","Crippling Poison+1","Noxious Fumes+1","Dash","Crippling Poison+1","PiercingWail","Noxious Fumes+1","Backflip","Predator","Burst","Footwork+1","Tactician","Acrobatics","Venomology"],"relics":["Ring of the Snake","NeowsBlessing","Incense Burner","Dota2Spire:AghanimScepter","Meat on the Bone","Empty Cage","Nilry\u0027s Codex","Ornamental Fan","Bag of Preparation"],"acts_visited":["Exordium","TheCity"],"potions_floor_usage":[],"damage_taken":[{"damage":0.0,"enemies":"Cultist","floor":1.0,"turns":1.0},{"damage":0.0,"enemies":"Jaw Worm","floor":3.0,"turns":1.0},{"damage":0.0,"enemies":"Small Slimes","floor":4.0,"turns":1.0},{"damage":6.0,"enemies":"Lagavulin","floor":7.0,"turns":7.0},{"damage":8.0,"enemies":"3 Sentries","floor":12.0,"turns":5.0},{"damage":0.0,"enemies":"Blue Slaver","floor":14.0,"turns":4.0},{"damage":7.0,"enemies":"Slime Boss","floor":16.0,"turns":8.0},{"damage":14.0,"enemies":"Spheric Guardian","floor":18.0,"turns":4.0},{"damage":1.0,"enemies":"Chosen","floor":21.0,"turns":5.0},{"damage":0.0,"enemies":"Snecko","floor":22.0,"turns":5.0},{"damage":48.0,"enemies":"Book of Stabbing","floor":24.0,"turns":8.0},{"damage":6.0,"enemies":"Snake Plant","floor":28.0,"turns":6.0},{"damage":21,"enemies":"Gremlin Leader","floor":30,"turns":10},{"damage":22,"enemies":"Shelled Parasite and Fungi","floor":31,"turns":6}],"seed_played":"-234136103354307192","potions_obtained":[{"floor":1.0,"key":"Ancient Potion"},{"floor":7.0,"key":"Poison Potion"},{"floor":16.0,"key":"CunningPotion"},{"floor":22.0,"key":"Dexterity Potion"},{"floor":24.0,"key":"Block Potion"}],"is_trial":false,"path_per_floor":["M","$","M","M","?","R","E","$","T","R","?","E","R","M","R","B",null,"M","?","$","M","M","R","E","R","T","R","M","?","E","M"],"character_chosen":"THE_SILENT","items_purchased":["Noxious Fumes","Noxious Fumes","Footwork"],"campfire_rested":2,"item_purchase_floors":[2,8,20],"current_hp_per_floor":[59,59,59,59,52,52,46,46,46,46,46,38,38,38,38,43,60,46,25,25,36,36,55,19,38,38,38,44,26,17,0,0],"gold":165,"neow_bonus":"THREE_ENEMY_KILL","is_daily":false,"chose_seed":false,"campfire_upgraded":5,"win_rate":0.0,"timestamp":1610801327,"path_taken":["M","$","M","?","?","R","E","$","T","R","?","E","R","M","R","BOSS","M","?","$","M","M","R","E","R","T","R","M","?","E","M"],"items_purchased_type":["Card","Card","Card"],"build_version":"2020-12-22","purchased_purges":1,"victory":false,"max_hp_per_floor":[66,66,66,66,66,66,66,66,66,66,66,66,66,66,66,66,66,66,66,66,66,66,66,66,66,66,66,66,71,71,71,71],"card_choices":[{"not_picked":["Setup","Well Laid Plans"],"picked":"Crippling Poison","floor":1.0},{"not_picked":["Dodge and Roll","Reflex"],"picked":"Dash","floor":3.0},{"not_picked":["Escape Plan","Poisoned Stab"],"picked":"Crippling Poison","floor":4.0},{"not_picked":["Outmaneuver","Sucker Punch"],"picked":"PiercingWail","floor":7.0},{"not_picked":["Infinite Blades","Deadly Poison"],"picked":"Backflip","floor":12.0},{"not_picked":["Underhanded Strike","Cloak And Dagger"],"picked":"Predator","floor":14.0},{"not_picked":["Doppelganger","Malaise"],"picked":"Burst","floor":16.0},{"not_picked":["Dash+1","Dodge and Roll","Expertise"],"picked":"SKIP","floor":18.0},{"not_picked":["Slice+1","Flying Knee","Deadly Poison"],"picked":"SKIP","floor":21.0},{"not_picked":["Unload","Dagger Throw","Cloak And Dagger"],"picked":"SKIP","floor":22.0},{"not_picked":["Dagger Spray","Heel Hook"],"picked":"Tactician","floor":24.0},{"not_picked":["Poisoned Stab","Riddle With Holes+1"],"picked":"Acrobatics","floor":28.0},{"not_picked":["Slice","Endless Agony"],"picked":"Venomology","floor":30}],"player_experience":2258424,"relics_obtained":[{"floor":7.0,"key":"Incense Burner"},{"floor":9.0,"key":"Dota2Spire:AghanimScepter"},{"floor":12.0,"key":"Meat on the Bone"},{"floor":19.0,"key":"Nilry\u0027s Codex"},{"floor":24.0,"key":"Ornamental Fan"},{"floor":30,"key":"Bag of Preparation"}],"event_choices":[{"cards_removed":["Strike_G"],"damage_healed":0.0,"max_hp_gain":0.0,"max_hp_loss":0.0,"gold_gain":0.0,"event_name":"Golden Wing","player_choice":"Card Removal","floor":5.0,"gold_loss":0.0,"damage_taken":7.0},{"damage_healed":0.0,"max_hp_gain":0.0,"max_hp_loss":0.0,"gold_gain":0.0,"event_name":"Liars Game","player_choice":"Ignored","floor":11.0,"gold_loss":0.0,"damage_taken":0.0},{"damage_healed":0.0,"max_hp_gain":0.0,"max_hp_loss":0.0,"gold_gain":0.0,"event_name":"Cursed Tome","player_choice":"Obtained Book","floor":19.0,"gold_loss":0.0,"damage_taken":21.0},{"damage_healed":0.0,"max_hp_gain":5.0,"max_hp_loss":0.0,"gold_gain":0.0,"event_name":"Forgotten Altar","player_choice":"Shed Blood","floor":29.0,"gold_loss":0.0,"damage_taken":23.0}],"is_beta":false,"boss_relics":[{"not_picked":["Ring of the Serpent","Pandora\u0027s Box"],"picked":"Empty Cage"}],"items_purged_floors":[20],"is_endless":false,"potions_floor_spawned":[1,7,16,22,24],"killed_by":"Shelled Parasite and Fungi","ascension_level":20}}