{"host":"aflbxk582lws3lri","time":1610838210,"event":{"mods":["BaseMod","Minty Spire (QoL Compilation)"],"gold_per_floor":[114,129,144,144,163,201,201,220,220,239,239,277,277,315,315,440,440,440,440,365,215,215,215,215,65,65,65,65,65,65,65,65,65,65,65,65,65,65,15,15,15,15,15,15,15,15,15,15,15,15],"floor_reached":51,"language":"ENG","playtime":7892,"items_purged":["Shame"],"score":739,"play_id":"50300455-5bfe-4190-af45-743ad8b8626d","local_time":"20210116170330","daily_mods":["SealedDeck","Red Cards","Night Terrors"],"is_ascension_mode":false,"campfire_choices":[{"floor":7.0,"key":"REST"},{"data":"Rage","floor":11.0,"key":"SMITH"},{"data":"Iron Wave","floor":13.0,"key":"SMITH"},{"data":"Halt","floor":15.0,"key":"SMITH"},{"data":"Devotion","floor":29.0,"key":"SMITH"},{"data":"CutThroughFate","floor":32.0,"key":"SMITH"},{"data":"Juggernaut","floor":40.0,"key":"SMITH"},{"data":"Wallop","floor":42.0,"key":"SMITH"},{"floor":49,"key":"REST"}],"circlet_count":0,"master_deck":["Entrench","Rage+1","CrushJoints","BowlingBash","Conclude","SignatureMove","FollowUp","Weave","CutThroughFate+1","Wallop+1","Consecrate","Crescendo","Halt+1","Iron Wave+1","Devotion+1","Shrug It Off","EmptyFist","CarveReality+1","Juggernaut+1","Shockwave+1","Shrug It Off"],"relics":["PureWater","Golden Idol","Blue Candle","StrikeDummy","Question Card","StoneCalendar","Ectoplasm","Ancient Tea Set","Smiling Mask","Lee\u0027s Waffle","Dead Branch","MealTicket","CaptainsWheel","Nunchaku","SlaversCollar","Gambling Chip","Incense Burner"],"acts_visited":["Exordium","TheCity","TheBeyond"],"potions_floor_usage":[50,50,50,50,50],"damage_taken":[{"damage":0.0,"enemies":"2 Louse","floor":1.0,"turns":1.0},{"damage":22.0,"enemies":"Jaw Worm","floor":2.0,"turns":2.0},{"damage":0.0,"enemies":"Small Slimes","floor":3.0,"turns":1.0},{"damage":0.0,"enemies":"2 Fungi Beasts","floor":5.0,"turns":2.0},{"damage":32.0,"enemies":"Gremlin Nob","floor":6.0,"turns":3.0},{"damage":8.0,"enemies":"Gremlin Gang","floor":8.0,"turns":4.0},{"damage":4.0,"enemies":"Red Slaver","floor":10.0,"turns":2.0},{"damage":18.0,"enemies":"3 Sentries","floor":12.0,"turns":4.0},{"damage":0.0,"enemies":"Lagavulin","floor":14.0,"turns":2.0},{"damage":24.0,"enemies":"Hexaghost","floor":16.0,"turns":7.0},{"damage":12.0,"enemies":"Shell Parasite","floor":18.0,"turns":4.0},{"damage":0.0,"enemies":"3 Byrds","floor":19.0,"turns":4.0},{"damage":14.0,"enemies":"Slavers","floor":23.0,"turns":5.0},{"damage":20.0,"enemies":"Snecko","floor":24.0,"turns":4.0},{"damage":0.0,"enemies":"Gremlin Leader","floor":28.0,"turns":5.0},{"damage":36.0,"enemies":"Collector","floor":33.0,"turns":8.0},{"damage":15.0,"enemies":"3 Darklings","floor":35.0,"turns":5.0},{"damage":3.0,"enemies":"3 Shapes","floor":36.0,"turns":3.0},{"damage":10.0,"enemies":"Transient","floor":38.0,"turns":5.0},{"damage":19.0,"enemies":"Nemesis","floor":41.0,"turns":5.0},{"damage":15.0,"enemies":"Maw","floor":44.0,"turns":5.0},{"damage":6.0,"enemies":"Writhing Mass","floor":45.0,"turns":5.0},{"damage":0.0,"enemies":"Jaw Worm Horde","floor":46.0,"turns":4.0},{"damage":1.0,"enemies":"3 Darklings","floor":47.0,"turns":5.0},{"damage":0,"enemies":"Writhing Mass","floor":48,"turns":5},{"damage":2,"enemies":"Donu and Deca","floor":50,"turns":7}],"seed_played":"4926568582952100995","potions_obtained":[{"floor":1.0,"key":"EntropicBrew"},{"floor":2.0,"key":"Dexterity Potion"},{"floor":12.0,"key":"StancePotion"},{"floor":23.0,"key":"BottledMiracle"},{"floor":33.0,"key":"BottledMiracle"},{"floor":36.0,"key":"CultistPotion"}],"is_trial":false,"path_per_floor":["M","M","M","?","M","E","R","M","T","M","R","E","R","E","R","B",null,"M","M","?","$","?","E","M","$","T","?","E","R","?","T","R","B",null,"M","M","?","M","$","R","E","R","T","M","M","M","M","M","R","B",null],"character_chosen":"WATCHER","items_purchased":["Ancient Tea Set","Lee\u0027s Waffle"],"campfire_rested":2,"item_purchase_floors":[21,25],"current_hp_per_floor":[72,50,50,50,50,18,62,54,54,50,50,32,32,32,32,8,62,50,50,50,50,50,36,16,69,69,69,69,69,69,69,69,33,69,54,51,45,35,50,50,31,31,31,16,10,10,9,9,64,62],"gold":15,"neow_bonus":"","is_daily":true,"chose_seed":false,"campfire_upgraded":7,"win_rate":0.0,"timestamp":1610838210,"path_taken":["M","M","M","?","M","E","R","M","T","M","R","E","R","E","R","BOSS","M","M","?","$","?","E","M","$","T","?","E","R","?","?","R","BOSS","M","M","?","M","$","R","E","R","T","M","M","?","M","M","R","BOSS"],"items_purchased_type":["Relic","Relic"],"build_version":"2020-12-22","purchased_purges":1,"victory":true,"max_hp_per_floor":[72,72,72,67,67,67,62,62,62,62,62,62,62,62,62,62,62,62,62,62,62,62,62,62,69,69,69,69,69,69,69,69,69,69,69,69,69,69,69,69,69,69,69,69,69,69,69,69,64,64],"card_choices":[{"not_picked":["Blood for Blood","Sword Boomerang"],"picked":"Wallop","floor":1.0},{"not_picked":["Second Wind","SashWhip"],"picked":"Consecrate","floor":2.0},{"not_picked":["Burning Pact","WindmillStrike"],"picked":"Crescendo","floor":3.0},{"not_picked":["Consecrate","Study","Evolve"],"picked":"SKIP","floor":5.0},{"not_picked":["Iron Wave","LessonLearned"],"picked":"SandsOfTime","floor":6.0},{"not_picked":["CrushJoints","Clash","Twin Strike"],"picked":"SKIP","floor":8.0},{"not_picked":["Power Through","Iron Wave"],"picked":"Halt","floor":10.0},{"not_picked":["Blood for Blood","CutThroughFate"],"picked":"Iron Wave","floor":12.0},{"not_picked":["Clash","Cleave","CutThroughFate","CrushJoints"],"picked":"SKIP","floor":14.0},{"not_picked":["Offering","Scrawl","Vault"],"picked":"Devotion","floor":16.0},{"not_picked":["Havoc","Armaments","Cleave+1"],"picked":"Shrug It Off","floor":18.0},{"not_picked":["Prostrate","Thunderclap","Flex+1","Havoc+1"],"picked":"SKIP","floor":19.0},{"not_picked":["Thunderclap","SashWhip","DeusExMachina","Crescendo+1"],"picked":"SKIP","floor":23.0},{"not_picked":["FlurryOfBlows+1","FlyingSleeves","BowlingBash"],"picked":"EmptyFist","floor":24.0},{"not_picked":["Alpha","Heavy Blade","Sentinel"],"picked":"CarveReality+1","floor":28.0},{"not_picked":["Corruption","Ragnarok","Brilliance"],"picked":"Juggernaut","floor":33.0},{"not_picked":["Feel No Pain","Warcry+1","PathToVictory+1","EmptyFist+1"],"picked":"SKIP","floor":35.0},{"not_picked":["Dropkick","PathToVictory","CarveReality","EmptyFist+1"],"picked":"SKIP","floor":36.0},{"not_picked":["BowlingBash+1","Thunderclap","SignatureMove","CutThroughFate+1"],"picked":"SKIP","floor":38.0},{"not_picked":["Pommel Strike","Thunderclap","FlurryOfBlows","Entrench+1"],"picked":"SKIP","floor":41.0},{"not_picked":["PathToVictory+1","Weave+1","Corruption","Twin Strike+1"],"picked":"SKIP","floor":44.0},{"not_picked":["Clash+1","Body Slam+1","Twin Strike"],"picked":"Shockwave+1","floor":45.0},{"not_picked":["Twin Strike+1","Body Slam+1","Shockwave"],"picked":"Shrug It Off","floor":46.0},{"not_picked":["Thunderclap+1","Consecrate+1","SashWhip+1","Iron Wave+1"],"picked":"SKIP","floor":47.0},{"not_picked":["CrushJoints","ClearTheMind","Sentinel","Spot Weakness+1"],"picked":"SKIP","floor":48}],"player_experience":17515,"relics_obtained":[{"floor":6.0,"key":"Blue Candle"},{"floor":9.0,"key":"StrikeDummy"},{"floor":12.0,"key":"Question Card"},{"floor":14.0,"key":"StoneCalendar"},{"floor":23.0,"key":"Smiling Mask"},{"floor":26.0,"key":"Dead Branch"},{"floor":28.0,"key":"MealTicket"},{"floor":31.0,"key":"Nunchaku"},{"floor":41.0,"key":"Gambling Chip"},{"floor":43.0,"key":"Incense Burner"}],"event_choices":[{"damage_healed":0.0,"max_hp_gain":0.0,"max_hp_loss":5.0,"gold_gain":0.0,"event_name":"Golden Idol","player_choice":"Lose Max HP","floor":4.0,"gold_loss":0.0,"damage_taken":0.0,"relics_obtained":["Golden Idol"]},{"cards_removed":["Indignation"],"damage_healed":0.0,"max_hp_gain":0.0,"max_hp_loss":0.0,"gold_gain":0.0,"event_name":"Beggar","player_choice":"Gave Gold","floor":20.0,"gold_loss":75.0,"damage_taken":0.0},{"damage_healed":0.0,"max_hp_gain":0.0,"max_hp_loss":0.0,"gold_gain":0.0,"event_name":"Ghosts","player_choice":"Ignored","floor":22.0,"gold_loss":0.0,"damage_taken":0.0},{"cards_removed":["SandsOfTime"],"damage_healed":0.0,"max_hp_gain":0.0,"max_hp_loss":0.0,"gold_gain":0.0,"event_name":"Back to Basics","player_choice":"Elegance","floor":27.0,"gold_loss":0.0,"damage_taken":0.0},{"damage_healed":0.0,"max_hp_gain":0.0,"max_hp_loss":0.0,"gold_gain":0.0,"event_name":"Addict","player_choice":"Stole Relic","floor":30.0,"gold_loss":0.0,"damage_taken":0.0,"relics_obtained":["CaptainsWheel"],"cards_obtained":["Shame"]},{"damage_healed":0.0,"max_hp_gain":0.0,"max_hp_loss":0.0,"gold_gain":0.0,"event_name":"Wheel of Change","player_choice":"Damaged","floor":37.0,"gold_loss":0.0,"damage_taken":6.0}],"is_beta":false,"boss_relics":[{"not_picked":["Busted Crown","Runic Pyramid"],"picked":"Ectoplasm"},{"not_picked":["VioletLotus","Astrolabe"],"picked":"SlaversCollar"}],"items_purged_floors":[39],"is_endless":false,"potions_floor_spawned":[1,2,3,12,14,23,24,28,33,36,41,44,47],"ascension_level":0}}