{"host":"vrsxkkch9ccrec7k","time":1610819446,"event":{"mods":["Act Like it!","BaseMod","Bestiary","Better Sensory Stone","Better Third Choice","Better Vampires","Downfall","Minty Spire (QoL Compilation)","Permanent Neow","Relic Stats","Spicy Shops","StSLib"],"gold_per_floor":[349,362,373,373,388,16,16,16,27,37,37,48,48,48,68,168,168,168,185,185,204,204,221,221,239,239,51,61,92,92,120,138,242,292,292,302,302,99,46,46,46,46,60,90,90,90,104,104,118,118],"floor_reached":51,"language":"ENG","playtime":6485,"items_purged":["bronze:Strike","bronze:Strike"],"score":809,"play_id":"d4076e5e-376e-4009-a81f-64805af7e0de","local_time":"20210116125046","is_ascension_mode":false,"campfire_choices":[{"data":"bronze:Replicate","floor":1.0,"key":"SMITH"},{"data":"bronze:Goto","floor":18,"key":"SMITH"},{"data":"bronze:Fortify","floor":26,"key":"SMITH"},{"data":"bronze:Virus","floor":30,"key":"SMITH"},{"floor":35,"key":"RECALL"},{"data":"expansioncontent:StudyTheSpire","floor":45,"key":"SMITH"}],"circlet_count":0,"master_deck":["bronze:Defend+1","bronze:Defend+1","bronze:Defend+1","bronze:Defend","bronze:Replicate+1","bronze:Goto+1","bronze:Flail","bronze:Flail","bronze:AlphaBuild","bronze:Fortify+1","expansioncontent:QuickStudy+1","bronze:Deprecate","bronze:Repair","bronze:Branch","bronze:RecursiveStrike","Iron Wave","bronze:ChildClass","bronze:Virus+1","bronze:ForLoop","bronze:Frontload","bronze:Boost","bronze:Optimize","expansioncontent:YouAreMine","expansioncontent:StudyTheSpire+1","bronze:BitShift+1"],"relics":["bronze:BronzeCore","downfall:ShatteredFragment","Kunai","Cursed Key","Sundial","Juzu Bracelet","Tiny House","Bag of Preparation","Orichalcum","bronze:BottledCode","Ice Cream"],"acts_visited":["Exordium","TheCity","TheBeyond"],"potions_floor_usage":[25,28,29,33,50],"damage_taken":[{"damage":3.0,"enemies":"2 Louse","floor":2.0,"turns":2.0},{"damage":1.0,"enemies":"Jaw Worm","floor":3.0,"turns":4.0},{"damage":0.0,"enemies":"Cultist","floor":5.0,"turns":2.0},{"damage":5.0,"enemies":"downfall:FleeingMerchant","floor":6.0,"turns":4.0},{"damage":0.0,"enemies":"2 Fungi Beasts","floor":9.0,"turns":2.0},{"damage":0.0,"enemies":"Lots of Slimes","floor":10.0,"turns":1.0},{"damage":6.0,"enemies":"Exordium Wildlife","floor":12.0,"turns":3.0},{"damage":0.0,"enemies":"Red Slaver","floor":15.0,"turns":2.0},{"damage":9.0,"enemies":"DF_ARCHETYPE_STREAMLINE","floor":16.0,"turns":14.0},{"damage":0,"enemies":"Spheric Guardian","floor":19,"turns":3},{"damage":0,"enemies":"Chosen","floor":21,"turns":3},{"damage":0,"enemies":"3 Cultists","floor":23,"turns":3},{"damage":0,"enemies":"Centurion and Healer","floor":25,"turns":5},{"damage":0,"enemies":"downfall:FleeingMerchant","floor":27,"turns":4},{"damage":0,"enemies":"Sentry and Sphere","floor":28,"turns":3},{"damage":0,"enemies":"Slavers","floor":29,"turns":4},{"damage":27,"enemies":"Gremlin Leader","floor":31,"turns":5},{"damage":3,"enemies":"3 Cultists","floor":32,"turns":3},{"damage":42,"enemies":"SI_MIRROR_ARCHETYPE","floor":33,"turns":13},{"damage":0,"enemies":"3 Darklings","floor":36,"turns":5},{"damage":0,"enemies":"downfall:FleeingMerchant","floor":38,"turns":4},{"damage":0,"enemies":"downfall:FleeingMerchant","floor":39,"turns":1},{"damage":4,"enemies":"Orb Walker","floor":43,"turns":2},{"damage":0,"enemies":"Nemesis","floor":44,"turns":5},{"damage":0,"enemies":"Transient","floor":47,"turns":5},{"damage":0,"enemies":"Sphere and 2 Shapes","floor":49,"turns":4},{"damage":0,"enemies":"WA_ARCHETYPE_DIVINITY","floor":50,"turns":17}],"seed_played":"789722606184925246","potions_obtained":[{"floor":2.0,"key":"SkillPotion"},{"floor":3.0,"key":"DistilledChaos"},{"floor":8.0,"key":"Guardian:BlockOnCardUsePotion"},{"floor":10.0,"key":"Swift Potion"},{"floor":12.0,"key":"Dexterity Potion"},{"floor":19,"key":"SkillPotion"},{"floor":23,"key":"Fruit Juice"},{"floor":25,"key":"Swift Potion"},{"floor":32,"key":"Regen Potion"},{"floor":33,"key":"GamblersBrew"},{"floor":34,"key":"SpeedPotion"}],"is_trial":false,"path_per_floor":["R","M","M","?","M","$","T","?","M","M","?","M","?","T","M","B",null,"R","M","?","M","?","M","T","M","R","$","M","E","R","E","M","B",null,"R","M","?","$","?","?","T","?","M","E","R","?","M","T","M","B",null],"character_chosen":"THE_AUTOMATON","items_purchased":["expansioncontent:QuickStudy","bronze:Virus","bronze:Optimize","expansioncontent:YouAreMine","Bag of Preparation","expansioncontent:StudyTheSpire","Orichalcum"],"campfire_rested":0,"item_purchase_floors":[6,27,38,38,39,39,39],"current_hp_per_floor":[63,60,59,38,38,33,33,33,33,33,33,34,34,34,34,32,63,63,63,63,63,63,63,63,68,68,68,68,68,68,41,38,13,73,73,73,73,73,73,73,73,63,59,59,59,59,59,59,63,63],"gold":118,"neow_bonus":"TWO_FIFTY_GOLD","is_daily":false,"chose_seed":false,"campfire_upgraded":5,"win_rate":0.0,"timestamp":1610819446,"path_taken":["R","M","M","?","M","$","T","?","?","M","?","?","?","?","M","BOSS","R","M","?","?","?","?","T","M","R","?","M","E","R","E","M","BOSS","R","M","?","$","?","?","T","?","M","E","R","?","M","?","M","BOSS"],"items_purchased_type":["Card","Card","Card","Card","Relic","Card","Relic"],"build_version":"2020-12-22","purchased_purges":2,"victory":true,"max_hp_per_floor":[63,63,63,63,63,63,63,63,63,63,63,63,63,63,63,63,63,63,63,63,63,63,63,63,68,68,68,68,68,68,68,68,68,73,73,73,73,73,73,73,73,63,63,63,63,63,63,63,63,63],"relic_stats":{"counters":[27,123],"Sundial":[8],"Juzu Bracelet":1,"Bag of Preparation":[10],"Kunai":[90],"Orichalcum":[24],"Cursed Key":0,"obtain_stats":[{"bronze:BottledCode":42,"Ice Cream":44,"bronze:BronzeCore":0,"downfall:ShatteredFragment":4,"Tiny House":34,"Sundial":29,"Juzu Bracelet":31,"Bag of Preparation":39,"Kunai":14,"War Paint":7,"Orichalcum":39,"Cursed Key":17},{"bronze:BottledCode":22,"Ice Cream":24,"bronze:BronzeCore":0,"downfall:ShatteredFragment":2,"Tiny House":19,"Sundial":16,"Juzu Bracelet":17,"Bag of Preparation":22,"Kunai":7,"War Paint":4,"Orichalcum":22,"Cursed Key":9},{"bronze:BottledCode":90,"Ice Cream":97,"bronze:BronzeCore":0,"downfall:ShatteredFragment":6,"Tiny House":80,"Sundial":59,"Juzu Bracelet":64,"Bag of Preparation":90,"Kunai":18,"War Paint":12,"Orichalcum":90,"Cursed Key":34}]},"card_choices":[{"not_picked":["bronze:Iterate","bronze:WhirlingStrike"],"picked":"bronze:Flail","floor":2.0},{"not_picked":["bronze:BitShift","bronze:DarkDash"],"picked":"bronze:Flail","floor":3.0},{"not_picked":["bronze:NullPointer","bronze:BuggyMess"],"picked":"bronze:AlphaBuild","floor":5.0},{"not_picked":["bronze:BitShift","bronze:ShipIt"],"picked":"bronze:Fortify","floor":6.0},{"not_picked":["bronze:Turbo","bronze:ForceShield"],"picked":"bronze:Deprecate","floor":9.0},{"not_picked":["bronze:BitShift","bronze:Deprecate"],"picked":"bronze:Repair","floor":10.0},{"not_picked":["bronze:Return","bronze:FollowUp","bronze:Deprecate"],"picked":"SKIP","floor":12.0},{"not_picked":["bronze:WildBeam","bronze:OilSpill"],"picked":"bronze:Branch","floor":15.0},{"not_picked":["bronze:BurnOut","bronze:Break"],"picked":"bronze:RecursiveStrike","floor":16.0},{"not_picked":["bronze:Branch","bronze:BronzeOrb","bronze:BuggyMess"],"picked":"SKIP","floor":19},{"not_picked":["bronze:Frontload","bronze:BugBarrage","bronze:NullPointer"],"picked":"SKIP","floor":21},{"not_picked":["bronze:BitShift","bronze:GetLatest","bronze:Turbo"],"picked":"SKIP","floor":23},{"not_picked":["bronze:BugBarrage+1","bronze:Iterate+1","bronze:BitShift"],"picked":"SKIP","floor":25},{"not_picked":["bronze:DelayedSlice+1","bronze:BugBarrage"],"picked":"bronze:ChildClass","floor":27},{"not_picked":["bronze:Shield+1","bronze:BugBarrage"],"picked":"bronze:ForLoop","floor":28},{"not_picked":["bronze:DelayedGuard","bronze:Iterate","bronze:ForLoop"],"picked":"SKIP","floor":29},{"not_picked":["bronze:SpaghettiCode","bronze:Invalidate","bronze:ItsAFeature"],"picked":"SKIP","floor":31},{"not_picked":["bronze:MaxOutput","bronze:BugBarrage+1","bronze:OilSpill"],"picked":"SKIP","floor":32},{"not_picked":["bronze:Overload","bronze:Repulsor"],"picked":"bronze:Frontload","floor":34},{"not_picked":["bronze:Deprecate+1","bronze:Frontload"],"picked":"bronze:Boost","floor":36},{"not_picked":["bronze:WildBeam+1","bronze:CutThrough","bronze:DelayedSlice"],"picked":"SKIP","floor":38},{"not_picked":["bronze:Allocate+1","bronze:RecursiveStrike","bronze:WildBeam+1"],"picked":"SKIP","floor":39},{"not_picked":["bronze:BuggyMess","bronze:WhirlingStrike","bronze:Iterate"],"picked":"SKIP","floor":43},{"not_picked":["bronze:BugBarrage","bronze:DelayedGuard","bronze:CutThrough+1"],"picked":"SKIP","floor":44},{"not_picked":["bronze:GetLatest+1","bronze:CloningBeam+1"],"picked":"bronze:BitShift+1","floor":47},{"not_picked":["bronze:BuggyMess+1","bronze:AlphaBuild","bronze:DarkDash"],"picked":"SKIP","floor":49}],"player_experience":1554197,"relics_obtained":[{"floor":7.0,"key":"War Paint"},{"floor":14.0,"key":"Kunai"},{"floor":29,"key":"Sundial"},{"floor":31,"key":"Juzu Bracelet"},{"floor":44,"key":"Ice Cream"}],"event_choices":[{"cards_removed":["bronze:Strike"],"damage_healed":0,"gold_gain":0,"player_choice":"Offered Basic","damage_taken":0,"max_hp_gain":0,"max_hp_loss":0,"event_name":"Bonfire Elementals","floor":20,"gold_loss":0},{"cards_removed":["bronze:Strike"],"damage_healed":0,"gold_gain":0,"player_choice":"Took Card","damage_taken":0,"max_hp_gain":0,"max_hp_loss":0,"event_name":"NoteForYourself","floor":22,"gold_loss":0,"cards_obtained":["Iron Wave"]},{"damage_healed":0,"gold_gain":0,"player_choice":"Ignored","damage_taken":0,"max_hp_gain":0,"max_hp_loss":0,"event_name":"Mysterious Sphere","floor":37,"gold_loss":0},{"damage_healed":0,"gold_gain":0,"player_choice":"Got Potions","damage_taken":0,"max_hp_gain":0,"max_hp_loss":0,"event_name":"Lab","floor":40,"gold_loss":0}],"is_beta":false,"boss_relics":[{"not_picked":["Runic Dome","SacredBark"],"picked":"Cursed Key"},{"not_picked":["Philosopher\u0027s Stone","Pandora\u0027s Box"],"picked":"Tiny House"}],"items_purged_floors":[6,27],"is_endless":false,"potions_floor_spawned":[2,3,10,12,19,23,25,32,33,44,47,49],"ascension_level":0}}