{"host":"T","time":1610807956,"event":{"mods":["Aspiration","BaseMod","Curses Come First","Downfall","GungeonMod","Hunter ¡‘»À","Minty Spire (QoL Compilation)","READ ME - Guardian Mod","Relic Stats","Robot Space Explorer","StSLib","The Alterego","The Cursed","The Jungle","The Runesmith","The Servant 0.9.4"],"gold_per_floor":[115,129,129,146,165,199,215,215,215,225,241,241,270,282,282,378,378,388,16,31,46,46,46,46],"floor_reached":23,"language":"ZHS","playtime":1621,"items_purged":["Pain"],"score":217,"play_id":"7acd4af5-0d2f-430c-a7fa-741ba5b94d31","local_time":"20210116223916","is_ascension_mode":true,"campfire_choices":[{"floor":12,"key":"REST"},{"floor":15,"key":"REST"}],"circlet_count":0,"master_deck":["DemoMod:Strike_Huntress","DemoMod:Strike_Huntress","DemoMod:Strike_Huntress","DemoMod:Defend_Huntress","DemoMod:Defend_Huntress","DemoMod:Defend_Huntress","DemoMod:Defend_Huntress","DemoMod:Roll","DemoMod:ManualReload","DemoMod:RustySidearm","DemoMod:CrossBow","DemoMod:PotionOfGunFriendShip","DemoMod:AbyssalTentacle","DemoMod:JK47","DemoMod:DoubleSwitch","DemoMod:ConditionalReflex","DemoMod:PracticeMakesPerfect","DemoMod:LifeOrb","DemoMod:ZorGun","DemoMod:HungryBullets","DemoMod:ShadowBullets","DemoMod:Rummage","DemoMod:FortunesFavor","DemoMod:Gungine","DemoMod:HungryBullets","DemoMod:DarkMarker","DemoMod:SkilledReload+1","DemoMod:ShadowBullets+1"],"relics":["bronze:MakeshiftBattery","Girya","WarpedTongs","StrikeDummy","MealTicket","DemoMod:ElasticCartridgeClip","TungstenRod","theJungle:WildMango"],"acts_visited":["Exordium","Exordium"],"potions_floor_usage":[5,11,18,18],"damage_taken":[{"damage":0,"enemies":"2 Louse","floor":1,"turns":2},{"damage":0,"enemies":"Cultist","floor":2,"turns":2},{"damage":1,"enemies":"Jaw Worm","floor":4,"turns":3},{"damage":0,"enemies":"2 Fungi Beasts","floor":5,"turns":4},{"damage":29,"enemies":"Gremlin Nob","floor":6,"turns":4},{"damage":9,"enemies":"Blue Slaver","floor":7,"turns":3},{"damage":4,"enemies":"Red Slaver","floor":10,"turns":3},{"damage":4,"enemies":"Exordium Thugs","floor":11,"turns":3},{"damage":20,"enemies":"Lagavulin","floor":13,"turns":5},{"damage":11,"enemies":"Looter","floor":14,"turns":4},{"damage":15,"enemies":"Hexaghost","floor":16,"turns":8},{"damage":14,"enemies":"theJungle:5_Spyders","floor":18,"turns":4},{"damage":19,"enemies":"theJungle:Flameango_and_Byrd","floor":20,"turns":4},{"damage":13,"enemies":"theJungle:SlimyTreeVines","floor":21,"turns":5},{"damage":86,"enemies":"theJungle:2_Phrogs","floor":23,"turns":3}],"seed_played":"4779751803315581788","potions_obtained":[{"floor":2,"key":"LiquidBronze"},{"floor":4,"key":"EssenceOfSteel"},{"floor":13,"key":"Ancient Potion"},{"floor":14,"key":"Fire Potion"},{"floor":20,"key":"Fire Potion"}],"is_trial":false,"path_per_floor":["M","M","?","M","M","E","M","?","T","M","M","R","E","M","R","B",null,"M","$","M","M","?","E"],"character_chosen":"HUNTRESS","items_purchased":["TungstenRod"],"campfire_rested":2,"item_purchase_floors":[19],"current_hp_per_floor":[70,70,70,69,69,40,31,31,31,27,23,44,24,13,34,19,70,56,70,51,44,58,0,0],"gold":46,"neow_bonus":"BOSS_RELIC","is_daily":false,"chose_seed":false,"campfire_upgraded":0,"win_rate":0.0,"timestamp":1610807956,"path_taken":["M","M","?","M","M","E","M","?","T","M","M","R","E","M","R","BOSS","M","$","?","M","?","E"],"items_purchased_type":["Relic"],"build_version":"2020-12-18","purchased_purges":1,"victory":false,"max_hp_per_floor":[70,70,70,70,70,70,70,70,70,70,70,70,70,70,70,70,70,70,70,70,70,84,84,84],"relic_stats":{"counters":[15,55],"MealTicket":14,"obtain_stats":[{"Girya":6,"DemoMod:Dog":0,"MealTicket":13,"DemoMod:GlassGuonStoneRelic":4,"DemoMod:ElasticCartridgeClip":17,"theJungle:WildMango":22,"StrikeDummy":9,"bronze:MakeshiftBattery":0,"TungstenRod":19,"WarpedTongs":8},{"Girya":5,"DemoMod:Dog":0,"MealTicket":9,"DemoMod:GlassGuonStoneRelic":3,"DemoMod:ElasticCartridgeClip":11,"theJungle:WildMango":14,"StrikeDummy":6,"bronze:MakeshiftBattery":0,"TungstenRod":12,"WarpedTongs":6},{"Girya":14,"DemoMod:Dog":0,"MealTicket":28,"DemoMod:GlassGuonStoneRelic":7,"DemoMod:ElasticCartridgeClip":39,"theJungle:WildMango":52,"StrikeDummy":17,"bronze:MakeshiftBattery":0,"TungstenRod":43,"WarpedTongs":17}],"TungstenRod":12,"WarpedTongs":[38]},"card_choices":[{"not_picked":["DemoMod:AC15","DemoMod:SpreadAmmo"],"picked":"DemoMod:PotionOfGunFriendShip","floor":1},{"not_picked":["DemoMod:TeaPot","DemoMod:PotionOfGunFriendShip","DemoMod:BattleInHaste"],"picked":"SKIP","floor":2},{"not_picked":["DemoMod:DoubleSwitch","DemoMod:BattleInHaste"],"picked":"DemoMod:LifeOrb","floor":4},{"not_picked":["DemoMod:TableSutra","DemoMod:SkilledReload"],"picked":"DemoMod:ZorGun","floor":5},{"not_picked":["DemoMod:BoxingGlove","DemoMod:Unmoved"],"picked":"DemoMod:HungryBullets","floor":6},{"not_picked":["DemoMod:Ejector","DemoMod:SniperShot"],"picked":"DemoMod:ShadowBullets","floor":7},{"not_picked":["DemoMod:StickyCrossBow","DemoMod:SniperShot"],"picked":"DemoMod:Rummage","floor":10},{"not_picked":["DemoMod:CombinedRifle","DemoMod:JK47"],"picked":"DemoMod:FortunesFavor","floor":11},{"not_picked":["DemoMod:DoubleSwitch","DemoMod:TeaPot"],"picked":"DemoMod:Gungine","floor":13},{"not_picked":["DemoMod:BattleInHaste","DemoMod:DoubleSwitch"],"picked":"DemoMod:HungryBullets","floor":14},{"not_picked":["DemoMod:Eureka","DemoMod:BlankBullets"],"picked":"DemoMod:DarkMarker","floor":16},{"not_picked":["DemoMod:JK47","DemoMod:HuntsMan","DemoMod:GunstockTap+1"],"picked":"SKIP","floor":18},{"not_picked":["DemoMod:PotionOfGunFriendShip","DemoMod:Rummage"],"picked":"DemoMod:SkilledReload+1","floor":20},{"not_picked":["DemoMod:Evolver","DemoMod:SAA"],"picked":"DemoMod:ShadowBullets+1","floor":21}],"player_experience":399549,"relics_obtained":[{"floor":6,"key":"Girya"},{"floor":9,"key":"StrikeDummy"},{"floor":13,"key":"MealTicket"}],"event_choices":[{"damage_healed":0,"gold_gain":0,"player_choice":"Rummage","damage_taken":0,"relics_obtained":["WarpedTongs"],"max_hp_gain":0,"max_hp_loss":0,"event_name":"Accursed Blacksmith","floor":8,"gold_loss":0,"cards_obtained":["Pain"]}],"is_beta":true,"boss_relics":[{"not_picked":["aspiration:SecretTechniqueScroll","Ectoplasm"],"picked":"DemoMod:ElasticCartridgeClip"}],"items_purged_floors":[19],"is_endless":false,"potions_floor_spawned":[2,4,13,14,20],"killed_by":"theJungle:2_Phrogs","ascension_level":1}}