{"host":"oeotdbd679q6m6vu","time":1610787553,"event":{"mods":["Act Like it!","BaseMod","Colored Map","Decade(Õı–°√˜)","Downfall","Friendly Minions","Gensokyo","GifTheSpireLib","Highlight Path","Marisa£®ÏF”Í°°ƒß¿Ì…≥£©","Minty Spire (QoL Compilation)","Rare Cards Sparkle","Reimu£®≤©¿ˆ¡È√Œ£©","StSLib","The Animator","Youmu£®ªÍ∆«—˝√Œ£©"],"gold_per_floor":[99,115,150,170,170,170,194,206,248,279,310,322,352,699,731,848,860,672,712,724,724,724],"floor_reached":20,"language":"ZHS","playtime":2198,"items_purged":[],"score":194,"play_id":"1ef4311f-dd5a-42cd-bfea-fe2e89c13518","local_time":"20210116035913","is_ascension_mode":false,"campfire_choices":[{"data":"hexamod:Float","floor":1.0,"key":"SMITH"},{"floor":6.0,"key":"RECALL"},{"floor":12.0,"key":"REST"},{"data":"hexamod:SearingWound","floor":18,"key":"SMITH"}],"circlet_count":0,"master_deck":["hexamod:Strike","hexamod:Strike","hexamod:Defend","hexamod:Defend","hexamod:Defend","hexamod:Defend","hexamod:Sear","hexamod:Float+1","hexamod:ExtraCrispy","hexamod:StepThrough","hexamod:AdvancingGuard","hexamod:SecondSeal","hexamod:AdvancingGuard","hexamod:SearingWound+1","hexamod:WildfireWeapon","hexamod:NecessarySacrifice"],"relics":["hexamod:UnbrokenSoul","Dream Catcher","MawBank","White Beast Statue","Old Coin","downfall:HeartBlessingGreen","downfall:HeartBlessingRed"],"acts_visited":["Gensokyo:Gensokyo","TheCity"],"potions_floor_usage":[16,20],"damage_taken":[{"damage":1.0,"enemies":"Gensokyo:Python","floor":2.0,"turns":4.0},{"damage":27.0,"enemies":"Gensokyo:Cirno","floor":3.0,"turns":7.0},{"damage":2.0,"enemies":"Gensokyo:Gryphon","floor":4.0,"turns":3.0},{"damage":28.0,"enemies":"Gensokyo:Cirno","floor":9.0,"turns":7.0},{"damage":0.0,"enemies":"Gensokyo:3_Fairies","floor":10.0,"turns":6.0},{"damage":7.0,"enemies":"Gensokyo:Python_and_Kodama","floor":11.0,"turns":5.0},{"damage":1.0,"enemies":"Gensokyo:Gryphon_and_Rabbit","floor":13.0,"turns":5.0},{"damage":11.0,"enemies":"Gensokyo:Aya","floor":14.0,"turns":6.0},{"damage":4.0,"enemies":"Gensokyo:3_Kodama","floor":15.0,"turns":4.0},{"damage":18,"enemies":"SI_SHIV_ARCHETYPE","floor":16,"turns":10},{"damage":19,"enemies":"Spheric Guardian","floor":19,"turns":8},{"damage":16,"enemies":"Sentry and Sphere","floor":20,"turns":5}],"seed_played":"-4332580688678910078","potions_obtained":[{"floor":2.0,"key":"ZuzhouPotion:ReiMu"},{"floor":3.0,"key":"Swift Potion"},{"floor":4.0,"key":"ZuzhouPotion:ReiMu"},{"floor":9.0,"key":"Fire Potion"},{"floor":10.0,"key":"DuplicationPotion"},{"floor":11.0,"key":"Fire Potion"},{"floor":14.0,"key":"FairyPotion"},{"floor":15.0,"key":"Explosive Potion"},{"floor":16,"key":"AttackPotion"}],"is_trial":false,"path_per_floor":["R","M","?","M","?","R","T","COS","E","M","M","R","M","E","M","B",null,"R","M","M"],"character_chosen":"THE_SPIRIT","items_purchased":[],"campfire_rested":1,"item_purchase_floors":[],"current_hp_per_floor":[63,62,35,33,52,52,52,52,24,24,17,35,34,23,19,1,63,63,44,28,28,28],"gold":724,"neow_bonus":"REMOVE_TWO","is_daily":false,"chose_seed":false,"campfire_upgraded":2,"win_rate":0.0,"timestamp":1610787553,"path_taken":["R","M","?","M","?","R","T","COS","E","M","M","R","M","E","M","BOSS","R","M","M"],"items_purchased_type":[],"build_version":"2020-12-22","purchased_purges":0,"victory":false,"max_hp_per_floor":[63,63,63,63,63,63,63,63,63,63,63,63,63,63,63,63,63,63,63,63,63,63],"card_choices":[{"not_picked":["hexamod:RecurringNightmare","hexamod:SoulSteal"],"picked":"hexamod:ExtraCrispy","floor":2.0},{"not_picked":["hexamod:Haunt","hexamod:ShieldOfDarkness"],"picked":"hexamod:StepThrough","floor":3.0},{"not_picked":["hexamod:SpectersWail","hexamod:ThermalTransfer","hexamod:NightmareGuise"],"picked":"SKIP","floor":4.0},{"not_picked":["hexamod:ThermalTransfer","hexamod:NightmareStrike"],"picked":"hexamod:AdvancingGuard","floor":9.0},{"not_picked":["hexamod:GhostLash","hexamod:AdvancingGuard"],"picked":"hexamod:SecondSeal","floor":10.0},{"not_picked":["hexamod:GhostflameBarrier","hexamod:SpectersWail"],"picked":"hexamod:AdvancingGuard","floor":11.0},{"not_picked":["hexamod:GhostOfSpirePast","hexamod:DynamicBlow","hexamod:NightmareStrike"],"picked":"SKIP","floor":13.0},{"not_picked":["hexamod:FlamesFromBeyond","hexamod:FastForward"],"picked":"hexamod:SearingWound","floor":14.0},{"not_picked":["hexamod:PowerFromBeyond","hexamod:ThermalTransfer","hexamod:HauntingEcho"],"picked":"SKIP","floor":15.0},{"not_picked":["hexamod:GhostOfSpirePresent","hexamod:GhostflameInferno"],"picked":"hexamod:WildfireWeapon","floor":16},{"not_picked":["hexamod:AdvancingGuard","hexamod:FlamesFromBeyond"],"picked":"hexamod:NecessarySacrifice","floor":19}],"player_experience":333452,"relics_obtained":[{"floor":3.0,"key":"Dream Catcher"},{"floor":7.0,"key":"MawBank"},{"floor":9.0,"key":"White Beast Statue"},{"floor":14.0,"key":"Old Coin"}],"event_choices":[],"is_beta":false,"boss_relics":[{"not_picked":["hexamod:IceCube","Astrolabe"],"picked":"hexamod:UnbrokenSoul"}],"items_purged_floors":[],"is_endless":false,"potions_floor_spawned":[2,3,4,9,10,11,13,14,15,16,19],"killed_by":"Sentry and Sphere","ascension_level":0}}