{"host":"2tgyrzvaa7l04o2e","time":1610824550,"event":{"mods":["BaseMod","Highlight Path","Minty Spire (QoL Compilation)","Permanent Neow","Relic Stats"],"gold_per_floor":[16,26,38,49,64,90,105,105,105,145,217,242,242,276,276,384,384,403,412,412,424,523,523,561,561,587,178,217,142,181,206,206,309,309,319,319,330,356,17,43,43,43,43,43,93,111,111,139,139,139,139],"floor_reached":50,"language":"ENG","playtime":5794,"items_purged":["Strike_R+1","Clash"],"score":1017,"play_id":"bdc7dd1c-681d-4386-bd16-a1168d596534","local_time":"20210116201550","is_ascension_mode":true,"campfire_choices":[{"data":"Clothesline","floor":8,"key":"SMITH"},{"data":"Uppercut","floor":13,"key":"SMITH"},{"floor":15,"key":"REST"},{"data":"Whirlwind","floor":23,"key":"SMITH"},{"data":"Feed","floor":25,"key":"SMITH"},{"floor":32,"key":"RECALL"},{"data":"Intimidate","floor":41,"key":"SMITH"},{"data":"Battle Trance","floor":47,"key":"SMITH"},{"data":"Warcry","floor":49,"key":"SMITH"}],"circlet_count":0,"master_deck":["AscendersBane","Strike_R+1","Strike_R+1","Defend_R+1","Defend_R+1","Defend_R+1","Bash","Heavy Blade","Seeing Red","Clothesline+1","Whirlwind+1","Ghostly Armor","Uppercut+1","Power Through","Feed+1","Battle Trance+1","Shockwave+1","Dropkick","Feel No Pain+1","Metallicize+1","Immolate+1","Warcry+1","Intimidate+1","Madness","Madness"],"relics":["Burning Blood","Pear","Matryoshka","CeramicFish","Happy Flower","Ginger","Odd Mushroom","Velvet Choker","Frozen Egg 2","Smiling Mask","Nunchaku","Calipers","Anchor","Molten Egg 2","Snecko Eye","Juzu Bracelet","Blood Vial","Pen Nib","PreservedInsect","Ice Cream","Lantern"],"acts_visited":["Exordium","TheCity","TheBeyond"],"potions_floor_usage":[6,10,11,16,24,28,33,33,45,50,50,50],"damage_taken":[{"damage":3,"enemies":"Small Slimes","floor":1,"turns":4},{"damage":0,"enemies":"2 Louse","floor":2,"turns":2},{"damage":9,"enemies":"Jaw Worm","floor":3,"turns":3},{"damage":12,"enemies":"3 Louse","floor":4,"turns":3},{"damage":18,"enemies":"Large Slime","floor":5,"turns":6},{"damage":12,"enemies":"Lagavulin","floor":6,"turns":7},{"damage":0,"enemies":"Exordium Wildlife","floor":7,"turns":4},{"damage":4,"enemies":"Gremlin Nob","floor":10,"turns":3},{"damage":12,"enemies":"Gremlin Nob","floor":11,"turns":4},{"damage":37,"enemies":"3 Sentries","floor":12,"turns":8},{"damage":16,"enemies":"The Mushroom Lair","floor":14,"turns":4},{"damage":31,"enemies":"Slime Boss","floor":16,"turns":10},{"damage":21,"enemies":"Shell Parasite","floor":18,"turns":5},{"damage":6,"enemies":"3 Byrds","floor":21,"turns":5},{"damage":15,"enemies":"Gremlin Leader","floor":24,"turns":6},{"damage":0,"enemies":"Slavers","floor":28,"turns":1},{"damage":0,"enemies":"Gremlin Leader","floor":30,"turns":5},{"damage":4,"enemies":"3 Cultists","floor":31,"turns":3},{"damage":24,"enemies":"Collector","floor":33,"turns":9},{"damage":12,"enemies":"3 Shapes","floor":35,"turns":5},{"damage":0,"enemies":"Orb Walker","floor":37,"turns":2},{"damage":5,"enemies":"Spire Growth","floor":38,"turns":4},{"damage":18,"enemies":"Reptomancer","floor":40,"turns":4},{"damage":1,"enemies":"Mind Bloom Boss Battle","floor":45,"turns":8},{"damage":6,"enemies":"Nemesis","floor":48,"turns":7},{"damage":129,"enemies":"Awakened One","floor":50,"turns":15}],"seed_played":"7686309062688168466","potions_obtained":[{"floor":1,"key":"ElixirPotion"},{"floor":4,"key":"Explosive Potion"},{"floor":5,"key":"SkillPotion"},{"floor":6,"key":"SteroidPotion"},{"floor":12,"key":"Weak Potion"},{"floor":16,"key":"Swift Potion"},{"floor":18,"key":"SteroidPotion"},{"floor":28,"key":"Dexterity Potion"},{"floor":30,"key":"BlessingOfTheForge"},{"floor":37,"key":"Explosive Potion"},{"floor":40,"key":"Swift Potion"},{"floor":48,"key":"EntropicBrew"}],"is_trial":false,"path_per_floor":["M","M","M","M","M","E","M","R","T","E","?","E","R","?","R","B",null,"M","?","?","M","?","R","E","R","T","$","E","?","E","M","R","B",null,"M","?","M","M","$","E","R","?","T","$","?","?","R","E","R","B"],"character_chosen":"IRONCLAD","items_purchased":["Feel No Pain+1","Calipers","Juzu Bracelet","Blood Vial"],"campfire_rested":1,"item_purchase_floors":[27,27,39,39],"current_hp_per_floor":[75,80,77,71,59,63,69,69,69,71,65,34,34,24,51,26,74,62,62,62,65,65,65,56,56,56,56,62,62,68,70,70,56,89,83,83,89,90,90,84,84,84,84,84,95,81,81,87,87,0,0],"gold":139,"neow_bonus":"REMOVE_TWO","is_daily":false,"chose_seed":false,"campfire_upgraded":7,"win_rate":0.0,"timestamp":1610824550,"path_taken":["M","M","M","M","M","E","M","R","T","E","?","E","R","?","R","BOSS","M","?","?","M","?","R","E","R","T","$","E","?","E","M","R","BOSS","M","?","?","M","$","E","R","?","T","?","?","?","R","E","R","BOSS"],"items_purchased_type":["Card","Relic","Relic","Relic"],"build_version":"2020-12-22","purchased_purges":2,"victory":false,"max_hp_per_floor":[80,80,80,80,80,90,90,90,90,90,90,90,90,90,90,90,90,93,93,93,96,96,96,96,96,96,96,96,96,96,96,96,100,100,100,100,100,100,100,104,104,104,104,104,108,108,108,112,112,112,112],"relic_stats":{"Happy Flower":[33],"counters":[26,137],"CeramicFish":126,"Pen Nib":[5],"PreservedInsect":50,"Juzu Bracelet":1,"Ginger":[5],"Smiling Mask":75,"Burning Blood":149,"Blood Vial":8,"Nunchaku":[12],"Snecko Eye":[69,75,78,77],"obtain_stats":[{"Ice Cream":45,"Lantern":48,"Pear":6,"Calipers":27,"Happy Flower":11,"CeramicFish":10,"Velvet Choker":17,"Pen Nib":40,"PreservedInsect":43,"Juzu Bracelet":39,"Ginger":12,"Odd Mushroom":14,"Frozen Egg 2":24,"Smiling Mask":26,"Burning Blood":0,"Blood Vial":39,"Nunchaku":26,"Anchor":28,"Matryoshka":9,"Snecko Eye":34,"Molten Egg 2":30},{"Ice Cream":24,"Lantern":25,"Pear":6,"Calipers":15,"Happy Flower":9,"CeramicFish":8,"Velvet Choker":12,"Pen Nib":23,"PreservedInsect":23,"Juzu Bracelet":22,"Ginger":10,"Odd Mushroom":11,"Frozen Egg 2":15,"Smiling Mask":15,"Burning Blood":0,"Blood Vial":22,"Nunchaku":15,"Anchor":16,"Matryoshka":7,"Snecko Eye":19,"Molten Egg 2":17},{"Ice Cream":115,"Lantern":122,"Pear":25,"Calipers":74,"Happy Flower":36,"CeramicFish":32,"Velvet Choker":58,"Pen Nib":107,"PreservedInsect":107,"Juzu Bracelet":103,"Ginger":44,"Odd Mushroom":48,"Frozen Egg 2":74,"Smiling Mask":74,"Burning Blood":0,"Blood Vial":103,"Nunchaku":74,"Anchor":75,"Matryoshka":29,"Snecko Eye":92,"Molten Egg 2":80}]},"card_choices":[{"not_picked":["Dual Wield","Anger"],"picked":"Heavy Blade","floor":1},{"not_picked":["True Grit","Flex"],"picked":"Seeing Red","floor":2},{"not_picked":["Havoc","Flex"],"picked":"Clothesline","floor":3},{"not_picked":["Burning Pact","Iron Wave"],"picked":"Whirlwind","floor":4},{"not_picked":["Barricade","Perfected Strike"],"picked":"Clash","floor":5},{"not_picked":["Clothesline","Anger","Exhume"],"picked":"SKIP","floor":6},{"not_picked":["Perfected Strike","Clash","Flex"],"picked":"SKIP","floor":7},{"not_picked":["Heavy Blade","Second Wind"],"picked":"Ghostly Armor","floor":10},{"not_picked":["Wild Strike","Reckless Charge"],"picked":"Uppercut","floor":11},{"not_picked":["Burning Pact","Seeing Red","Second Wind"],"picked":"SKIP","floor":12},{"not_picked":["Clothesline","Metallicize"],"picked":"Power Through","floor":14},{"not_picked":["Limit Break","Demon Form"],"picked":"Feed","floor":16},{"not_picked":["Second Wind","Sentinel"],"picked":"Battle Trance","floor":18},{"not_picked":["Havoc","Bloodletting","Clash"],"picked":"SKIP","floor":21},{"not_picked":["Body Slam","Pummel"],"picked":"Dropkick","floor":24},{"not_picked":["Cleave","Intimidate"],"picked":"Metallicize+1","floor":28},{"not_picked":["Exhume","Sever Soul+1"],"picked":"Immolate+1","floor":30},{"not_picked":["Clothesline+1","Perfected Strike+1"],"picked":"Warcry","floor":31},{"not_picked":["Clash+1","Sever Soul+1","Clothesline+1"],"picked":"SKIP","floor":35},{"not_picked":["Thunderclap+1","Clash+1","Body Slam+1"],"picked":"SKIP","floor":37},{"not_picked":["Combust+1","Flex"],"picked":"Intimidate","floor":38},{"not_picked":["Second Wind","Fiend Fire+1","Flex"],"picked":"SKIP","floor":40},{"not_picked":["Bloodletting+1","Perfected Strike+1","Clothesline+1"],"picked":"SKIP","floor":48}],"player_experience":609180,"relics_obtained":[{"floor":6,"key":"Pear"},{"floor":9,"key":"Matryoshka"},{"floor":10,"key":"CeramicFish"},{"floor":11,"key":"Happy Flower"},{"floor":12,"key":"Ginger"},{"floor":14,"key":"Odd Mushroom"},{"floor":24,"key":"Frozen Egg 2"},{"floor":26,"key":"Smiling Mask"},{"floor":26,"key":"Nunchaku"},{"floor":28,"key":"Anchor"},{"floor":30,"key":"Molten Egg 2"},{"floor":40,"key":"Pen Nib"},{"floor":43,"key":"PreservedInsect"},{"floor":45,"key":"Ice Cream"},{"floor":48,"key":"Lantern"}],"event_choices":[{"damage_healed":0,"gold_gain":0,"player_choice":"Searched \u00271\u0027 times","damage_taken":0,"max_hp_gain":0,"max_hp_loss":0,"event_name":"Dead Adventurer","floor":11,"gold_loss":0},{"damage_healed":0,"gold_gain":0,"player_choice":"Fought Mushrooms","damage_taken":0,"max_hp_gain":0,"max_hp_loss":0,"event_name":"Mushrooms","floor":14,"gold_loss":0},{"damage_healed":0,"gold_gain":0,"player_choice":"Read","damage_taken":0,"max_hp_gain":0,"max_hp_loss":0,"event_name":"The Library","floor":19,"gold_loss":0,"cards_obtained":["Shockwave"]},{"damage_healed":0,"gold_gain":0,"player_choice":"Simplicity","damage_taken":0,"max_hp_gain":0,"max_hp_loss":0,"event_name":"Back to Basics","floor":20,"gold_loss":0,"cards_upgraded":["Strike_R","Strike_R","Strike_R","Strike_R","Defend_R","Defend_R","Defend_R"]},{"damage_healed":0,"gold_gain":99,"player_choice":"Stole From Cult","damage_taken":0,"max_hp_gain":0,"max_hp_loss":0,"event_name":"Nest","floor":22,"gold_loss":0},{"cards_removed":["Strike_R"],"damage_healed":0,"gold_gain":0,"player_choice":"Gave Gold","damage_taken":0,"max_hp_gain":0,"max_hp_loss":0,"event_name":"Beggar","floor":29,"gold_loss":75},{"damage_healed":0,"gold_gain":0,"player_choice":"Upgraded","damage_taken":0,"max_hp_gain":0,"max_hp_loss":0,"event_name":"Upgrade Shrine","floor":36,"gold_loss":0,"cards_upgraded":["Shockwave"]},{"damage_healed":0,"gold_gain":0,"player_choice":"0 cards matched","damage_taken":0,"max_hp_gain":0,"max_hp_loss":0,"event_name":"Match and Keep!","floor":42,"gold_loss":0,"cards_obtained":[]},{"damage_healed":0,"gold_gain":0,"player_choice":"Fight","damage_taken":0,"max_hp_gain":0,"max_hp_loss":0,"event_name":"MindBloom","floor":45,"gold_loss":0},{"damage_healed":0,"gold_gain":0,"player_choice":"Embrace Madness","damage_taken":14,"max_hp_gain":0,"max_hp_loss":0,"event_name":"Winding Halls","floor":46,"gold_loss":0,"cards_obtained":["Madness","Madness"]}],"is_beta":false,"boss_relics":[{"not_picked":["Cursed Key","Black Blood"],"picked":"Velvet Choker"},{"not_picked":["Tiny House","Philosopher\u0027s Stone"],"picked":"Snecko Eye"}],"items_purged_floors":[27,39],"is_endless":false,"potions_floor_spawned":[1,4,5,6,12,16,18,28,30,37,40,48],"killed_by":"Awakened One","ascension_level":11}}