{"host":"ifcf0cy5l3qbxi8r","time":1610759164,"event":{"mods":["BaseMod","Minty Spire (QoL Compilation)","StSLib","Waifu the Spire"],"gold_per_floor":[112,129,140,315,328,354,354,354,354,354,366,366,366],"floor_reached":12,"language":"ZHS","playtime":245,"items_purged":[],"score":92,"play_id":"cfa44c4d-fa7e-46af-9803-c0ae463af198","local_time":"20210116090604","is_ascension_mode":true,"campfire_choices":[{"floor":8,"key":"REST"},{"floor":10,"key":"RECALL"}],"circlet_count":0,"master_deck":["Strike_R","Strike_R","Strike_R","Strike_R","Strike_R","Defend_R","Defend_R","Defend_R","Defend_R","Bash","Perfected Strike","Cleave","Battle Trance","Doubt","Pommel Strike","Offering","Shrug It Off"],"relics":["Burning Blood","NeowsBlessing","Charon\u0027s Ashes","Sundial","InkBottle"],"acts_visited":["Exordium"],"potions_floor_usage":[12],"damage_taken":[{"damage":0,"enemies":"Cultist","floor":1,"turns":1},{"damage":0,"enemies":"Small Slimes","floor":2,"turns":1},{"damage":0,"enemies":"2 Louse","floor":3,"turns":1},{"damage":12,"enemies":"Looter","floor":5,"turns":3},{"damage":50,"enemies":"Gremlin Nob","floor":6,"turns":5},{"damage":9,"enemies":"3 Louse","floor":11,"turns":2},{"damage":31,"enemies":"Lagavulin","floor":12,"turns":6}],"seed_played":"6206413758055567894","potions_obtained":[{"floor":3,"key":"SteroidPotion"},{"floor":6,"key":"BlessingOfTheForge"}],"is_trial":false,"path_per_floor":["M","M","M","?","M","E","?","R","T","R","M","E"],"character_chosen":"IRONCLAD","items_purchased":[],"campfire_rested":1,"item_purchase_floors":[],"current_hp_per_floor":[80,80,80,80,74,30,12,36,36,36,33,2,2],"gold":366,"neow_bonus":"THREE_ENEMY_KILL","is_daily":false,"chose_seed":false,"campfire_upgraded":0,"win_rate":0.0,"timestamp":1610759164,"path_taken":["M","M","?","?","M","E","?","R","T","R","M","E"],"items_purchased_type":[],"build_version":"2020-12-22","purchased_purges":0,"victory":false,"max_hp_per_floor":[80,80,80,80,80,80,80,80,80,80,80,80,80],"card_choices":[{"not_picked":["Rampage","Clothesline"],"picked":"Perfected Strike","floor":1},{"not_picked":["Iron Wave","True Grit"],"picked":"Cleave","floor":2},{"not_picked":["Inflame","Clash"],"picked":"Battle Trance","floor":3},{"not_picked":["Uppercut","Thunderclap"],"picked":"Pommel Strike","floor":5},{"not_picked":["Perfected Strike","Cleave"],"picked":"Offering","floor":6},{"not_picked":["Flame Barrier","Second Wind"],"picked":"Shrug It Off","floor":11}],"player_experience":82066,"relics_obtained":[{"floor":6,"key":"Charon\u0027s Ashes"},{"floor":9,"key":"InkBottle"}],"event_choices":[{"damage_healed":0,"gold_gain":175,"player_choice":"AGREE","damage_taken":0,"max_hp_gain":0,"max_hp_loss":0,"event_name":"Liars Game","floor":4,"gold_loss":0,"cards_obtained":["Doubt"]},{"damage_healed":0,"gold_gain":0,"player_choice":"Success","damage_taken":18,"relics_obtained":["Sundial"],"max_hp_gain":0,"max_hp_loss":0,"event_name":"Scrap Ooze","floor":7,"gold_loss":0}],"is_beta":false,"boss_relics":[],"items_purged_floors":[],"is_endless":false,"potions_floor_spawned":[3,6],"killed_by":"Lagavulin","ascension_level":3}}