{"host":"7k2a2omxz3voj5ax","time":1610824266,"event":{"mods":["BaseMod","Marisa£¨ìFÓê¡¡Ä§ÀíÉ³£©","Minty Spire (QoL Compilation)","Quick Restart","Spicy Shops","StSLib","Starting Relic: Pandora\u0027s Box","¡¾ÒÅÎï¿¨ÅÆ¡¿REMEMod","óô»ðÖ¸ÄÏ"],"gold_per_floor":[10,10,10,10,10,10,48,80,116,159,3248,3281,3297,2929,2723,2812,2812,2837,2694,2703,2722,2745,2645,2645,2669,2696,2738,2409,2144,2168,2168,1961,2059,2059,2082,2082,2415,2415,2513,2314,2365,1984,1984,2019,2038,2051,1707,1707,1535,1535,1535,1535,1291,786,815,815],"floor_reached":57,"language":"ZHS","playtime":2233,"items_purged":["Bouncing Flask","Noxious Fumes","Finisher","Terror","Backflip","PiercingWail+1","Concentrate+1","Blade Dance+1","Acrobatics+1","REME_ShadowStrike+1"],"score":3374,"play_id":"069f07e8-ce10-48b2-9654-e6657a2d9f05","local_time":"20210117041106","is_ascension_mode":true,"campfire_choices":[{"floor":6.0,"key":"RECALL"}],"circlet_count":0,"master_deck":["AscendersBane","Prepared+1","Tactician+1","LessonLearned+1","REME_GreenPollution+1","REME_GreenPollution+1","Adrenaline+1","Reflex+1","Reflex+1","Sadistic Nature+1","Calculated Gamble+1","Calculated Gamble+1","Sadistic Nature+1"],"relics":["Pandora\u0027s Box","REME_ComplimentaryCards","MawBank","CeramicFish","Tough Bandages","Eternal Feather","Frozen Egg 2","Lantern","Art of War","Membership Card","Snake Skull","Mummified Hand","Sundial","FossilizedHelix","Runic Pyramid","Pantograph","ClockworkSouvenir","Bag of Preparation","Question Card","Thread and Needle","Orrery","Medical Kit","Juzu Bracelet","TheAbacus","Regal Pillow","REME_DuelDisc","CatCart","Potion Belt","Calipers","Unceasing Top","HornCleat","Ornamental Fan","Anchor","StoneCalendar","Bird Faced Urn","Turnip","Ice Cream","Tingsha","CaptainsWheel","Mango"],"acts_visited":["Exordium","TheCity","TheBeyond","TheEnding"],"potions_floor_usage":[56,56,56],"damage_taken":[{"damage":4.0,"enemies":"Small Slimes","floor":1.0,"turns":3.0},{"damage":33.0,"enemies":"Gremlin Nob","floor":7.0,"turns":4.0},{"damage":4.0,"enemies":"Jaw Worm","floor":8.0,"turns":3.0},{"damage":17.0,"enemies":"Lagavulin","floor":10.0,"turns":5.0},{"damage":0.0,"enemies":"Gremlin Nob","floor":12.0,"turns":1.0},{"damage":0.0,"enemies":"Cultist","floor":13.0,"turns":3.0},{"damage":0.0,"enemies":"Hexaghost","floor":16.0,"turns":3.0},{"damage":0.0,"enemies":"Shell Parasite","floor":18.0,"turns":4.0},{"damage":0.0,"enemies":"Spheric Guardian","floor":21.0,"turns":3.0},{"damage":0.0,"enemies":"3 Cultists","floor":22.0,"turns":3.0},{"damage":0.0,"enemies":"Centurion and Healer","floor":25.0,"turns":4.0},{"damage":0.0,"enemies":"Gremlin Leader","floor":27.0,"turns":3.0},{"damage":0.0,"enemies":"Sentry and Sphere","floor":30.0,"turns":1.0},{"damage":0.0,"enemies":"Collector","floor":33.0,"turns":1.0},{"damage":0.0,"enemies":"Orb Walker","floor":35.0,"turns":1.0},{"damage":0.0,"enemies":"Orin","floor":39.0,"turns":2.0},{"damage":0,"enemies":"2 Orb Walkers","floor":41,"turns":1},{"damage":0,"enemies":"Reptomancer","floor":44,"turns":2},{"damage":0,"enemies":"3 Darklings","floor":45,"turns":1},{"damage":0,"enemies":"Spire Growth","floor":46,"turns":1},{"damage":0,"enemies":"Donu and Deca","floor":50,"turns":1},{"damage":0,"enemies":"Awakened One","floor":51,"turns":2},{"damage":0,"enemies":"Shield and Spear","floor":55,"turns":1},{"damage":0,"enemies":"The Heart","floor":56,"turns":3}],"seed_played":"-5291205228661197256","potions_obtained":[{"floor":1.0,"key":"EntropicBrew"},{"floor":10.0,"key":"Regen Potion"},{"floor":41,"key":"Strength Potion"},{"floor":46,"key":"PowerPotion"}],"is_trial":false,"path_per_floor":["M","?","$","?","?","R","E","M","T","E","$","E","M","$","R","B",null,"M","$","?","M","M","R","?","M","T","E","R","$","M","T","R","B",null,"M","?","?","?","?","R","?","R","T","E","M","M","R","?","R","B","B",null,"R","$","E","B",null],"character_chosen":"THE_SILENT","items_purchased":["REME_GreenPollution","Eternal Feather","Frozen Egg 2","Lantern","Membership Card","Snake Skull","Mummified Hand","Sundial","FossilizedHelix","Pantograph","Acrobatics","ClockworkSouvenir","Thread and Needle","Orrery","Medical Kit","Juzu Bracelet","TheAbacus","Regal Pillow","Sadistic Nature+1","Potion Belt","Calculated Gamble","Unceasing Top","HornCleat","Ornamental Fan","Bird Faced Urn","Turnip","Sadistic Nature+1","Ice Cream","Tingsha","CaptainsWheel"],"campfire_rested":0,"item_purchase_floors":[11,11,11,11,14,14,14,15,15,19,23,23,28,28,29,29,32,32,32,40,42,42,42,42,47,49,53,54,54,54],"current_hp_per_floor":[55,55,55,55,55,55,22,18,18,1,1,1,1,1,7,7,47,47,47,47,47,47,53,53,53,53,53,59,59,59,59,60,60,60,60,60,60,60,60,60,60,60,60,60,60,60,60,60,60,60,60,60,60,60,74,74],"gold":815,"neow_bonus":"TRANSFORM_TWO_CARDS","is_daily":false,"chose_seed":false,"campfire_upgraded":0,"win_rate":0.0,"timestamp":1610824266,"path_taken":["M","?","$","?","?","R","E","M","T","E","?","E","M","$","R","BOSS","M","?","?","M","?","R","?","M","T","E","R","$","M","?","R","BOSS","M","?","?","?","?","R","?","R","T","E","M","M","R","?","R","BOSS","BOSS","R","$","E","BOSS"],"items_purchased_type":["Card","Relic","Relic","Relic","Relic","Relic","Relic","Relic","Relic","Relic","Card","Relic","Relic","Relic","Relic","Relic","Relic","Relic","Card","Relic","Card","Relic","Relic","Relic","Relic","Relic","Card","Relic","Relic","Relic"],"build_version":"2020-12-22","purchased_purges":10,"victory":true,"max_hp_per_floor":[66,60,60,60,60,60,60,60,60,60,60,60,60,60,60,60,60,60,60,60,60,60,60,60,60,60,60,60,60,60,60,60,60,60,60,60,60,60,60,60,60,60,60,60,60,60,60,60,60,60,60,60,60,60,74,74],"card_choices":[{"not_picked":["Poisoned Stab","Cloak And Dagger","Dagger Spray"],"picked":"SKIP","floor":1.0},{"not_picked":["Dagger Spray","Prepared"],"picked":"REME_ShadowStrike","floor":7.0},{"not_picked":["Flying Knee","Quick Slash","Blur"],"picked":"SKIP","floor":8.0},{"not_picked":["Phantasmal Killer","Blur","Deflect"],"picked":"SKIP","floor":10.0},{"not_picked":["Slice","Endless Agony","Dodge and Roll"],"picked":"SKIP","floor":12.0},{"not_picked":["Blade Dance","Backflip","Noxious Fumes+1"],"picked":"SKIP","floor":13.0},{"not_picked":["Cloak And Dagger","Outmaneuver+1","Deflect"],"picked":"SKIP","floor":18.0},{"not_picked":["Blade Dance+1","Dodge and Roll","Bane"],"picked":"SKIP","floor":21.0},{"not_picked":["Bane","Cloak And Dagger+1"],"picked":"Concentrate","floor":22.0},{"not_picked":["Prepared","Bane","Setup+1"],"picked":"SKIP","floor":25.0},{"not_picked":["Bane","Crippling Poison"],"picked":"Adrenaline","floor":27.0},{"not_picked":["Outmaneuver","Dagger Spray","Unload"],"picked":"Reflex","floor":28.0},{"not_picked":["Concentrate","Quick Slash","Deadly Poison"],"picked":"Reflex","floor":28.0},{"not_picked":["Bane","Dodge and Roll","Dagger Throw","Skewer"],"picked":"SKIP","floor":30.0},{"not_picked":["Acrobatics+1","Endless Agony","Deflect","PiercingWail"],"picked":"SKIP","floor":35.0},{"not_picked":["Slice+1","Calculated Gamble","Flechettes","Caltrops+1"],"picked":"SKIP","floor":44},{"not_picked":["Slice+1","Flechettes","Caltrops+1"],"picked":"Calculated Gamble","floor":44},{"not_picked":["Noxious Fumes+1","Blur","Flying Knee","Dagger Throw"],"picked":"SKIP","floor":45},{"not_picked":["Deadly Poison+1","Cloak And Dagger","Leg Sweep","Terror"],"picked":"SKIP","floor":46},{"not_picked":["Escape Plan","Backflip+1","Bane+1","Acrobatics"],"picked":"SKIP","floor":55}],"player_experience":468121,"relics_obtained":[{"floor":7.0,"key":"MawBank"},{"floor":9.0,"key":"CeramicFish"},{"floor":10.0,"key":"Tough Bandages"},{"floor":12.0,"key":"Art of War"},{"floor":26.0,"key":"Bag of Preparation"},{"floor":27.0,"key":"Question Card"},{"floor":39.0,"key":"CatCart"},{"floor":41,"key":"Calipers"},{"floor":43,"key":"Anchor"},{"floor":44,"key":"StoneCalendar"},{"floor":55,"key":"Mango"}],"event_choices":[{"damage_healed":0.0,"max_hp_gain":0.0,"max_hp_loss":6.0,"gold_gain":0.0,"event_name":"Golden Idol","player_choice":"Lose Max HP","floor":2.0,"gold_loss":0.0,"damage_taken":0.0,"relics_obtained":["Golden Idol"]},{"cards_removed":["Heel Hook"],"damage_healed":0.0,"max_hp_gain":0.0,"max_hp_loss":0.0,"gold_gain":0.0,"event_name":"Living Wall","player_choice":"Forget","floor":4.0,"gold_loss":0.0,"damage_taken":0.0},{"damage_healed":0.0,"max_hp_gain":0.0,"max_hp_loss":0.0,"gold_gain":0.0,"event_name":"Liars Game","player_choice":"Ignored","floor":5.0,"gold_loss":0.0,"damage_taken":0.0},{"damage_healed":0.0,"max_hp_gain":0.0,"max_hp_loss":0.0,"gold_gain":0.0,"event_name":"Duplicator","player_choice":"Copied","floor":20.0,"gold_loss":0.0,"damage_taken":0.0,"cards_obtained":["REME_GreenPollution"]},{"cards_removed":["Neutralize"],"damage_healed":0.0,"max_hp_gain":0.0,"max_hp_loss":0.0,"gold_gain":0.0,"event_name":"Back to Basics","player_choice":"Elegance","floor":24.0,"gold_loss":0.0,"damage_taken":0.0},{"damage_healed":0.0,"max_hp_gain":0.0,"max_hp_loss":0.0,"gold_gain":0.0,"event_name":"SecretPortal","player_choice":"Ignored","floor":36.0,"gold_loss":0.0,"damage_taken":0.0},{"damage_healed":0.0,"max_hp_gain":0.0,"max_hp_loss":0.0,"gold_gain":333.0,"event_name":"The Moai Head","player_choice":"Gave Idol","floor":37.0,"relics_lost":["Golden Idol"],"gold_loss":0.0,"damage_taken":0.0},{"cards_removed":["Survivor"],"damage_healed":0.0,"max_hp_gain":0.0,"max_hp_loss":0.0,"gold_gain":0.0,"event_name":"Falling","player_choice":"Removed Skill","floor":38.0,"gold_loss":0.0,"damage_taken":0.0},{"damage_healed":0.0,"max_hp_gain":0.0,"max_hp_loss":0.0,"gold_gain":0.0,"event_name":"OrinTheCat","player_choice":"Fight","floor":39.0,"gold_loss":0.0,"damage_taken":0.0},{"damage_healed":0.0,"max_hp_gain":0.0,"max_hp_loss":0.0,"gold_gain":0.0,"event_name":"OrinTheCat","player_choice":"Fight","floor":39.0,"gold_loss":0.0,"damage_taken":0.0},{"damage_healed":0.0,"max_hp_gain":0.0,"max_hp_loss":0.0,"gold_gain":0.0,"event_name":"OrinTheCat","player_choice":"Fight","floor":39.0,"gold_loss":0.0,"damage_taken":0.0},{"damage_healed":0.0,"max_hp_gain":0.0,"max_hp_loss":0.0,"gold_gain":0.0,"event_name":"OrinTheCat","player_choice":"Fight","floor":39.0,"gold_loss":0.0,"damage_taken":0.0},{"damage_healed":0.0,"max_hp_gain":0.0,"max_hp_loss":0.0,"gold_gain":0.0,"event_name":"OrinTheCat","player_choice":"Fight","floor":39.0,"gold_loss":0.0,"damage_taken":0.0},{"damage_healed":0.0,"max_hp_gain":0.0,"max_hp_loss":0.0,"gold_gain":0.0,"event_name":"OrinTheCat","player_choice":"Fight","floor":39.0,"gold_loss":0.0,"damage_taken":0.0},{"damage_healed":0.0,"max_hp_gain":0.0,"max_hp_loss":0.0,"gold_gain":0.0,"event_name":"OrinTheCat","player_choice":"Fight","floor":39.0,"gold_loss":0.0,"damage_taken":0.0},{"damage_healed":0.0,"max_hp_gain":0.0,"max_hp_loss":0.0,"gold_gain":0.0,"event_name":"OrinTheCat","player_choice":"Fight","floor":39.0,"gold_loss":0.0,"damage_taken":0.0},{"damage_healed":0.0,"max_hp_gain":0.0,"max_hp_loss":0.0,"gold_gain":0.0,"event_name":"OrinTheCat","player_choice":"Fight","floor":39.0,"gold_loss":0.0,"damage_taken":0.0},{"damage_healed":0.0,"max_hp_gain":0.0,"max_hp_loss":0.0,"gold_gain":0.0,"event_name":"OrinTheCat","player_choice":"Fight","floor":39.0,"gold_loss":0.0,"damage_taken":0.0},{"damage_healed":0,"gold_gain":0,"player_choice":"Fight","damage_taken":0,"max_hp_gain":0,"max_hp_loss":0,"event_name":"OrinTheCat","floor":39,"gold_loss":0},{"damage_healed":0,"gold_gain":0,"player_choice":"Fight","damage_taken":0,"max_hp_gain":0,"max_hp_loss":0,"event_name":"Mysterious Sphere","floor":41,"gold_loss":0},{"damage_healed":0,"gold_gain":0,"player_choice":"Ignored","damage_taken":0,"max_hp_gain":0,"max_hp_loss":0,"event_name":"Tomb of Lord Red Mask","floor":48,"gold_loss":0}],"is_beta":false,"boss_relics":[{"not_picked":["SacredBark","REME_ChargedStone"],"picked":"Runic Pyramid"},{"not_picked":["Coffee Dripper","REME_DemonsWealth"],"picked":"REME_DuelDisc"}],"items_purged_floors":[11,11,14,15,28,29,40,47,47,53],"is_endless":false,"potions_floor_spawned":[1,10,16,22,27,30,39,39,39,39,39,39,41,46],"ascension_level":20}}