{"host":"dzit4ljil6490tuf","time":1610795617,"event":{"mods":["BaseMod","Downfall","Hermit","Hubris","Minty Spire (QoL Compilation)","StSLib","The Cursed","The Runesmith","The Servant 0.9.4"],"gold_per_floor":[99,114,129,144,4,4,29,29,59,74,74,104,104,134,149,249,249,249,264,264,20,35,35,85,100,130,145,145,160,160,14,29,129,129,129,144,159,159,174,174,224,254,276,313,343,365,365,395,295,302],"floor_reached":51,"language":"ITA","playtime":3607,"items_purged":[],"score":879,"play_id":"cbcd090a-ed8c-4eba-8863-f7af64118ddf","local_time":"20210116121337","daily_mods":["Heirloom","Time Dilation","Elite Swarm"],"is_ascension_mode":false,"campfire_choices":[{"data":"hermit:Snapshot","floor":1.0,"key":"SMITH"},{"data":"hermit:Vantage","floor":8.0,"key":"SMITH"},{"floor":13.0,"key":"REST"},{"data":"hermit:BlackWind","floor":18.0,"key":"SMITH"},{"data":"hermit:Dissolve","floor":23.0,"key":"SMITH"},{"data":"hermit:Dive","floor":30.0,"key":"SMITH"},{"data":"hermit:Feint","floor":35,"key":"SMITH"},{"data":"hermit:Scavenge","floor":40,"key":"SMITH"},{"floor":47,"key":"REST"},{"data":"hermit:Magnum","floor":49,"key":"SMITH"}],"circlet_count":0,"master_deck":["Guardian:FierceBash+1","hermit:Strike_Hermit","hermit:Defend_Hermit+1","hermit:Defend_Hermit","hermit:Defend_Hermit","hermit:Snapshot+1","hermit:Covet","hermit:Vantage+1","hermit:Snipe","hermit:FlashPowder","hermit:Brawl","hermit:Feint+1","hermit:PistolWhip","hermit:BlackWind+1","hermit:Determination","hermit:Magnum+1","hermit:Grudge","hermit:Reprieve","hermit:SprayPray","hermit:Dissolve+1","hermit:Shortfuse+1","hermit:Malice+1","hermit:BlackWind+1","hermit:Quickdraw+1","hermit:Brawl","hermit:TakeAim","hermit:Desperado","hermit:Quickdraw","hermit:RoundhouseKick","hermit:Feint+1","Slimebound:CheckThePlaybook","downfall:Icky","hermit:Dive+1","hermit:Gestalt","hermit:HoleUp","hermit:Scavenge+1","hermit:Misfire+1","hermit:Headshot+1","hermit:DeadOrAlive","hermit:Desperado","hermit:FatalDesire","hermit:LowProfile+1","hermit:WideOpen+1","hermit:GhostlyPresence"],"relics":["hermit:Momento","Lizard Tail","Dream Catcher","hubris:CuriousFeather","hubris:Icosahedron","hubris:GlazedTorus","The Courier","Astrolabe","Meat on the Bone","War Paint","Pear","Pantograph","Gremlin Horn","Pen Nib","hexamod:CandleOfCauterizing","Boot","Happy Flower","downfall:HeartBlessingGreen"],"acts_visited":["Exordium","TheCity","TheBeyond"],"potions_floor_usage":[33,39,39,50],"damage_taken":[{"damage":2.0,"enemies":"2 Louse","floor":2.0,"turns":3.0},{"damage":0.0,"enemies":"Small Slimes","floor":3.0,"turns":2.0},{"damage":0.0,"enemies":"Jaw Worm","floor":4.0,"turns":1.0},{"damage":0.0,"enemies":"downfall:FleeingMerchant","floor":5.0,"turns":4.0},{"damage":21.0,"enemies":"Gremlin Nob","floor":9.0,"turns":4.0},{"damage":0.0,"enemies":"Large Slime","floor":10.0,"turns":5.0},{"damage":22.0,"enemies":"Lagavulin","floor":12.0,"turns":4.0},{"damage":26.0,"enemies":"3 Sentries","floor":14.0,"turns":7.0},{"damage":3.0,"enemies":"Exordium Thugs","floor":15.0,"turns":3.0},{"damage":0.0,"enemies":"Slime Boss","floor":16.0,"turns":4.0},{"damage":15.0,"enemies":"Spheric Guardian","floor":19.0,"turns":4.0},{"damage":0.0,"enemies":"downfall:FleeingMerchant","floor":21.0,"turns":4.0},{"damage":19.0,"enemies":"3 Cultists","floor":22.0,"turns":5.0},{"damage":0.0,"enemies":"Cultist and Chosen","floor":25.0,"turns":4.0},{"damage":35.0,"enemies":"Gremlin Leader","floor":26.0,"turns":3.0},{"damage":0.0,"enemies":"Centurion and Healer","floor":27.0,"turns":4.0},{"damage":1.0,"enemies":"Snake Plant","floor":29.0,"turns":4.0},{"damage":7.0,"enemies":"downfall:FleeingMerchant","floor":31.0,"turns":4.0},{"damage":9,"enemies":"3 Cultists","floor":32,"turns":4},{"damage":7,"enemies":"WA_ARCHETYPE_CALM","floor":33,"turns":8},{"damage":7,"enemies":"Orb Walker","floor":36,"turns":2},{"damage":31,"enemies":"3 Shapes","floor":37,"turns":3},{"damage":11,"enemies":"Jaw Worm Horde","floor":39,"turns":3},{"damage":8,"enemies":"Reptomancer","floor":42,"turns":4},{"damage":1,"enemies":"Maw","floor":43,"turns":7},{"damage":45,"enemies":"Giant Head","floor":44,"turns":9},{"damage":4,"enemies":"4 Shapes","floor":45,"turns":4},{"damage":1,"enemies":"Transient","floor":46,"turns":5},{"damage":6,"enemies":"Nemesis","floor":48,"turns":7},{"damage":40,"enemies":"DF_ARCHETYPE_ORBS","floor":50,"turns":8}],"seed_played":"2700428786693623746","potions_obtained":[{"floor":3.0,"key":"ColorlessPotion"},{"floor":9.0,"key":"hermit:BlackBile"},{"floor":14.0,"key":"Explosive Potion"},{"floor":15.0,"key":"PowerPotion"},{"floor":22.0,"key":"Dexterity Potion"},{"floor":25.0,"key":"hermit:Tonic"},{"floor":33,"key":"SkillPotion"},{"floor":39,"key":"Fruit Juice"},{"floor":42,"key":"GamblersBrew"},{"floor":43,"key":"Ancient Potion"},{"floor":46,"key":"Swift Potion"}],"is_trial":false,"path_per_floor":["R","M","M","M","$","?","T","R","E","M","?","E","R","E","M","B",null,"R","M","?","$","M","R","T","M","E","M","?","M","R","$","M","B",null,"R","M","M","?","M","R","T","E","M","E","M","M","R","E","R","B",null],"character_chosen":"HERMIT","items_purchased":["hermit:Feint","hermit:PistolWhip","Meat on the Bone","hermit:TakeAim","Pantograph","Gremlin Horn","hermit:Gestalt","hermit:HoleUp"],"campfire_rested":2,"item_purchase_floors":[5,5,21,21,31,31,31,31],"current_hp_per_floor":[75,73,73,73,73,66,66,66,45,45,45,23,45,19,16,16,75,75,60,60,60,41,41,41,41,28,44,44,43,43,48,51,69,85,85,78,47,47,53,53,53,49,52,23,31,42,69,67,67,50],"gold":302,"neow_bonus":"","is_daily":true,"chose_seed":false,"campfire_upgraded":8,"win_rate":0.0,"timestamp":1610795617,"path_taken":["R","M","M","M","$","?","T","R","E","M","?","E","R","E","M","BOSS","R","M","?","$","M","R","T","M","E","M","?","M","R","$","M","BOSS","R","M","M","?","M","R","T","E","M","E","M","M","R","E","R","BOSS"],"items_purchased_type":["Card","Card","Relic","Card","Relic","Relic","Card","Card"],"build_version":"2020-12-22","purchased_purges":0,"victory":true,"max_hp_per_floor":[75,75,75,75,75,75,75,75,75,75,75,75,75,75,75,75,75,75,75,75,75,75,75,75,75,85,85,85,85,85,85,85,85,85,85,85,85,85,90,90,90,90,90,90,90,90,90,90,90,90],"card_choices":[{"not_picked":["hermit:TrackingShot","hermit:CalledShot"],"picked":"hermit:Vantage","floor":2.0},{"not_picked":["hermit:CalledShot","hermit:Ricochet"],"picked":"hermit:Snipe","floor":3.0},{"not_picked":["hermit:LowProfile","hermit:WideOpen"],"picked":"hermit:FlashPowder","floor":4.0},{"not_picked":["hermit:Ricochet","hermit:Manifest"],"picked":"hermit:Brawl","floor":5.0},{"not_picked":["hermit:OverwhelmingPower","hermit:Adapt"],"picked":"hermit:BlackWind","floor":9.0},{"not_picked":["hermit:HoleUp","hermit:Enervate"],"picked":"hermit:Determination","floor":10.0},{"not_picked":["hermit:FromBeyond","hermit:BlackWind"],"picked":"hermit:Magnum","floor":12.0},{"not_picked":["hermit:Quickdraw","hermit:BigShot"],"picked":"hermit:Grudge","floor":13.0},{"not_picked":["hermit:Magnum","hermit:Purgatory"],"picked":"hermit:Reprieve","floor":14.0},{"not_picked":["hermit:FlashPowder","hermit:TakeAim"],"picked":"hermit:SprayPray","floor":15.0},{"not_picked":["hermit:Reprieve","hermit:BlackWind"],"picked":"hermit:Dissolve","floor":16.0},{"not_picked":["hermit:TrackingShot","hermit:LoneWolf"],"picked":"hermit:Quickdraw+1","floor":19.0},{"not_picked":["hermit:Quickdraw","hermit:CalledShot"],"picked":"hermit:Brawl","floor":21.0},{"not_picked":["hermit:BigShot","hermit:Roulette"],"picked":"hermit:Desperado","floor":22.0},{"not_picked":["hermit:Manifest","hermit:Enervate"],"picked":"hermit:Quickdraw","floor":25.0},{"not_picked":["hermit:Adapt","hermit:EternalForm"],"picked":"hermit:RoundhouseKick","floor":26.0},{"not_picked":["hermit:NoHoldsBarred","hermit:Quickdraw"],"picked":"hermit:Feint","floor":27.0},{"not_picked":["hermit:TakeAim","hermit:TrackingShot"],"picked":"hermit:Dive","floor":29.0},{"not_picked":["hermit:Feint+1","hermit:LowProfile"],"picked":"hermit:Scavenge","floor":32},{"not_picked":["hermit:Coalescence+1","hermit:TakeCover+1"],"picked":"hermit:Misfire+1","floor":36},{"not_picked":["hermit:Shortfuse+1","hermit:CalledShot","hermit:TrackingShot+1"],"picked":"SKIP","floor":37},{"not_picked":["hermit:Snipe","hermit:BodyArmor"],"picked":"hermit:Headshot+1","floor":39},{"not_picked":["hermit:FromBeyond","hermit:Adapt"],"picked":"hermit:DeadOrAlive","floor":42},{"not_picked":["hermit:ShadowCloak","hermit:Coalescence"],"picked":"hermit:Desperado","floor":43},{"not_picked":["hermit:HighNoon","hermit:Gambit"],"picked":"hermit:FatalDesire","floor":44},{"not_picked":["hermit:DeadMansHand","hermit:ItchyTrigger"],"picked":"hermit:LowProfile+1","floor":45},{"not_picked":["hermit:Snipe","hermit:Quickdraw"],"picked":"hermit:WideOpen+1","floor":46},{"not_picked":["hermit:LowProfile+1","hermit:Showdown"],"picked":"hermit:GhostlyPresence","floor":47},{"not_picked":["hermit:OverwhelmingPower","hermit:Adapt","hermit:HeroicBravado"],"picked":"SKIP","floor":48}],"player_experience":585344,"relics_obtained":[{"floor":7.0,"key":"Dream Catcher"},{"floor":9.0,"key":"hubris:CuriousFeather"},{"floor":12.0,"key":"hubris:GlazedTorus"},{"floor":14.0,"key":"The Courier"},{"floor":24.0,"key":"War Paint"},{"floor":26.0,"key":"Pear"},{"floor":41,"key":"Pen Nib"},{"floor":42,"key":"hexamod:CandleOfCauterizing"},{"floor":44,"key":"Boot"},{"floor":48,"key":"Happy Flower"}],"event_choices":[{"cards_removed":["hermit:Strike_Hermit"],"damage_healed":0.0,"max_hp_gain":0.0,"max_hp_loss":0.0,"gold_gain":0.0,"event_name":"Golden Wing","player_choice":"Card Removal","floor":6.0,"gold_loss":0.0,"damage_taken":7.0}],"is_beta":false,"boss_relics":[{"not_picked":["Empty Cage","hubris:CrackedHourglass"],"picked":"Astrolabe"},{"not_picked":["hubris:RunicObelisk","Runic Dome","Coffee Dripper"]}],"items_purged_floors":[],"is_endless":false,"potions_floor_spawned":[3,9,14,15,22,25,33,39,42,43,46],"ascension_level":0}}