{"host":"vl29iwkwnyytuw8q","time":1610839803,"event":{"mods":["BaseMod","Minty Spire (QoL Compilation)","Permanent Neow","Relic Stats","StSLib"],"gold_per_floor":[111,111,124,139,154,188,208,208,208,239,88,103,103,122,122,198,198,158,75,75,85,104,104,104,104],"floor_reached":24,"language":"ENG","playtime":866,"items_purged":["Strike_G"],"score":420,"play_id":"85a221f5-a89a-4f9c-ac18-39953b6edba2","local_time":"20210117003003","is_ascension_mode":true,"campfire_choices":[{"floor":8.0,"key":"REST"},{"floor":13.0,"key":"REST"},{"data":"Terror","floor":15.0,"key":"SMITH"},{"floor":23,"key":"REST"}],"circlet_count":0,"master_deck":["AscendersBane","Strike_G","Strike_G","Strike_G","Defend_G","Defend_G","Defend_G","Defend_G","Defend_G","Survivor","Neutralize","Choke","Poisoned Stab","Backflip","PiercingWail","Terror+1","Night Terror","Blade Dance","Blur","Dodge and Roll","Venomology","After Image","Backflip","Leg Sweep","Prepared","Phantasmal Killer","Neutralize","Accuracy+1"],"relics":["Black Star","Shuriken","Bronze Scales","Snake Skull","Bottled Lightning","Bag of Marbles","Sozu"],"acts_visited":["Exordium","TheCity"],"potions_floor_usage":[24],"damage_taken":[{"damage":1.0,"enemies":"Small Slimes","floor":1.0,"turns":5.0},{"damage":0.0,"enemies":"Cultist","floor":3.0,"turns":4.0},{"damage":0.0,"enemies":"Jaw Worm","floor":4.0,"turns":3.0},{"damage":7.0,"enemies":"Lots of Slimes","floor":5.0,"turns":7.0},{"damage":41.0,"enemies":"3 Sentries","floor":6.0,"turns":15.0},{"damage":1.0,"enemies":"Blue Slaver","floor":7.0,"turns":4.0},{"damage":15.0,"enemies":"Lagavulin","floor":10.0,"turns":7.0},{"damage":3.0,"enemies":"Large Slime","floor":12.0,"turns":4.0},{"damage":0.0,"enemies":"Looter","floor":14.0,"turns":4.0},{"damage":8.0,"enemies":"Hexaghost","floor":16.0,"turns":8.0},{"damage":17.0,"enemies":"2 Thieves","floor":18.0,"turns":5.0},{"damage":19,"enemies":"Chosen","floor":21,"turns":5},{"damage":15,"enemies":"Snecko","floor":22,"turns":4},{"damage":47,"enemies":"Slavers","floor":24,"turns":5}],"seed_played":"3190338641729832903","potions_obtained":[{"floor":3.0,"key":"Energy Potion"},{"floor":6.0,"key":"Explosive Potion"},{"floor":10.0,"key":"Poison Potion"},{"floor":12.0,"key":"Ancient Potion"}],"is_trial":false,"path_per_floor":["M","?","M","M","M","E","M","R","T","E","$","M","R","M","R","B",null,"M","$","?","M","M","R","E"],"character_chosen":"THE_SILENT","items_purchased":["Blur","Leg Sweep"],"campfire_rested":3,"item_purchase_floors":[11,19],"current_hp_per_floor":[58,58,58,58,51,10,9,28,28,13,13,10,29,29,29,21,55,38,38,38,19,4,23,0,0],"gold":104,"neow_bonus":"BOSS_RELIC","is_daily":false,"chose_seed":false,"campfire_upgraded":1,"win_rate":0.0,"timestamp":1610839803,"path_taken":["M","?","M","M","M","E","?","R","T","E","?","?","R","M","R","BOSS","M","$","?","M","?","R","E"],"items_purchased_type":["Card","Card"],"build_version":"2020-12-22","purchased_purges":1,"victory":false,"max_hp_per_floor":[66,66,66,66,66,66,66,66,66,66,66,66,66,66,66,66,66,66,66,66,66,66,66,66,66],"relic_stats":{"Sozu":2,"counters":[14,80],"Shuriken":[17],"Bronze Scales":[130],"Snake Skull":[7],"Black Star":2,"obtain_stats":[{"Sozu":17,"Shuriken":6,"Bronze Scales":6,"Snake Skull":9,"Black Star":0,"Bag of Marbles":10,"Bottled Lightning":10,"Ring of the Snake":0},{"Sozu":10,"Shuriken":5,"Bronze Scales":5,"Snake Skull":6,"Black Star":0,"Bag of Marbles":7,"Bottled Lightning":7,"Ring of the Snake":0},{"Sozu":61,"Shuriken":34,"Bronze Scales":34,"Snake Skull":38,"Black Star":0,"Bag of Marbles":45,"Bottled Lightning":45,"Ring of the Snake":0}]},"card_choices":[{"not_picked":["Prepared","Dodge and Roll"],"picked":"Choke","floor":1.0},{"not_picked":["Dagger Throw","Underhanded Strike"],"picked":"Backflip","floor":3.0},{"not_picked":["Prepared","Calculated Gamble"],"picked":"PiercingWail","floor":4.0},{"not_picked":["Endless Agony","Reflex"],"picked":"Terror","floor":5.0},{"not_picked":["Accuracy","Deflect"],"picked":"Night Terror","floor":6.0},{"not_picked":["Outmaneuver","Deflect"],"picked":"Blade Dance","floor":7.0},{"not_picked":["Outmaneuver","Night Terror","Bane"],"picked":"SKIP","floor":10.0},{"not_picked":["Deflect","Flying Knee"],"picked":"Dodge and Roll","floor":12.0},{"not_picked":["Flechettes","Underhanded Strike"],"picked":"Venomology","floor":14.0},{"not_picked":["Phantasmal Killer","Storm of Steel"],"picked":"After Image","floor":16.0},{"not_picked":["Choke","Tactician"],"picked":"Backflip","floor":18.0},{"not_picked":["Masterful Stab","Flying Knee"],"picked":"Accuracy+1","floor":21},{"not_picked":["Choke","Poisoned Stab","Dash"],"picked":"SKIP","floor":22}],"player_experience":627332,"relics_obtained":[{"floor":6.0,"key":"Shuriken"},{"floor":6.0,"key":"Bronze Scales"},{"floor":9.0,"key":"Snake Skull"},{"floor":10.0,"key":"Bottled Lightning"},{"floor":10.0,"key":"Bag of Marbles"}],"event_choices":[{"damage_healed":0.0,"max_hp_gain":0.0,"max_hp_loss":0.0,"gold_gain":0.0,"cards_transformed":["Strike_G"],"event_name":"Transmorgrifier","player_choice":"Transformed","floor":2.0,"gold_loss":0.0,"damage_taken":0.0,"cards_obtained":["Poisoned Stab"]},{"damage_healed":0,"gold_gain":0,"player_choice":"3 cards matched","damage_taken":0,"max_hp_gain":0,"max_hp_loss":0,"event_name":"Match and Keep!","floor":20,"gold_loss":0,"cards_obtained":["Prepared","Phantasmal Killer","Neutralize"]}],"is_beta":false,"boss_relics":[{"not_picked":["Runic Dome","Velvet Choker"],"picked":"Sozu"}],"items_purged_floors":[11],"is_endless":false,"potions_floor_spawned":[3,6,10,12,18],"killed_by":"Slavers","ascension_level":20}}