{"host":"o9oojikv0j1jifqm","time":1610822647,"event":{"mods":["BaseMod","Marisa£®ÏF”Í°°ƒß¿Ì…≥£©","Minty Spire (QoL Compilation)","Quick Restart","Reimu£®≤©¿ˆ¡È√Œ£©","Remilia£®¿Ÿ√◊¿Ú—«£©","Replay The Spire","Shop Mod","Spicy Shops","StSLib","UnlockEverythingMod","Yakumo Yukari mod","Youmu£®ªÍ∆«—˝√Œ£©","°æ“≈ŒÔø®≈∆°øREMEMod"],"gold_per_floor":[115,57,57,57,57,97,97,115,115,146,146,249,268,284,284,413,413,429,429,73,96,95,139,99,173,227,302,342,342,389,438,438,584,584,608,608],"floor_reached":35,"language":"ZHS","playtime":4975,"items_purged":[],"score":500,"play_id":"6b20fa31-08b3-4ffe-b20b-880efe6e5bad","local_time":"20210117024407","is_ascension_mode":false,"campfire_choices":[{"data":"BloodOfAsura","floor":7,"key":"SMITH"},{"data":"HiganSword","floor":11,"key":"SMITH"},{"data":"Delirium","floor":15,"key":"PURGE"},{"data":"SpiderLilyBurial","floor":29,"key":"SMITH"},{"floor":32,"key":"REST"}],"circlet_count":0,"master_deck":["Strike_YM","Strike_YM","Strike_YM","Strike_YM","Defend_YM+1","Defend_YM","Defend_YM","Defend_YM","SlashOfPresentWorld+1","WheelOfPainOfLivingAndDead","KarmicPunishmentOfTheIdleAndUnfocused","HeavenlyHaloSlash","Injury","BloodOfAsura+1","CrescentMoonSlash","HiganSword+1","GhostSword","ObsessionSword","DispleasureOfTheSevenHakus","CelestialStarSword+1","HumanKnowledgeSword+1","HellFireSword","CelestialStarSword+1","TwoHundredYojanaInOneSlash","LowerRealmReflectionSlash","EchoesOfTheInclemencyOfAllBeings","SlashOfAscensionToBuddhahood","SlashOfDepartureFromHesitation+1","SpiderLilyBurial+1","CherryBlossomFlashing+1","TransmigrationSlash","SlashOfSaigyouSpringWind"],"relics":["MiniYoumu","REME_ComplimentaryCards","NeowsBlessing","Toolbox","Golden Idol","Ring of Fangs","Ring of Peace","Sundial","REME_LimitBreaker","Replay:Bronze Core","DollysMirror","MerchantsRug","CeramicFish","Replay:Bandana","Tea:ReiMu","Pet Ghost","Oddly Smooth Stone"],"acts_visited":["Exordium","TheCity","TheBeyond"],"potions_floor_usage":[14,16,25,25,33,33],"damage_taken":[{"damage":0,"enemies":"2 Louse","floor":1,"turns":2},{"damage":0,"enemies":"Lagavulin","floor":6,"turns":3},{"damage":0,"enemies":"Jaw Worm","floor":8,"turns":2},{"damage":16,"enemies":"Replay:BlueRogue","floor":10,"turns":6},{"damage":0,"enemies":"Cultist","floor":12,"turns":4},{"damage":0,"enemies":"Blue Slaver","floor":13,"turns":5},{"damage":3,"enemies":"Exordium Thugs","floor":14,"turns":6},{"damage":12,"enemies":"Hexaghost","floor":16,"turns":11},{"damage":8,"enemies":"Chosen","floor":18,"turns":6},{"damage":2,"enemies":"2 Thieves","floor":22,"turns":5},{"damage":16,"enemies":"Slavers","floor":23,"turns":4},{"damage":0,"enemies":"Gremlin Leader","floor":25,"turns":4},{"damage":16,"enemies":"Slavers","floor":27,"turns":5},{"damage":6,"enemies":"Snecko","floor":28,"turns":5},{"damage":0,"enemies":"Shelled Parasite and Fungi","floor":30,"turns":5},{"damage":0,"enemies":"Snake Plant","floor":31,"turns":4},{"damage":13,"enemies":"Pondfish","floor":33,"turns":11},{"damage":150,"enemies":"3 Shapes","floor":35,"turns":3}],"seed_played":"-4162087627215503486","potions_obtained":[{"floor":10,"key":"Energy Potion"},{"floor":13,"key":"SwordSoul"},{"floor":14,"key":"GamblersBrew"},{"floor":16,"key":"Fire Potion"},{"floor":18,"key":"AttackPotion"},{"floor":24,"key":"SkillPotion"},{"floor":24,"key":"Reflective Coating"},{"floor":24,"key":"Reflective Coating"},{"floor":28,"key":"MagicPotion:ReiMu"},{"floor":31,"key":"Explosive Potion"}],"is_trial":false,"path_per_floor":["M","$","?","?","?","E","R","M","T","E","R","M","M","M","R","B",null,"M","?","$","T","M","E","?","E","T","E","M","R","M","M","R","B",null,"M"],"character_chosen":"YOUMU","items_purchased":["Toolbox","HellFireSword","DollysMirror","TwoHundredYojanaInOneSlash","MerchantsRug","LowerRealmReflectionSlash"],"campfire_rested":1,"item_purchase_floors":[2,20,20,20,20,20],"current_hp_per_floor":[75,75,57,42,42,42,42,42,42,26,26,26,26,23,23,11,75,67,67,67,67,65,49,49,49,49,33,27,27,27,27,49,36,75,0,0],"gold":608,"neow_bonus":"THREE_ENEMY_KILL","is_daily":false,"chose_seed":false,"campfire_upgraded":3,"win_rate":0.0,"timestamp":1610822647,"path_taken":["M","$","?","?","?","E","R","M","T","E","R","M","M","?","R","BOSS","M","?","$","?","M","E","?","E","T","E","?","R","M","M","R","BOSS","M"],"items_purchased_type":["Relic","Card","Relic","Card","Relic","Card"],"build_version":"2020-12-22","purchased_purges":0,"victory":false,"max_hp_per_floor":[75,75,75,75,75,75,75,75,75,75,75,75,75,75,75,75,75,75,75,75,75,75,75,75,75,75,75,75,75,75,75,75,75,75,75,75],"card_choices":[{"not_picked":["PhosphoricSlash","TwoHundredYojanaInOneSlash"],"picked":"HeavenlyHaloSlash","floor":1},{"not_picked":["ThoughtCuttingSword","LowerRealmReflectionSlash"],"picked":"BloodOfAsura","floor":6},{"not_picked":["AsTheSilentNirvana","LowerRealmReflectionSlash"],"picked":"CrescentMoonSlash","floor":8},{"not_picked":["ObsessionWithThePresentWorld","ConstancyOfTheConventionalTruth"],"picked":"HiganSword","floor":10},{"not_picked":["FlashingScatteredFlowers","SwordExtraction"],"picked":"GhostSword","floor":12},{"not_picked":["GhostSword","ThreeKonsSevenHakus"],"picked":"ObsessionSword","floor":13},{"not_picked":["FlashingScatteredFlowers","VoidnessSword"],"picked":"DispleasureOfTheSevenHakus","floor":14},{"not_picked":["WickedSoul","FastingOfTheYoungPreta"],"picked":"CelestialStarSword","floor":16},{"not_picked":["LifeCuttingSword","BizarrenessOfSixRealms+1"],"picked":"HumanKnowledgeSword+1","floor":18},{"not_picked":["PhosphoricSlash","SlashClearingTheSixSenses"],"picked":"EchoesOfTheInclemencyOfAllBeings","floor":22},{"not_picked":["SpiritCuttingSword+1","SanzenSekai"],"picked":"SlashOfAscensionToBuddhahood","floor":23},{"not_picked":["CrescentMoonSlash","SanzenSekai+1"],"picked":"SlashOfDepartureFromHesitation+1","floor":25},{"not_picked":["PhosphoricSlash","TurningAngelCut","SpiderLilyBurial"],"picked":"SKIP","floor":27},{"not_picked":["LifeCuttingSword","ThreeKonsSevenHakus"],"picked":"SpiderLilyBurial","floor":28},{"not_picked":["ObsessionWithThePresentWorld","SlashOfAscensionToBuddhahood"],"picked":"CherryBlossomFlashing+1","floor":30},{"not_picked":["SlashOfMeditation","DispleasureOfTheSevenHakus"],"picked":"TransmigrationSlash","floor":31},{"not_picked":["CherryBlossomSword","ReincarnationSword"],"picked":"SlashOfSaigyouSpringWind","floor":33}],"player_experience":149768,"relics_obtained":[{"floor":5,"key":"Ring of Fangs"},{"floor":5,"key":"Ring of Peace"},{"floor":6,"key":"Sundial"},{"floor":10,"key":"REME_LimitBreaker"},{"floor":21,"key":"CeramicFish"},{"floor":23,"key":"Replay:Bandana"},{"floor":25,"key":"Tea:ReiMu"},{"floor":26,"key":"Pet Ghost"},{"floor":27,"key":"Oddly Smooth Stone"}],"event_choices":[{"damage_healed":0,"gold_gain":0,"player_choice":"Take Damage","damage_taken":18,"relics_obtained":["Golden Idol"],"max_hp_gain":0,"max_hp_loss":0,"event_name":"Golden Idol","floor":3,"gold_loss":0},{"damage_healed":0,"gold_gain":0,"player_choice":"Entered Light","damage_taken":15,"max_hp_gain":0,"max_hp_loss":0,"event_name":"Shining Light","floor":4,"gold_loss":0,"cards_upgraded":["SlashOfPresentWorld","Defend_YM"]},{"damage_healed":0,"gold_gain":0,"player_choice":"Upgraded","damage_taken":0,"max_hp_gain":0,"max_hp_loss":0,"event_name":"Upgrade Shrine","floor":19,"gold_loss":0,"cards_upgraded":["CelestialStarSword"]},{"damage_healed":0,"gold_gain":0,"player_choice":"Bought 3 Potions","damage_taken":0,"max_hp_gain":0,"max_hp_loss":0,"event_name":"The Woman in Blue","floor":24,"gold_loss":0}],"is_beta":false,"boss_relics":[{"not_picked":["Sozu","SlaversCollar"],"picked":"Replay:Bronze Core"},{"not_picked":["Honey Jar","Replay:Drink Me"],"picked":"MiniYoumu"}],"items_purged_floors":[],"is_endless":false,"potions_floor_spawned":[10,13,14,16,18,28,31],"killed_by":"3 Shapes","ascension_level":0}}