{"host":"3e0ozxgvakhpyzf0","time":1610818026,"event":{"mods":["BaseMod","Colored Powertips","Googly Eyes","Hermit","Marisa????????","Minty Spire (QoL Compilation)","READ ME - Guardian Mod","StSLib","The Animator","The Bug Knight","The Cursed","The Servant 0.9.4"],"gold_per_floor":[114,114,114,114,79,106,116,135,135,135,95,156,176,176,176,271,271,286,303,316,332,343,343,359,48,48,62,62,89,89,103,103,103,103],"floor_reached":33,"language":"ENG","playtime":2172,"items_purged":[],"score":294,"play_id":"9ea0274f-49bb-4331-80a0-f3cb700c8038","local_time":"20210116122706","is_ascension_mode":false,"campfire_choices":[{"floor":10,"key":"RECALL"},{"data":"DarkSpark","floor":15,"key":"SMITH"},{"floor":23,"key":"REST"},{"floor":28,"key":"REST"},{"floor":30,"key":"REST"},{"floor":32,"key":"REST"}],"circlet_count":0,"master_deck":["Strike_MRS","Strike_MRS+1","Strike_MRS","Defend_MRS","Defend_MRS","Defend_MRS+1","Defend_MRS","MasterSpark+1","UpSweep","SporeBomb","EarthLightRay","OpenUniverse","OortCloud","EnergyRecoil+1","DarkSpark+1","AbsoluteMagnitude","LuminesStrike","DoubleSpark","MysteriousBeam","LuminesStrike","GalacticHalo+1","TreasureHunter","MysteriousBeam","SporeBomb","WitchOfGreed+1"],"relics":["MiniHakkero","NeowsBlessing","HollowMod:StagPassRelic","Fusion Hammer","Potion Belt","Toy Ornithopter","Tiny Chest","Frozen Egg 2"],"acts_visited":["Exordium","TheCity"],"potions_floor_usage":[16,16,22,22,31,33],"damage_taken":[{"damage":0,"enemies":"Jaw Worm","floor":1,"turns":1},{"damage":0,"enemies":"3 Sentries","floor":6,"turns":2},{"damage":0,"enemies":"Small Slimes","floor":7,"turns":1},{"damage":0,"enemies":"Cultist","floor":8,"turns":4},{"damage":12,"enemies":"2 Fungi Beasts","floor":13,"turns":4},{"damage":28,"enemies":"The Guardian","floor":16,"turns":8},{"damage":11,"enemies":"Spheric Guardian","floor":18,"turns":4},{"damage":0,"enemies":"Chosen","floor":19,"turns":4},{"damage":26,"enemies":"Snecko","floor":20,"turns":6},{"damage":35,"enemies":"Chosen and Byrds","floor":21,"turns":7},{"damage":8,"enemies":"Centurion and Healer","floor":22,"turns":4},{"damage":14,"enemies":"Shelled Parasite and Fungi","floor":24,"turns":6},{"damage":0,"enemies":"3 Cultists","floor":27,"turns":3},{"damage":22,"enemies":"Gremlin Leader","floor":29,"turns":7},{"damage":10,"enemies":"Snecko","floor":31,"turns":4},{"damage":96,"enemies":"Collector","floor":33,"turns":9}],"seed_played":"6379704739537909332","potions_obtained":[{"floor":1,"key":"AttackPotion"},{"floor":13,"key":"ColorlessPotion"},{"floor":18,"key":"Explosive Potion"},{"floor":20,"key":"Fire Potion"},{"floor":27,"key":"SteroidPotion"},{"floor":29,"key":"SkillPotion"}],"is_trial":false,"path_per_floor":["M","?","?","?","?","E","M","M","T","R","$","?","M","?","R","B",null,"M","M","M","M","M","R","M","$","T","M","R","E","R","M","R","B"],"character_chosen":"MARISA","items_purchased":["EnergyRecoil","Potion Belt","Toy Ornithopter"],"campfire_rested":4,"item_purchase_floors":[11,25,25],"current_hp_per_floor":[75,75,75,60,75,75,75,75,75,75,75,75,63,63,63,35,75,64,68,46,11,7,29,19,19,19,23,45,27,49,48,70,0,0],"gold":103,"neow_bonus":"THREE_ENEMY_KILL","is_daily":false,"chose_seed":false,"campfire_upgraded":1,"win_rate":0.0,"timestamp":1610818026,"path_taken":["M","?","?","?","?","E","?","M","T","R","$","?","M","?","R","BOSS","M","M","?","M","M","R","M","$","T","M","R","E","R","M","R","BOSS"],"items_purchased_type":["Card","Relic","Relic"],"build_version":"2020-12-22","purchased_purges":0,"victory":false,"max_hp_per_floor":[75,75,75,75,75,75,75,75,75,75,75,75,75,75,75,75,75,75,75,75,75,75,75,75,75,75,75,75,75,75,75,75,75,75],"card_choices":[{"not_picked":["GasGiant","6A"],"picked":"SporeBomb","floor":1},{"not_picked":["DarkSpark","IllusionStar"],"picked":"EarthLightRay","floor":6},{"not_picked":["BlazeAway","Robbery"],"picked":"OpenUniverse","floor":7},{"not_picked":["PulseMagic","AsteroidBelt"],"picked":"OortCloud","floor":8},{"not_picked":["DoubleSpark","6A"],"picked":"DarkSpark","floor":13},{"not_picked":["FinalSpark","BlazingStar"],"picked":"AbsoluteMagnitude","floor":16},{"not_picked":["ShootingEcho","RefractionSpark+1"],"picked":"LuminesStrike","floor":18},{"not_picked":["Singularity","IllusionStar"],"picked":"DoubleSpark","floor":19},{"not_picked":["ShootTheMoon+1","DoubleSpark"],"picked":"MysteriousBeam","floor":20},{"not_picked":["ShootingEcho","AlicesGift+1"],"picked":"LuminesStrike","floor":21},{"not_picked":["ShootingEcho+1","DC"],"picked":"GalacticHalo+1","floor":22},{"not_picked":["GalacticHalo","EnergyFlow"],"picked":"TreasureHunter","floor":24},{"not_picked":["GrandCross+1","UnstableBomb+1"],"picked":"MysteriousBeam","floor":27},{"not_picked":["MilkyWay+1","OortCloud+1"],"picked":"SporeBomb","floor":29},{"not_picked":["UnstableBomb","NonDirectionalLaser"],"picked":"WitchOfGreed+1","floor":31}],"player_experience":34070,"relics_obtained":[{"floor":6,"key":"HollowMod:StagPassRelic"},{"floor":26,"key":"Tiny Chest"},{"floor":29,"key":"Frozen Egg 2"}],"event_choices":[{"damage_healed":0,"gold_gain":0,"player_choice":"Ignored","damage_taken":0,"max_hp_gain":0,"max_hp_loss":0,"event_name":"Golden Idol","floor":2,"gold_loss":0},{"damage_healed":0,"gold_gain":0,"player_choice":"Grow","damage_taken":0,"max_hp_gain":0,"max_hp_loss":0,"event_name":"Living Wall","floor":3,"gold_loss":0,"cards_upgraded":["MasterSpark"]},{"damage_healed":0,"gold_gain":0,"player_choice":"Entered Light","damage_taken":15,"max_hp_gain":0,"max_hp_loss":0,"event_name":"Shining Light","floor":4,"gold_loss":0,"cards_upgraded":["Strike_MRS","Defend_MRS"]},{"damage_healed":18,"gold_gain":0,"player_choice":"Healed","damage_taken":0,"max_hp_gain":0,"max_hp_loss":0,"event_name":"The Cleric","floor":5,"gold_loss":35},{"damage_healed":0,"gold_gain":61,"player_choice":"Gained Gold","damage_taken":0,"max_hp_gain":0,"max_hp_loss":0,"event_name":"Golden Wing","floor":12,"gold_loss":0},{"cards_removed":["Strike_MRS"],"damage_healed":0,"gold_gain":0,"player_choice":"Purged","damage_taken":0,"max_hp_gain":0,"max_hp_loss":0,"event_name":"Purifier","floor":14,"gold_loss":0}],"is_beta":false,"boss_relics":[{"not_picked":["Sozu","SlaversCollar"],"picked":"Fusion Hammer"}],"items_purged_floors":[],"is_endless":false,"potions_floor_spawned":[1,13,18,20,27,29],"killed_by":"Collector","ascension_level":0}}