{"host":"drrjwv4o5ms3zsrm","time":1610769384,"event":{"mods":["100% Spire Juice","ATMod(°¢èªMod)","Act Like it!","Aspiration","BaseMod","CapriCore","Colored Powertips","Conspire","Friendly Minions","Gensokyo","Jedi Mod","Lobotomy","LobotomyExtend","Marisa£¨ìFÓê¡¡Ä§ÀíÉ³£©","Minty Spire (QoL Compilation)","MostiFishMod","Reimu£¨²©ÀöÁéÃÎ£©","Replay The Spire","RumiaBox-Â¶Ã×æ«µÄÉñÃØºÐ×Ó","StSLib","TestMod","The Alterego","The Gatherer","The Immortal","The Jungle","Waifu the Spire","WarShipGirlsR/Õ½½¢ÉÙÅ®R mod","[IsaacMod]ÒÔÈö¼âËþ","vexMod","¡¾ÒÅÎï¿¨ÅÆ¡¿REMEMod","óô»ðÖ¸ÄÏ"],"gold_per_floor":[110,126,137,17,29,29,64,64,87,87,103,122,136,165,165,262,22,42,42,53,70,10,43,43,43,43],"floor_reached":25,"language":"ZHS","playtime":978,"items_purged":[],"score":310,"play_id":"ba1a32db-487b-4546-bb83-169f539d7b0f","local_time":"20210116115624","is_ascension_mode":false,"campfire_choices":[{"data":"MostiFishMod:Dust","floor":6.0,"key":"SMITH"},{"data":"Moonworks:JonathanRush","floor":8.0,"key":"SMITH"},{"data":"Moonworks:Strike","floor":15.0,"key":"PURGE"},{"data":"Moonworks:Strike","floor":24.0,"key":"PURGE"}],"circlet_count":0,"master_deck":["Moonworks:Strike","Moonworks:Strike","Moonworks:Defend","Moonworks:Defend","Moonworks:Defend","Moonworks:Defend","Moonworks:Ambush","Moonworks:LongDistanceShot","AT_FamilyPortrait+1","MostiFishMod:Dust+1","Moonworks:JonathanRush+1","Moonworks:LulusLuckyEgg","Moonworks:JonathanRush+1","Moonworks:CloudOfSeagulls","Moonworks:NicePresent","Moonworks:NicePresent","Moonworks:MetallicMonocoque","Moonworks:JonathanRush+1","Moonworks:EvilSpyWorkPreparation"],"relics":["Moonworks:BrokenBomb","Moonworks:Homemark","testmod-TestBox","DaveBox","HushsDoor","AT_ATBox","REME_ComplimentaryCards","BelialBook","ImprovedEquipment","testmod-AssaultLearning","SynthV:TestCard","jedi:HeartOfTheCards","Leech","Peace Pipe","LetterFromLob","aspiration:FutureDiary","NineVolt"],"acts_visited":["Exordium","TheCity"],"potions_floor_usage":[],"damage_taken":[{"damage":1.0,"enemies":"Cultist","floor":1.0,"turns":3.0},{"damage":7.0,"enemies":"2 Louse","floor":2.0,"turns":2.0},{"damage":2.0,"enemies":"Jaw Worm","floor":3.0,"turns":2.0},{"damage":0.0,"enemies":"Large Slime","floor":5.0,"turns":6.0},{"damage":14.0,"enemies":"Gremlin Nob","floor":7.0,"turns":4.0},{"damage":6.0,"enemies":"2 Fungi Beasts","floor":11.0,"turns":2.0},{"damage":0.0,"enemies":"Gremlin Gang","floor":12.0,"turns":1.0},{"damage":12.0,"enemies":"Large Slime","floor":13.0,"turns":6.0},{"damage":0.0,"enemies":"Lagavulin","floor":14.0,"turns":3.0},{"damage":13.0,"enemies":"The Guardian","floor":16.0,"turns":7.0},{"damage":1.0,"enemies":"Chosen","floor":18.0,"turns":3.0},{"damage":19.0,"enemies":"conspire:FuzzyDice","floor":20.0,"turns":4.0},{"damage":4.0,"enemies":"Centurion and Healer","floor":21.0,"turns":6.0},{"damage":0.0,"enemies":"conspire:Head Lice","floor":23.0,"turns":5.0},{"damage":0,"enemies":"Snake Plant","floor":25,"turns":1}],"seed_played":"7506606435776068691","potions_obtained":[{"floor":1.0,"key":"SteroidPotion"},{"floor":7.0,"key":"REME_GoldPotion"},{"floor":11.0,"key":"SteroidPotion"},{"floor":12.0,"key":"Energy Potion"},{"floor":16.0,"key":"AttackPotion"},{"floor":21.0,"key":"PowerPotion"}],"is_trial":false,"path_per_floor":["M","M","M","?","M","R","E","R","T","?","M","M","M","E","R","B",null,"M","?","M","M","?","E","R","M"],"character_chosen":"THE_STARBREAKER","items_purchased":[],"campfire_rested":0,"item_purchase_floors":[],"current_hp_per_floor":[59,52,50,50,57,57,43,43,43,43,38,38,31,33,33,26,60,60,60,42,43,43,47,47,47,47],"gold":43,"neow_bonus":"UPGRADE_CARD","is_daily":false,"chose_seed":false,"campfire_upgraded":2,"win_rate":0.0,"timestamp":1610769384,"path_taken":["M","M","M","?","M","R","E","R","T","?","M","?","M","E","R","BOSS","M","?","M","?","?","E","R","M"],"items_purchased_type":[],"build_version":"2020-12-22","purchased_purges":0,"victory":false,"max_hp_per_floor":[60,60,60,60,60,60,60,60,60,60,60,60,60,60,60,60,60,60,60,60,60,60,60,60,60,60],"card_choices":[{"not_picked":["Moonworks:UnpaidWork","Moonworks:BigMagnum","Moonworks:BindingChains"],"picked":"SKIP","floor":1.0},{"not_picked":["Moonworks:TacticalRetreat","Moonworks:MixPhenomenon","Moonworks:Assault","Moonworks:SweetBattle"],"picked":"Moonworks:JonathanRush","floor":2.0},{"not_picked":["Moonworks:LulusLuckyEgg","Moonworks:MiracleWalker","Moonworks:Blazing","Moonworks:SakisCookie"],"picked":"Bomb","floor":3.0},{"not_picked":["Moonworks:DevilHand","Moonworks:ImOnFire","Moonworks:IndiscriminateFireSupport","Moonworks:CookingTime"],"picked":"Moonworks:LulusLuckyEgg","floor":5.0},{"not_picked":["Moonworks:BindingChains","Moonworks:SealedMemories","Moonworks:DeployBits","Moonworks:IndiscriminateFireSupport"],"picked":"Moonworks:JonathanRush","floor":7.0},{"not_picked":["Moonworks:BigMagnum","Moonworks:WindyEnchantment","Moonworks:DeployBits","Bomb"],"picked":"Moonworks:CloudOfSeagulls","floor":11.0},{"not_picked":["Moonworks:x16BigRocket","Moonworks:StiffCrystal","Moonworks:CompletionReward","Moonworks:FinalBattle","Moonworks:SakisCookie"],"picked":"SKIP","floor":12.0},{"not_picked":["Moonworks:CloudOfSeagulls","Moonworks:IndiscriminateFireSupport","Moonworks:RagingMadness","Moonworks:LulusLuckyEgg"],"picked":"Moonworks:NicePresent","floor":13.0},{"not_picked":["Moonworks:SelfDestruct","Moonworks:CloudOfSeagulls","Moonworks:IndiscriminateFireSupport","Moonworks:EvilSpyWorkPreparation"],"picked":"Moonworks:NicePresent","floor":14.0},{"not_picked":["Moonworks:StarBlastingFuse","Moonworks:GoAway","Moonworks:FinalBattle","Moonworks:RocketCannon"],"picked":"Moonworks:MetallicMonocoque","floor":16.0},{"not_picked":["Moonworks:StiffCrystal","Moonworks:LulusLuckyEgg","Moonworks:BigMagnum+1","Moonworks:DeployBits","Moonworks:MiracleWalker"],"picked":"SKIP","floor":18.0},{"not_picked":["Moonworks:Poppoformation","Moonworks:DeployBits","Moonworks:AngelHand","Moonworks:LulusLuckyEgg"],"picked":"Moonworks:JonathanRush+1","floor":20.0},{"not_picked":["Moonworks:LulusLuckyEgg+1","Moonworks:IndiscriminateFireSupport","Moonworks:ScrambledEve+1","Moonworks:JonathanRush"],"picked":"Moonworks:EvilSpyWorkPreparation","floor":21.0},{"not_picked":["Moonworks:StiffCrystal","Moonworks:ImOnFire","Moonworks:IndiscriminateFireSupport+1","Moonworks:MixPhenomenon","Moonworks:SakisCookie"],"picked":"SKIP","floor":23.0}],"player_experience":411153,"relics_obtained":[{"floor":1.0,"key":"SynthV:TestCard"},{"floor":7.0,"key":"jedi:HeartOfTheCards"},{"floor":9.0,"key":"Leech"},{"floor":14.0,"key":"Peace Pipe"},{"floor":16.0,"key":"LetterFromLob"},{"floor":23.0,"key":"NineVolt"}],"event_choices":[{"damage_healed":0.0,"max_hp_gain":0.0,"max_hp_loss":0.0,"gold_gain":0.0,"event_name":"Upgrade Shrine","player_choice":"Upgraded","floor":10.0,"gold_loss":0.0,"damage_taken":0.0,"cards_upgraded":["Moonworks:JonathanRush"]},{"damage_healed":0.0,"max_hp_gain":0.0,"max_hp_loss":0.0,"gold_gain":0.0,"event_name":"Cursed Tome","player_choice":"Ignored","floor":19.0,"gold_loss":0.0,"damage_taken":0.0}],"is_beta":false,"boss_relics":[{"not_picked":["Painkiller Herb","testmod-Fanaticism"],"picked":"aspiration:FutureDiary"},{"not_picked":[]}],"items_purged_floors":[],"is_endless":false,"potions_floor_spawned":[1,7,11,12,16,18,21],"killed_by":"Snake Plant","ascension_level":0}}