{"host":"ml2ro5l6hu6y0pll","time":1610810012,"event":{"mods":["AchievementEnabler","BaseMod","Colored Map","Colored Powertips","Custom Start","Googly Eyes","Minty Spire (QoL Compilation)","Quick Restart","Rare Cards Sparkle","Relic Stats","StSLib","everything is the same but u backflip on backflip"],"gold_per_floor":[115,33,108,123,123,157,168,185,185,185,185,185,211,211,211,290,290,305,305,96,108,108,143,143,143,166,179,104,104,8,38,38,111,111,123,134,134,9,19,46,46,74,74,90,90,102,102,117,117,117],"floor_reached":51,"language":"ENG","playtime":3051,"items_purged":["Strike_B"],"score":1355,"play_id":"2d7ed4e7-96ec-4747-b362-be4d48b07191","local_time":"20210116151332","is_ascension_mode":true,"campfire_choices":[{"data":"Loop","floor":10,"key":"SMITH"},{"data":"Tempest","floor":12,"key":"SMITH"},{"data":"Capacitor","floor":15,"key":"SMITH"},{"data":"Ghostly","floor":24,"key":"SMITH"},{"floor":29,"key":"REST"},{"floor":32,"key":"REST"},{"floor":41,"key":"REST"},{"floor":45,"key":"REST"},{"floor":47,"key":"REST"},{"floor":49,"key":"REST"}],"circlet_count":0,"master_deck":["AscendersBane","Defend_B","Defend_B","Defend_B","Defend_B","Zap","Dualcast","Cold Snap+1","Loop+1","Capacitor+1","Coolheaded","Tempest+1","Echo Form","White Noise","Ball Lightning+1","Ghostly+1","Ghostly","Ghostly","Ghostly","Ghostly","Barrage","Ball Lightning","Loop","Doom and Gloom","Reboot","Coolheaded","Loop","White Noise","Core Surge","Turbo"],"relics":["Cracked Core","NeowsBlessing","Anchor","Happy Flower","Dream Catcher","HornCleat","Runic Pyramid","Membership Card","Strawberry","Akabeko","Bag of Preparation","Blood Vial","Fusion Hammer","Omamori","Turnip","Whetstone","Bottled Lightning"],"acts_visited":["Exordium","TheCity","TheBeyond"],"potions_floor_usage":[18,23,50],"damage_taken":[{"damage":0,"enemies":"Cultist","floor":1,"turns":1},{"damage":0,"enemies":"Small Slimes","floor":4,"turns":1},{"damage":0,"enemies":"Gremlin Nob","floor":6,"turns":1},{"damage":0,"enemies":"2 Louse","floor":7,"turns":3},{"damage":7,"enemies":"Looter","floor":8,"turns":3},{"damage":26,"enemies":"Hexaghost","floor":16,"turns":13},{"damage":19,"enemies":"3 Byrds","floor":18,"turns":4},{"damage":15,"enemies":"Shell Parasite","floor":21,"turns":5},{"damage":3,"enemies":"Slavers","floor":23,"turns":9},{"damage":6,"enemies":"Shelled Parasite and Fungi","floor":27,"turns":6},{"damage":14,"enemies":"Gremlin Leader","floor":31,"turns":8},{"damage":33,"enemies":"Collector","floor":33,"turns":11},{"damage":3,"enemies":"3 Darklings","floor":35,"turns":6},{"damage":0,"enemies":"3 Shapes","floor":36,"turns":3},{"damage":0,"enemies":"3 Darklings","floor":39,"turns":4},{"damage":0,"enemies":"Giant Head","floor":40,"turns":10},{"damage":0,"enemies":"Nemesis","floor":42,"turns":9},{"damage":0,"enemies":"Jaw Worm Horde","floor":44,"turns":5},{"damage":0,"enemies":"Maw","floor":46,"turns":9},{"damage":0,"enemies":"Transient","floor":48,"turns":5},{"damage":29,"enemies":"Donu and Deca","floor":50,"turns":10}],"seed_played":"5639130095163370232","potions_obtained":[{"floor":4,"key":"Energy Potion"},{"floor":6,"key":"Energy Potion"},{"floor":16,"key":"PowerPotion"},{"floor":18,"key":"Ancient Potion"},{"floor":31,"key":"LiquidBronze"},{"floor":36,"key":"Swift Potion"},{"floor":39,"key":"Explosive Potion"}],"is_trial":false,"path_per_floor":["M","$","?","M","?","E","M","M","T","R","?","R","T","?","R","B",null,"M","?","$","M","?","E","R","?","T","M","?","R","$","E","R","B",null,"M","M","?","$","M","E","R","E","T","M","R","M","R","M","R","B",null],"character_chosen":"DEFECT","items_purchased":["Loop","Membership Card","Ball Lightning","Bag of Preparation","Loop","Loop","White Noise","Core Surge"],"campfire_rested":6,"item_purchase_floors":[2,20,20,30,30,38,38,38],"current_hp_per_floor":[68,68,57,57,57,57,57,50,50,50,50,50,50,43,43,17,61,42,42,42,27,27,31,31,25,25,19,19,33,33,19,33,2,37,36,38,38,38,40,42,49,49,49,49,49,49,49,49,49,20],"gold":117,"neow_bonus":"THREE_ENEMY_KILL","is_daily":false,"chose_seed":false,"campfire_upgraded":4,"win_rate":0.0,"timestamp":1610810012,"path_taken":["M","$","?","M","?","E","M","M","T","R","?","R","?","?","R","BOSS","M","?","$","?","?","E","R","?","T","M","?","R","?","E","R","BOSS","M","M","?","$","M","E","R","E","T","?","R","M","R","M","R","BOSS"],"items_purchased_type":["Card","Relic","Card","Relic","Card","Card","Card","Card"],"build_version":"2020-12-22","purchased_purges":1,"victory":true,"max_hp_per_floor":[75,75,75,75,75,75,75,75,75,75,75,75,75,75,75,75,75,75,75,75,75,37,44,44,49,49,49,49,49,49,49,49,49,49,49,49,49,49,49,49,49,49,49,49,49,49,49,49,49,49],"relic_stats":{"Blood Vial":10,"Dream Catcher":6,"Happy Flower":[39],"counters":[21,125],"Turnip":[3],"Bag of Preparation":[22],"Whetstone":["Ball Lightning","Cold Snap"],"obtain_stats":[{"NeowsBlessing":0,"Happy Flower":9,"Bag of Preparation":30,"Omamori":37,"Whetstone":42,"Akabeko":26,"Blood Vial":31,"Anchor":6,"Dream Catcher":13,"HornCleat":14,"Strawberry":23,"Fusion Hammer":34,"Turnip":40,"Membership Card":20,"Bottled Lightning":43,"Cracked Core":0,"Runic Pyramid":17},{"NeowsBlessing":0,"Happy Flower":5,"Bag of Preparation":10,"Omamori":14,"Whetstone":17,"Akabeko":9,"Blood Vial":11,"Anchor":3,"Dream Catcher":5,"HornCleat":5,"Strawberry":9,"Fusion Hammer":12,"Turnip":16,"Membership Card":7,"Bottled Lightning":17,"Cracked Core":0,"Runic Pyramid":6},{"NeowsBlessing":0,"Happy Flower":9,"Bag of Preparation":46,"Omamori":73,"Whetstone":96,"Akabeko":40,"Blood Vial":54,"Anchor":3,"Dream Catcher":9,"HornCleat":9,"Strawberry":40,"Fusion Hammer":65,"Turnip":87,"Membership Card":26,"Bottled Lightning":96,"Cracked Core":0,"Runic Pyramid":22}]},"card_choices":[{"not_picked":["Aggregate","Beam Cell"],"picked":"Cold Snap","floor":1},{"not_picked":["Auto Shields","Blizzard","Streamline"],"picked":"SKIP","floor":4},{"not_picked":["Double Energy","Conserve Battery"],"picked":"Capacitor","floor":6},{"not_picked":["Fusion","Cold Snap"],"picked":"Coolheaded","floor":7},{"not_picked":["BootSequence","Thunder Strike","Storm"],"picked":"SKIP","floor":8},{"not_picked":["Hyperbeam","Multi-Cast"],"picked":"Echo Form","floor":16},{"not_picked":["Double Energy","Leap"],"picked":"White Noise","floor":18},{"not_picked":["Steam","Gash","Redo"],"picked":"SKIP","floor":21},{"not_picked":["Hyperbeam","Streamline"],"picked":"Barrage","floor":23},{"not_picked":["Force Field+1","Gash","Beam Cell"],"picked":"SKIP","floor":27},{"not_picked":["Turbo","Steam"],"picked":"Ball Lightning","floor":29},{"not_picked":["Multi-Cast","Steam","Hyperbeam"],"picked":"SKIP","floor":31},{"not_picked":["Stack","Conserve Battery"],"picked":"Doom and Gloom","floor":32},{"not_picked":["Multi-Cast","Creative AI"],"picked":"Reboot","floor":33},{"not_picked":["Rebound","Redo"],"picked":"Coolheaded","floor":35},{"not_picked":["Leap","Tempest","Hologram"],"picked":"SKIP","floor":36},{"not_picked":["Go for the Eyes","Hologram","Redo"],"picked":"SKIP","floor":39},{"not_picked":["FTL","Ball Lightning","Coolheaded+1"],"picked":"SKIP","floor":40},{"not_picked":["Storm","Compile Driver","Machine Learning"],"picked":"SKIP","floor":42},{"not_picked":["Stack+1","Ball Lightning+1","Go for the Eyes"],"picked":"SKIP","floor":44},{"not_picked":["Leap+1","Go for the Eyes+1"],"picked":"Turbo","floor":45},{"not_picked":["Tempest","Reprogram","Lockon"],"picked":"SKIP","floor":46},{"not_picked":["Leap","Compile Driver","Gash+1"],"picked":"SKIP","floor":48}],"player_experience":803410,"relics_obtained":[{"floor":6,"key":"Anchor"},{"floor":9,"key":"Happy Flower"},{"floor":13,"key":"Dream Catcher"},{"floor":23,"key":"Strawberry"},{"floor":26,"key":"Akabeko"},{"floor":31,"key":"Blood Vial"},{"floor":40,"key":"Turnip"},{"floor":42,"key":"Whetstone"},{"floor":43,"key":"Bottled Lightning"}],"event_choices":[{"damage_healed":0,"gold_gain":75,"player_choice":"Gather Gold","damage_taken":11,"max_hp_gain":0,"max_hp_loss":0,"event_name":"World of Goop","floor":3,"gold_loss":0},{"damage_healed":0,"gold_gain":0,"player_choice":"Ignored","damage_taken":0,"max_hp_gain":0,"max_hp_loss":0,"event_name":"Liars Game","floor":5,"gold_loss":0},{"damage_healed":0,"gold_gain":0,"cards_transformed":["Strike_B"],"player_choice":"Change","damage_taken":0,"max_hp_gain":0,"max_hp_loss":0,"event_name":"Living Wall","floor":11,"gold_loss":0,"cards_obtained":["Tempest"]},{"damage_healed":0,"gold_gain":0,"player_choice":"Success","damage_taken":7,"relics_obtained":["HornCleat"],"max_hp_gain":0,"max_hp_loss":0,"event_name":"Scrap Ooze","floor":14,"gold_loss":0},{"cards_removed":["Strike_B"],"damage_healed":0,"gold_gain":0,"player_choice":"Purged","damage_taken":0,"max_hp_gain":0,"max_hp_loss":0,"event_name":"Purifier","floor":19,"gold_loss":0},{"damage_healed":0,"gold_gain":0,"player_choice":"Became a Ghost","damage_taken":0,"max_hp_gain":0,"max_hp_loss":38,"event_name":"Ghosts","floor":22,"gold_loss":0,"cards_obtained":["Ghostly","Ghostly","Ghostly","Ghostly","Ghostly"]},{"damage_healed":0,"gold_gain":0,"player_choice":"Shed Blood","damage_taken":11,"max_hp_gain":5,"max_hp_loss":0,"event_name":"Forgotten Altar","floor":25,"gold_loss":0},{"cards_removed":["Strike_B"],"damage_healed":0,"gold_gain":0,"player_choice":"Gave Gold","damage_taken":0,"max_hp_gain":0,"max_hp_loss":0,"event_name":"Beggar","floor":28,"gold_loss":75},{"damage_healed":0,"gold_gain":0,"player_choice":"Gave Potion","damage_taken":0,"relics_obtained":["Omamori"],"max_hp_gain":0,"max_hp_loss":0,"event_name":"WeMeetAgain","floor":37,"gold_loss":0}],"is_beta":false,"boss_relics":[{"not_picked":["FrozenCore","SacredBark"],"picked":"Runic Pyramid"},{"not_picked":["Busted Crown","SlaversCollar"],"picked":"Fusion Hammer"}],"items_purged_floors":[20],"is_endless":false,"potions_floor_spawned":[4,6,16,18,31,36,39,48],"ascension_level":13}}