{"host":"5icjlaq41ghjcr7h","time":1610838338,"event":{"mods":["AchievementEnabler","BaseMod","Colored Map","Minty Spire (QoL Compilation)","SuperFastMode","everything is the same but u backflip on backflip"],"gold_per_floor":[112,62,27,45,45,70,70,82,82,112,129,140,173,348,348,443,443,461,477,178,196,196,196,225,225,225,252,114,139,153,171,171,275,275,292,292,137,147,22,49,95,122,196,222,222,233,0,15,15,15,15,15,15,46,46,46],"floor_reached":55,"language":"KOR","playtime":1974,"items_purged":["Strike_B","Strike_B","Defend_B"],"score":1026,"play_id":"c54579fb-f375-4b12-88ac-b43ddd7de7d7","local_time":"20210117080538","is_ascension_mode":true,"campfire_choices":[{"data":"Storm","floor":7,"key":"SMITH"},{"data":"Electrodynamics","floor":15,"key":"SMITH"},{"floor":23,"key":"RECALL"},{"data":"Buffer","floor":25,"key":"SMITH"},{"data":"Storm","floor":32,"key":"SMITH"},{"data":"Creative AI","floor":49,"key":"SMITH"},{"data":"Biased Cognition","floor":52,"key":"SMITH"}],"circlet_count":0,"master_deck":["Defend_B","Defend_B","Zap","Dualcast","Storm+1","Self Repair","Thunder Strike","Ball Lightning","Conserve Battery","Self Repair","Ball Lightning","Tempest","Electrodynamics+1","Doubt","Buffer+1","Chill+1","Genetic Algorithm","Turbo","Storm+1","Reinforced Body+1","Self Repair","Creative AI+1","CurseOfTheBell","Machine Learning","Biased Cognition+1","Turbo+1","Double Energy+1","Capacitor","Storm+1"],"relics":["Cracked Core","NeowsBlessing","Torii","Ginger","Lantern","Ice Cream","Velvet Choker","Runic Capacitor","Enchiridion","Pantograph","Unceasing Top","Bird Faced Urn","Calling Bell","Dream Catcher","White Beast Statue","FossilizedHelix","Sling","MealTicket","StoneCalendar","Prayer Wheel","Toxic Egg 2","Singing Bowl","Red Mask","Bag of Preparation"],"acts_visited":["TheCity","TheBeyond","TheEnding"],"potions_floor_usage":[12,13,18,27,33,33,40,41,41,42,50,50,55,55],"damage_taken":[{"damage":0,"enemies":"2 Louse","floor":1,"turns":1},{"damage":0,"enemies":"Jaw Worm","floor":4,"turns":1},{"damage":0,"enemies":"Lagavulin","floor":6,"turns":2},{"damage":6,"enemies":"Cultist","floor":8,"turns":3},{"damage":20,"enemies":"Gremlin Nob","floor":10,"turns":4},{"damage":10,"enemies":"Red Slaver","floor":11,"turns":3},{"damage":6,"enemies":"3 Louse","floor":12,"turns":3},{"damage":36,"enemies":"Lagavulin","floor":13,"turns":4},{"damage":0,"enemies":"Slime Boss","floor":16,"turns":5},{"damage":27,"enemies":"3 Byrds","floor":18,"turns":3},{"damage":12,"enemies":"Spheric Guardian","floor":19,"turns":4},{"damage":16,"enemies":"Snake Plant","floor":21,"turns":3},{"damage":21,"enemies":"Book of Stabbing","floor":24,"turns":4},{"damage":0,"enemies":"Gremlin Leader","floor":27,"turns":4},{"damage":13,"enemies":"Book of Stabbing","floor":29,"turns":4},{"damage":8,"enemies":"Snecko","floor":30,"turns":5},{"damage":0,"enemies":"Cultist and Chosen","floor":31,"turns":4},{"damage":1,"enemies":"Automaton","floor":33,"turns":5},{"damage":0,"enemies":"Orb Walker","floor":35,"turns":3},{"damage":0,"enemies":"3 Shapes","floor":38,"turns":4},{"damage":0,"enemies":"Giant Head","floor":40,"turns":7},{"damage":0,"enemies":"2 Orb Walkers","floor":41,"turns":4},{"damage":0,"enemies":"Reptomancer","floor":42,"turns":3},{"damage":12,"enemies":"Nemesis","floor":44,"turns":5},{"damage":0,"enemies":"Transient","floor":46,"turns":5},{"damage":0,"enemies":"Sphere and 2 Shapes","floor":48,"turns":4},{"damage":39,"enemies":"Donu and Deca","floor":50,"turns":4},{"damage":22,"enemies":"Shield and Spear","floor":54,"turns":2},{"damage":124,"enemies":"The Heart","floor":55,"turns":5}],"seed_played":"7066804971134441855","potions_obtained":[{"floor":6,"key":"Swift Potion"},{"floor":8,"key":"PotionOfCapacity"},{"floor":11,"key":"Swift Potion"},{"floor":19,"key":"Swift Potion"},{"floor":24,"key":"Strength Potion"},{"floor":29,"key":"AttackPotion"},{"floor":31,"key":"LiquidBronze"},{"floor":33,"key":"LiquidBronze"},{"floor":35,"key":"LiquidBronze"},{"floor":40,"key":"BlessingOfTheForge"},{"floor":41,"key":"FocusPotion"},{"floor":42,"key":"EssenceOfSteel"},{"floor":44,"key":"EssenceOfSteel"},{"floor":46,"key":"PotionOfCapacity"},{"floor":48,"key":"Energy Potion"},{"floor":54,"key":"Strength Potion"}],"is_trial":false,"path_per_floor":["M","?","$","M","?","E","R","M","T","E","M","M","E","?","R","B",null,"M","M","$","M","?","R","E","R","T","E","$","E","M","M","R","B",null,"M","?","$","M","$","E","?","E","T","E","?","M","?","M","R","B",null,"R","$","E","B"],"character_chosen":"DEFECT","items_purchased":["Storm","Runic Capacitor","Genetic Algorithm","Storm","Sling"],"campfire_rested":0,"item_purchase_floors":[3,20,20,28,37],"current_hp_per_floor":[75,75,75,75,75,75,75,75,75,62,66,74,52,52,52,66,75,62,64,64,55,39,39,32,32,32,39,39,40,56,75,75,75,75,75,75,75,75,75,75,75,75,75,75,75,77,77,79,79,62,79,79,79,66,0,0],"gold":46,"neow_bonus":"THREE_ENEMY_KILL","is_daily":false,"chose_seed":false,"campfire_upgraded":6,"win_rate":0.0,"timestamp":1610838338,"path_taken":["M","?","$","M","?","E","R","M","T","E","M","M","E","?","R","BOSS","M","M","$","M","?","R","E","R","T","E","$","E","M","M","R","BOSS","M","?","$","?","?","E","?","E","T","E","?","M","?","M","R","BOSS","R","$","E","BOSS"],"items_purchased_type":["Card","Relic","Card","Card","Relic"],"build_version":"2020-12-22","purchased_purges":3,"victory":false,"max_hp_per_floor":[75,75,75,75,75,75,75,75,75,75,75,75,75,75,75,75,75,75,75,75,75,75,75,75,75,75,75,75,75,75,75,75,75,75,75,75,75,75,75,75,75,75,75,75,75,77,77,79,79,79,79,79,79,79,79,79],"card_choices":[{"not_picked":["Streamline","Redo","Leap"],"picked":"SKIP","floor":1},{"not_picked":["Go for the Eyes","White Noise"],"picked":"Self Repair","floor":4},{"not_picked":["Lockon","Tempest"],"picked":"Ball Lightning","floor":6},{"not_picked":["FTL","Leap"],"picked":"Conserve Battery","floor":8},{"not_picked":["Conserve Battery","Force Field"],"picked":"Self Repair","floor":10},{"not_picked":["Melter","Sweeping Beam"],"picked":"Ball Lightning","floor":11},{"not_picked":["Streamline","Rebound"],"picked":"Tempest","floor":12},{"not_picked":["Conserve Battery","Fusion"],"picked":"Electrodynamics","floor":13},{"not_picked":["Fission","Meteor Strike"],"picked":"Buffer","floor":16},{"not_picked":["Stack","Auto Shields"],"picked":"Chill+1","floor":18},{"not_picked":["Auto Shields","Aggregate","Ball Lightning"],"picked":"SKIP","floor":19},{"not_picked":["Hologram","Compile Driver","Steam Power"],"picked":"SKIP","floor":21},{"not_picked":["Coolheaded","Beam Cell"],"picked":"Turbo","floor":24},{"not_picked":["Sweeping Beam","Sunder","Gash"],"picked":"SKIP","floor":27},{"not_picked":["Multi-Cast","Reprogram"],"picked":"Reinforced Body+1","floor":29},{"not_picked":["Redo","Rip and Tear","Genetic Algorithm"],"picked":"SKIP","floor":30},{"not_picked":["Ball Lightning+1","Gash"],"picked":"Self Repair","floor":31},{"not_picked":["Reboot","Amplify"],"picked":"Creative AI","floor":33},{"not_picked":["Streamline+1","Reprogram+1"],"picked":"Machine Learning","floor":35},{"not_picked":["Coolheaded+1","BootSequence+1","Redo"],"picked":"SKIP","floor":38},{"not_picked":["Hologram+1","Chill+1","Cold Snap"],"picked":"SKIP","floor":40},{"not_picked":["Barrage+1","Doom and Gloom+1"],"picked":"Stack","floor":41},{"not_picked":["Streamline","Steam"],"picked":"Biased Cognition","floor":42},{"not_picked":["Glacier+1","Ball Lightning"],"picked":"Turbo+1","floor":44},{"not_picked":["Compile Driver","Hologram+1","Streamline"],"picked":"Singing Bowl","floor":46},{"not_picked":["Steam Power+1","Streamline"],"picked":"Double Energy+1","floor":46},{"not_picked":["Undo+1","Cold Snap+1"],"picked":"Capacitor","floor":48},{"not_picked":["Chill+1","Rebound","Ball Lightning"],"picked":"Singing Bowl","floor":48},{"not_picked":["Ball Lightning","Chaos+1"],"picked":"Storm+1","floor":54}],"player_experience":124252,"relics_obtained":[{"floor":6,"key":"Torii"},{"floor":9,"key":"Ginger"},{"floor":10,"key":"Lantern"},{"floor":13,"key":"Ice Cream"},{"floor":22,"key":"Enchiridion"},{"floor":24,"key":"Pantograph"},{"floor":27,"key":"Unceasing Top"},{"floor":29,"key":"Bird Faced Urn"},{"floor":34,"key":"Dream Catcher"},{"floor":34,"key":"White Beast Statue"},{"floor":34,"key":"FossilizedHelix"},{"floor":40,"key":"MealTicket"},{"floor":41,"key":"StoneCalendar"},{"floor":42,"key":"Prayer Wheel"},{"floor":43,"key":"Toxic Egg 2"},{"floor":44,"key":"Singing Bowl"},{"floor":54,"key":"Bag of Preparation"}],"event_choices":[{"cards_removed":["Strike_B"],"damage_healed":0,"gold_gain":0,"player_choice":"Card Removal","damage_taken":0,"max_hp_gain":0,"max_hp_loss":0,"event_name":"The Cleric","floor":2,"gold_loss":50},{"damage_healed":0,"gold_gain":0,"cards_transformed":["Strike_B"],"player_choice":"Change","damage_taken":0,"max_hp_gain":0,"max_hp_loss":0,"event_name":"Living Wall","floor":5,"gold_loss":0,"cards_obtained":["Thunder Strike"]},{"damage_healed":0,"gold_gain":175,"player_choice":"AGREE","damage_taken":0,"max_hp_gain":0,"max_hp_loss":0,"event_name":"Liars Game","floor":14,"gold_loss":0,"cards_obtained":["Doubt"]},{"damage_healed":0,"gold_gain":0,"player_choice":"Obtained Book","damage_taken":16,"max_hp_gain":0,"max_hp_loss":0,"event_name":"Cursed Tome","floor":22,"gold_loss":0},{"cards_removed":["Defend_B"],"damage_healed":0,"gold_gain":0,"player_choice":"Purged","damage_taken":0,"max_hp_gain":0,"max_hp_loss":0,"event_name":"Purifier","floor":36,"gold_loss":0},{"damage_healed":0,"gold_gain":0,"player_choice":"Fight","damage_taken":0,"max_hp_gain":0,"max_hp_loss":0,"event_name":"Mysterious Sphere","floor":41,"gold_loss":0},{"cards_removed":["Stack"],"damage_healed":0,"gold_gain":0,"player_choice":"Removed Skill","damage_taken":0,"max_hp_gain":0,"max_hp_loss":0,"event_name":"Falling","floor":45,"gold_loss":0},{"damage_healed":0,"gold_gain":0,"player_choice":"Paid","damage_taken":0,"relics_obtained":["Red Mask"],"max_hp_gain":0,"max_hp_loss":0,"event_name":"Tomb of Lord Red Mask","floor":47,"gold_loss":233}],"is_beta":false,"boss_relics":[{"not_picked":["Cursed Key","Busted Crown"],"picked":"Velvet Choker"},{"not_picked":["Tiny House","Pandora\u0027s Box"],"picked":"Calling Bell"}],"items_purged_floors":[20,28,39],"is_endless":false,"potions_floor_spawned":[6,8,11,19,24,29,31,33,35,38,40,41,42,44,46,48,54],"killed_by":"The Heart","ascension_level":2}}