{"host":"vyjryxuuuxkt43k4","time":1610771149,"event":{"mods":["AchievementEnabler","BaseMod","Colored Map","DeckTracker","Minty Spire (QoL Compilation)","Permanent Neow","Quick Restart","StSLib","SuperFastMode","everything is the same but u backflip on backflip"],"gold_per_floor":[11,30,46,46,59,59,92,92,164,182,182,202,212,246,258,373,385,407,419,431,462,484,496,536,648,660,672,684,696,740,769,781,793,793],"floor_reached":33,"language":"KOR","playtime":3543,"items_purged":[],"score":411,"play_id":"368d2d12-cd24-49b0-bbf8-af1e228bc85a","local_time":"20210116132549","is_ascension_mode":true,"campfire_choices":[{"data":"Bludgeon","floor":6.0,"key":"SMITH"},{"data":"Armaments","floor":8.0,"key":"SMITH"},{"data":"Body Slam","floor":11.0,"key":"SMITH"},{"floor":15.0,"key":"REST"},{"data":"Exhume","floor":23.0,"key":"SMITH"},{"data":"Corruption","floor":27.0,"key":"SMITH"},{"data":"Ghostly","floor":29.0,"key":"SMITH"},{"data":"Ghostly","floor":32.0,"key":"SMITH"}],"circlet_count":0,"master_deck":["Strike_R","Strike_R","Strike_R","Defend_R","Defend_R","Defend_R","Defend_R","Bash","Exhume+1","Bludgeon+1","Pommel Strike","Cleave","Berserk+1","Flame Barrier","Armaments+1","Body Slam+1","Uppercut","Reaper","Corruption+1","True Grit+1","Ghostly+1","Ghostly+1","Ghostly","Ghostly","Ghostly","Iron Wave+1","Headbutt","Flex+1","Shrug It Off","Inflame"],"relics":["Burning Blood","CaptainsWheel","Paper Frog","MawBank","Sozu","PreservedInsect","Question Card","MealTicket"],"acts_visited":["Exordium","TheCity"],"potions_floor_usage":[],"damage_taken":[{"damage":0.0,"enemies":"Small Slimes","floor":1.0,"turns":2.0},{"damage":6.0,"enemies":"Cultist","floor":2.0,"turns":3.0},{"damage":6.0,"enemies":"2 Louse","floor":3.0,"turns":3.0},{"damage":5.0,"enemies":"2 Fungi Beasts","floor":5.0,"turns":3.0},{"damage":41.0,"enemies":"3 Sentries","floor":7.0,"turns":8.0},{"damage":21.0,"enemies":"Exordium Thugs","floor":10.0,"turns":4.0},{"damage":0.0,"enemies":"Blue Slaver","floor":12.0,"turns":1.0},{"damage":19.0,"enemies":"Exordium Wildlife","floor":13.0,"turns":4.0},{"damage":15.0,"enemies":"Lagavulin","floor":14.0,"turns":5.0},{"damage":37.0,"enemies":"Slime Boss","floor":16.0,"turns":11.0},{"damage":8.0,"enemies":"Chosen","floor":18.0,"turns":2.0},{"damage":2.0,"enemies":"2 Thieves","floor":21.0,"turns":4.0},{"damage":0.0,"enemies":"Centurion and Healer","floor":22.0,"turns":7.0},{"damage":2.0,"enemies":"Book of Stabbing","floor":24.0,"turns":6.0},{"damage":31.0,"enemies":"Slavers","floor":30.0,"turns":8.0},{"damage":13.0,"enemies":"Snake Plant","floor":31.0,"turns":6.0},{"damage":30,"enemies":"Automaton","floor":33,"turns":10}],"seed_played":"7248299539780521271","potions_obtained":[{"floor":3.0,"key":"Strength Potion"},{"floor":7.0,"key":"Weak Potion"},{"floor":10.0,"key":"FearPotion"},{"floor":12.0,"key":"PowerPotion"}],"is_trial":false,"path_per_floor":["M","M","M","?","M","R","E","R","T","M","R","M","M","E","R","B",null,"M","?","?","M","M","R","E","?","T","R","$","R","E","M","R","B"],"character_chosen":"IRONCLAD","items_purchased":[],"campfire_rested":1,"item_purchase_floors":[],"current_hp_per_floor":[78,78,78,78,79,79,44,44,44,29,29,35,22,18,42,11,63,61,46,42,42,42,42,42,42,42,42,42,42,23,24,24,0,0],"gold":793,"neow_bonus":"TRANSFORM_TWO_CARDS","is_daily":false,"chose_seed":false,"campfire_upgraded":7,"win_rate":0.0,"timestamp":1610771149,"path_taken":["M","M","M","?","?","R","E","R","T","M","R","M","M","E","R","BOSS","M","?","?","M","M","R","E","?","T","R","$","R","E","M","R","BOSS"],"items_purchased_type":[],"build_version":"2020-12-22","purchased_purges":0,"victory":false,"max_hp_per_floor":[80,80,80,80,80,80,80,80,80,80,80,80,80,80,80,80,80,80,85,42,42,42,42,42,42,42,42,42,42,42,42,42,42,42],"card_choices":[{"not_picked":["Headbutt","Armaments"],"picked":"Pommel Strike","floor":1.0},{"not_picked":["Combust","Power Through"],"picked":"Cleave","floor":2.0},{"not_picked":["Havoc","Armaments"],"picked":"Berserk","floor":3.0},{"not_picked":["Thunderclap","Power Through"],"picked":"Flame Barrier","floor":5.0},{"not_picked":["Intimidate","Combust"],"picked":"Armaments","floor":7.0},{"not_picked":["Clothesline","Heavy Blade"],"picked":"Body Slam","floor":10.0},{"not_picked":["Sentinel","Headbutt"],"picked":"Uppercut","floor":12.0},{"not_picked":["Evolve","Armaments"],"picked":"Reaper","floor":13.0},{"not_picked":["Havoc","Wild Strike","Sever Soul"],"picked":"SKIP","floor":14.0},{"not_picked":["Bludgeon","Reaper"],"picked":"Corruption","floor":16.0},{"not_picked":["Anger","Heavy Blade"],"picked":"True Grit+1","floor":18.0},{"not_picked":["Pommel Strike","Clash"],"picked":"Iron Wave+1","floor":21.0},{"not_picked":["Flex","Clothesline"],"picked":"Headbutt","floor":22.0},{"not_picked":["Body Slam","Twin Strike"],"picked":"Flex+1","floor":24.0},{"not_picked":["Fire Breathing","Bludgeon","Sword Boomerang+1"],"picked":"Shrug It Off","floor":30.0},{"not_picked":["Carnage","Anger","Shockwave"],"picked":"Inflame","floor":31.0}],"player_experience":355287,"relics_obtained":[{"floor":7.0,"key":"CaptainsWheel"},{"floor":9.0,"key":"Paper Frog"},{"floor":14.0,"key":"MawBank"},{"floor":24.0,"key":"PreservedInsect"},{"floor":26.0,"key":"Question Card"},{"floor":30.0,"key":"MealTicket"}],"event_choices":[{"damage_healed":0.0,"max_hp_gain":0.0,"max_hp_loss":0.0,"gold_gain":0.0,"event_name":"Accursed Blacksmith","player_choice":"Forge","floor":4.0,"gold_loss":0.0,"damage_taken":0.0,"cards_upgraded":["Berserk"]},{"damage_healed":0.0,"max_hp_gain":5.0,"max_hp_loss":0.0,"gold_gain":0.0,"event_name":"Forgotten Altar","player_choice":"Shed Blood","floor":19.0,"gold_loss":0.0,"damage_taken":20.0},{"damage_healed":0.0,"max_hp_gain":0.0,"max_hp_loss":43.0,"gold_gain":0.0,"event_name":"Ghosts","player_choice":"Became a Ghost","floor":20.0,"gold_loss":0.0,"damage_taken":0.0,"cards_obtained":["Ghostly","Ghostly","Ghostly","Ghostly","Ghostly"]},{"damage_healed":0.0,"max_hp_gain":0.0,"max_hp_loss":0.0,"gold_gain":100.0,"event_name":"Golden Shrine","player_choice":"Pray","floor":25.0,"gold_loss":0.0,"damage_taken":0.0}],"is_beta":false,"boss_relics":[{"not_picked":["Philosopher\u0027s Stone","Empty Cage"],"picked":"Sozu"}],"items_purged_floors":[],"is_endless":false,"potions_floor_spawned":[3,7,10,12,24,30],"killed_by":"Automaton","ascension_level":6}}