{"host":"6efts020nftxfcgy","time":1611903007,"event":{"mods":["BaseMod","Downfall","Minty Spire (QoL Compilation)","Poor People Problems","Relic Sorter","Relic Stats","Shop Mod","StSLib","SuperFastMode"],"gold_per_floor":[99,109,126,126,36,62,62,97,97,109,109,124,124,156,170,271,271,271,287,307,307,407,425,472,472,272,173,200,211,211,538,552,650,650,650,667,686,698,716,742,742,768,768,800,810,710,725,440,452,452,452,485,134,134,134,134,134,134],"floor_reached":56,"language":"ENG","playtime":13084,"items_purged":["Slimebound:Defend_Slimebound","Slimebound:Strike_Slimebound","Slimebound:Strike_Slimebound","Slimebound:Tackle"],"score":949,"play_id":"28d2ce5f-febc-4fd1-b698-0260f7cad418","local_time":"20210129065007","is_ascension_mode":false,"campfire_choices":[{"data":"Slimebound:Split","floor":1.0,"key":"SMITH"},{"data":"Slimebound:GoopSpray","floor":9.0,"key":"SMITH"},{"data":"Slimebound:CorrosiveSpit","floor":11.0,"key":"SMITH"},{"data":"Slimebound:OozeBath","floor":18.0,"key":"SMITH"},{"data":"Slimebound:GrowthPunch","floor":26.0,"key":"SMITH"},{"data":"Slimebound:LivingWall","floor":30.0,"key":"SMITH"},{"floor":35.0,"key":"RECALL"},{"data":"Slimebound:FinishingTackle","floor":46.0,"key":"SMITH"},{"floor":54,"key":"REST"}],"circlet_count":0,"master_deck":["Slimebound:Defend_Slimebound","Slimebound:Defend_Slimebound","Slimebound:Split+1","Slimebound:CorrosiveSpit+1","Slimebound:GoopSpray+1","Slimebound:SplitLeeching","Slimebound:Split+1","Slimebound:FinishingTackle+1","Slimebound:Prepare","Slimebound:LevelUp+1","Slimebound:LivingWall+1","Slimebound:Dissolve","Slimebound:OozeBath+1","Slimebound:GrowthPunch+1","Slimebound:SamplingLick+1","Slimebound:Replication","Slimebound:SpikyOuterGoop+1","Slimebound:LeechLife","Slimebound:LeechEnergy+1","expansioncontent:StudyTheSpire+1","Slimebound:Repurpose+1","Slimebound:Dissolve","Slimebound:SpikyOuterGoop+1"],"relics":["Slimebound:AbsorbEndCombat","Smiling Mask","Frozen Egg 2","Bronze Scales","Anchor","Black Star","Gambling Chip","Blue Candle","downfall:HeartBlessingBlue","downfall:HeartBlessingGreen","Vajra","Pen Nib","Old Coin","Boot","Busted Crown","Prayer Wheel","Matryoshka","Art of War","Singing Bowl","Calipers","Torii","Orichalcum","Slimebound:MaxSlimesRelic","downfall:HeartBlessingRed","PreservedInsect","Ginger","Slimebound:SelfDamagePreventRelic"],"acts_visited":["Exordium","TheCity","TheBeyond","TheEnding"],"potions_floor_usage":[55,55,55],"damage_taken":[{"damage":1.0,"enemies":"Jaw Worm","floor":2.0,"turns":4.0},{"damage":1.0,"enemies":"Cultist","floor":3.0,"turns":3.0},{"damage":2.0,"enemies":"downfall:FleeingMerchant","floor":5.0,"turns":4.0},{"damage":19.0,"enemies":"3 Sentries","floor":6.0,"turns":6.0},{"damage":2.0,"enemies":"Lagavulin","floor":8.0,"turns":6.0},{"damage":0.0,"enemies":"2 Louse","floor":10.0,"turns":2.0},{"damage":0.0,"enemies":"2 Fungi Beasts","floor":12.0,"turns":4.0},{"damage":18.0,"enemies":"Gremlin Nob","floor":14.0,"turns":5.0},{"damage":0.0,"enemies":"Lots of Slimes","floor":15.0,"turns":3.0},{"damage":18.0,"enemies":"IC_STATUS_ARCHETYPE","floor":16.0,"turns":7.0},{"damage":2.0,"enemies":"Spheric Guardian","floor":19.0,"turns":5.0},{"damage":0.0,"enemies":"Chosen","floor":20.0,"turns":4.0},{"damage":3.0,"enemies":"SI_SHIV_ARCHETYPE","floor":22.0,"turns":6.0},{"damage":0.0,"enemies":"Snecko","floor":23.0,"turns":4.0},{"damage":0.0,"enemies":"downfall:FleeingMerchant","floor":27.0,"turns":4.0},{"damage":23.0,"enemies":"Gremlin Leader","floor":28.0,"turns":7.0},{"damage":0.0,"enemies":"Shelled Parasite and Fungi","floor":29.0,"turns":5.0},{"damage":15.0,"enemies":"Slavers","floor":31.0,"turns":6.0},{"damage":16.0,"enemies":"Cultist and Chosen","floor":32.0,"turns":5.0},{"damage":20.0,"enemies":"DF_ARCHETYPE_CLAW","floor":33.0,"turns":7.0},{"damage":0.0,"enemies":"3 Shapes","floor":36.0,"turns":5.0},{"damage":13.0,"enemies":"3 Darklings","floor":37.0,"turns":4.0},{"damage":0.0,"enemies":"Spire Growth","floor":38.0,"turns":5.0},{"damage":27.0,"enemies":"Jaw Worm Horde","floor":39.0,"turns":5.0},{"damage":23.0,"enemies":"Nemesis","floor":40.0,"turns":7.0},{"damage":10.0,"enemies":"Reptomancer","floor":42.0,"turns":7.0},{"damage":8.0,"enemies":"Reptomancer","floor":43.0,"turns":6.0},{"damage":1.0,"enemies":"Giant Head","floor":44.0,"turns":7.0},{"damage":0.0,"enemies":"Transient","floor":45.0,"turns":5.0},{"damage":0.0,"enemies":"3 Darklings","floor":47.0,"turns":4.0},{"damage":0.0,"enemies":"downfall:FleeingMerchant","floor":48.0,"turns":4.0},{"damage":7.0,"enemies":"Sphere and 2 Shapes","floor":49.0,"turns":6.0},{"damage":21.0,"enemies":"SI_POISON_ARCHETYPE","floor":50.0,"turns":9.0},{"damage":54,"enemies":"downfall:CharBossMerchant","floor":52,"turns":9},{"damage":6,"enemies":"downfall:NeowBoss","floor":55,"turns":22},{"damage":130,"enemies":"downfall:NeowBossFinal","floor":56,"turns":14}],"seed_played":"-8359647445732870308","potions_obtained":[{"floor":3.0,"key":"hexamod:SoulburnPotion"},{"floor":6.0,"key":"Weak Potion"},{"floor":10.0,"key":"LiquidBronze"},{"floor":15.0,"key":"GamblersBrew"},{"floor":16.0,"key":"Dexterity Potion"},{"floor":19.0,"key":"Fruit Juice"},{"floor":20.0,"key":"ColorlessPotion"},{"floor":28.0,"key":"Strength Potion"},{"floor":29.0,"key":"PowerPotion"},{"floor":37.0,"key":"LiquidBronze"},{"floor":38.0,"key":"FearPotion"},{"floor":43.0,"key":"Strength Potion"}],"is_trial":false,"path_per_floor":["R","M","M","?","$","E","T","E","R","M","R","M","?","E","M","B",null,"R","M","M","?","?","M","T","?","R","$","E","M","R","E","M","B",null,"R","M","M","M","M","E","T","E","?","E","M","R","M","$","M","B",null,"E","$","R","B","B"],"character_chosen":"SLIMEBOUND","items_purchased":["Slimebound:Replication","BlessingOfTheForge","expansioncontent:StudyTheSpire","Slimebound:SelfDamagePreventRelic","Slimebound:Dissolve","Slimebound:SpikyOuterGoop+1"],"campfire_rested":1,"item_purchase_floors":[27,48,48,53,53,53],"current_hp_per_floor":[71,71,71,71,71,56,56,60,60,62,62,66,66,52,60,50,71,71,76,76,76,76,76,76,76,86,86,67,73,73,66,54,57,86,86,86,86,86,86,63,63,88,90,91,96,96,100,102,106,91,106,62,62,93,103,0,0,0],"gold":134,"neow_bonus":"TEN_PERCENT_HP_BONUS","is_daily":false,"chose_seed":false,"campfire_upgraded":7,"win_rate":0.0,"timestamp":1611903007,"path_taken":["R","M","M","?","$","E","T","E","R","M","R","?","?","E","M","BOSS","R","M","M","?","?","M","T","?","R","$","E","M","R","E","M","BOSS","R","M","M","M","M","E","T","E","?","E","M","R","M","$","M","BOSS","E","$","R","BOSS","BOSS"],"items_purchased_type":["Card","Potion","Card","Relic","Card","Card"],"build_version":"2020-12-22","purchased_purges":4,"victory":false,"max_hp_per_floor":[71,71,71,71,71,71,71,71,71,71,71,71,71,71,71,71,71,71,76,76,76,76,76,76,76,86,86,86,86,86,86,86,86,86,86,86,86,86,86,86,86,88,90,92,96,96,100,102,106,106,106,106,106,106,106,106,106,106],"relic_stats":{"Singing Bowl":20,"Torii":5,"counters":[36,210],"Blue Candle":[8],"Pen Nib":[18],"PreservedInsect":0,"Ginger":[16],"Orichalcum":[0],"Smiling Mask":225,"Boot":[8],"Busted Crown":32,"Bronze Scales":[498],"Gambling Chip":[49],"Prayer Wheel":3,"Black Star":6,"Art of War":[21],"obtain_stats":[{"Calipers":42,"Singing Bowl":41,"Torii":42,"Vajra":28,"downfall:HeartBlessingGreen":26,"Ginger":52,"Smiling Mask":6,"Boot":31,"Old Coin":31,"Matryoshka":40,"Slimebound:MaxSlimesRelic":44,"downfall:HeartBlessingBlue":26,"Gambling Chip":22,"Prayer Wheel":40,"Slimebound:SelfDamagePreventRelic":53,"downfall:HeartBlessingRed":46,"Blue Candle":22,"Pen Nib":28,"PreservedInsect":52,"Frozen Egg 2":7,"Orichalcum":44,"Anchor":14,"Busted Crown":34,"Bronze Scales":8,"Slimebound:AbsorbEndCombat":0,"Black Star":17,"Art of War":41},{"Calipers":26,"Singing Bowl":25,"Torii":26,"Vajra":16,"downfall:HeartBlessingGreen":14,"Ginger":34,"Smiling Mask":4,"Boot":18,"Old Coin":18,"Matryoshka":25,"Slimebound:MaxSlimesRelic":28,"downfall:HeartBlessingBlue":14,"Gambling Chip":13,"Prayer Wheel":25,"Slimebound:SelfDamagePreventRelic":34,"downfall:HeartBlessingRed":29,"Blue Candle":13,"Pen Nib":16,"PreservedInsect":34,"Frozen Egg 2":4,"Orichalcum":28,"Anchor":8,"Busted Crown":20,"Bronze Scales":5,"Slimebound:AbsorbEndCombat":0,"Black Star":10,"Art of War":25},{"Calipers":125,"Singing Bowl":118,"Torii":125,"Vajra":72,"downfall:HeartBlessingGreen":61,"Ginger":174,"Smiling Mask":17,"Boot":82,"Old Coin":82,"Matryoshka":118,"Slimebound:MaxSlimesRelic":138,"downfall:HeartBlessingBlue":61,"Gambling Chip":57,"Prayer Wheel":118,"Slimebound:SelfDamagePreventRelic":174,"downfall:HeartBlessingRed":143,"Blue Candle":57,"Pen Nib":72,"PreservedInsect":174,"Frozen Egg 2":17,"Orichalcum":138,"Anchor":32,"Busted Crown":94,"Bronze Scales":22,"Slimebound:AbsorbEndCombat":0,"Black Star":42,"Art of War":118}]},"card_choices":[{"not_picked":["Slimebound:LeechingTouch","Slimebound:PressTheAttack"],"picked":"Slimebound:GoopSpray","floor":2.0},{"not_picked":["Slimebound:PressTheAttack","Slimebound:Schlurp"],"picked":"Slimebound:SplitLeeching","floor":3.0},{"not_picked":["Slimebound:LivingWall","Slimebound:Teamwork","Slimebound:ItLooksTasty"],"picked":"SKIP","floor":5.0},{"not_picked":["Slimebound:GoopSpray","Slimebound:PressTheAttack","Slimebound:DuplicatedForm"],"picked":"SKIP","floor":6.0},{"not_picked":["Slimebound:HauntingLick","Slimebound:LivingWall"],"picked":"Slimebound:FinishingTackle","floor":8.0},{"not_picked":["Slimebound:Repurpose","Slimebound:RollThrough"],"picked":"Slimebound:Prepare","floor":10.0},{"not_picked":["Slimebound:Schlurp","Slimebound:SamplingLick"],"picked":"Slimebound:LevelUp+1","floor":12.0},{"not_picked":["Slimebound:FlameTackle","Slimebound:HauntingLick"],"picked":"Slimebound:LivingWall","floor":14.0},{"not_picked":["Slimebound:MegaLick","Slimebound:Schlurp"],"picked":"Slimebound:Dissolve","floor":15.0},{"not_picked":["Slimebound:Teamwork","Slimebound:RallyTheTroops"],"picked":"Slimebound:OozeBath","floor":16.0},{"not_picked":["Slimebound:LeechingTouch+1","Slimebound:Schlurp"],"picked":"Slimebound:GrowthPunch","floor":19.0},{"not_picked":["Slimebound:SplitMire+1","Slimebound:Schlurp+1","Slimebound:FlameTackle"],"picked":"SKIP","floor":20.0},{"not_picked":["Slimebound:RollThrough","Slimebound:Nibble+1"],"picked":"Slimebound:SamplingLick+1","floor":23.0},{"not_picked":["Slimebound:ViciousTackle","Slimebound:RainOfGoop+1","Slimebound:LevelUp+1"],"picked":"SKIP","floor":27.0},{"not_picked":["Slimebound:RallyTheTroops","Slimebound:ProtectTheBoss+1"],"picked":"Slimebound:SpikyOuterGoop+1","floor":28.0},{"not_picked":["Slimebound:Equalize","Slimebound:SlimeBrawl","Slimebound:HauntingLick"],"picked":"SKIP","floor":29.0},{"not_picked":["Slimebound:SplitAcid+1","Slimebound:LivingWall","Slimebound:SpikyOuterGoop+1"],"picked":"SKIP","floor":31.0},{"not_picked":["Slimebound:FormOfPuddle","Slimebound:DisruptingSlam","Slimebound:AcidTongue+1"],"picked":"SKIP","floor":32.0},{"not_picked":["Slimebound:MinionMaster+1","Slimebound:FirmFortitude"],"picked":"Slimebound:LeechLife","floor":33.0},{"not_picked":["Slimebound:AcidTongue+1"],"picked":"SKIP","floor":36.0},{"not_picked":["Slimebound:SplitMire+1"],"picked":"SKIP","floor":37.0},{"not_picked":["Slimebound:SlimeBrawl+1"],"picked":"SKIP","floor":38.0},{"not_picked":[],"picked":"Slimebound:LeechEnergy+1","floor":39.0},{"not_picked":["Slimebound:Grow+1"],"picked":"SKIP","floor":40.0},{"not_picked":["Slimebound:Grow+1"],"picked":"Singing Bowl","floor":42.0},{"not_picked":["Slimebound:GoopSpray"],"picked":"Singing Bowl","floor":43.0},{"not_picked":["Slimebound:Equalize"],"picked":"Singing Bowl","floor":44.0},{"not_picked":["Slimebound:BestDefense+1"],"picked":"Singing Bowl","floor":45.0},{"not_picked":["Slimebound:SplitBruiser+1"],"picked":"Singing Bowl","floor":45.0},{"not_picked":["Slimebound:FlameTackle+1"],"picked":"Singing Bowl","floor":47.0},{"not_picked":["Slimebound:LivingWall"],"picked":"Singing Bowl","floor":47.0},{"not_picked":["Slimebound:FlameTackle"],"picked":"Singing Bowl","floor":48.0},{"not_picked":["Slimebound:Equalize"],"picked":"Singing Bowl","floor":49.0},{"not_picked":["Slimebound:LeechingTouch+1"],"picked":"Singing Bowl","floor":49.0},{"not_picked":[],"picked":"Slimebound:Repurpose+1","floor":52}],"player_experience":381025,"relics_obtained":[{"floor":6.0,"key":"Smiling Mask"},{"floor":7.0,"key":"Frozen Egg 2"},{"floor":8.0,"key":"Bronze Scales"},{"floor":14.0,"key":"Anchor"},{"floor":22.0,"key":"Gambling Chip"},{"floor":22.0,"key":"Blue Candle"},{"floor":28.0,"key":"Vajra"},{"floor":28.0,"key":"Pen Nib"},{"floor":31.0,"key":"Old Coin"},{"floor":31.0,"key":"Boot"},{"floor":40.0,"key":"Prayer Wheel"},{"floor":40.0,"key":"Matryoshka"},{"floor":41.0,"key":"Art of War"},{"floor":41.0,"key":"Singing Bowl"},{"floor":42.0,"key":"Calipers"},{"floor":42.0,"key":"Torii"},{"floor":44.0,"key":"Orichalcum"},{"floor":44.0,"key":"Slimebound:MaxSlimesRelic"},{"floor":52,"key":"PreservedInsect"},{"floor":52,"key":"Ginger"}],"event_choices":[],"is_beta":false,"boss_relics":[{"not_picked":["SacredBark","Cursed Key"],"picked":"Black Star"},{"not_picked":["Slimebound:TarBlob","Runic Dome"],"picked":"Busted Crown"}],"items_purged_floors":[5,27,48,53],"is_endless":false,"potions_floor_spawned":[3,6,10,15,16,19,20,28,29,37,38,43,47,49],"killed_by":"downfall:NeowBossFinal","ascension_level":0}}