{"host":"p4v0hquynnreu717","time":1611923618,"event":{"mods":["BaseMod","Better Vampires","DeckTracker","Googly Eyes","Minty Spire (QoL Compilation)","Quick Restart","StSLib","SuperFastMode"],"gold_per_floor":[112,112,137,151,163,189,189,189,189],"floor_reached":8,"language":"ZHS","playtime":126,"items_purged":[],"score":98,"play_id":"9f8d65d7-110b-423a-aaaf-1743338def33","local_time":"20210129203338","is_ascension_mode":true,"campfire_choices":[{"data":"Eruption","floor":7.0,"key":"SMITH"}],"circlet_count":0,"master_deck":["AscendersBane","Strike_P","Strike_P","Strike_P","Strike_P","Defend_P","Defend_P","Defend_P","Defend_P","Eruption+1","Vigilance","Pray","Indignation","BowlingBash"],"relics":["PureWater","NeowsBlessing","Centennial Puzzle"],"acts_visited":["Exordium"],"potions_floor_usage":[],"damage_taken":[{"damage":0.0,"enemies":"Small Slimes","floor":1.0,"turns":1.0},{"damage":0.0,"enemies":"Jaw Worm","floor":4.0,"turns":1.0},{"damage":0.0,"enemies":"Cultist","floor":5.0,"turns":1.0},{"damage":36.0,"enemies":"Lagavulin","floor":6.0,"turns":8.0},{"damage":0,"enemies":"3 Sentries","floor":8,"turns":1}],"seed_played":"6572597503136120481","potions_obtained":[{"floor":1.0,"key":"Energy Potion"},{"floor":5.0,"key":"AttackPotion"}],"is_trial":false,"path_per_floor":["M","?","T","M","M","E","R","E"],"character_chosen":"WATCHER","items_purchased":[],"campfire_rested":0,"item_purchase_floors":[],"current_hp_per_floor":[61,61,61,61,61,25,25,25,25],"gold":189,"neow_bonus":"THREE_ENEMY_KILL","is_daily":false,"chose_seed":false,"campfire_upgraded":1,"win_rate":0.0,"timestamp":1611923618,"path_taken":["M","?","?","M","?","E","R","E"],"items_purchased_type":[],"build_version":"2020-12-22","purchased_purges":0,"victory":false,"max_hp_per_floor":[68,68,68,68,68,68,68,68,68],"card_choices":[{"not_picked":["ForeignInfluence","Swivel","Sanctity"],"picked":"SKIP","floor":1.0},{"not_picked":["Evaluate","WaveOfTheHand"],"picked":"Pray","floor":4.0},{"not_picked":["EmptyFist","ReachHeaven"],"picked":"Indignation","floor":5.0},{"not_picked":["EmptyFist","PathToVictory"],"picked":"BowlingBash","floor":6.0}],"player_experience":791596,"relics_obtained":[{"floor":6.0,"key":"Centennial Puzzle"}],"event_choices":[{"damage_healed":0.0,"max_hp_gain":0.0,"max_hp_loss":0.0,"gold_gain":0.0,"event_name":"Liars Game","player_choice":"Ignored","floor":2.0,"gold_loss":0.0,"damage_taken":0.0}],"is_beta":false,"boss_relics":[],"items_purged_floors":[],"is_endless":false,"potions_floor_spawned":[1,5],"killed_by":"3 Sentries","ascension_level":15}}