{"host":"ihity64u9fmpkait","time":1611914311,"event":{"mods":["A Magickal Journey","BaseMod","Beaked The Cultist","Card Forge","Conspire","Downfall","Duelist Mod","Googly Eyes","Halation","Hubris","Infinite Spire","Koishi","Marisa????????","Mimic Mod","Minty Spire (QoL Compilation)","Replay The Spire","StSLib","SuperFastMode","The Administrix","The Animator","The Construct","The Cursed","The Disciple","The Forsaken","The Gatherer","The Hierophant","The Jungle","The Mystic","The Necromancer","The Runesmith","The Senshi","The Servant 0.9.4","Unceasing Turn Reminder","Yuri Mod"],"gold_per_floor":[15,27,46,56,70,70,99,117,152,179,199,209,209,221,221,317,317,332,332,345,361,372,372,382,382,382,409,409,409],"floor_reached":28,"language":"ENG","playtime":1543,"items_purged":["Defend_MRS"],"score":308,"play_id":"b98eacd0-1472-4b86-9a81-4f98a457dd0c","local_time":"20210129105831","is_ascension_mode":false,"campfire_choices":[{"floor":6,"key":"REST"},{"floor":13,"key":"REST"},{"floor":15,"key":"REST"},{"data":"infinitespire:Collect","floor":23,"key":"SMITH"},{"floor":25,"key":"REST"}],"circlet_count":0,"master_deck":["Strike_MRS+1","Strike_MRS","Strike_MRS","Strike_MRS","Defend_MRS","Defend_MRS+1","Defend_MRS","MasterSpark","UpSweep","Acceleration","DC","RefractionSpark","ChargeUpSpray","StarlightTyphoon","SuperPerseids","DarkMatter","6A","SuperPerseids","EnergyFlow","MeteoricShower+1","NonDirectionalLaser","ManaRampage","infinitespire:Collect+1","GravityBeat","NonDirectionalLaser","PulseMagic+1","PropBag+1","infinitespire:NeuralNetwork","MysteriousBeam+1"],"relics":["MiniHakkero","Hammer of Thor","Seething Fire","Anvil of the Gods","hubris:MedicalManual","Replay:Ringing Soul","Bag of Marbles","Gremlin Food","theForsaken:PaleLantern","infinitespire:Bottled Soul","hubris:SlimyHat","Meat on the Bone"],"acts_visited":["Exordium","TheCity"],"potions_floor_usage":[7],"damage_taken":[{"damage":6,"enemies":"Cultist","floor":1,"turns":3},{"damage":5,"enemies":"2 Louse","floor":2,"turns":2},{"damage":7,"enemies":"Small Slimes","floor":3,"turns":3},{"damage":25,"enemies":"Exordium Wildlife","floor":4,"turns":3},{"damage":10,"enemies":"Looter","floor":5,"turns":2},{"damage":22,"enemies":"Replay:BlueRogue","floor":7,"turns":6},{"damage":2,"enemies":"Blue Slaver","floor":8,"turns":2},{"damage":4,"enemies":"2 Fungi Beasts","floor":9,"turns":7},{"damage":26,"enemies":"Lagavulin","floor":10,"turns":5},{"damage":0,"enemies":"2 Fungi Beasts","floor":11,"turns":2},{"damage":10,"enemies":"Looter","floor":12,"turns":3},{"damage":2,"enemies":"Blue Slaver","floor":14,"turns":3},{"damage":48,"enemies":"The Guardian","floor":16,"turns":8},{"damage":0,"enemies":"conspire:FuzzyDice","floor":18,"turns":4},{"damage":10,"enemies":"Chosen","floor":20,"turns":3},{"damage":20,"enemies":"Sentry and Sphere","floor":21,"turns":4},{"damage":12,"enemies":"Chosen and Byrds","floor":22,"turns":7},{"damage":27,"enemies":"Centurion and Healer","floor":24,"turns":5},{"damage":49,"enemies":"Nightmare","floor":27,"turns":7},{"damage":35,"enemies":"3 Cultists","floor":28,"turns":4}],"seed_played":"4922467920849205687","potions_obtained":[{"floor":3,"key":"Regen Potion"},{"floor":7,"key":"Fire Potion"},{"floor":10,"key":"Block Potion"},{"floor":11,"key":"Explosive Potion"},{"floor":12,"key":"hexamod:SoulburnPotion"}],"is_trial":false,"path_per_floor":["M","M","M","M","M","R","E","M","MIM","E","M","M","R","M","R","B",null,"M","AVR","M","M","M","R","M","R","T","NM","M"],"character_chosen":"MARISA","items_purchased":[],"campfire_rested":4,"item_purchase_floors":[],"current_hp_per_floor":[69,64,57,32,22,44,40,41,40,17,20,13,40,41,69,24,99,99,102,95,78,69,69,45,79,79,33,0,0],"gold":409,"neow_bonus":"ONE_RARE_RELIC","is_daily":false,"chose_seed":false,"campfire_upgraded":1,"win_rate":0.0,"timestamp":1611914311,"path_taken":["M","M","M","M","M","R","E","M","MIM","E","M","M","R","M","R","BOSS","M","AVR","M","M","M","R","M","R","T","NM","M"],"items_purchased_type":[],"build_version":"2020-12-22","purchased_purges":1,"victory":false,"max_hp_per_floor":[75,75,75,75,75,75,78,81,84,87,90,93,93,96,96,99,99,99,102,105,108,111,111,114,114,114,117,117,117],"card_choices":[{"not_picked":["MilkyWay","LuminesStrike"],"picked":"Acceleration","floor":1},{"not_picked":["GalacticHalo","OpenUniverse"],"picked":"DC","floor":2},{"not_picked":["WitchLeyline","LuminesStrike"],"picked":"RefractionSpark","floor":3},{"not_picked":["WitchOfGreed","IllusionStar"],"picked":"ChargeUpSpray","floor":4},{"not_picked":["MeteoricShower","IllusionStar"],"picked":"StarlightTyphoon","floor":5},{"not_picked":["6A","DoubleSpark"],"picked":"SuperPerseids","floor":7},{"not_picked":["IllusionStar","MilkyWay"],"picked":"DarkMatter","floor":8},{"not_picked":["SporeBomb","DC"],"picked":"6A","floor":9},{"not_picked":["UnstableBomb","DarkMatter"],"picked":"SuperPerseids","floor":10},{"not_picked":["DeepEcoloBomb","Acceleration"],"picked":"EnergyFlow","floor":11},{"not_picked":["OortCloud","WitchOfGreed"],"picked":"MeteoricShower","floor":12},{"not_picked":["GrandCross","MysteriousBeam"],"picked":"NonDirectionalLaser","floor":14},{"not_picked":["UltimateShortwave","SuperNova"],"picked":"ManaRampage","floor":16},{"not_picked":["SprinkleStarSeal","SporeBomb","6A+1"],"picked":"SKIP","floor":18},{"not_picked":["ShootingEcho","GasGiant+1"],"picked":"GravityBeat","floor":20},{"not_picked":["DarkMatter","DarkSpark"],"picked":"NonDirectionalLaser","floor":21},{"not_picked":["MagicAbsorber","PowerUp"],"picked":"PulseMagic+1","floor":22},{"not_picked":["EarthLightRay","AsteroidBelt"],"picked":"PropBag+1","floor":24},{"not_picked":["infinitespire:Starlight","infinitespire:Execution"],"picked":"infinitespire:NeuralNetwork","floor":27},{"not_picked":["NonDirectionalLaser","WitchOfGreed"],"picked":"MysteriousBeam+1","floor":27}],"player_experience":228086,"relics_obtained":[{"floor":7,"key":"Replay:Ringing Soul"},{"floor":9,"key":"Bag of Marbles"},{"floor":10,"key":"Gremlin Food"},{"floor":26,"key":"infinitespire:Bottled Soul"},{"floor":27,"key":"hubris:SlimyHat"}],"event_choices":[],"is_beta":false,"boss_relics":[{"not_picked":["infinitespire:Cupcake","halation:Risk"],"picked":"theForsaken:PaleLantern"}],"items_purged_floors":[19],"is_endless":true,"potions_floor_spawned":[3,7,10,11,12,16,22,27],"killed_by":"3 Cultists","ascension_level":0}}