{"host":"gp3usc0dpezjueuv","time":1611906065,"event":{"mods":["Act Like it!","BaseMod","BetterRewards","CapriCore","Colored Powertips","Dota2Spire","HololiveMod","Jedi Mod","Minty Spire (QoL Compilation)","Quick Restart","Remove Card Discount Mod","Replay The Spire","Spicy Shops","StSLib","Swap Starting Deck Mod","The Alterego","TheWitcher","WarShipGirlsR/??¤Ö¤kR mod","Yakumo Yukari mod","Youmu¡]»î¾z§¯?¡^"],"gold_per_floor":[85,107,125,145,145,181,181,200,200,229,269,289,320,334,334,451,451,467,467,120,135,154,197,197,256,256,305,341,385,321,349,349,482,482,494,422,443,475,556,556,556,595,621,621,649,670,724,757,757,844],"floor_reached":51,"language":"ZHS","playtime":2950,"items_purged":["Hololive_Defend","Hololive_Strike","Hololive_Strike","Hololive_Defend","Writhe","Pride"],"score":1558,"play_id":"40b5c95e-0523-43f1-945f-0174fcd71e68","local_time":"20210129154105","is_ascension_mode":true,"campfire_choices":[{"data":"Hololive_CallShishiroBotan","floor":7,"key":"SMITH"},{"floor":15,"key":"DIG"},{"data":"Hololive_CallSakuraMiko","floor":32,"key":"SMITH"},{"data":"Hololive_CallTokinoSora","floor":41,"key":"SMITH"},{"floor":44,"key":"REST"},{"data":"Hololive_CallAkiRosenthal","floor":49,"key":"SMITH"}],"circlet_count":0,"master_deck":["Hololive_CallNatsuiroMatsuri","Hololive_CallAkaiHaato","Hololive_CallNekomataOkayu","Hololive_CallSpadeEcho","Hololive_CallYogiri","Hololive_CocoNews+1","Hololive_CallTokoyamiTowa","Hololive_CallMinatoAqua","Hololive_BringToTrial","Hololive_CallFriendA","Hololive_CallAiraniIofifteen","Hololive_CallShishiroBotan+1","Hololive_CallRoboco","Hololive_CallAZKi","Hololive_CallShirakamiFubuki","Hololive_CallYuzukiChoco","Hololive_CallYozoraMel","Hololive_DDD+1","CurseOfTheBell","Hololive_CallUruhaRushia","Hololive_CallTsunomakiWatame","Hololive_CallHimemoriLuna+1","Hololive_CallSakuraMiko+1","Hololive_CallRosalyn","Hololive_CallYukihanaLamy+1","Hololive_CallCivia","Hololive_CallInugamiKorone+1","Hololive_IdolExercise+1","Hololive_DDD+1","Hololive_CallTokinoSora+1","Hololive_CallMurasakiShion","Hololive_CallAkiRosenthal+1","Hololive_CallDoris+1","Hololive_CallMoonaHoshinova+1"],"relics":["Hololive_TheStar","Replay:Baseball","Thread and Needle","BargainBundle","Dota2Spire:CrimsonGuard","Golden Egg","Dota2Spire:PhaseBoots","Pocketwatch","Question Card","Calling Bell","Regal Pillow","Letter Opener","jedi:firstaidkit","Replay:Ringing Soul","Membership Card","Mercury Hourglass","Dota2Spire:ShivaGuard","Art of War","Blood Vial","MawBank","CaptainsWheel","Girya","Sozu","DollysMirror","Durian","ReplayTheSpireMod:Ring of Challenge","Ring of Misfortune","Centennial Puzzle","Gremlin Food","jedi:shrinkray","Dota2Spire:DrumOfEndurance"],"acts_visited":["Exordium","TheCity","TheBeyond"],"potions_floor_usage":[6,23,42],"damage_taken":[{"damage":0,"enemies":"Cultist","floor":1,"turns":3},{"damage":0,"enemies":"Small Slimes","floor":2,"turns":2},{"damage":0,"enemies":"2 Louse","floor":3,"turns":2},{"damage":0,"enemies":"Blue Slaver","floor":4,"turns":2},{"damage":0,"enemies":"3 Sentries","floor":6,"turns":5},{"damage":0,"enemies":"2 Fungi Beasts","floor":8,"turns":3},{"damage":0,"enemies":"Gremlin Gang","floor":10,"turns":5},{"damage":0,"enemies":"Replay:BlueRogue","floor":11,"turns":3},{"damage":0,"enemies":"Blue Slaver","floor":12,"turns":2},{"damage":0,"enemies":"Lagavulin","floor":13,"turns":3},{"damage":0,"enemies":"3 Louse","floor":14,"turns":2},{"damage":0,"enemies":"Fading Forest","floor":16,"turns":11},{"damage":0,"enemies":"Chosen","floor":18,"turns":3},{"damage":0,"enemies":"3 Byrds","floor":21,"turns":2},{"damage":0,"enemies":"Snecko","floor":22,"turns":3},{"damage":0,"enemies":"Gremlin Leader","floor":23,"turns":6},{"damage":0,"enemies":"Book of Stabbing","floor":25,"turns":5},{"damage":0,"enemies":"Snake Plant","floor":27,"turns":3},{"damage":0,"enemies":"Centurion and Healer","floor":28,"turns":4},{"damage":1,"enemies":"Slavers","floor":29,"turns":3},{"damage":0,"enemies":"Sentry and Sphere","floor":31,"turns":3},{"damage":0,"enemies":"Pondfish","floor":33,"turns":7},{"damage":0,"enemies":"Orb Walker","floor":35,"turns":2},{"damage":0,"enemies":"3 Darklings","floor":37,"turns":4},{"damage":0,"enemies":"Spire Growth","floor":38,"turns":3},{"damage":0,"enemies":"Mind Bloom Boss Battle","floor":39,"turns":4},{"damage":0,"enemies":"Nemesis","floor":42,"turns":3},{"damage":0,"enemies":"R_Hoarder","floor":45,"turns":4},{"damage":0,"enemies":"Sphere and 2 Shapes","floor":46,"turns":3},{"damage":0,"enemies":"Transient","floor":47,"turns":5},{"damage":0,"enemies":"Reptomancer","floor":48,"turns":5},{"damage":0,"enemies":"Replay:Hell Engine","floor":50,"turns":7}],"seed_played":"1609339937837644830","potions_obtained":[{"floor":28,"key":"Energy Potion"}],"is_trial":false,"path_per_floor":["M","M","M","M","?","E","R","M","T","M","E","M","E","M","R","B",null,"M","?","$","M","M","E","?","E","T","M","M","E","$","M","R","B",null,"M","$","M","M","?","?","R","E","T","R","E","M","M","E","R","B",null],"character_chosen":"Hololive_HololiveCharacter","items_purchased":["Replay:Baseball","Thread and Needle","Hololive_CocoNews+1","Hololive_CallTokoyamiTowa","Hololive_CallMinatoAqua","BargainBundle","Swift Potion","Block Potion","Hololive_BringToTrial","Membership Card","Mercury Hourglass","Dota2Spire:ShivaGuard","Girya","DollysMirror"],"campfire_rested":1,"item_purchase_floors":[0,0,0,0,0,0,0,0,0,20,20,20,30,36],"current_hp_per_floor":[18,18,18,18,11,11,11,11,11,11,11,11,11,11,11,19,35,35,38,41,44,47,47,50,53,53,56,59,62,62,62,62,65,65,65,68,71,71,79,79,79,82,82,82,82,85,88,88,88,88],"gold":844,"neow_bonus":"","is_daily":false,"chose_seed":false,"campfire_upgraded":4,"win_rate":0.0,"timestamp":1611906065,"path_taken":["M","M","M","M","?","E","R","M","T","M","E","M","E","M","R","BOSS","M","?","$","M","?","E","?","E","T","M","M","E","$","M","R","BOSS","M","$","M","M","?","?","R","E","T","R","E","M","M","E","R","BOSS"],"items_purchased_type":["Relic","Relic","Card","Card","Card","Relic","Potion","Potion","Card","Relic","Relic","Relic","Relic","Relic"],"build_version":"2020-12-22","purchased_purges":6,"victory":true,"max_hp_per_floor":[35,35,35,35,35,35,35,35,35,35,35,35,35,35,35,35,35,35,38,41,44,47,47,50,53,53,56,59,62,62,62,62,65,65,65,68,71,71,79,79,79,82,82,82,82,85,88,88,88,88],"card_choices":[{"not_picked":["Hololive_HuntDinosaur","Hololive_Trident","Hololive_OvertimeWork","Hololive_LuckPotion"],"picked":"SKIP","floor":1},{"not_picked":["Hololive_CallAiraniIofifteen","Hololive_Breathe","Hololive_Rebound"],"picked":"Hololive_CallFriendA","floor":2},{"not_picked":["Hololive_Rebound","Hololive_FlyingPonyTail","Hololive_CocoNews"],"picked":"Hololive_CallAiraniIofifteen","floor":3},{"not_picked":["Hololive_CallRosalyn","Hololive_Breathe","Hololive_LuckPotion"],"picked":"Hololive_CallShishiroBotan","floor":4},{"not_picked":["Hololive_CallUruhaRushia","Hololive_StarCraft","Hololive_CallAmaneKanata"],"picked":"Hololive_CallRoboco","floor":6},{"not_picked":["Hololive_HuntDinosaur","Hololive_Breathe","Hololive_OvertimeWork"],"picked":"Hololive_CallAZKi","floor":8},{"not_picked":["Hololive_LuckPotion","Hololive_Trident","Hololive_Sequa","Hololive_Drill"],"picked":"SKIP","floor":10},{"not_picked":["Hololive_CallYuzukiChoco","Hololive_CallAiraniIofifteen","Hololive_Psychosis"],"picked":"Hololive_CallShirakamiFubuki","floor":11},{"not_picked":["Hololive_Trident","Hololive_RevenueBasedLive","Hololive_OvertimeWork"],"picked":"Hololive_CallYuzukiChoco","floor":12},{"not_picked":["Hololive_ASMR","Hololive_Drill","Hololive_CallFriendA","Hololive_DevilCharm"],"picked":"SKIP","floor":13},{"not_picked":["Hololive_RevenueBasedLive","Hololive_LuckPotion","Hololive_Psychosis"],"picked":"Hololive_CallYozoraMel","floor":14},{"not_picked":["Hololive_DurableLive","Hololive_ScarfAndHalo","Hololive_WolfAndLamb","Hololive_Recruit"],"picked":"Hololive_DDD","floor":16},{"not_picked":["Hololive_Drill","Hololive_HuntDinosaur","Hololive_LuckPotion","Hololive_Psychosis"],"picked":"Hololive_CallUruhaRushia","floor":18},{"not_picked":["Hololive_FlyingPonyTail+1","Hololive_Nanodesu","Hololive_Sequa","Hololive_CallNatsuiroMatsuri"],"picked":"Hololive_CallTsunomakiWatame","floor":21},{"not_picked":["Hololive_LuckPotion","Hololive_Rebound","Hololive_Sequa","Hololive_CallDoris"],"picked":"Hololive_CallHimemoriLuna+1","floor":22},{"not_picked":["Hololive_Trident","Hololive_Psychosis","Hololive_CandyCastle","Hololive_LuckPotion","Hololive_Breathe+1"],"picked":"SKIP","floor":23},{"not_picked":["Hololive_Rebound","Hololive_RevenueBasedLive","Hololive_LuckPotion","Hololive_CallAZKi"],"picked":"Hololive_CallRosalyn","floor":25},{"not_picked":["Hololive_Trident+1","Hololive_HighAtkLowDef","Hololive_FlyingPonyTail","Hololive_CallSakuraMiko+1"],"picked":"Hololive_CallYukihanaLamy","floor":27},{"not_picked":["Hololive_Teleport+1","Hololive_Sequa","Hololive_FlyingPonyTail","Hololive_OvertimeWork"],"picked":"Hololive_CallCivia","floor":28},{"not_picked":["Hololive_CallHimemoriLuna","Hololive_DDD","Hololive_StrengthChampion","Hololive_Trident"],"picked":"Hololive_CallInugamiKorone+1","floor":29},{"not_picked":["Hololive_FlyingPonyTail","Hololive_Sequa","Hololive_DurableLive","Hololive_Trident","Hololive_CallInugamiKorone"],"picked":"SKIP","floor":31},{"not_picked":["Hololive_BeCareful","Hololive_FlareMind","Hololive_Recruit","Hololive_DDD"],"picked":"Hololive_IdolExercise","floor":33},{"not_picked":["Hololive_Drill","Hololive_FlyingPonyTail","Hololive_CallTokoyamiTowa","Hololive_Psychosis+1","Hololive_Rebound"],"picked":"SKIP","floor":35},{"not_picked":["Hololive_Drill","Hololive_CallOkamiMio+1","Hololive_CallShiroganeNoel+1","Hololive_LuckPotion"],"picked":"Hololive_CallTokinoSora","floor":37},{"not_picked":["Hololive_Drill","Hololive_CallRosalyn","Hololive_LuckPotion","Hololive_Sequa","Hololive_OvertimeWork"],"picked":"SKIP","floor":38},{"not_picked":["Hololive_CallAZKi+1","Hololive_CocoNews+1","Hololive_CallArtia","Hololive_Rebound+1"],"picked":"Hololive_CallMurasakiShion","floor":39},{"not_picked":["Hololive_OvertimeWork+1","Hololive_CallTokinoSora","Hololive_CallCivia","Hololive_Sequa"],"picked":"Hololive_CallAkiRosenthal","floor":42},{"not_picked":["Hololive_RevenueBasedLive","Hololive_CallSakuraMiko+1","Hololive_CallYogiri","Hololive_CallAiraniIofifteen","Hololive_CallInugamiKorone","Hololive_FlareMind"],"picked":"SKIP","floor":45},{"not_picked":["Hololive_CallMomosuzuNene","Hololive_Rebound","Hololive_LuckPotion+1","Hololive_RevenueBasedLive+1","Hololive_OvertimeWork+1","Hololive_Drill+1"],"picked":"SKIP","floor":45},{"not_picked":["Hololive_CocoNews","Hololive_Rebound","Hololive_Drill","Hololive_StrengthChampion+1","Hololive_HighAtkLowDef"],"picked":"Hololive_CallDoris+1","floor":46},{"not_picked":["Hololive_CallManoAloe+1","Hololive_Psychosis","Hololive_Drill+1","Hololive_CallYukihanaLamy+1","Hololive_CallAiraniIofifteen+1","Hololive_CocoNews"],"picked":"SKIP","floor":46},{"not_picked":["Hololive_HuntDinosaur+1","Hololive_Yoholoon+1","Hololive_RevenueBasedLive+1","Hololive_FlyingPonyTail+1","Hololive_Breathe"],"picked":"Hololive_CallMoonaHoshinova+1","floor":47},{"not_picked":["Hololive_Sequa","Hololive_Rebound","Hololive_SummonFox+1","Hololive_RevenueBasedLive","Hololive_CallYogiri","Hololive_OvertimeWork"],"picked":"SKIP","floor":47},{"not_picked":["Hololive_BeCareful","Hololive_Spy","Hololive_IdolExercise","Hololive_MaximGun","Hololive_Trident","Hololive_Sequa+1"],"picked":"SKIP","floor":48},{"not_picked":["Hololive_LuckPotion+1","Hololive_Drill","Hololive_RevenueBasedLive","Hololive_DurableLive","Hololive_CallMoonaHoshinova","Hololive_CallAkaiHaato+1"],"picked":"SKIP","floor":48}],"player_experience":505235,"relics_obtained":[{"floor":6,"key":"Dota2Spire:CrimsonGuard"},{"floor":9,"key":"Golden Egg"},{"floor":11,"key":"Dota2Spire:PhaseBoots"},{"floor":13,"key":"Pocketwatch"},{"floor":15,"key":"Question Card"},{"floor":17,"key":"Regal Pillow"},{"floor":17,"key":"Letter Opener"},{"floor":17,"key":"jedi:firstaidkit"},{"floor":23,"key":"Art of War"},{"floor":25,"key":"Blood Vial"},{"floor":26,"key":"MawBank"},{"floor":29,"key":"CaptainsWheel"},{"floor":39,"key":"Durian"},{"floor":40,"key":"ReplayTheSpireMod:Ring of Challenge"},{"floor":40,"key":"Ring of Misfortune"},{"floor":42,"key":"Centennial Puzzle"},{"floor":43,"key":"Gremlin Food"},{"floor":45,"key":"jedi:shrinkray"},{"floor":48,"key":"Dota2Spire:DrumOfEndurance"}],"event_choices":[{"cards_removed":["Hololive_FlyingPonyTail"],"damage_healed":0,"gold_gain":0,"player_choice":"Card Removal","damage_taken":7,"max_hp_gain":0,"max_hp_loss":0,"event_name":"Golden Wing","floor":5,"gold_loss":0},{"damage_healed":0,"gold_gain":0,"player_choice":"Opened","damage_taken":0,"relics_obtained":["Replay:Ringing Soul"],"max_hp_gain":0,"max_hp_loss":0,"event_name":"The Mausoleum","floor":19,"gold_loss":0,"cards_obtained":["Writhe"]},{"damage_healed":0,"gold_gain":0,"player_choice":"Read","damage_taken":0,"max_hp_gain":0,"max_hp_loss":0,"event_name":"The Library","floor":24,"gold_loss":0,"cards_obtained":["Hololive_CallSakuraMiko"]},{"damage_healed":0,"gold_gain":0,"player_choice":"Fight","damage_taken":0,"max_hp_gain":0,"max_hp_loss":0,"event_name":"MindBloom","floor":39,"gold_loss":0}],"is_beta":false,"boss_relics":[{"not_picked":["Abe\u0027s Treasure","Astrolabe"],"picked":"Calling Bell"},{"not_picked":["Philosopher\u0027s Stone","Empty Cage"],"picked":"Sozu"}],"items_purged_floors":[0,0,0,0,20,20],"is_endless":false,"potions_floor_spawned":[4,10,11,13,16,18,21,28,29,38,45,46,48],"ascension_level":4}}