{"host":"tq99ucv8ezzqzioe","time":1611896172,"event":{"mods":["BaseMod","Colored Map","Downfall","Highlight Path","Minty Spire (QoL Compilation)","StSLib"],"gold_per_floor":[111,111,111,111,132,167,19,32,32,32,56,100,100,100,100],"floor_reached":14,"language":"ENG","playtime":466,"items_purged":[],"score":127,"play_id":"ad99fc6c-c492-4c54-aacb-d5bab0e7f023","local_time":"20210128235612","is_ascension_mode":true,"campfire_choices":[{"data":"Havoc","floor":10,"key":"SMITH"}],"circlet_count":0,"master_deck":["Strike_R","Strike_R","Strike_R","Strike_R","Strike_R","Defend_R","Defend_R","Defend_R","Defend_R","Bash","Havoc+1","Havoc","Havoc","Whirlwind","Shrug It Off","True Grit","Entrench","Shrug It Off","Uppercut"],"relics":["Burning Blood","Mango","Golden Idol","Eternal Feather","Meat on the Bone","Anchor","Torii"],"acts_visited":["Exordium"],"potions_floor_usage":[6,6,12,14],"damage_taken":[{"damage":1,"enemies":"2 Louse","floor":1,"turns":3},{"damage":8,"enemies":"Jaw Worm","floor":5,"turns":4},{"damage":47,"enemies":"Lagavulin","floor":6,"turns":6},{"damage":1,"enemies":"Small Slimes","floor":8,"turns":4},{"damage":3,"enemies":"3 Louse","floor":11,"turns":2},{"damage":15,"enemies":"3 Sentries","floor":12,"turns":5},{"damage":36,"enemies":"Gremlin Nob","floor":14,"turns":4}],"seed_played":"-7644468332972563140","potions_obtained":[{"floor":4,"key":"Guardian:BlockOnCardUsePotion"},{"floor":4,"key":"DistilledChaos"},{"floor":4,"key":"SneckoOil"},{"floor":8,"key":"BloodPotion"}],"is_trial":false,"path_per_floor":["M","?","T","?","M","E","$","M","T","R","M","E","?","E"],"character_chosen":"IRONCLAD","items_purchased":["Whirlwind","Shrug It Off","True Grit"],"campfire_rested":0,"item_purchase_floors":[7,7,7],"current_hp_per_floor":[86,65,65,65,63,22,22,27,27,36,51,54,21,2,2],"gold":100,"neow_bonus":"ONE_RARE_RELIC","is_daily":false,"chose_seed":false,"campfire_upgraded":1,"win_rate":0.0,"timestamp":1611896172,"path_taken":["M","?","?","?","M","E","$","M","T","R","?","E","?","E"],"items_purchased_type":["Card","Card","Card"],"build_version":"2020-12-22","purchased_purges":0,"victory":false,"max_hp_per_floor":[86,86,86,86,86,86,86,86,86,86,86,86,86,86,86],"card_choices":[{"not_picked":["Thunderclap","Wild Strike"],"picked":"Havoc","floor":1},{"not_picked":["Dropkick","Heavy Blade"],"picked":"Havoc","floor":5},{"not_picked":["Burning Pact","Dual Wield"],"picked":"Havoc","floor":6},{"not_picked":["Sword Boomerang","Flex"],"picked":"Entrench","floor":8},{"not_picked":["Clash","Perfected Strike"],"picked":"Shrug It Off","floor":11},{"not_picked":["Bloodletting","Rage"],"picked":"Uppercut","floor":12}],"player_experience":804451,"relics_obtained":[{"floor":6,"key":"Eternal Feather"},{"floor":9,"key":"Meat on the Bone"},{"floor":12,"key":"Anchor"}],"event_choices":[{"damage_healed":0,"gold_gain":0,"player_choice":"Take Damage","damage_taken":21,"relics_obtained":["Golden Idol"],"max_hp_gain":0,"max_hp_loss":0,"event_name":"Golden Idol","floor":2,"gold_loss":0},{"damage_healed":0,"gold_gain":0,"player_choice":"Got Potions","damage_taken":0,"max_hp_gain":0,"max_hp_loss":0,"event_name":"Lab","floor":4,"gold_loss":0},{"damage_healed":0,"gold_gain":0,"player_choice":"Success","damage_taken":33,"relics_obtained":["Torii"],"max_hp_gain":0,"max_hp_loss":0,"event_name":"Scrap Ooze","floor":13,"gold_loss":0}],"is_beta":false,"boss_relics":[],"items_purged_floors":[],"is_endless":false,"potions_floor_spawned":[8],"killed_by":"Gremlin Nob","ascension_level":6}}