{"host":"vlzg4xe8i30enmd8","time":1611905787,"event":{"mods":["100% Spire Juice","A Magickal Journey","AchievementEnabler","Act Like it!","Aspiration","Bartender","BaseMod","Better Note","Better Third Choice","CapriCore","Conspire","Downfall","Duelist Mod","Gensokyo","GifTheSpireLib","GungeonMod","Hallownest","Hermit","Hubris","KinomotoSakuraMod(????)","Marisa????????","Minty Spire (QoL Compilation)","Reimu??????","Replay The Spire","Shade Mod","StSLib","Stuff the Spire","The Administrix","The Alterego","The Animator","The Bug Knight","The Cursed","The Disciple","The Hayseed","The Immortal","The Jungle","The Poker Player","The Runesmith","The Servant 0.9.4","thorton"],"gold_per_floor":[119,133,133,133,145,145,145,145,161,192,192,207,221,221,234,293,293,394,394,406,425,425,443,462,462,494,494,494,514,534,26,44,44,44],"floor_reached":33,"language":"ENG","playtime":4843,"items_purged":[],"score":298,"play_id":"0000c614-474b-4c91-92db-b5ccabe97c7b","local_time":"20210128233627","is_ascension_mode":false,"campfire_choices":[{"floor":8,"key":"RECALL"},{"floor":14,"key":"REST"},{"floor":17,"key":"REST"},{"floor":25,"key":"REST"}],"circlet_count":0,"master_deck":["MokouMod:Strike","MokouMod:Strike","MokouMod:Strike","MokouMod:Strike","MokouMod:Strike","MokouMod:Defend","MokouMod:Defend","MokouMod:Defend","MokouMod:Defend","MokouMod:HeatSpark","MokouMod:ShiftIgnition","MokouMod:FlamingFireTalons","MokouMod:Ember","MokouMod:Fireball","MokouMod:EternalBurstReactor","MokouMod:Ember","MokouMod:RetainTemperature","Injury","MokouMod:Burn","MokouMod:HeatCyclone","MokouMod:DanceofFlames","MokouMod:FlickeringFlame+1","MokouMod:RoaringFlare+1","MokouMod:IgneousBlow+1","MokouMod:InfernalWave+1","MokouMod:PhoenixForm","MokouMod:Burn+1","MokouMod:TemporalFireSeal+1","MokouMod:ScorchingColumn+1","MokouMod:InfernalWave+1","MokouMod:GuidingSmoke+1","MokouMod:Afterburner","MokouMod:SpontaneousHumanCombustion","MokouMod:Overheat+1","MokouMod:PhoenixFeathers+1","MokouMod:Burn+1"],"relics":["MokouMod:PhoenixFeather","Molten Egg 2","Runesmith:Nanobots","Sundial","SlaversCollar","Lantern","Replay:Accelerometer","DemoMod:MonsterBlood","Toxic Egg 2","hubris:SlimyHat"],"acts_visited":["Exordium","Exordium"],"potions_floor_usage":[10,12,16,16,26,32,33],"damage_taken":[{"damage":8,"enemies":"Cultist","floor":1,"turns":5},{"damage":1,"enemies":"Jaw Worm","floor":2,"turns":5},{"damage":11,"enemies":"2 Louse","floor":5,"turns":3},{"damage":7,"enemies":"conspire:2 RoseBushes","floor":9,"turns":6},{"damage":33,"enemies":"Lagavulin","floor":10,"turns":8},{"damage":2,"enemies":"3 Louse","floor":12,"turns":3},{"damage":16,"enemies":"Lots of Slimes","floor":13,"turns":6},{"damage":0,"enemies":"Looter","floor":15,"turns":4},{"damage":25,"enemies":"3 Sentries","floor":16,"turns":9},{"damage":73,"enemies":"Fading Forest","floor":18,"turns":11},{"damage":6,"enemies":"theJungle:MUSHROOMGANG","floor":20,"turns":5},{"damage":37,"enemies":"Shell Parasite","floor":21,"turns":7},{"damage":18,"enemies":"theJungle:Snecko_Cultist_And_Trap","floor":23,"turns":6},{"damage":4,"enemies":"theJungle:JungleHuntersEncounter","floor":24,"turns":6},{"damage":49,"enemies":"theJungle:2_Phrogs","floor":26,"turns":8},{"damage":11,"enemies":"theJungle:Lyon","floor":29,"turns":4},{"damage":20,"enemies":"Snake Plant","floor":30,"turns":2},{"damage":12,"enemies":"theJungle:2_Snecko_Cultists","floor":32,"turns":2},{"damage":21,"enemies":"theJungle:SlimyTreeVines","floor":33,"turns":5}],"seed_played":"-5109010855321414541","potions_obtained":[{"floor":5,"key":"SkillPotion"},{"floor":10,"key":"DemoMod:LeadSkinPotion"},{"floor":12,"key":"hexamod:SoulburnPotion"},{"floor":13,"key":"SkillPotion"},{"floor":20,"key":"Strength Potion"},{"floor":24,"key":"Flashbang"},{"floor":26,"key":"Weak Potion"},{"floor":30,"key":"Death Potion"}],"is_trial":false,"path_per_floor":["M","M","?","?","M","PTL","PTL","R","M","E","T","M","M","R","M","?","R","B",null,"M","M","?","M","M","R","E","?","T","M","M","$","M","M"],"character_chosen":"MKU","items_purchased":["Toxic Egg 2","hubris:SlimyHat","MokouMod:Overheat+1","MokouMod:PhoenixFeathers+1"],"campfire_rested":3,"item_purchase_floors":[31,31,31,31],"current_hp_per_floor":[74,73,73,73,62,62,62,62,55,22,22,20,4,28,28,3,27,9,82,76,39,39,21,17,41,20,20,27,16,22,22,10,0,0],"gold":44,"neow_bonus":"TEN_PERCENT_HP_BONUS","is_daily":false,"chose_seed":false,"campfire_upgraded":0,"win_rate":0.0,"timestamp":1611905787,"path_taken":["M","?","?","?","M","PTL","PTL","R","M","E","T","M","M","R","M","?","R","BOSS","M","M","?","M","M","R","E","?","T","?","M","$","M","M"],"items_purchased_type":["Relic","Relic","Card","Card"],"build_version":"2020-12-22","purchased_purges":0,"victory":false,"max_hp_per_floor":[82,82,82,82,82,82,82,82,82,82,82,82,82,82,82,82,82,82,82,82,82,82,82,82,82,82,82,89,89,89,89,89,89,89],"card_choices":[{"not_picked":["MokouMod:FlareStarter","MokouMod:Singe"],"picked":"MokouMod:ShiftIgnition","floor":1},{"not_picked":["MokouMod:BurningDraft","MokouMod:InfernalWave"],"picked":"MokouMod:FlamingFireTalons","floor":2},{"not_picked":["MokouMod:TemporalFireSeal+1","MokouMod:EternalBurstReactor+1"],"picked":"MokouMod:Burn","floor":5},{"not_picked":["MokouMod:BurningHiddenBullet+1","MokouMod:ThermalPressure"],"picked":"MokouMod:HeatCyclone","floor":9},{"not_picked":["MokouMod:SpontaneousHumanCombustion","MokouMod:IndiscriminateIgnition"],"picked":"MokouMod:DanceofFlames","floor":10},{"not_picked":["MokouMod:CrimsonArmoury","MokouMod:UncontrollableSolarReaction+1"],"picked":"MokouMod:FlickeringFlame+1","floor":12},{"not_picked":["MokouMod:FlareStarter","MokouMod:Ember+1"],"picked":"MokouMod:RoaringFlare+1","floor":13},{"not_picked":["MokouMod:Firecracker","MokouMod:BlazingComet+1"],"picked":"MokouMod:IgneousBlow+1","floor":15},{"not_picked":["MokouMod:EternalBurstReactor+1","MokouMod:HeatFactory"],"picked":"MokouMod:InfernalWave+1","floor":16},{"not_picked":["MokouMod:ProfanedFlare","MokouMod:BurningHiddenBullet+1"],"picked":"MokouMod:PhoenixForm","floor":18},{"not_picked":["MokouMod:Stoke","MokouMod:ImperishableFlame"],"picked":"MokouMod:Burn+1","floor":20},{"not_picked":["MokouMod:BurningDraft","MokouMod:SearingShot+1"],"picked":"MokouMod:TemporalFireSeal+1","floor":21},{"not_picked":["MokouMod:Firecracker","MokouMod:BlazingComet+1"],"picked":"MokouMod:ScorchingColumn+1","floor":23},{"not_picked":["MokouMod:SearingShot+1","MokouMod:Combust+1"],"picked":"MokouMod:InfernalWave+1","floor":24},{"not_picked":["MokouMod:FlickeringFlame+1","MokouMod:Overheat"],"picked":"MokouMod:GuidingSmoke+1","floor":26},{"not_picked":["MokouMod:Sear","MokouMod:TemporalFireSeal+1"],"picked":"MokouMod:Afterburner","floor":29},{"not_picked":["MokouMod:HeartofFire","MokouMod:BurningDraft+1"],"picked":"MokouMod:SpontaneousHumanCombustion","floor":30},{"not_picked":["MokouMod:HeatTransfer+1","MokouMod:Stoke+1"],"picked":"MokouMod:Burn+1","floor":32}],"player_experience":95697,"relics_obtained":[{"floor":10,"key":"Runesmith:Nanobots"},{"floor":26,"key":"Replay:Accelerometer"},{"floor":28,"key":"DemoMod:MonsterBlood"}],"event_choices":[{"damage_healed":0,"gold_gain":0,"player_choice":"Searched \u00272\u0027 times","damage_taken":0,"relics_obtained":["Sundial"],"max_hp_gain":0,"max_hp_loss":0,"event_name":"Dead Adventurer","floor":16,"gold_loss":0},{"damage_healed":0,"gold_gain":0,"player_choice":"Gave Potion","damage_taken":0,"relics_obtained":["Lantern"],"max_hp_gain":0,"max_hp_loss":0,"event_name":"WeMeetAgain","floor":22,"gold_loss":0},{"cards_removed":["MokouMod:InfernalWave"],"damage_healed":0,"gold_gain":0,"player_choice":"Give","damage_taken":0,"max_hp_gain":0,"max_hp_loss":0,"event_name":"betterNote:BetterNote","floor":27,"gold_loss":0,"cards_obtained":["None"]}],"is_beta":false,"boss_relics":[{"not_picked":["Replay:Grab Bag","Astrolabe"],"picked":"SlaversCollar"}],"items_purged_floors":[],"is_endless":false,"potions_floor_spawned":[5,10,12,13,20,24,26,30],"killed_by":"theJungle:SlimyTreeVines","ascension_level":0}}