{"host":"t9q14bihfoo75lsb","time":1611887326,"event":{"mods":["100% Spire Juice","Arknights The Spire","BaseMod","Better Third Choice","Challenge The Spire","Hermit","Infinite Spire","Koishi","Minty Spire (QoL Compilation)","Reworked Bosses","Shop Mod","Spicy Shops","StSLib","The Cursed","The Dragon Tamer","The Hierophant","The Runesmith"],"gold_per_floor":[111,111,111,123,135,147,171,212,302,330,352,377,402,414,426,536,548,577,604,616,628,640,678,270,296,351,351,365,375,148,159,159,264,264,280,280,294,314,338,372,372,387,387,397,397,414,426,454,454,454,454,454,24,58,58,58],"floor_reached":55,"language":"KOR","playtime":2879,"items_purged":["ats:Strike C+1"],"score":846,"play_id":"72d85e10-33f7-4a26-abcd-a04c20346909","local_time":"20210129112846","is_ascension_mode":false,"campfire_choices":[{"data":"ats:Closed Bolt Burst Fire","floor":6.0,"key":"SMITH"},{"floor":15.0,"key":"RECALL"},{"data":"ats:Roar Of Ursus","floor":27.0,"key":"SMITH"},{"data":"ats:Healing Strengthening","floor":32.0,"key":"SMITH"},{"data":"ats:Soul Rend","floor":45.0,"key":"SMITH"},{"data":"ats:Part Time Job","floor":49.0,"key":"SMITH"},{"data":"ats:Revitalization","floor":52.0,"key":"SMITH"}],"circlet_count":0,"master_deck":["ats:Strike G+1","ats:Strike S+1","ats:Strike V+1","ats:Armor Crushing Shot","ats:Defend+1","ats:Defend+1","ats:Defend+1","ats:Defend+1","ats:Emotion Absorption+1","ats:Closed Bolt Burst Fire+1","infinitespire:Starlight+1","ats:Blood Oath","ats:Magnetic Hammer","ats:Roar Of Ursus+1","ats:Hammer On","ats:Composite Medical Shells+1","ats:Healing Strengthening+1","ats:Soul Rend+1","ats:Revitalization+1","ats:Blood Oath","ats:Directed Diagnosis+1","ats:Healing Drone","ats:Healing Drone+1","ats:Dogmatic Field","ats:Sashimi Platter+1","ats:Hammer On+1","ats:Hammer On+1","Magnetism","Impatience","Impatience","ats:Absolute Focus+1","ats:Revitalization","ats:Thermite Blade+1","ats:Part Time Job+1","ats:Revitalization","ats:Apocalypse+1"],"relics":["ats:Sanity","NeowsBlessing","MawBank","ats:Originium","Bottled Lightning","ats:Military Tradition","Sozu","MutagenicStrength","infinitespire:Lucky Rock","Membership Card","Oddly Smooth Stone","infinitespire:EmpoweringShard","Toolbox","Toy Ornithopter","Tiny Chest","ats:Support","War Paint","Centennial Puzzle","Coffee Dripper","Omamori","infinitespire:Beetle Shell","Ancient Tea Set","ats:Cure","Boot","ats:Berate","InkBottle","Vajra"],"acts_visited":["Exordium","TheCity","TheBeyond","TheEnding"],"potions_floor_usage":[],"damage_taken":[{"damage":0.0,"enemies":"Jaw Worm","floor":1.0,"turns":1.0},{"damage":0.0,"enemies":"2 Louse","floor":7.0,"turns":1.0},{"damage":0.0,"enemies":"Gremlin Nob","floor":8.0,"turns":1.0},{"damage":10.0,"enemies":"Small Slimes","floor":10.0,"turns":2.0},{"damage":16.0,"enemies":"Gremlin Gang","floor":11.0,"turns":4.0},{"damage":7.0,"enemies":"Exordium Thugs","floor":12.0,"turns":4.0},{"damage":16.0,"enemies":"Blue Slaver","floor":13.0,"turns":5.0},{"damage":45.0,"enemies":"Hexaghost","floor":16.0,"turns":11.0},{"damage":25.0,"enemies":"2 Thieves","floor":18.0,"turns":5.0},{"damage":30.0,"enemies":"3 Byrds","floor":19.0,"turns":6.0},{"damage":51.0,"enemies":"Book of Stabbing","floor":23.0,"turns":7.0},{"damage":40.0,"enemies":"Gremlin Leader","floor":25.0,"turns":6.0},{"damage":10.0,"enemies":"Cultist and Chosen","floor":28.0,"turns":4.0},{"damage":15.0,"enemies":"Chosen and Byrds","floor":29.0,"turns":4.0},{"damage":21.0,"enemies":"Snake Plant","floor":31.0,"turns":4.0},{"damage":43.0,"enemies":"bossMod:newCollector","floor":33.0,"turns":10.0},{"damage":3.0,"enemies":"3 Darklings","floor":35.0,"turns":3.0},{"damage":9.0,"enemies":"3 Shapes","floor":37.0,"turns":2.0},{"damage":29.0,"enemies":"Transient","floor":38.0,"turns":5.0},{"damage":94.0,"enemies":"Nemesis","floor":40.0,"turns":7.0},{"damage":9.0,"enemies":"Sphere and 2 Shapes","floor":42.0,"turns":3.0},{"damage":14.0,"enemies":"3 Darklings","floor":44.0,"turns":3.0},{"damage":15.0,"enemies":"Jaw Worm Horde","floor":46.0,"turns":3.0},{"damage":59.0,"enemies":"Maw","floor":47.0,"turns":8.0},{"damage":56.0,"enemies":"Giant Head","floor":48.0,"turns":6.0},{"damage":176.0,"enemies":"bossMod:newAwakened","floor":50.0,"turns":12.0},{"damage":100.0,"enemies":"Shield and Spear","floor":54.0,"turns":6.0},{"damage":99,"enemies":"The Heart","floor":55,"turns":3}],"seed_played":"-86438443952753479","potions_obtained":[{"floor":7.0,"key":"Dexterity Potion"},{"floor":11.0,"key":"Fire Potion"},{"floor":12.0,"key":"AttackPotion"}],"is_trial":false,"path_per_floor":["M","?","?","?","$","R","M","E","T","M","M","M","M","$","R","B",null,"M","M","?","?","?","E","$","E","T","R","M","M","$","M","R","B",null,"M","?","M","M","T","E","?","M","T","M","R","M","M","E","R","B",null,"R","$","E","B"],"character_chosen":"DOCTOR_CLASS","items_purchased":["Membership Card","Oddly Smooth Stone","infinitespire:EmpoweringShard","Toolbox","ats:Support","War Paint","Centennial Puzzle","ats:Cure","ats:Revitalization","Boot","ats:Berate","InkBottle"],"campfire_rested":0,"item_purchase_floors":[24,24,24,24,30,30,30,53,53,53,53,53],"current_hp_per_floor":[72,72,54,36,36,36,36,36,36,39,39,42,39,39,39,16,72,68,57,57,57,57,54,54,72,72,72,72,72,72,72,72,72,72,72,72,72,69,69,61,51,66,66,72,72,65,72,72,72,72,72,72,72,72,0,0],"gold":58,"neow_bonus":"THREE_ENEMY_KILL","is_daily":false,"chose_seed":false,"campfire_upgraded":6,"win_rate":0.0,"timestamp":1611887326,"path_taken":["M","?","?","?","?","R","?","E","T","M","M","M","M","$","R","BOSS","M","M","?","?","?","E","$","E","T","R","M","?","?","M","R","BOSS","M","?","M","M","?","E","?","M","T","M","R","?","M","E","R","BOSS","R","$","E","BOSS"],"items_purchased_type":["Relic","Relic","Relic","Relic","Relic","Relic","Relic","Relic","Card","Relic","Relic","Relic"],"build_version":"2020-12-22","purchased_purges":1,"victory":false,"max_hp_per_floor":[72,72,72,72,72,72,72,72,72,72,72,72,72,72,72,72,72,72,72,72,72,72,72,72,72,72,72,72,72,72,72,72,72,72,72,72,72,72,72,72,72,72,72,72,72,72,72,72,72,72,72,72,72,72,72,72],"card_choices":[{"not_picked":["ats:Poison Spread","ats:Rapid Magazine"],"picked":"ats:Closed Bolt Burst Fire","floor":1.0},{"not_picked":["infinitespire:UltimateForm","infinitespire:NeuralNetwork"],"picked":"infinitespire:Starlight","floor":4.0},{"not_picked":["ats:Beaten Up","ats:Poison Spread"],"picked":"ats:Blood Oath","floor":7.0},{"not_picked":["ats:Spore Proliferation","ats:Consecutive Shot Auto"],"picked":"ats:Magnetic Hammer","floor":8.0},{"not_picked":["ats:Phantom","ats:Guard Mode"],"picked":"ats:Roar Of Ursus","floor":10.0},{"not_picked":["ats:LN2 Cannon","ats:Consecutive Shot Auto"],"picked":"ats:Hammer On","floor":11.0},{"not_picked":["ats:Explosion Area Strengthen","ats:Flexible Camouflage"],"picked":"ats:Composite Medical Shells","floor":12.0},{"not_picked":["ats:Leaping Hammer","ats:Cat Scratch"],"picked":"ats:Healing Strengthening","floor":13.0},{"not_picked":["ats:Roar Of Ursus","ats:True Silver Slash"],"picked":"ats:Soul Rend","floor":16.0},{"not_picked":["ats:Closed Bolt Burst Fire","ats:Flexible Camouflage+1"],"picked":"ats:Revitalization","floor":18.0},{"not_picked":["ats:Healing Drone","ats:Apocalypse+1"],"picked":"ats:Blood Oath","floor":19.0},{"not_picked":["ats:Thorns","ats:Apocalypse"],"picked":"ats:Directed Diagnosis+1","floor":23.0},{"not_picked":["ats:Ignite+1","ats:Explosion Area Strengthen","ats:Overload"],"picked":"SKIP","floor":25.0},{"not_picked":["ats:Steam Pump","ats:Thorns"],"picked":"ats:Healing Drone","floor":28.0},{"not_picked":["ats:Hook Shot+1","ats:Directed Diagnosis+1"],"picked":"ats:Healing Drone+1","floor":29.0},{"not_picked":["ats:Healing Drone","ats:Sunburst+1","ats:Flexible Camouflage"],"picked":"SKIP","floor":31.0},{"not_picked":["ats:Roar Of Ursus","ats:Disruption Kick"],"picked":"ats:Dogmatic Field","floor":33.0},{"not_picked":["ats:Poison Spread+1","ats:Flame Of Heaven"],"picked":"ats:Sashimi Platter+1","floor":35.0},{"not_picked":["ats:Steam Pump","ats:Red Shift","ats:Spore Proliferation+1"],"picked":"SKIP","floor":37.0},{"not_picked":["ats:Rapid Magazine+1","ats:Explosion Area Strengthen+1"],"picked":"ats:Hammer On+1","floor":38.0},{"not_picked":["ats:Flexible Camouflage+1","ats:Poison Spread"],"picked":"ats:Hammer On+1","floor":40.0},{"not_picked":["Thinking Ahead","Deep Breath"],"picked":"Magnetism","floor":41.0},{"not_picked":["Jack Of All Trades","Purity"],"picked":"Impatience","floor":41.0},{"not_picked":["Deep Breath","Discovery"],"picked":"Impatience","floor":41.0},{"not_picked":["ats:Hammer On","ats:Steam Pump"],"picked":"ats:Absolute Focus+1","floor":42.0},{"not_picked":["ats:Explosion Area Strengthen+1","ats:Assault Order+1"],"picked":"ats:Revitalization","floor":44.0},{"not_picked":["ats:Mental Burst+1","ats:Flexible Camouflage","ats:Closed Bolt Burst Fire"],"picked":"SKIP","floor":46.0},{"not_picked":["ats:Sunburst","ats:Curse Doll"],"picked":"ats:Thermite Blade+1","floor":47.0},{"not_picked":["ats:Rat Pack","ats:Hammer On"],"picked":"ats:Part Time Job","floor":48.0},{"not_picked":["ats:Hook Shot","ats:Leaping Hammer+1"],"picked":"ats:Apocalypse+1","floor":54.0}],"player_experience":490654,"relics_obtained":[{"floor":8.0,"key":"ats:Originium"},{"floor":8.0,"key":"Bottled Lightning"},{"floor":9.0,"key":"ats:Military Tradition"},{"floor":23.0,"key":"ats:Originium"},{"floor":23.0,"key":"infinitespire:Lucky Rock"},{"floor":25.0,"key":"ats:Originium"},{"floor":25.0,"key":"Toy Ornithopter"},{"floor":26.0,"key":"Tiny Chest"},{"floor":40.0,"key":"ats:Originium"},{"floor":40.0,"key":"Omamori"},{"floor":43.0,"key":"infinitespire:Beetle Shell"},{"floor":48.0,"key":"Ancient Tea Set"},{"floor":54.0,"key":"Vajra"}],"event_choices":[{"damage_healed":0.0,"max_hp_gain":0.0,"max_hp_loss":0.0,"gold_gain":0.0,"event_name":"The Cleric","player_choice":"Leave","floor":2.0,"gold_loss":0.0,"damage_taken":0.0},{"damage_healed":0.0,"max_hp_gain":0.0,"max_hp_loss":0.0,"gold_gain":0.0,"event_name":"betterThird:BetterScrap","player_choice":"Relic ","floor":3.0,"gold_loss":0.0,"damage_taken":18.0,"cards_obtained":["Juggernaut"]},{"damage_healed":0.0,"max_hp_gain":0.0,"max_hp_loss":8.0,"gold_gain":0.0,"event_name":"betterThird:BetterWriting","player_choice":"Simplicity","floor":20.0,"gold_loss":0.0,"damage_taken":0.0},{"damage_healed":0.0,"max_hp_gain":0.0,"max_hp_loss":0.0,"gold_gain":0.0,"event_name":"Drug Dealer","player_choice":"Inject Mutagens","floor":21.0,"gold_loss":0.0,"damage_taken":0.0,"relics_obtained":["MutagenicStrength"]},{"damage_healed":0.0,"max_hp_gain":0.0,"max_hp_loss":0.0,"gold_gain":0.0,"event_name":"Upgrade Shrine","player_choice":"Upgraded","floor":22.0,"gold_loss":0.0,"damage_taken":0.0,"cards_upgraded":["ats:Composite Medical Shells"]},{"damage_healed":0.0,"max_hp_gain":0.0,"max_hp_loss":0.0,"gold_gain":0.0,"event_name":"Tomb of Lord Red Mask","player_choice":"Ignored","floor":36.0,"gold_loss":0.0,"damage_taken":0.0},{"damage_healed":0.0,"max_hp_gain":0.0,"max_hp_loss":0.0,"gold_gain":0.0,"event_name":"SensoryStone","player_choice":"Memory 3","floor":41.0,"gold_loss":0.0,"damage_taken":10.0}],"is_beta":false,"boss_relics":[{"not_picked":["ats:Omniscience","Cursed Key"],"picked":"Sozu"},{"not_picked":["SlaversCollar","SacredBark"],"picked":"Coffee Dripper"}],"items_purged_floors":[53],"is_endless":false,"potions_floor_spawned":[7,11,12,19,25,31,33,38,42,46,47],"killed_by":"The Heart","ascension_level":0}}