{"host":"2hea6pl5vmah38iy","time":1611907553,"event":{"mods":["AchievementEnabler","BaseMod","Colored Map","DeckTracker","Keyboard Shortcuts","Minty Spire (QoL Compilation)","Rare Cards Sparkle","StSLib","SuperFastMode","everything is the same but u backflip on backflip"],"gold_per_floor":[112,129,144,144,159,159,159,159,229,244,271,282,8,25,25,101,101,114,132,142,42,52,78,95,108,154,208,241,241,276,287,287,362,362,378,87,47,63,1062,1091,1091,536,582,582,582,169,186,211,211,211,211,211,4,31,31],"floor_reached":56,"language":"KOR","playtime":2613,"items_purged":["Strike_B","Defend_B","Defend_B","Normality","Normality","Strike_B+1"],"score":2474,"play_id":"c3879e5f-c833-42f2-b4ee-f073cfe2b59d","local_time":"20210129170553","is_ascension_mode":true,"campfire_choices":[{"data":"Hyperbeam","floor":6.0,"key":"SMITH"},{"data":"Genetic Algorithm","floor":8.0,"key":"SMITH"},{"data":"Turbo","floor":15,"key":"SMITH"},{"data":"Reprogram","floor":32,"key":"SMITH"},{"floor":41,"key":"RECALL"},{"data":"Fission","floor":44,"key":"SMITH"},{"data":"Hologram","floor":49,"key":"SMITH"},{"data":"Aggregate","floor":52,"key":"SMITH"}],"circlet_count":0,"master_deck":["AscendersBane","Zap","Dualcast","Meteor Strike","Hyperbeam+1","Conserve Battery","Hologram+1","Genetic Algorithm+1","BootSequence","Loop","Turbo+1","Sunder+1","Skim","Reinforced Body","Rebound","Echo Form","Aggregate+1","Reprogram+1","Self Repair+1","Fission+1","Recycle","Seek","CurseOfTheBell","Undo","Coolheaded+1","All For One"],"relics":["Cracked Core","Darkstone Periapt","Whetstone","Oddly Smooth Stone","Snecko Eye","Ornamental Fan","Toy Ornithopter","Bag of Preparation","Lantern","Strawberry","Calling Bell","Potion Belt","Symbiotic Virus","WingedGreaves","Medical Kit","Kunai","Pen Nib","Sling","Membership Card","FossilizedHelix","Boot","Chemical X","Happy Flower"],"acts_visited":["Exordium","TheCity","TheBeyond","TheEnding"],"potions_floor_usage":[16,19,23,23,30,50,55,55,55,55],"damage_taken":[{"damage":4.0,"enemies":"Small Slimes","floor":1.0,"turns":2.0},{"damage":7.0,"enemies":"Jaw Worm","floor":2.0,"turns":4.0},{"damage":0.0,"enemies":"Cultist","floor":3.0,"turns":3.0},{"damage":0.0,"enemies":"Lots of Slimes","floor":5.0,"turns":1.0},{"damage":8.0,"enemies":"Exordium Thugs","floor":10.0,"turns":3.0},{"damage":1.0,"enemies":"3 Sentries","floor":11.0,"turns":3.0},{"damage":0.0,"enemies":"2 Fungi Beasts","floor":12.0,"turns":3.0},{"damage":0,"enemies":"Red Slaver","floor":14,"turns":2},{"damage":4,"enemies":"Slime Boss","floor":16,"turns":6},{"damage":0,"enemies":"Chosen","floor":18,"turns":2},{"damage":0,"enemies":"Spheric Guardian","floor":19,"turns":3},{"damage":0,"enemies":"Snake Plant","floor":20,"turns":1},{"damage":0,"enemies":"Sentry and Sphere","floor":22,"turns":3},{"damage":0,"enemies":"Slavers","floor":23,"turns":3},{"damage":18,"enemies":"Snecko","floor":24,"turns":4},{"damage":8,"enemies":"Shelled Parasite and Fungi","floor":25,"turns":3},{"damage":17,"enemies":"Gremlin Leader","floor":28,"turns":6},{"damage":20,"enemies":"Book of Stabbing","floor":30,"turns":4},{"damage":0,"enemies":"Cultist and Chosen","floor":31,"turns":4},{"damage":0,"enemies":"Champ","floor":33,"turns":7},{"damage":15,"enemies":"3 Shapes","floor":35,"turns":5},{"damage":0,"enemies":"Orb Walker","floor":38,"turns":2},{"damage":0,"enemies":"Giant Head","floor":40,"turns":6},{"damage":0,"enemies":"Maw","floor":47,"turns":7},{"damage":0,"enemies":"Reptomancer","floor":48,"turns":4},{"damage":9,"enemies":"Donu and Deca","floor":50,"turns":8},{"damage":12,"enemies":"Shield and Spear","floor":54,"turns":4},{"damage":12,"enemies":"The Heart","floor":55,"turns":8}],"seed_played":"-2157396346819197759","potions_obtained":[{"floor":2.0,"key":"Energy Potion"},{"floor":5.0,"key":"Fire Potion"},{"floor":14,"key":"AttackPotion"},{"floor":16,"key":"Block Potion"},{"floor":20,"key":"LiquidMemories"},{"floor":24,"key":"EssenceOfSteel"},{"floor":25,"key":"Dexterity Potion"},{"floor":30,"key":"Block Potion"},{"floor":37,"key":"ColorlessPotion"},{"floor":37,"key":"EssenceOfSteel"}],"is_trial":false,"path_per_floor":["M","M","M","?","M","R","?","R","T","M","E","M","$","M","R","B",null,"M","M","M","$","M","E","M","M","T","T","E","?","E","M","R","B",null,"M","$","?","M","?","E","R","$","T","R","?","$","M","E","R","B",null,"R","$","E","B",null],"character_chosen":"DEFECT","items_purchased":["Reinforced Body","Oddly Smooth Stone","Medical Kit","Pen Nib","Sling","Undo","Membership Card","FossilizedHelix","Chemical X","Dexterity Potion"],"campfire_rested":0,"item_purchase_floors":[13,13,36,42,42,42,46,46,53,53],"current_hp_per_floor":[42,35,35,40,40,40,40,40,40,32,31,31,31,31,31,27,64,64,64,64,64,64,64,46,38,38,38,41,41,53,63,63,73,87,82,82,82,82,94,101,101,101,101,101,101,101,101,101,101,101,101,101,101,99,101],"gold":31,"neow_bonus":"TRANSFORM_TWO_CARDS","is_daily":false,"chose_seed":false,"campfire_upgraded":7,"win_rate":0.0,"timestamp":1611907553,"path_taken":["M","M","M","?","M","R","?","R","T","M","E","M","$","M","R","BOSS","M","M","?","$","?","E","M","M","T","?","E","?","E","?","R","BOSS","M","$","?","?","?","E","R","$","T","R","?","?","M","E","R","BOSS","R","$","E","BOSS"],"items_purchased_type":["Card","Relic","Relic","Relic","Relic","Card","Relic","Relic","Relic","Potion"],"build_version":"2020-12-22","purchased_purges":6,"victory":true,"max_hp_per_floor":[71,71,71,76,76,76,76,76,76,76,76,76,76,76,76,76,76,76,76,76,76,76,76,76,76,76,76,76,76,83,83,83,83,89,89,89,89,89,101,101,101,101,101,101,101,101,101,101,101,101,101,101,101,101,101],"card_choices":[{"not_picked":["Go for the Eyes","Steam Power"],"picked":"Conserve Battery","floor":1.0},{"not_picked":["Tempest","Coolheaded"],"picked":"Hologram","floor":2.0},{"not_picked":["Go for the Eyes","Defragment"],"picked":"Genetic Algorithm","floor":3.0},{"not_picked":["Creative AI","Loop"],"picked":"BootSequence","floor":5.0},{"not_picked":["Cold Snap","Lockon"],"picked":"Turbo","floor":10.0},{"not_picked":["Doom and Gloom","Steam"],"picked":"Sunder","floor":11.0},{"not_picked":["Turbo","Redo"],"picked":"Skim","floor":12.0},{"not_picked":["Stack","Compile Driver"],"picked":"Rebound","floor":14},{"not_picked":["Multi-Cast","Meteor Strike"],"picked":"Echo Form","floor":16},{"not_picked":["Redo+1","Leap"],"picked":"Aggregate","floor":18},{"not_picked":["Redo","Go for the Eyes","Sweeping Beam"],"picked":"SKIP","floor":19},{"not_picked":["Stack","Reinforced Body","Self Repair"],"picked":"SKIP","floor":20},{"not_picked":["Rebound","Lockon+1","Steam Power"],"picked":"SKIP","floor":22},{"not_picked":["Self Repair","Stack"],"picked":"Reprogram","floor":23},{"not_picked":["Hello World","Rip and Tear","Gash"],"picked":"SKIP","floor":24},{"not_picked":["Steam Power","Redo"],"picked":"Self Repair+1","floor":25},{"not_picked":["Fission","Steam Power","Hologram"],"picked":"SKIP","floor":28},{"not_picked":["Steam Power","Hologram"],"picked":"Fission","floor":28},{"not_picked":["Leap","Scrape","Redo"],"picked":"SKIP","floor":30},{"not_picked":["Doom and Gloom","Hologram"],"picked":"Recycle","floor":31},{"not_picked":["Biased Cognition","Fission"],"picked":"Seek","floor":33},{"not_picked":["Conserve Battery","Glacier","Gash"],"picked":"SKIP","floor":35},{"not_picked":["Blizzard","Steam","Conserve Battery+1"],"picked":"SKIP","floor":38},{"not_picked":["Lockon","BootSequence+1","Streamline"],"picked":"SKIP","floor":40},{"not_picked":["Redo","Leap+1","Sweeping Beam+1"],"picked":"SKIP","floor":47},{"not_picked":["Skim","Leap"],"picked":"Coolheaded+1","floor":48},{"not_picked":["Consume+1","Gash"],"picked":"All For One","floor":54}],"player_experience":529088,"relics_obtained":[{"floor":9.0,"key":"Darkstone Periapt"},{"floor":11.0,"key":"Whetstone"},{"floor":23,"key":"Ornamental Fan"},{"floor":26,"key":"Toy Ornithopter"},{"floor":27,"key":"Bag of Preparation"},{"floor":28,"key":"Lantern"},{"floor":30,"key":"Strawberry"},{"floor":34,"key":"Potion Belt"},{"floor":34,"key":"Symbiotic Virus"},{"floor":34,"key":"WingedGreaves"},{"floor":40,"key":"Kunai"},{"floor":48,"key":"Boot"},{"floor":54,"key":"Happy Flower"}],"event_choices":[{"damage_healed":0.0,"max_hp_gain":5.0,"max_hp_loss":0.0,"gold_gain":0.0,"event_name":"Big Fish","player_choice":"Donut","floor":4.0,"gold_loss":0.0,"damage_taken":0.0},{"damage_healed":0.0,"max_hp_gain":0.0,"max_hp_loss":0.0,"gold_gain":0.0,"cards_transformed":["Strike_B"],"event_name":"Transmorgrifier","player_choice":"Transformed","floor":7.0,"gold_loss":0.0,"damage_taken":0.0,"cards_obtained":["Loop"]},{"cards_removed":["Defend_B"],"damage_healed":0,"gold_gain":0,"player_choice":"Purged","damage_taken":0,"max_hp_gain":0,"max_hp_loss":0,"event_name":"Purifier","floor":29,"gold_loss":0},{"damage_healed":0,"gold_gain":0,"player_choice":"Bought 3 Potions","damage_taken":0,"max_hp_gain":0,"max_hp_loss":0,"event_name":"The Woman in Blue","floor":37,"gold_loss":0},{"damage_healed":0,"gold_gain":999,"player_choice":"Gold","damage_taken":0,"max_hp_gain":0,"max_hp_loss":0,"event_name":"MindBloom","floor":39,"gold_loss":0,"cards_obtained":["Normality","Normality"]},{"damage_healed":0,"gold_gain":0,"player_choice":"Ignored","damage_taken":0,"max_hp_gain":0,"max_hp_loss":0,"event_name":"Tomb of Lord Red Mask","floor":45,"gold_loss":0}],"is_beta":false,"boss_relics":[{"not_picked":["Busted Crown","SacredBark"],"picked":"Snecko Eye"},{"not_picked":["Runic Dome","Cursed Key"],"picked":"Calling Bell"}],"items_purged_floors":[13,21,36,42,46,53],"is_endless":false,"potions_floor_spawned":[2,5,10,14,16,18,20,24,25,30,38,40,54],"ascension_level":17}}