{"host":"cz96naaoibjp08st","time":1611941992,"event":{"mods":["Act Like it!","BaseMod","BetterRewards","Downfall","Duelist Mod","GifTheSpireLib","Hermit","Minty Spire (QoL Compilation)","Quick Restart","READ ME - Guardian Mod","Replay The Spire","Robot Space Explorer","Shop Mod","StSLib","Stuff the Spire","SuperFastMode"],"gold_per_floor":[99,99,99,99,99,99,162,181,181,199,199,213,213,231,231,87,106,203,203,203,213,229,91,107,133,183,183,200,50,50,70,70,70,70],"floor_reached":32,"language":"ZHS","playtime":1844,"items_purged":["Regret"],"score":275,"play_id":"c72b164f-89bb-4b69-85e8-efb9c63b274b","local_time":"20210130013952","is_ascension_mode":false,"campfire_choices":[{"data":"Slimebound:Split","floor":1,"key":"SMITH"},{"data":"Slimebound:CorrosiveSpit","floor":11,"key":"SMITH"},{"data":"Slimebound:SlimeBarrage","floor":13,"key":"SMITH"},{"data":"Slimebound:ComboTackle","floor":15,"key":"SMITH"},{"floor":20,"key":"DIG"},{"floor":30,"key":"REST"}],"circlet_count":0,"master_deck":["Slimebound:Strike_Slimebound","Slimebound:Strike_Slimebound","Slimebound:Strike_Slimebound","Slimebound:Tackle","Slimebound:Defend_Slimebound","Slimebound:Defend_Slimebound","Slimebound:Defend_Slimebound","Slimebound:Defend_Slimebound","Slimebound:Split+1","Slimebound:CorrosiveSpit+1","Slimebound:SlimeSpikes","Slimebound:HauntingLick","Pot Of Greed","Pot Of Greed","Slimebound:Prepare","Slimebound:LivingWall","Slimebound:WasteNot","Slimebound:SlimeBarrage+1","Slimebound:ComboTackle+1","Slimebound:SplitMire","Slimebound:GoopTackle","Slimebound:RainOfGoop","Slimebound:DouseInSlime","Slimebound:SlimeBarrage","Slimebound:GoopSpray","Pot Of Greed","Slimebound:Gluttony","ReplayUltimateDefense","Crow Ritual","Panacea","Slimebound:BestDefense","Slimebound:SamplingLick+1","Slimebound:MassFeed","Ghostly","Slimebound:LeechingTouch"],"relics":["Slimebound:AbsorbEndCombat","downfall:HeartsMalice","StuffTheSpire:Tea","Grinning Jar","Snack Pack","Replay:Bronze Core","Anchor","ReplayTheSpireMod:ShopPack","Pen Nib","Bag of Preparation"],"acts_visited":["Exordium","TheCity"],"potions_floor_usage":[12,16,16,28,32,32],"damage_taken":[{"damage":0,"enemies":"Jaw Worm","floor":2,"turns":1},{"damage":0,"enemies":"Small Slimes","floor":3,"turns":1},{"damage":0,"enemies":"3 Sentries","floor":7,"turns":1},{"damage":0,"enemies":"2 Louse","floor":8,"turns":2},{"damage":10,"enemies":"Large Slime","floor":10,"turns":7},{"damage":7,"enemies":"Gremlin Gang","floor":12,"turns":5},{"damage":3,"enemies":"Blue Slaver","floor":14,"turns":4},{"damage":17,"enemies":"downfall:FleeingMerchant","floor":16,"turns":4},{"damage":6,"enemies":"3 Louse","floor":17,"turns":2},{"damage":33,"enemies":"WA_ARCHETYPE_RETAIN","floor":18,"turns":6},{"damage":2,"enemies":"Shell Parasite","floor":21,"turns":3},{"damage":20,"enemies":"3 Byrds","floor":22,"turns":3},{"damage":21,"enemies":"downfall:FleeingMerchant","floor":23,"turns":5},{"damage":9,"enemies":"Centurion and Healer","floor":24,"turns":5},{"damage":38,"enemies":"Slavers","floor":25,"turns":7},{"damage":7,"enemies":"Snake Plant","floor":28,"turns":3},{"damage":23,"enemies":"3 Cultists","floor":31,"turns":5},{"damage":21,"enemies":"Book of Stabbing","floor":32,"turns":4}],"seed_played":"-447006890231149814","potions_obtained":[{"floor":8,"key":"DistilledChaos"},{"floor":10,"key":"Venom Potion"},{"floor":12,"key":"Venom Potion"},{"floor":18,"key":"Dexterity Potion"},{"floor":21,"key":"bronze:BurnAndBuffPotion"},{"floor":24,"key":"SpeedPotion"},{"floor":25,"key":"champ:CounterPotion"}],"is_trial":false,"path_per_floor":["R","M","M","?","PTL","PTL","?","M","T","M","R","M","R","M","R","$","M","B",null,"R","M","M","$","M","E","T","?","M","?","R","M","E"],"character_chosen":"SLIMEBOUND","items_purchased":["Slimebound:GoopTackle","ReplayTheSpireMod:ShopPack"],"campfire_rested":1,"item_purchase_floors":[16,23],"current_hp_per_floor":[65,65,65,65,65,65,65,65,65,59,59,58,58,59,59,48,48,25,65,65,65,51,44,39,9,9,9,6,6,25,12,0,0,0],"gold":70,"neow_bonus":"THREE_ENEMY_KILL","is_daily":false,"chose_seed":false,"campfire_upgraded":4,"win_rate":0.0,"timestamp":1611941992,"path_taken":["R","M","M","?","PTL","PTL","?","M","T","M","R","M","R","M","R","$","M","BOSS","R","M","M","$","M","E","T","?","M","?","R","M","E"],"items_purchased_type":["Card","Relic"],"build_version":"2020-12-22","purchased_purges":1,"victory":false,"max_hp_per_floor":[65,65,65,65,65,65,65,65,65,65,65,65,65,65,65,65,65,65,65,65,65,65,65,65,65,65,65,65,65,65,65,65,65,65],"card_choices":[{"not_picked":["Slimebound:LeechingTouch","Slimebound:PressTheAttack"],"picked":"Slimebound:SlimeSpikes","floor":2},{"not_picked":["Slimebound:GrowthPunch","Slimebound:FinishingTackle"],"picked":"Slimebound:HauntingLick","floor":3},{"not_picked":["Slimebound:RollThrough","Slimebound:Chomp"],"picked":"Slimebound:Prepare","floor":7},{"not_picked":["Slimebound:AcidTongue","Slimebound:Replication"],"picked":"Slimebound:LivingWall","floor":8},{"not_picked":["Slimebound:SplitAcid","Slimebound:LeechEnergy"],"picked":"Slimebound:WasteNot","floor":10},{"not_picked":["Slimebound:LeechEnergy","Slimebound:Prepare"],"picked":"Slimebound:SlimeBarrage","floor":12},{"not_picked":["Slimebound:LivingWall","Slimebound:SplitLeeching"],"picked":"Slimebound:ComboTackle","floor":14},{"not_picked":["Slimebound:GrowthPunch","Slimebound:Replication"],"picked":"Slimebound:SplitMire","floor":16},{"not_picked":["Slimebound:LivingWall","Slimebound:SlimeSpikes"],"picked":"Slimebound:RainOfGoop","floor":17},{"not_picked":["Slimebound:SelfFormingGoo","Slimebound:RallyTheTroops"],"picked":"Slimebound:DouseInSlime","floor":18},{"not_picked":["Slimebound:HauntingLick","Slimebound:SplitBruiser"],"picked":"Slimebound:SlimeBarrage","floor":21},{"not_picked":["Slimebound:SplitMire","Slimebound:FormOfPuddle"],"picked":"Slimebound:GoopSpray","floor":22},{"not_picked":["Slimebound:LeadByExample","Slimebound:WasteNot"],"picked":"Slimebound:Gluttony","floor":23},{"not_picked":["Crow Ritual","Apotheosis"],"picked":"ReplayUltimateDefense","floor":23},{"not_picked":["Violence","Replay:BasicMightCard"],"picked":"Crow Ritual","floor":23},{"not_picked":["Survey Options","Dramatic Entrance"],"picked":"Panacea","floor":23},{"not_picked":["Slimebound:Schlurp","Slimebound:SplitBruiser"],"picked":"Slimebound:BestDefense","floor":24},{"not_picked":["Slimebound:GoopSpray","Slimebound:ForwardTackle+1"],"picked":"Slimebound:SamplingLick+1","floor":25},{"not_picked":["Slimebound:FinishingTackle","Slimebound:SplitLeeching"],"picked":"Slimebound:MassFeed","floor":28},{"not_picked":["Slimebound:TongueLash","Slimebound:PressTheAttack"],"picked":"Slimebound:LeechingTouch","floor":31}],"player_experience":274720,"relics_obtained":[{"floor":9,"key":"Snack Pack"},{"floor":20,"key":"Anchor"},{"floor":25,"key":"Pen Nib"},{"floor":26,"key":"Bag of Preparation"}],"event_choices":[{"damage_healed":0,"gold_gain":0,"player_choice":"Box","damage_taken":0,"relics_obtained":["StuffTheSpire:Tea"],"max_hp_gain":0,"max_hp_loss":0,"event_name":"Big Fish","floor":4,"gold_loss":0,"cards_obtained":["Regret"]}],"is_beta":false,"boss_relics":[{"not_picked":["Sozu","Tiny House"],"picked":"Replay:Bronze Core"}],"items_purged_floors":[16],"is_endless":false,"potions_floor_spawned":[8,10,12,18,21,24,25],"killed_by":"Book of Stabbing","ascension_level":0}}