{"host":"j3fn6w4q23qs99ik","time":1611895490,"event":{"mods":["BaseMod","Minty Spire (QoL Compilation)","Quick Restart","Reimu£®≤©¿ˆ¡È√Œ£©","Remilia£®¿Ÿ√◊¿Ú—«£©","Replay The Spire","StSLib","[IsaacMod]“‘»ˆº‚À˛"],"gold_per_floor":[109,109,109,284,299,334,334,349,372,400,400,400,430,124,124,220,220,237,251,251,5,15,42,42,42,42],"floor_reached":25,"language":"ZHS","playtime":1191,"items_purged":["Doubt","Decay","Strike_P"],"score":320,"play_id":"80050713-a06a-4081-b8c0-933b539b7acb","local_time":"20210129124450","is_ascension_mode":true,"campfire_choices":[{"data":"Eruption","floor":7.0,"key":"SMITH"},{"data":"BowlingBash","floor":12.0,"key":"SMITH"},{"floor":15.0,"key":"REST"},{"floor":24.0,"key":"REST"}],"circlet_count":0,"master_deck":["Strike_P","Strike_P+1","Strike_P+1","Defend_P","Defend_P+1","Defend_P","Defend_P","Eruption+1","Vigilance","ClearTheMind","Indignation","BowlingBash+1","Replay:Hum","FearNoEvil+1","LessonLearned+1","FearNoEvil+1","Adaptation","LessonLearned+1","Fasting2+1","Replay:Cycle"],"relics":["HushsDoor","SteamSale","MagicMushroom","SharpPlug","Golden Egg","Mummified Hand","ReplayTheSpireMod:Lightbulb","ClockworkSouvenir","Question Card","Black Star","GuppysHairball","GuppysCollar","Sundial","UnicornStump","Yang"],"acts_visited":["Exordium","TheCity"],"potions_floor_usage":[],"damage_taken":[{"damage":0.0,"enemies":"Small Slimes","floor":1.0,"turns":3.0},{"damage":0.0,"enemies":"Cultist","floor":5.0,"turns":4.0},{"damage":35.0,"enemies":"Replay:BlueRogue","floor":6.0,"turns":7.0},{"damage":6.0,"enemies":"2 Louse","floor":8.0,"turns":3.0},{"damage":18.0,"enemies":"3 Sentries","floor":10.0,"turns":6.0},{"damage":5.0,"enemies":"Replay:BlueRogue","floor":13.0,"turns":4.0},{"damage":30.0,"enemies":"The Guardian","floor":16.0,"turns":11.0},{"damage":14.0,"enemies":"3 Byrds","floor":18.0,"turns":3.0},{"damage":22.0,"enemies":"2 Thieves","floor":19.0,"turns":3.0},{"damage":1.0,"enemies":"Cultist and Chosen","floor":22.0,"turns":4.0},{"damage":6.0,"enemies":"Gremlin Leader","floor":23.0,"turns":4.0},{"damage":17,"enemies":"Book of Stabbing","floor":25,"turns":3}],"seed_played":"-8975759975613854626","potions_obtained":[{"floor":6.0,"key":"Cursed Concoction"},{"floor":8.0,"key":"Doom Potion"},{"floor":13.0,"key":"SpeedPotion"},{"floor":18.0,"key":"DuplicationPotion"}],"is_trial":false,"path_per_floor":["M","?","?","?","M","E","R","M","T","E","T","R","E","$","R","B",null,"M","M","?","$","M","E","R","E"],"character_chosen":"WATCHER","items_purchased":["FearNoEvil","DuplicationPotion","ClockworkSouvenir","Question Card","FearNoEvil","GuppysHairball","GuppysCollar","LessonLearned","Sundial"],"campfire_rested":2,"item_purchase_floors":[14,14,14,14,17,17,17,21,21],"current_hp_per_floor":[73,73,78,78,79,45,45,40,40,23,23,23,19,19,44,15,44,31,10,10,10,10,5,20,4,4],"gold":42,"neow_bonus":"BOSS_RELIC","is_daily":false,"chose_seed":false,"campfire_upgraded":2,"win_rate":0.0,"timestamp":1611895490,"path_taken":["M","?","?","?","?","E","R","M","T","E","?","R","E","$","R","BOSS","M","M","?","$","M","E","R","E"],"items_purchased_type":["Card","Potion","Relic","Relic","Card","Relic","Relic","Card","Relic"],"build_version":"2020-12-22","purchased_purges":3,"victory":false,"max_hp_per_floor":[79,79,84,84,84,84,84,84,84,84,84,84,84,84,84,84,53,53,53,53,53,53,53,53,53,53],"card_choices":[{"not_picked":[],"picked":"Bomb","floor":0.0},{"not_picked":["JustLucky","CrushJoints"],"picked":"ClearTheMind","floor":1.0},{"not_picked":["Replay:Hum","Wish"],"picked":"Indignation","floor":5.0},{"not_picked":["Protect","ClearTheMind"],"picked":"BowlingBash","floor":6.0},{"not_picked":["Worship","Collect"],"picked":"Replay:Hum","floor":8.0},{"not_picked":["Crescendo","Consecrate","EmptyFist"],"picked":"SKIP","floor":10.0},{"not_picked":["CrushJoints","JustLucky","Halt"],"picked":"SKIP","floor":13.0},{"not_picked":["DevaForm","Ragnarok","Devotion"],"picked":"LessonLearned","floor":16.0},{"not_picked":["PathToVictory+1","ReachHeaven+1","CrushJoints"],"picked":"Adaptation","floor":18.0},{"not_picked":["WreathOfFlame+1","SashWhip","Replay:DivineShield+1","SignatureMove"],"picked":"SKIP","floor":19.0},{"not_picked":["Prostrate","Conclude+1","ForeignInfluence+1"],"picked":"Fasting2+1","floor":22.0},{"not_picked":["CrushJoints","Devotion","Collect"],"picked":"Replay:Cycle","floor":23.0}],"player_experience":85772,"relics_obtained":[{"floor":6.0,"key":"SharpPlug"},{"floor":10.0,"key":"Golden Egg"},{"floor":11.0,"key":"Mummified Hand"},{"floor":13.0,"key":"ReplayTheSpireMod:Lightbulb"},{"floor":23.0,"key":"UnicornStump"},{"floor":23.0,"key":"Yang"}],"event_choices":[{"damage_healed":0.0,"max_hp_gain":0.0,"max_hp_loss":0.0,"gold_gain":0.0,"event_name":"Wheel of Change","player_choice":"Cursed","floor":2.0,"gold_loss":0.0,"damage_taken":0.0,"cards_obtained":["Decay"]},{"damage_healed":0.0,"max_hp_gain":5.0,"max_hp_loss":0.0,"gold_gain":0.0,"event_name":"Big Fish","player_choice":"Donut","floor":3.0,"gold_loss":0.0,"damage_taken":0.0},{"damage_healed":0.0,"max_hp_gain":0.0,"max_hp_loss":0.0,"gold_gain":175.0,"event_name":"Liars Game","player_choice":"AGREE","floor":4.0,"gold_loss":0.0,"damage_taken":0.0,"cards_obtained":["Doubt"]}],"is_beta":false,"boss_relics":[{"not_picked":["Tiny House","Replay:Drink Me"],"picked":"Black Star"},{"not_picked":[]}],"items_purged_floors":[14,17,21],"is_endless":false,"potions_floor_spawned":[6,8,13,18,19],"killed_by":"Book of Stabbing","ascension_level":7}}