{"host":"uq7kwkliedruvd5s","time":1611895864,"event":{"mods":["BaseMod","Downfall","Duelist Mod","Minty Spire (QoL Compilation)","Quick Restart","Replay The Spire","Spicy Shops","StSLib","The Mystic"],"gold_per_floor":[119,139,150,54,54,54,64,64,64,127,127,127,154,165,165,270,270,289,289,12,12,12,12,27,27,27,27,45,45,45,45,45],"floor_reached":31,"language":"ENG","playtime":1302,"items_purged":[],"score":231,"play_id":"37d3cff2-83e0-4f17-9691-a5522f8d875d","local_time":"20210128235104","is_ascension_mode":false,"campfire_choices":[{"data":"Enlightenment","floor":6,"key":"SMITH"},{"data":"Blizzard","floor":8,"key":"SMITH"},{"data":"Cold Snap","floor":12,"key":"SMITH"},{"floor":15,"key":"REST"},{"data":"FIFO Queue","floor":23,"key":"SMITH"},{"data":"White Noise","floor":25,"key":"SMITH"},{"floor":27,"key":"REST"}],"circlet_count":0,"master_deck":["Strike_B","Strike_B","Defend_B","Defend_B+1","Defend_B","Defend_B+1","Zap","Dualcast","Cold Snap","Cold Snap+1","Enlightenment+1","Blizzard+1","Time Bomb","Aggregate+1","Crystallizer","Echo Form","Multi-Cast","Auto Shields+1","Midas Touch","White Noise+1","FIFO Queue+1","Loop","Decay","Skim","Loop","Necronomicurse"],"relics":["Cracked Core","NeowsBlessing","Blue Doll","ReplayTheSpireMod:Ninjato","Replay:Baseball","Runic Pyramid","Juzu Bracelet","Necronomicon"],"acts_visited":["Exordium","TheCity"],"potions_floor_usage":[10,13,16,18],"damage_taken":[{"damage":0,"enemies":"Cultist","floor":1,"turns":1},{"damage":0,"enemies":"2 Louse","floor":2,"turns":1},{"damage":0,"enemies":"Small Slimes","floor":3,"turns":1},{"damage":13,"enemies":"3 Louse","floor":7,"turns":3},{"damage":17,"enemies":"3 Sentries","floor":10,"turns":6},{"damage":25,"enemies":"3 Sentries","floor":13,"turns":9},{"damage":4,"enemies":"2 Fungi Beasts","floor":14,"turns":4},{"damage":21,"enemies":"Hexaghost","floor":16,"turns":9},{"damage":7,"enemies":"Shell Parasite","floor":18,"turns":6},{"damage":36,"enemies":"2 Thieves","floor":24,"turns":5},{"damage":21,"enemies":"Snecko","floor":28,"turns":6},{"damage":6,"enemies":"Snake Plant","floor":31,"turns":1}],"seed_played":"-8000008416154038595","potions_obtained":[{"floor":2,"key":"Elixir"},{"floor":3,"key":"LiquidBronze"},{"floor":10,"key":"Toxic Potion"},{"floor":16,"key":"LifebloodPotion"},{"floor":28,"key":"SpeedPotion"}],"is_trial":false,"path_per_floor":["M","M","M","$","?","R","M","R","T","?","?","R","E","M","R","B",null,"M","?","$","?","?","R","M","R","T","R","M","$","?","M"],"character_chosen":"DEFECT","items_purchased":["Enlightenment","Midas Touch","White Noise"],"campfire_rested":2,"item_purchase_floors":[4,20,20],"current_hp_per_floor":[75,75,75,75,60,60,47,47,47,30,30,30,5,1,23,2,75,68,54,54,54,54,54,18,18,18,42,21,21,5,0,0],"gold":45,"neow_bonus":"THREE_ENEMY_KILL","is_daily":false,"chose_seed":false,"campfire_upgraded":5,"win_rate":0.0,"timestamp":1611895864,"path_taken":["M","?","M","$","?","R","M","R","T","?","?","R","E","M","R","BOSS","M","?","$","?","?","R","M","R","T","R","M","$","?","M"],"items_purchased_type":["Card","Card","Card"],"build_version":"2020-12-22","purchased_purges":0,"victory":false,"max_hp_per_floor":[75,75,75,75,75,75,75,75,75,75,75,75,75,75,75,75,75,75,80,80,80,80,80,80,80,80,80,80,80,80,80,80],"card_choices":[{"not_picked":["Panic Button","ReplayTheSpireMod:System Scan"],"picked":"Chaos","floor":1},{"not_picked":["Sweeping Beam","Leap"],"picked":"Cold Snap","floor":2},{"not_picked":["Self Repair","Sweeping Beam"],"picked":"Cold Snap","floor":3},{"not_picked":["Barrage","Cold Snap"],"picked":"Blizzard","floor":7},{"not_picked":["Barrage","Reinforced Body"],"picked":"Time Bomb","floor":10},{"not_picked":["Gash","Barrage"],"picked":"Crystallizer","floor":13},{"not_picked":["Hologram","Aggregate"],"picked":"Echo Form","floor":14},{"not_picked":["All For One","Biased Cognition"],"picked":"Multi-Cast","floor":16},{"not_picked":["Steam","Redo"],"picked":"Auto Shields+1","floor":18},{"not_picked":["Panic Button","Compile Driver"],"picked":"Skim","floor":24},{"not_picked":["Reinforced Body","Darkness"],"picked":"Loop","floor":28}],"player_experience":62235,"relics_obtained":[{"floor":9,"key":"Blue Doll"},{"floor":10,"key":"ReplayTheSpireMod:Ninjato"},{"floor":13,"key":"Replay:Baseball"},{"floor":26,"key":"Juzu Bracelet"},{"floor":30,"key":"Necronomicon"}],"event_choices":[{"damage_healed":0,"gold_gain":0,"player_choice":"Entered Light","damage_taken":15,"max_hp_gain":0,"max_hp_loss":0,"event_name":"Shining Light","floor":5,"gold_loss":0,"cards_upgraded":["Defend_B","Defend_B"]},{"damage_healed":0,"gold_gain":30,"player_choice":"Searched \u00273\u0027 times","damage_taken":0,"max_hp_gain":0,"max_hp_loss":0,"event_name":"Dead Adventurer","floor":10,"gold_loss":0},{"damage_healed":0,"gold_gain":0,"player_choice":"Shed Blood","damage_taken":19,"max_hp_gain":5,"max_hp_loss":0,"event_name":"Forgotten Altar","floor":19,"gold_loss":0},{"damage_healed":0,"gold_gain":0,"cards_transformed":["Strike_B","Strike_B"],"player_choice":"Became Test Subject","damage_taken":0,"max_hp_gain":0,"max_hp_loss":0,"event_name":"Drug Dealer","floor":21,"gold_loss":0,"cards_obtained":["FIFO Queue","Loop"]},{"damage_healed":0,"gold_gain":0,"player_choice":"Cursed","damage_taken":0,"max_hp_gain":0,"max_hp_loss":0,"event_name":"Wheel of Change","floor":22,"gold_loss":0,"cards_obtained":["Decay"]},{"damage_healed":0,"gold_gain":0,"player_choice":"Obtained Book","damage_taken":16,"max_hp_gain":0,"max_hp_loss":0,"event_name":"Cursed Tome","floor":30,"gold_loss":0}],"is_beta":false,"boss_relics":[{"not_picked":["Painkiller Herb","Calling Bell"],"picked":"Runic Pyramid"}],"items_purged_floors":[],"is_endless":false,"potions_floor_spawned":[2,3,10,16,28],"killed_by":"Snake Plant","ascension_level":0}}