{"host":"pgm1p3lvdjflie30","time":1611930532,"event":{"mods":["ATMod(阿瑾Mod)","AchievementEnabler","Alarm Clock","Aspiration","BaseMod","Colored Map","Colored Powertips","Conspire","Dark Map","Dota2Spire","Downfall","Energized Spire","GungeonMod","Hermit","Highlight Path","HornydragonMod","Minty Spire (QoL Compilation)","Quarter Circle Forward PUNCH!","Quick Restart","Relic Stats","Robot Space Explorer","Spicy Shops","StSLib","The Construct","The Hayseed","The IronCluck","The Jungle","Waifu the Spire","【?物卡牌】REMEMod","篝火指南"],"gold_per_floor":[110,127,158,158,182,182,207,217,217,217,11,23,23,37,37,138,138,153,164,164,164,164,164,164,164,164,183,257,291,291,20,20,125,125,145,145,159,1158,1158,1158,1158],"floor_reached":40,"language":"ZHS","playtime":3690,"items_purged":[],"score":495,"play_id":"08ff9dd9-4648-40e2-b2bd-2b0c1ea1c855","local_time":"20210129222852","is_ascension_mode":true,"campfire_choices":[{"floor":6,"key":"REST"},{"floor":13,"key":"REST"},{"floor":15,"key":"REST"},{"data":"J.A.X.","floor":23,"key":"SMITH"},{"floor":25,"key":"REST"},{"data":"RitualDagger","floor":32,"key":"SMITH"}],"circlet_count":0,"master_deck":["TheSimpletonMod:Strike_TheSimpleton","TheSimpletonMod:Strike_TheSimpleton+1","TheSimpletonMod:Strike_TheSimpleton","TheSimpletonMod:Strike_TheSimpleton","TheSimpletonMod:Defend_TheSimpleton+1","TheSimpletonMod:Defend_TheSimpleton","TheSimpletonMod:Defend_TheSimpleton","TheSimpletonMod:Defend_TheSimpleton","TheSimpletonMod:Haymaker","TheSimpletonMod:ReapAndSow","MasterReality","AT_FamilyPortrait","TheSimpletonMod:SlashAndBurn","TheSimpletonMod:SlashAndBurn","TheSimpletonMod:CrackOfDawn+1","TheSimpletonMod:VineRipen","TheSimpletonMod:RootDown","TheSimpletonMod:OnionBloom","TheSimpletonMod:ToughenUp","TheSimpletonMod:SaltTheEarth","TheSimpletonMod:Swelter+1","TheSimpletonMod:DoubleBarrel","J.A.X.+1","RitualDagger+1","TheSimpletonMod:Ferment","TheSimpletonMod:Thresh+1","TheSimpletonMod:FlashPasteurize","TheSimpletonMod:Fertilaser","TheSimpletonMod:Biorefinement","Normality","Normality","Madness","Madness"],"relics":["TheSimpletonMod:SpudOfTheInnocent","TheSimpletonMod:NightSoil","TheSimpletonMod:TheHarvester","AT_ATBox","REME_ComplimentaryCards","Bird Faced Urn","AT_SilvercatRing","Dota2Spire:Vanguard","construct:RocketBooster","Vajra","DemoMod:GnawedKey","Snecko Eye","Nilry\u0027s Codex","Ancient Tea Set","DemoMod:Metronome","Dota2Spire:MantaStyle","Oddly Smooth Stone","qcfpunch:Neverending_Blood","Lee\u0027s Waffle","Dota2Spire:CrimsonGuard","bronze:MakeshiftBattery"],"acts_visited":["Exordium","TheCity","TheBeyond"],"potions_floor_usage":[16,40],"damage_taken":[{"damage":15,"enemies":"Cultist","floor":1,"turns":4},{"damage":10,"enemies":"Small Slimes","floor":2,"turns":3},{"damage":31,"enemies":"conspire:MimicChest","floor":3,"turns":4},{"damage":29,"enemies":"Lagavulin","floor":7,"turns":6},{"damage":12,"enemies":"Jaw Worm","floor":8,"turns":4},{"damage":5,"enemies":"3 Louse","floor":12,"turns":4},{"damage":2,"enemies":"Blue Slaver","floor":14,"turns":2},{"damage":60,"enemies":"The Guardian","floor":16,"turns":9},{"damage":25,"enemies":"Spheric Guardian","floor":18,"turns":4},{"damage":5,"enemies":"Chosen","floor":19,"turns":4},{"damage":31,"enemies":"Snake Plant","floor":27,"turns":3},{"damage":14,"enemies":"conspire:Head Lice","floor":29,"turns":4},{"damage":24,"enemies":"conspire:Head Lice","floor":30,"turns":3},{"damage":78,"enemies":"Champ","floor":33,"turns":7},{"damage":31,"enemies":"3 Darklings","floor":35,"turns":3},{"damage":4,"enemies":"Orb Walker","floor":37,"turns":3},{"damage":70,"enemies":"Reptomancer","floor":40,"turns":2}],"seed_played":"-3089458562079681040","potions_obtained":[{"floor":2,"key":"SmokeBomb"},{"floor":3,"key":"DemoMod:LeadSkinPotion"},{"floor":18,"key":"TheSimpletonMod:MoonshinePotion"}],"is_trial":false,"path_per_floor":["M","M","?","?","T","R","E","M","T","?","$","M","R","M","R","B",null,"M","M","?","?","?","R","?","R","T","M","T","E","?","$","R","B",null,"M","?","M","?","?","E"],"character_chosen":"THE_SIMPLETON","items_purchased":["Vajra","DemoMod:GnawedKey","Lee\u0027s Waffle","Dota2Spire:CrimsonGuard"],"campfire_rested":4,"item_purchase_floors":[11,11,31,31],"current_hp_per_floor":[45,42,17,27,27,53,26,16,16,16,16,13,39,37,63,13,88,67,70,54,54,54,54,48,74,74,47,47,39,21,95,95,40,95,69,69,73,73,61,0,0],"gold":1158,"neow_bonus":"ONE_RARE_RELIC","is_daily":false,"chose_seed":false,"campfire_upgraded":2,"win_rate":0.0,"timestamp":1611930532,"path_taken":["M","?","?","?","?","R","E","M","T","?","?","M","R","?","R","BOSS","M","M","?","?","?","R","?","R","T","?","?","E","?","$","R","BOSS","M","?","M","?","?","E"],"items_purchased_type":["Relic","Relic","Relic","Relic"],"build_version":"2020-12-22","purchased_purges":0,"victory":false,"max_hp_per_floor":[75,78,78,88,88,88,88,88,88,88,88,88,88,88,88,88,88,88,88,88,88,88,88,88,88,88,88,88,88,88,95,95,95,95,95,95,95,95,95,95,95],"relic_stats":{"Lee\u0027s Waffle":74,"counters":[17,68],"Bird Faced Urn":[36],"Snecko Eye":[57,53,60,51],"obtain_stats":[{"Dota2Spire:MantaStyle":28,"Lee\u0027s Waffle":31,"AT_ATBox":0,"construct:RocketBooster":7,"Nilry\u0027s Codex":20,"Vajra":11,"Oddly Smooth Stone":29,"DemoMod:GlassGuonStoneRelic":3,"Dota2Spire:Vanguard":5,"AT_SilvercatRing":3,"Ancient Tea Set":21,"TheSimpletonMod:TheHarvester":0,"Dota2Spire:CrimsonGuard":31,"DemoMod:Metronome":26,"qcfpunch:Neverending_Blood":30,"Bird Faced Urn":0,"Snecko Eye":17,"TheSimpletonMod:SpudOfTheInnocent":0,"DemoMod:GnawedKey":11,"TheSimpletonMod:NightSoil":0,"bronze:MakeshiftBattery":34,"REME_ComplimentaryCards":0},{"Dota2Spire:MantaStyle":11,"Lee\u0027s Waffle":13,"AT_ATBox":0,"construct:RocketBooster":4,"Nilry\u0027s Codex":10,"Vajra":5,"Oddly Smooth Stone":12,"DemoMod:GlassGuonStoneRelic":3,"Dota2Spire:Vanguard":3,"AT_SilvercatRing":3,"Ancient Tea Set":10,"TheSimpletonMod:TheHarvester":0,"Dota2Spire:CrimsonGuard":13,"DemoMod:Metronome":10,"qcfpunch:Neverending_Blood":13,"Bird Faced Urn":0,"Snecko Eye":8,"TheSimpletonMod:SpudOfTheInnocent":0,"DemoMod:GnawedKey":5,"TheSimpletonMod:NightSoil":0,"bronze:MakeshiftBattery":14,"REME_ComplimentaryCards":0},{"Dota2Spire:MantaStyle":46,"Lee\u0027s Waffle":53,"AT_ATBox":0,"construct:RocketBooster":17,"Nilry\u0027s Codex":43,"Vajra":21,"Oddly Smooth Stone":50,"DemoMod:GlassGuonStoneRelic":11,"Dota2Spire:Vanguard":11,"AT_SilvercatRing":11,"Ancient Tea Set":43,"TheSimpletonMod:TheHarvester":0,"Dota2Spire:CrimsonGuard":53,"DemoMod:Metronome":43,"qcfpunch:Neverending_Blood":53,"Bird Faced Urn":0,"Snecko Eye":36,"TheSimpletonMod:SpudOfTheInnocent":0,"DemoMod:GnawedKey":21,"TheSimpletonMod:NightSoil":0,"bronze:MakeshiftBattery":60,"REME_ComplimentaryCards":0}]},"card_choices":[{"not_picked":["TheSimpletonMod:Swelter","TheSimpletonMod:SaladShooter"],"picked":"TheSimpletonMod:SlashAndBurn","floor":1},{"not_picked":["TheSimpletonMod:Sunseed","TheSimpletonMod:CropRotation"],"picked":"TheSimpletonMod:SlashAndBurn","floor":2},{"not_picked":["TheSimpletonMod:ToughenUp","TheSimpletonMod:SaladShooter"],"picked":"TheSimpletonMod:CrackOfDawn","floor":3},{"not_picked":["TheSimpletonMod:CullingStrike","TheSimpletonMod:Ferment"],"picked":"TheSimpletonMod:VineRipen","floor":7},{"not_picked":["TheSimpletonMod:Swelter","TheSimpletonMod:SpiceUp"],"picked":"TheSimpletonMod:RootDown","floor":8},{"not_picked":["TheSimpletonMod:SaladShooter","TheSimpletonMod:GoToMarket"],"picked":"TheSimpletonMod:OnionBloom","floor":12},{"not_picked":["TheSimpletonMod:Ferment","TheSimpletonMod:SoilSample"],"picked":"TheSimpletonMod:ToughenUp","floor":14},{"not_picked":["TheSimpletonMod:BirdFeeder","TheSimpletonMod:VolatileFumes"],"picked":"TheSimpletonMod:SaltTheEarth","floor":16},{"not_picked":["TheSimpletonMod:Germinate","TheSimpletonMod:SeedCoat"],"picked":"TheSimpletonMod:Swelter+1","floor":18},{"not_picked":["TheSimpletonMod:Swelter","TheSimpletonMod:VineRipen"],"picked":"TheSimpletonMod:DoubleBarrel","floor":19},{"not_picked":["TheSimpletonMod:CullingStrike+1","TheSimpletonMod:Swelter"],"picked":"TheSimpletonMod:Ferment","floor":27},{"not_picked":["TheSimpletonMod:StockTheCellar","TheSimpletonMod:Turnips"],"picked":"TheSimpletonMod:Thresh+1","floor":29},{"not_picked":["TheSimpletonMod:BuzzBomb","TheSimpletonMod:DesperatePlunge"],"picked":"TheSimpletonMod:FlashPasteurize","floor":33},{"not_picked":["TheSimpletonMod:Pruning+1","TheSimpletonMod:GoToMarket+1"],"picked":"TheSimpletonMod:Fertilaser","floor":35},{"not_picked":["TheSimpletonMod:DigIn+1","TheSimpletonMod:Rototilling"],"picked":"TheSimpletonMod:Biorefinement","floor":37}],"player_experience":315678,"relics_obtained":[{"floor":3,"key":"AT_SilvercatRing"},{"floor":5,"key":"Dota2Spire:Vanguard"},{"floor":7,"key":"construct:RocketBooster"},{"floor":20,"key":"Nilry\u0027s Codex"},{"floor":26,"key":"DemoMod:Metronome"},{"floor":28,"key":"Dota2Spire:MantaStyle"},{"floor":29,"key":"Oddly Smooth Stone"}],"event_choices":[{"damage_healed":0,"gold_gain":0,"player_choice":"Grow","damage_taken":0,"max_hp_gain":0,"max_hp_loss":0,"event_name":"Living Wall","floor":10,"gold_loss":0,"cards_upgraded":["TheSimpletonMod:CrackOfDawn"]},{"damage_healed":0,"gold_gain":0,"player_choice":"Obtained Book","damage_taken":16,"max_hp_gain":0,"max_hp_loss":0,"event_name":"Cursed Tome","floor":20,"gold_loss":0},{"damage_healed":0,"gold_gain":0,"player_choice":"Opened","damage_taken":0,"relics_obtained":["Ancient Tea Set"],"max_hp_gain":0,"max_hp_loss":0,"event_name":"The Mausoleum","floor":21,"gold_loss":0},{"damage_healed":0,"gold_gain":0,"player_choice":"Obtain J.A.X.","damage_taken":0,"max_hp_gain":0,"max_hp_loss":0,"event_name":"Drug Dealer","floor":22,"gold_loss":0,"cards_obtained":["J.A.X."]},{"damage_healed":0,"gold_gain":0,"player_choice":"Joined the Cult","damage_taken":6,"max_hp_gain":0,"max_hp_loss":0,"event_name":"Nest","floor":24,"gold_loss":0,"cards_obtained":["RitualDagger"]},{"damage_healed":0,"gold_gain":0,"player_choice":"Leave","damage_taken":0,"max_hp_gain":0,"max_hp_loss":0,"event_name":"conspire:Investor","floor":36,"gold_loss":0},{"damage_healed":0,"gold_gain":999,"player_choice":"Gold","damage_taken":0,"max_hp_gain":0,"max_hp_loss":0,"event_name":"MindBloom","floor":38,"gold_loss":0,"cards_obtained":["Normality","Normality"]},{"damage_healed":0,"gold_gain":0,"player_choice":"Embrace Madness","damage_taken":12,"max_hp_gain":0,"max_hp_loss":0,"event_name":"Winding Halls","floor":39,"gold_loss":0,"cards_obtained":["Madness","Madness"]}],"is_beta":false,"boss_relics":[{"not_picked":["energizedSpire:CursedPentagram","construct:ClawGrip"],"picked":"Snecko Eye"},{"not_picked":["SacredBark","Coffee Dripper"],"picked":"bronze:MakeshiftBattery"}],"items_purged_floors":[],"is_endless":false,"potions_floor_spawned":[2,3,18],"killed_by":"Reptomancer","ascension_level":1}}