{"host":"fflyk188z5ncxlup","time":1611923673,"event":{"mods":["AchievementEnabler","BaseMod","Bestiary","Better Third Choice","Block Reminder","Colored Map","Colored Powertips","DeckTracker","Googly Eyes","Minty Spire (QoL Compilation)","StSLib","SuperFastMode"],"gold_per_floor":[118,130,36,48,48,48,75,75,94,162,174,59,78,78,97,97,194,194,211,221,124,124,124,201,221,221,231,231,245,268,268,268,17,17,33,52,52,149,149,163,181,13,33,52,52,69,69,93,93,93,108,29,29,29,29,29,29],"floor_reached":58,"language":"ENG","playtime":1738,"items_purged":[],"score":1067,"play_id":"fecac951-b068-45a8-b4f7-f3376a4849d4","local_time":"20210129213433","is_ascension_mode":true,"campfire_choices":[{"data":"Accuracy","floor":6.0,"key":"SMITH"},{"data":"Blade Dance","floor":8.0,"key":"SMITH"},{"floor":14.0,"key":"REST"},{"floor":16.0,"key":"REST"},{"floor":26.0,"key":"REST"},{"floor":28.0,"key":"REST"},{"data":"Trip","floor":34.0,"key":"SMITH"},{"floor":37.0,"key":"REST"},{"floor":45,"key":"REST"},{"data":"Storm of Steel","floor":50,"key":"SMITH"},{"floor":53,"key":"REST"},{"floor":55,"key":"REST"},{"data":"Blade Dance","floor":56,"key":"SMITH"}],"circlet_count":0,"master_deck":["AscendersBane","Survivor","Neutralize+1","Deadly Poison","Blade Dance+1","Accuracy+1","Escape Plan","Poisoned Stab","Caltrops","Backstab","Crippling Poison","Noxious Fumes","Bullet Time","Blade Dance+1","Storm of Steel+1","Trip+1","Insight","Noxious Fumes","Catalyst","Cloak And Dagger","Malaise","Accuracy+1","Bandage Up","Leg Sweep","Accuracy+1","Leg Sweep+1","Accuracy+1"],"relics":["Ring of the Snake","Lizard Tail","Mummified Hand","Pandora\u0027s Box","MutagenicStrength","Bottled Lightning","Paper Crane","Frozen Egg 2","SlaversCollar","Juzu Bracelet","Lantern"],"acts_visited":["Exordium","TheCity","TheBeyond"],"potions_floor_usage":[51,57],"damage_taken":[{"damage":0.0,"enemies":"Cultist","floor":1.0,"turns":4.0},{"damage":0.0,"enemies":"Small Slimes","floor":2.0,"turns":6.0},{"damage":4.0,"enemies":"Jaw Worm","floor":4.0,"turns":4.0},{"damage":18.0,"enemies":"Lagavulin","floor":7.0,"turns":9.0},{"damage":18.0,"enemies":"Exordium Wildlife","floor":9.0,"turns":6.0},{"damage":3.0,"enemies":"Blue Slaver","floor":11.0,"turns":3.0},{"damage":11.0,"enemies":"3 Louse","floor":13.0,"turns":3.0},{"damage":3.0,"enemies":"Gremlin Gang","floor":15.0,"turns":3.0},{"damage":32.0,"enemies":"Hexaghost","floor":17.0,"turns":8.0},{"damage":10.0,"enemies":"Shell Parasite","floor":19.0,"turns":3.0},{"damage":13.0,"enemies":"2 Thieves","floor":20.0,"turns":3.0},{"damage":13.0,"enemies":"Snecko","floor":25.0,"turns":3.0},{"damage":4.0,"enemies":"3 Cultists","floor":27.0,"turns":3.0},{"damage":13.0,"enemies":"Sentry and Sphere","floor":29.0,"turns":4.0},{"damage":0.0,"enemies":"Snake Plant","floor":35.0,"turns":1.0},{"damage":10.0,"enemies":"Centurion and Healer","floor":36.0,"turns":4.0},{"damage":51.0,"enemies":"Collector","floor":38.0,"turns":7.0},{"damage":16,"enemies":"3 Darklings","floor":40,"turns":5},{"damage":19,"enemies":"Orb Walker","floor":41,"turns":3},{"damage":21,"enemies":"3 Darklings","floor":43,"turns":5},{"damage":7,"enemies":"Sphere and 2 Shapes","floor":44,"turns":7},{"damage":6,"enemies":"Jaw Worm Horde","floor":46,"turns":2},{"damage":28,"enemies":"Writhing Mass","floor":51,"turns":3},{"damage":59,"enemies":"Donu and Deca","floor":57,"turns":7}],"seed_played":"-4005152816312602330","potions_obtained":[{"floor":2.0,"key":"GhostInAJar"},{"floor":4.0,"key":"AttackPotion"},{"floor":15.0,"key":"PowerPotion"},{"floor":29.0,"key":"Strength Potion"},{"floor":38.0,"key":"Block Potion"},{"floor":44,"key":"LiquidMemories"}],"is_trial":false,"path_per_floor":["M","M","$","M","?","R","E","R","M","T","M","$","M","R","M","R","B",null,"M","M","$","?","?","T","M","R","M","R","M","T","T","?","$","R","M","M","R","B",null,"M","M","$","M","M","R","M","?","T","T","R","M","$","R","?","R","R","B",null],"character_chosen":"THE_SILENT","items_purchased":["Deadly Poison","Blade Dance","Crippling Poison","Noxious Fumes","Trip","Frozen Egg 2","Accuracy+1","Bandage Up","Accuracy+1"],"campfire_rested":8,"item_purchase_floors":[3,3,12,12,21,33,42,42,52],"current_hp_per_floor":[63,63,63,59,59,59,41,41,23,23,20,20,9,30,27,48,16,57,47,34,34,34,34,34,21,42,38,59,46,46,46,46,46,46,46,36,57,6,54,38,19,19,2,35,56,50,50,50,50,50,22,22,43,43,62,62,7],"gold":29,"neow_bonus":"UPGRADE_CARD","is_daily":false,"chose_seed":false,"campfire_upgraded":5,"win_rate":0.0,"timestamp":1611923673,"path_taken":["M","?","$","M","?","R","E","R","M","T","M","$","M","R","?","R","BOSS","M","M","$","?","?","?","M","R","M","R","M","T","T","?","$","R","?","M","R","BOSS","M","M","$","M","M","R","M","?","T","T","R","M","$","R","?","R","R","BOSS"],"items_purchased_type":["Card","Card","Card","Card","Card","Relic","Card","Card","Card"],"build_version":"2020-12-22","purchased_purges":0,"victory":true,"max_hp_per_floor":[70,70,70,70,70,70,70,70,70,70,70,70,70,70,70,70,70,70,70,70,70,70,70,70,70,70,70,70,70,70,70,70,70,70,70,70,70,70,70,70,70,70,70,70,70,70,70,70,70,70,70,70,70,66,66,66,66],"card_choices":[{"not_picked":["Underhanded Strike","Slice","PiercingWail"],"picked":"SKIP","floor":1.0},{"not_picked":["Dagger Throw","Skewer","Slice"],"picked":"SKIP","floor":2.0},{"not_picked":["Riddle With Holes","Flying Knee"],"picked":"Accuracy","floor":4.0},{"not_picked":["Choke","Finisher"],"picked":"Poisoned Stab","floor":7.0},{"not_picked":["Cloak And Dagger","Backflip"],"picked":"Caltrops","floor":9.0},{"not_picked":["All Out Attack","Expertise"],"picked":"Backstab","floor":11.0},{"not_picked":["Acrobatics","Bane"],"picked":"Bullet Time","floor":13.0},{"not_picked":["Choke","Deadly Poison"],"picked":"Blade Dance","floor":15.0},{"not_picked":["Burst","Phantasmal Killer"],"picked":"Storm of Steel","floor":17.0},{"not_picked":["Prepared","Sucker Punch","Finisher"],"picked":"SKIP","floor":19.0},{"not_picked":["Flying Knee","Endless Agony","Tactician"],"picked":"SKIP","floor":20.0},{"not_picked":["Expertise","Prepared","Predator+1"],"picked":"SKIP","floor":25.0},{"not_picked":["Expertise","Prepared","Predator+1"],"picked":"SKIP","floor":25.0},{"not_picked":["Underhanded Strike","Concentrate","Bouncing Flask"],"picked":"SKIP","floor":27.0},{"not_picked":["Glass Knife","Dagger Spray"],"picked":"Noxious Fumes","floor":29.0},{"not_picked":["PiercingWail","Cloak And Dagger"],"picked":"Catalyst","floor":35.0},{"not_picked":["Endless Agony","Bane"],"picked":"Cloak And Dagger","floor":36.0},{"not_picked":["Grand Finale","Doppelganger"],"picked":"Malaise","floor":38.0},{"not_picked":["Deflect","Flechettes+1"],"picked":"Dagger Spray+1","floor":40},{"not_picked":["Dagger Spray+1","All Out Attack","Riddle With Holes"],"picked":"SKIP","floor":41},{"not_picked":["Quick Slash","Crippling Poison"],"picked":"Leg Sweep","floor":43},{"not_picked":["Tactician","Finisher+1"],"picked":"Accuracy+1","floor":44},{"not_picked":["Deflect","Sucker Punch+1"],"picked":"Leg Sweep+1","floor":46},{"not_picked":["Backflip","Flying Knee+1","Dash"],"picked":"SKIP","floor":51}],"player_experience":406771,"relics_obtained":[{"floor":7.0,"key":"Lizard Tail"},{"floor":10.0,"key":"Mummified Hand"},{"floor":24.0,"key":"Bottled Lightning"},{"floor":31.0,"key":"Paper Crane"},{"floor":48,"key":"Juzu Bracelet"},{"floor":49,"key":"Lantern"}],"event_choices":[{"damage_healed":0.0,"max_hp_gain":0.0,"max_hp_loss":0.0,"gold_gain":0.0,"cards_transformed":["Strike_G"],"event_name":"Transmorgrifier","player_choice":"Transformed","floor":5.0,"gold_loss":0.0,"damage_taken":0.0,"cards_obtained":["Escape Plan"]},{"damage_healed":0.0,"max_hp_gain":0.0,"max_hp_loss":0.0,"gold_gain":0.0,"event_name":"betterThird:BetterWriting","player_choice":"Insight","floor":22.0,"gold_loss":0.0,"damage_taken":0.0,"cards_obtained":["Insight"]},{"damage_healed":0.0,"max_hp_gain":0.0,"max_hp_loss":0.0,"gold_gain":0.0,"event_name":"Drug Dealer","player_choice":"Inject Mutagens","floor":23.0,"gold_loss":0.0,"damage_taken":0.0,"relics_obtained":["MutagenicStrength"]},{"damage_healed":0.0,"max_hp_gain":0.0,"max_hp_loss":0.0,"gold_gain":0.0,"event_name":"The Woman in Blue","player_choice":"Bought 0 Potions","floor":32.0,"gold_loss":0.0,"damage_taken":0.0},{"cards_removed":["Dagger Spray"],"damage_healed":0,"gold_gain":0,"player_choice":"Removed Attack","damage_taken":0,"max_hp_gain":0,"max_hp_loss":0,"event_name":"Falling","floor":47,"gold_loss":0},{"damage_healed":0,"gold_gain":0,"player_choice":"Max HP","damage_taken":0,"max_hp_gain":0,"max_hp_loss":4,"event_name":"Winding Halls","floor":54,"gold_loss":0}],"is_beta":false,"boss_relics":[{"not_picked":["Sozu","Ectoplasm"],"picked":"Pandora\u0027s Box"},{"not_picked":["Snecko Eye","Tiny House"],"picked":"SlaversCollar"}],"items_purged_floors":[],"is_endless":false,"potions_floor_spawned":[2,4,13,15,17,25,29,38,43,44],"ascension_level":11}}