{"host":"y89x8uui45kcjy42","time":1611895531,"event":{"mods":["2.2 Compatiblity","BaseMod","CapriCore","Colored Map","Colored Powertips","Custom Start","Friendly Minions","Keyboard Shortcuts","Marisa£¨Ùöéë¡¡Øª×âÞÞ£©","Minty Spire (QoL Compilation)","Relic Stats","Slay the Relics Exporter","StSLib","SuperFastMode","Uncapped"],"gold_per_floor":[113,113,192,207,63,97,97,113,113,141,157,157,175,187,187,262,262,273,123,123,48,48,48,67,67,67,93,20,48,48,48,48,125,125,145,145,155,155,0,0,29,29,29,116,170,181,181,206,206,206,206,206,201,232,232],"floor_reached":56,"language":"KOR","playtime":1091,"items_purged":[],"score":2287,"play_id":"53edaeed-baec-4be3-b37d-aa0fd57474b6","local_time":"20210129134531","is_ascension_mode":true,"campfire_choices":[{"data":"OortCloud","floor":7,"key":"SMITH"},{"data":"ManaConvection","floor":15,"key":"SMITH"},{"data":"UltimateShortwave","floor":23,"key":"SMITH"},{"data":"Acceleration","floor":30,"key":"SMITH"},{"data":"GasGiant","floor":32,"key":"SMITH"},{"floor":40,"key":"RECALL"},{"floor":47,"key":"REST"},{"floor":49,"key":"REST"},{"floor":52,"key":"REST"}],"circlet_count":0,"master_deck":["Omega+1","Insight+1","Insight+1","ThroughViolence+1","ThroughViolence+1","OortCloud+1","UltimateShortwave+1","DragonMeteor+1","GasGiant+1","Parasite","Parasite","Acceleration+1","EnergyFlow+1","EnergyFlow+1"],"relics":["MiniHakkero","Lantern","Pantograph","ClockworkSouvenir","Ancient Tea Set","RampagingMagicTools","TheAbacus","Orichalcum","Shuriken","Empty Cage","Red Mask","Frozen Egg 2","InkBottle","Sling","CatCart","WingedGreaves","CaptainsWheel","BigShroomBag","Thread and Needle","Mummified Hand"],"acts_visited":["Exordium","TheCity","TheBeyond","TheEnding"],"potions_floor_usage":[55,55],"damage_taken":[{"damage":0,"enemies":"Jaw Worm","floor":1,"turns":1},{"damage":0,"enemies":"Cultist","floor":4,"turns":1},{"damage":0,"enemies":"Gremlin Nob","floor":6,"turns":1},{"damage":0,"enemies":"Small Slimes","floor":8,"turns":1},{"damage":0,"enemies":"The Mushroom Lair","floor":10,"turns":1},{"damage":0,"enemies":"Blue Slaver","floor":11,"turns":1},{"damage":0,"enemies":"Large Slime","floor":13,"turns":1},{"damage":0,"enemies":"Red Slaver","floor":14,"turns":1},{"damage":0,"enemies":"Slime Boss","floor":16,"turns":2},{"damage":0,"enemies":"2 Thieves","floor":18,"turns":1},{"damage":0,"enemies":"3 Byrds","floor":24,"turns":1},{"damage":0,"enemies":"Gremlin Leader","floor":27,"turns":1},{"damage":0,"enemies":"Book of Stabbing","floor":29,"turns":2},{"damage":0,"enemies":"Collector","floor":33,"turns":4},{"damage":0,"enemies":"3 Darklings","floor":35,"turns":1},{"damage":0,"enemies":"Orb Walker","floor":37,"turns":1},{"damage":1,"enemies":"Nemesis","floor":41,"turns":3},{"damage":0,"enemies":"Orin","floor":45,"turns":4},{"damage":0,"enemies":"Spire Growth","floor":46,"turns":2},{"damage":0,"enemies":"Mind Bloom Boss Battle","floor":48,"turns":2},{"damage":43,"enemies":"Awakened One","floor":50,"turns":5},{"damage":0,"enemies":"Shield and Spear","floor":54,"turns":2},{"damage":71,"enemies":"The Heart","floor":55,"turns":5}],"seed_played":"-4171351479984802256","potions_obtained":[{"floor":1,"key":"SmokeBomb"},{"floor":6,"key":"LiquidBronze"},{"floor":11,"key":"Ancient Potion"}],"is_trial":false,"path_per_floor":["M","?","T","M","$","E","R","M","T","?","M","?","M","M","R","B",null,"M","$","$","?","?","R","M","?","T","E","$","E","R","?","R","B",null,"M","$","M","?","?","R","E","$","T","$","?","M","R","?","R","B",null,"R","$","E","B",null],"character_chosen":"MARISA","items_purchased":["ClockworkSouvenir","TheAbacus","GasGiant","EnergyFlow+1","Sling","BigShroomBag","Thread and Needle"],"campfire_rested":3,"item_purchase_floors":[5,19,28,44,44,53,53],"current_hp_per_floor":[63,63,63,63,63,63,63,63,63,63,67,72,75,75,75,75,75,75,75,75,75,69,69,69,69,69,69,69,69,69,69,75,75,75,75,75,75,75,75,75,74,74,74,74,75,75,75,75,75,36,65,75,75,75,10],"gold":232,"neow_bonus":"RANDOM_COMMON_RELIC","is_daily":false,"chose_seed":false,"campfire_upgraded":5,"win_rate":0.0,"timestamp":1611895531,"path_taken":["M","?","?","?","$","E","R","M","T","?","M","?","M","M","R","BOSS","M","$","$","?","?","R","?","?","T","E","?","E","R","?","R","BOSS","M","?","?","?","?","R","E","$","T","$","?","?","R","?","R","BOSS","R","$","E","BOSS"],"items_purchased_type":["Relic","Relic","Card","Card","Relic","Relic","Relic"],"build_version":"2020-12-22","purchased_purges":0,"victory":true,"max_hp_per_floor":[70,70,70,70,70,70,70,70,70,70,70,75,75,75,75,75,75,75,75,75,75,69,69,69,69,69,69,69,69,69,69,75,75,75,75,75,75,75,75,75,75,75,75,75,75,75,75,75,75,75,75,75,75,75,75],"relic_stats":{"TheAbacus":[222],"counters":[23,44],"Shuriken":[3],"Mummified Hand":[5],"Pantograph":0,"Orichalcum":[48],"obtain_stats":[{"Lantern":0,"Thread and Needle":53,"Omamori":26,"Orichalcum":27,"Frozen Egg 2":41,"Ancient Tea Set":6,"Empty Cage":34,"Sling":44,"ClockworkSouvenir":5,"ShroomBag":10,"CaptainsWheel":48,"TheAbacus":19,"Shuriken":29,"Mummified Hand":54,"Pantograph":3,"BigShroomBag":53,"WingedGreaves":18,"Red Mask":39,"MiniHakkero":0,"RampagingMagicTools":17,"CatCart":45,"InkBottle":43},{"Lantern":0,"Thread and Needle":21,"Omamori":11,"Orichalcum":12,"Frozen Egg 2":17,"Ancient Tea Set":3,"Empty Cage":14,"Sling":17,"ClockworkSouvenir":2,"ShroomBag":5,"CaptainsWheel":20,"TheAbacus":10,"Shuriken":13,"Mummified Hand":22,"Pantograph":1,"BigShroomBag":21,"WingedGreaves":10,"Red Mask":16,"MiniHakkero":0,"RampagingMagicTools":9,"CatCart":18,"InkBottle":17},{"Lantern":0,"Thread and Needle":37,"Omamori":12,"Orichalcum":13,"Frozen Egg 2":24,"Ancient Tea Set":3,"Empty Cage":19,"Sling":24,"ClockworkSouvenir":2,"ShroomBag":5,"CaptainsWheel":32,"TheAbacus":11,"Shuriken":15,"Mummified Hand":39,"Pantograph":1,"BigShroomBag":37,"WingedGreaves":11,"Red Mask":21,"MiniHakkero":0,"RampagingMagicTools":10,"CatCart":28,"InkBottle":24}],"InkBottle":[7]},"card_choices":[{"not_picked":["Robbery","Acceleration","DarkMatter"],"picked":"SKIP","floor":1},{"not_picked":["Acceleration","GrandCross","IllusionStar"],"picked":"SKIP","floor":4},{"not_picked":["GravityBeat","UnstableBomb"],"picked":"OortCloud","floor":6},{"not_picked":["MilkyWay","MysteriousBeam","Acceleration"],"picked":"SKIP","floor":8},{"not_picked":["BigCrunch","DoubleSpark","GalacticHalo"],"picked":"SKIP","floor":11},{"not_picked":["ChargeUpSpray","PowerUp"],"picked":"SuperPerseids","floor":13},{"not_picked":["AlicesGift","ChargingUp"],"picked":"ManaConvection","floor":14},{"not_picked":["JA","TreasureHunter"],"picked":"UltimateShortwave","floor":16},{"not_picked":["FairyDestructionRay","Occultation","EventHorizon"],"picked":"SKIP","floor":18},{"not_picked":["Singularity","SporeBomb","ShootingEcho"],"picked":"SKIP","floor":24},{"not_picked":["PowerUp","ShootingEcho","MillisecondPulsars"],"picked":"SKIP","floor":27},{"not_picked":["GalacticHalo","GrandCross"],"picked":"Acceleration","floor":29},{"not_picked":["GalacticHalo","DragonMeteor","NonDirectionalLaser"],"picked":"SKIP","floor":35},{"not_picked":["EventHorizon","WitchOfGreed","MysteriousBeam"],"picked":"SKIP","floor":37},{"not_picked":["IllusionStar+1","BinaryStars","PowerUp"],"picked":"SKIP","floor":41},{"not_picked":["UnstableBomb","FairyDestructionRay"],"picked":"EnergyFlow+1","floor":45},{"not_picked":["GalacticHalo+1","StarlightTyphoon+1","Robbery+1"],"picked":"SKIP","floor":46},{"not_picked":["IllusionStar","LuminesStrike+1","WitchOfGreed+1"],"picked":"SKIP","floor":54}],"player_experience":734859,"relics_obtained":[{"floor":3,"key":"Pantograph"},{"floor":6,"key":"Ancient Tea Set"},{"floor":10,"key":"ShroomBag"},{"floor":26,"key":"Omamori"},{"floor":27,"key":"Orichalcum"},{"floor":29,"key":"Shuriken"},{"floor":41,"key":"Frozen Egg 2"},{"floor":43,"key":"InkBottle"},{"floor":45,"key":"CatCart"},{"floor":48,"key":"CaptainsWheel"},{"floor":54,"key":"Mummified Hand"}],"event_choices":[{"damage_healed":0,"gold_gain":0,"player_choice":"Ignored","damage_taken":0,"max_hp_gain":0,"max_hp_loss":0,"event_name":"Liars Game","floor":2,"gold_loss":0},{"damage_healed":0,"gold_gain":0,"player_choice":"Fought Mushrooms","damage_taken":0,"max_hp_gain":0,"max_hp_loss":0,"event_name":"Mushrooms_MRS","floor":10,"gold_loss":0},{"damage_healed":0,"gold_gain":0,"player_choice":"Donut","damage_taken":0,"max_hp_gain":5,"max_hp_loss":0,"event_name":"Big Fish","floor":12,"gold_loss":0},{"cards_removed":["SuperPerseids"],"damage_healed":0,"gold_gain":0,"player_choice":"Gave Gold","damage_taken":0,"max_hp_gain":0,"max_hp_loss":0,"event_name":"Beggar","floor":21,"gold_loss":75},{"cards_removed":["Parasite","Parasite"],"damage_healed":0,"gold_gain":0,"player_choice":"Removed Curses","damage_taken":0,"max_hp_gain":0,"max_hp_loss":0,"event_name":"Fountain of Cleansing","floor":22,"gold_loss":0},{"damage_healed":0,"gold_gain":0,"player_choice":"Read","damage_taken":0,"max_hp_gain":0,"max_hp_loss":0,"event_name":"The Library","floor":25,"gold_loss":0,"cards_obtained":["DragonMeteor"]},{"damage_healed":0,"gold_gain":0,"player_choice":"Forge","damage_taken":0,"max_hp_gain":0,"max_hp_loss":0,"event_name":"Accursed Blacksmith","floor":31,"gold_loss":0,"cards_upgraded":["DragonMeteor"]},{"cards_removed":["ManaConvection"],"damage_healed":0,"gold_gain":0,"player_choice":"Removed Skill","damage_taken":0,"max_hp_gain":0,"max_hp_loss":0,"event_name":"Falling","floor":38,"gold_loss":0},{"damage_healed":0,"gold_gain":0,"player_choice":"Paid","damage_taken":0,"relics_obtained":["Red Mask"],"max_hp_gain":0,"max_hp_loss":0,"event_name":"Tomb of Lord Red Mask","floor":39,"gold_loss":155},{"damage_healed":0,"gold_gain":0,"player_choice":"Fight","damage_taken":0,"max_hp_gain":0,"max_hp_loss":0,"event_name":"OrinTheCat","floor":45,"gold_loss":0},{"damage_healed":0,"gold_gain":0,"player_choice":"Fight","damage_taken":0,"max_hp_gain":0,"max_hp_loss":0,"event_name":"MindBloom","floor":48,"gold_loss":0}],"is_beta":false,"boss_relics":[{"not_picked":["Fusion Hammer","Runic Dome"],"picked":"RampagingMagicTools"},{"not_picked":["Calling Bell","Busted Crown"],"picked":"Empty Cage"}],"items_purged_floors":[],"is_endless":false,"potions_floor_spawned":[1,6,11,14,18,27,33,35,54],"ascension_level":15}}