{"host":"i29s15dsg0c43zmx","time":1611947338,"event":{"mods":["AchievementEnabler","BaseMod","Colored Map","Minty Spire (QoL Compilation)","StSLib"],"gold_per_floor":[118,118,41,41,58,84,84,100,100,124,124,49,84,99,99,225,225,243,243,233,233,233,233],"floor_reached":22,"language":"ENG","playtime":1119,"items_purged":["Strike_P"],"score":219,"play_id":"3d1a5b62-fdea-47e6-a2e0-bc6bbe8e6496","local_time":"20210129200858","is_ascension_mode":false,"campfire_choices":[{"floor":15,"key":"REST"}],"circlet_count":0,"master_deck":["Strike_P","Strike_P","Strike_P","Defend_P","Defend_P","Defend_P","Defend_P","Eruption","Vigilance","Weave","Wireheading","Prostrate","JustLucky","FollowUp","Prostrate","JustLucky","Pray","Omniscience","Fasting2","Consecrate+1"],"relics":["PureWater","NeowsBlessing","CultistMask","Question Card","Pantograph","Bloody Idol","Darkstone Periapt","Potion Belt","Philosopher\u0027s Stone"],"acts_visited":["Exordium","TheCity"],"potions_floor_usage":[16,16,16],"damage_taken":[{"damage":0,"enemies":"Cultist","floor":1,"turns":1},{"damage":0,"enemies":"2 Louse","floor":5,"turns":1},{"damage":0,"enemies":"Lagavulin","floor":6,"turns":1},{"damage":5,"enemies":"Jaw Worm","floor":8,"turns":5},{"damage":11,"enemies":"Exordium Wildlife","floor":10,"turns":5},{"damage":70,"enemies":"Gremlin Nob","floor":13,"turns":6},{"damage":6,"enemies":"3 Louse","floor":14,"turns":5},{"damage":14,"enemies":"Slime Boss","floor":16,"turns":11},{"damage":52,"enemies":"Spheric Guardian","floor":18,"turns":5},{"damage":14,"enemies":"2 Thieves","floor":20,"turns":4},{"damage":38,"enemies":"Snecko","floor":22,"turns":6}],"seed_played":"-6965811710667611674","potions_obtained":[{"floor":1,"key":"Fire Potion"},{"floor":6,"key":"DistilledChaos"},{"floor":11,"key":"FairyPotion"},{"floor":11,"key":"Block Potion"},{"floor":14,"key":"Dexterity Potion"}],"is_trial":false,"path_per_floor":["M","?","$","T","M","E","?","M","T","M","?","$","E","M","R","B",null,"M","?","M","?","M"],"character_chosen":"WATCHER","items_purchased":["Wireheading"],"campfire_rested":1,"item_purchase_floors":[3],"current_hp_per_floor":[72,72,72,72,72,72,54,49,49,38,38,38,21,15,36,47,72,20,20,16,16,0,0],"gold":233,"neow_bonus":"THREE_ENEMY_KILL","is_daily":false,"chose_seed":false,"campfire_upgraded":0,"win_rate":0.0,"timestamp":1611947338,"path_taken":["M","?","$","?","?","E","?","M","T","M","?","$","E","?","R","BOSS","M","?","M","?","M"],"items_purchased_type":["Card"],"build_version":"2020-12-22","purchased_purges":1,"victory":false,"max_hp_per_floor":[72,72,72,72,72,72,72,72,72,72,72,72,72,72,72,72,72,72,72,72,72,72,72],"card_choices":[{"not_picked":["ClearTheMind","Swivel"],"picked":"Weave","floor":1},{"not_picked":["WaveOfTheHand","EmptyMind","ThirdEye"],"picked":"Prostrate","floor":5},{"not_picked":["CarveReality","SignatureMove","Adaptation"],"picked":"JustLucky","floor":6},{"not_picked":["Crescendo","Vengeance","EmptyFist"],"picked":"FollowUp","floor":8},{"not_picked":["Judgement","Nirvana","Crescendo"],"picked":"Prostrate","floor":10},{"not_picked":["Adaptation","Wireheading","FlyingSleeves"],"picked":"JustLucky","floor":13},{"not_picked":["Meditate","EmptyBody","SandsOfTime"],"picked":"Pray","floor":14},{"not_picked":["Wish","Judgement","Scrawl"],"picked":"Omniscience","floor":16},{"not_picked":["TalkToTheHand","Evaluate","Halt"],"picked":"Fasting2","floor":18},{"not_picked":["MentalFortress+1","Perseverance+1","SashWhip"],"picked":"Consecrate+1","floor":20}],"player_experience":100062,"relics_obtained":[{"floor":4,"key":"Question Card"},{"floor":6,"key":"Pantograph"},{"floor":9,"key":"Darkstone Periapt"},{"floor":13,"key":"Potion Belt"}],"event_choices":[{"damage_healed":0,"gold_gain":0,"player_choice":"Trade","damage_taken":0,"relics_obtained":["CultistMask"],"max_hp_gain":0,"max_hp_loss":0,"event_name":"FaceTrader","floor":2,"gold_loss":0},{"damage_healed":0,"gold_gain":0,"player_choice":"Take Damage","damage_taken":18,"relics_obtained":["Golden Idol"],"max_hp_gain":0,"max_hp_loss":0,"event_name":"Golden Idol","floor":7,"gold_loss":0},{"damage_healed":0,"gold_gain":0,"player_choice":"Got Potions","damage_taken":0,"max_hp_gain":0,"max_hp_loss":0,"event_name":"Lab","floor":11,"gold_loss":0},{"damage_healed":0,"gold_gain":0,"player_choice":"Gave Idol","damage_taken":0,"relics_obtained":["Bloody Idol"],"max_hp_gain":0,"max_hp_loss":0,"event_name":"Forgotten Altar","floor":19,"relics_lost":["Golden Idol"],"gold_loss":0},{"damage_healed":0,"gold_gain":0,"player_choice":"Ignored","damage_taken":0,"max_hp_gain":0,"max_hp_loss":0,"event_name":"Cursed Tome","floor":21,"gold_loss":0}],"is_beta":false,"boss_relics":[{"not_picked":["SacredBark","Cursed Key"],"picked":"Philosopher\u0027s Stone"}],"items_purged_floors":[12],"is_endless":false,"potions_floor_spawned":[1,6,14],"killed_by":"Snecko","ascension_level":0}}