{"host":"sav7uxregyirlf69","time":1611933399,"event":{"mods":["AchievementEnabler","BaseMod","Colored Map","DeckTracker","Keyboard Shortcuts","Minty Spire (QoL Compilation)","READ ME - Guardian Mod","StSLib","SuperFastMode"],"gold_per_floor":[112,112,187,199,211,211,227,241,287,299,311,323,345,371,383,395,395],"floor_reached":16,"language":"KOR","playtime":263,"items_purged":[],"score":188,"play_id":"676952af-e0ee-4ec1-bfb4-ac3243248d43","local_time":"20210130001639","is_ascension_mode":true,"campfire_choices":[{"data":"Neutralize","floor":6,"key":"SMITH"},{"data":"Dagger Spray","floor":12,"key":"SMITH"},{"floor":15,"key":"REST"}],"circlet_count":0,"master_deck":["AscendersBane","Strike_G","Strike_G+1","Strike_G","Strike_G","Strike_G","Defend_G","Defend_G","Defend_G","Defend_G+1","Defend_G","Survivor","Neutralize+1","Dagger Spray+1","Flying Knee","Heel Hook","Footwork","Backflip","Dagger Throw"],"relics":["Ring of the Snake","MawBank"],"acts_visited":["Exordium"],"potions_floor_usage":[14,16],"damage_taken":[{"damage":7,"enemies":"Jaw Worm","floor":1,"turns":6},{"damage":0,"enemies":"2 Louse","floor":4,"turns":3},{"damage":0,"enemies":"Small Slimes","floor":5,"turns":3},{"damage":6,"enemies":"2 Fungi Beasts","floor":7,"turns":3},{"damage":10,"enemies":"Large Slime","floor":8,"turns":8},{"damage":0,"enemies":"Red Slaver","floor":13,"turns":5},{"damage":18,"enemies":"Gremlin Gang","floor":14,"turns":4},{"damage":45,"enemies":"Slime Boss","floor":16,"turns":8}],"seed_played":"-8237355220113360597","potions_obtained":[{"floor":5,"key":"FearPotion"},{"floor":7,"key":"Poison Potion"},{"floor":14,"key":"Block Potion"}],"is_trial":false,"path_per_floor":["M","?","?","M","M","R","M","M","T","?","?","R","M","M","R","B"],"character_chosen":"THE_SILENT","items_purchased":[],"campfire_rested":1,"item_purchase_floors":[],"current_hp_per_floor":[58,36,25,25,25,25,19,9,9,9,33,33,33,15,36,0,0],"gold":395,"neow_bonus":"TEN_PERCENT_HP_BONUS","is_daily":false,"chose_seed":false,"campfire_upgraded":2,"win_rate":0.0,"timestamp":1611933399,"path_taken":["M","?","?","M","?","R","M","M","T","?","?","R","M","M","R","BOSS"],"items_purchased_type":[],"build_version":"2020-12-22","purchased_purges":0,"victory":false,"max_hp_per_floor":[72,72,72,72,72,72,72,72,72,72,72,72,72,72,72,72,72],"card_choices":[{"not_picked":["Heel Hook","Skewer"],"picked":"Dagger Spray","floor":1},{"not_picked":["Escape Plan","Setup"],"picked":"Flying Knee","floor":4},{"not_picked":["Acrobatics","Underhanded Strike"],"picked":"Heel Hook","floor":5},{"not_picked":["Quick Slash","Concentrate"],"picked":"Footwork","floor":7},{"not_picked":["Finisher","Cloak And Dagger"],"picked":"Backflip","floor":8},{"not_picked":["Leg Sweep","Quick Slash","PiercingWail"],"picked":"SKIP","floor":13},{"not_picked":["Deflect","Choke"],"picked":"Dagger Throw","floor":14}],"player_experience":1430104,"relics_obtained":[{"floor":9,"key":"MawBank"}],"event_choices":[{"damage_healed":0,"gold_gain":0,"player_choice":"Entered Light","damage_taken":22,"max_hp_gain":0,"max_hp_loss":0,"event_name":"Shining Light","floor":2,"gold_loss":0,"cards_upgraded":["Strike_G","Defend_G"]},{"damage_healed":0,"gold_gain":75,"player_choice":"Gather Gold","damage_taken":11,"max_hp_gain":0,"max_hp_loss":0,"event_name":"World of Goop","floor":3,"gold_loss":0},{"damage_healed":0,"gold_gain":0,"player_choice":"Fled","damage_taken":0,"max_hp_gain":0,"max_hp_loss":0,"event_name":"Scrap Ooze","floor":10,"gold_loss":0},{"damage_healed":24,"gold_gain":0,"player_choice":"Banana","damage_taken":0,"max_hp_gain":0,"max_hp_loss":0,"event_name":"Big Fish","floor":11,"gold_loss":0}],"is_beta":false,"boss_relics":[],"items_purged_floors":[],"is_endless":false,"potions_floor_spawned":[5,7,14],"killed_by":"Slime Boss","ascension_level":20}}