{"host":"y7b1p9nkx4idorr2","time":1611897977,"event":{"mods":["AchievementEnabler","Act Like it!","BaseMod","Colored Map","Downfall","GifTheSpireLib","Googly Eyes","Highlight Path","Mimic Mod","Minty Spire (QoL Compilation)","Shop Mod","Spicy Shops","StSLib","Unceasing Turn Reminder"],"gold_per_floor":[0,18,3,0,13,13,13,30,49,82,93,3,3,33,52,155,155,55,65,83,83,95,95,170,170,70,55,65,65,65,98,116,116,116,116],"floor_reached":33,"language":"ENG","playtime":2083,"items_purged":["Guardian:Strike_Guardian"],"score":305,"play_id":"7f2bd60f-e461-4288-bb6c-ed8993681f50","local_time":"20210128232617","is_ascension_mode":true,"campfire_choices":[{"floor":1,"key":"RECALL"},{"data":"Guardian:Orbwalk","floor":6,"key":"SMITH"},{"data":"Guardian:MultiBeam","floor":13,"key":"SMITH"},{"data":"Guardian:FuturePlans","floor":18,"key":"SMITH"},{"data":"Guardian:TimeSifter","floor":23,"key":"SMITH"},{"data":"Guardian:Repulse","floor":26,"key":"SMITH"},{"data":"Guardian:ChargeUp","floor":30,"key":"SMITH"}],"circlet_count":0,"master_deck":["Guardian:Strike_Guardian","Guardian:Strike_Guardian","Guardian:Defend_Guardian","Guardian:Defend_Guardian","Guardian:Defend_Guardian","Guardian:Defend_Guardian","Guardian:CurlUp","Guardian:TwinSlam","Guardian:Orbwalk+1","Guardian:PiercingHide","Guardian:BronzeArmor","Guardian:MultiBeam+1","Guardian:Recover","Guardian:Clone","Guardian:Repulse+1","Guardian:Emergency","Guardian:FuturePlans+1","Guardian:TimeSifter+1","Guardian:ChargeCore+1","Guardian:Suspension","Guardian:PiercingHide+1","Guardian:ChargeUp+1","Guardian:WalkerClaw","Guardian:Gem_Crimson"],"relics":["Guardian:ModeShifter","Torii","Potion Belt","Darkstone Periapt","Ancient Tea Set","Runic Pyramid","downfall:HeartBlessingGreen","Frozen Egg 2","downfall:HeartBlessingRed","NlothsMask","Mummified Hand"],"acts_visited":["Exordium","TheCity"],"potions_floor_usage":[10,20,22,33],"damage_taken":[{"damage":1,"enemies":"Cultist","floor":2,"turns":4},{"damage":0,"enemies":"downfall:FleeingMerchant","floor":3,"turns":4},{"damage":4,"enemies":"downfall:FleeingMerchant","floor":4,"turns":4},{"damage":1,"enemies":"Small Slimes","floor":5,"turns":5},{"damage":0,"enemies":"2 Louse","floor":8,"turns":1},{"damage":1,"enemies":"2 Fungi Beasts","floor":9,"turns":4},{"damage":11,"enemies":"3 Sentries","floor":10,"turns":7},{"damage":13,"enemies":"Lots of Slimes","floor":11,"turns":4},{"damage":3,"enemies":"downfall:FleeingMerchant","floor":12,"turns":4},{"damage":27,"enemies":"Lagavulin","floor":14,"turns":11},{"damage":7,"enemies":"3 Louse","floor":15,"turns":3},{"damage":8,"enemies":"SI_SHIV_ARCHETYPE","floor":16,"turns":9},{"damage":2,"enemies":"Spheric Guardian","floor":19,"turns":7},{"damage":13,"enemies":"Chosen","floor":20,"turns":6},{"damage":13,"enemies":"Centurion and Healer","floor":22,"turns":6},{"damage":0,"enemies":"downfall:FleeingMerchant","floor":27,"turns":4},{"damage":17,"enemies":"Snake Plant","floor":28,"turns":5},{"damage":25,"enemies":"Gremlin Leader","floor":31,"turns":5},{"damage":2,"enemies":"Snecko","floor":32,"turns":5},{"damage":10,"enemies":"WA_ARCHETYPE_CALM","floor":33,"turns":5}],"seed_played":"-5491529324668610867","potions_obtained":[{"floor":2,"key":"Guardian:StasisDiscoveryPotion"},{"floor":9,"key":"PowerPotion"},{"floor":11,"key":"Weak Potion"},{"floor":14,"key":"hexamod:SoulburnPotion"},{"floor":15,"key":"DistilledChaos"},{"floor":16,"key":"ColorlessPotion"},{"floor":19,"key":"Guardian:BlockOnCardUsePotion"},{"floor":22,"key":"SkillPotion"},{"floor":25,"key":"CultistPotion"}],"is_trial":false,"path_per_floor":["R","M","$","$","M","R","T","M","M","E","M","$","R","E","M","B",null,"R","M","M","?","M","R","T","?","R","$","M","?","R","E","M","B"],"character_chosen":"GUARDIAN","items_purchased":[],"campfire_rested":0,"item_purchase_floors":[],"current_hp_per_floor":[80,79,79,75,74,74,74,74,73,62,49,46,46,19,12,4,80,80,78,65,65,52,52,52,52,52,52,35,35,35,10,8,0,0,0],"gold":116,"neow_bonus":"ONE_RARE_RELIC","is_daily":false,"chose_seed":false,"campfire_upgraded":6,"win_rate":0.0,"timestamp":1611897977,"path_taken":["R","M","?","$","M","R","T","M","M","E","M","?","R","E","M","BOSS","R","M","M","?","M","R","T","?","R","$","M","?","R","E","M","BOSS"],"items_purchased_type":[],"build_version":"2020-12-22","purchased_purges":1,"victory":false,"max_hp_per_floor":[80,80,80,80,80,80,80,80,80,80,80,80,80,80,80,80,80,80,80,80,80,80,80,80,80,80,80,80,80,80,80,80,80,80,80],"card_choices":[{"not_picked":["Guardian:PrismaticBeam","Guardian:Reroute"],"picked":"Guardian:Orbwalk","floor":2},{"not_picked":["Guardian:Gem_Green","Guardian:Gem_Blue"],"picked":"Guardian:PiercingHide","floor":3},{"not_picked":["Guardian:PiercingHide","Guardian:PrismaticBeam"],"picked":"Guardian:BronzeArmor","floor":4},{"not_picked":["Guardian:VentSteam","Guardian:PrimingBeam"],"picked":"Guardian:MultiBeam","floor":5},{"not_picked":["Guardian:DecasProtection","Guardian:VentSteam"],"picked":"Guardian:Recover","floor":8},{"not_picked":["Guardian:Gem_Cyan","Guardian:ShieldCharger"],"picked":"Guardian:Clone","floor":9},{"not_picked":["Guardian:PiercingHide","Guardian:DecasProtection"],"picked":"Guardian:Repulse","floor":10},{"not_picked":["Guardian:RefractedBeam","Guardian:Gem_Green","Guardian:Recover"],"picked":"SKIP","floor":11},{"not_picked":["Guardian:StasisField","Guardian:Recover"],"picked":"Guardian:Emergency","floor":12},{"not_picked":["Guardian:Gem_Green","Guardian:Recover"],"picked":"Guardian:FuturePlans","floor":14},{"not_picked":["Guardian:Gem_Lightblue","Guardian:RollAttack","Guardian:DecasProtection"],"picked":"SKIP","floor":15},{"not_picked":["Guardian:FierceBash","Guardian:AncientConstruct"],"picked":"Guardian:TimeSifter","floor":16},{"not_picked":["Guardian:SpikerProtocol+1","Guardian:PiercingHide"],"picked":"Guardian:ChargeCore+1","floor":19},{"not_picked":["Guardian:Gem_Red","Guardian:BronzeOrb"],"picked":"Guardian:Suspension","floor":20},{"not_picked":["Guardian:SpikerProtocol+1","Guardian:Suspension+1"],"picked":"Guardian:PiercingHide+1","floor":22},{"not_picked":["Guardian:PrismaticBeam","Guardian:Gem_Red","Guardian:Gem_Green"],"picked":"SKIP","floor":27},{"not_picked":["Guardian:Gem_Blue","Guardian:PrimingBeam+1"],"picked":"Guardian:ChargeUp","floor":28},{"not_picked":["Guardian:BaubleBeam","Guardian:ChargeCore"],"picked":"Guardian:WalkerClaw","floor":31},{"not_picked":["Guardian:Gem_Red","Guardian:BronzeOrb+1"],"picked":"Guardian:Gem_Crimson","floor":32}],"player_experience":2213672,"relics_obtained":[{"floor":7,"key":"Potion Belt"},{"floor":10,"key":"Darkstone Periapt"},{"floor":14,"key":"Ancient Tea Set"},{"floor":24,"key":"Frozen Egg 2"},{"floor":31,"key":"Mummified Hand"}],"event_choices":[{"damage_healed":0,"gold_gain":0,"player_choice":"Trade","damage_taken":0,"relics_obtained":["NlothsMask"],"max_hp_gain":0,"max_hp_loss":0,"event_name":"FaceTrader","floor":29,"gold_loss":0}],"is_beta":false,"boss_relics":[{"not_picked":["Guardian:StasisSlotReductionRelic","Pandora\u0027s Box"],"picked":"Runic Pyramid"}],"items_purged_floors":[12],"is_endless":false,"potions_floor_spawned":[2,9,11,14,15,16,19,22,32],"killed_by":"WA_ARCHETYPE_CALM","ascension_level":2}}