{"host":"fortuna","time":1611944888,"event":{"mods":["100% Spire Juice","Act Like it!","Arknights The Spire","BaseMod","Downfall","Gensokyo","Hallownest","Luminous","Minty Spire (QoL Compilation)","Reimu£®≤©¿ˆ¡È√Œ£©","Relic Stats","StSLib","The Administrix","Waifu the Spire","WarShipGirlsR/’ΩΩ¢…Ÿ≈ÆR mod","Yakumo Yukari mod"],"gold_per_floor":[113,113,113,125,125,159,159,179,252,287,316,316,316,316,316,316,316],"floor_reached":16,"language":"ZHS","playtime":529,"items_purged":[],"score":166,"play_id":"11869ec3-7314-4e77-b5da-ef212e21e55f","local_time":"20210130022808","is_ascension_mode":false,"campfire_choices":[{"data":"Luminous:Chaos_Field_Luminous","floor":7,"key":"SMITH"},{"floor":15,"key":"REST"}],"circlet_count":0,"master_deck":["Luminous:Light_Flash_Shower","Luminous:Light_Flash_Shower","Luminous:Light_Flash_Shower","Luminous:Dark_Abyssal_Drop","Luminous:Dark_Abyssal_Drop","Luminous:Dark_Abyssal_Drop","Luminous:Switch_Luminous","Luminous:Light_Gather+1","Luminous:Dark_Raid","Luminous:Chaos_Field_Luminous+1","Luminous:Light_Sylvan_Lance","Luminous:Dark_Pressure_Void","Luminous:Light_Glare","Hallownest:skillLeafShield","Hallownest:skillLeafShield","Hallownest:skillLeafShield","Hallownest:skillLeafShield","Hallownest:skillLeafShield"],"relics":["Luminous:MirrorRelic","NeowsBlessing","Hallownest:DreamNailRelic","Shuriken","WingedGreaves","Du-Vu Doll","Vajra"],"acts_visited":["Hallownest:Greenpath"],"potions_floor_usage":[],"damage_taken":[{"damage":0,"enemies":"Hallownest:monsterHuskWarrior","floor":1,"turns":1},{"damage":0,"enemies":"Hallownest:monsterHuskGuard","floor":4,"turns":1},{"damage":0,"enemies":"Hallownest:eliteCrystalGuardian","floor":6,"turns":1},{"damage":3,"enemies":"Hallownest:2_MossCreeps","floor":8,"turns":4},{"damage":19,"enemies":"Hallownest:eliteVengeflyKing","floor":10,"turns":7},{"damage":31,"enemies":"Hallownest:eliteCrystalGuardian","floor":11,"turns":4},{"damage":44,"enemies":"Hallownest:BossHornet","floor":16,"turns":4}],"seed_played":"5719159955509101835","potions_obtained":[{"floor":4,"key":"Regen Potion"},{"floor":6,"key":"AttackPotion"}],"is_trial":false,"path_per_floor":["M","?","$","M","T","E","R","M","T","E","E","?","?","?","R","B"],"character_chosen":"LuminousClass","items_purchased":[],"campfire_rested":1,"item_purchase_floors":[],"current_hp_per_floor":[75,75,75,75,75,75,75,72,72,53,22,22,22,12,34,0,0],"gold":316,"neow_bonus":"THREE_ENEMY_KILL","is_daily":false,"chose_seed":false,"campfire_upgraded":1,"win_rate":0.0,"timestamp":1611944888,"path_taken":["M","?","$","?","?","E","R","M","T","E","E","?","?","?","R","BOSS"],"items_purchased_type":[],"build_version":"2020-12-18","purchased_purges":0,"victory":false,"max_hp_per_floor":[75,75,75,75,75,75,75,75,75,75,75,75,75,75,75,75,75],"relic_stats":{"counters":[7,22],"Shuriken":[8],"obtain_stats":[{"Du-Vu Doll":10,"NeowsBlessing":0,"Shuriken":5,"Vajra":11,"WingedGreaves":6,"Luminous:MirrorRelic":0,"Hallownest:DreamNailRelic":2},{"Du-Vu Doll":5,"NeowsBlessing":0,"Shuriken":2,"Vajra":6,"WingedGreaves":3,"Luminous:MirrorRelic":0,"Hallownest:DreamNailRelic":1},{"Du-Vu Doll":14,"NeowsBlessing":0,"Shuriken":2,"Vajra":18,"WingedGreaves":3,"Luminous:MirrorRelic":0,"Hallownest:DreamNailRelic":1}]},"card_choices":[{"not_picked":["Luminous:Accumulation_Luminous","Luminous:Light_Disperse"],"picked":"Luminous:Light_Gather","floor":1},{"not_picked":["Luminous:Light_Disperse","Luminous:Concentrate_Luminous"],"picked":"Luminous:Dark_Raid","floor":4},{"not_picked":["Luminous:Light_Wash_Luminous","Luminous:Light_Gather"],"picked":"Luminous:Chaos_Field_Luminous","floor":6},{"not_picked":["Luminous:Light_Disperse","Luminous:Dark_Dim_Erosion"],"picked":"Luminous:Light_Sylvan_Lance","floor":8},{"not_picked":["Luminous:Light_Disperse","Luminous:Light_Wash_Luminous"],"picked":"Luminous:Dark_Pressure_Void","floor":10},{"not_picked":["Luminous:Magic_Boost_Luminous","Luminous:Magic_Guard_Luminous"],"picked":"Luminous:Light_Glare","floor":11}],"player_experience":289626,"relics_obtained":[{"floor":5,"key":"Shuriken"},{"floor":6,"key":"WingedGreaves"},{"floor":10,"key":"Du-Vu Doll"},{"floor":11,"key":"Vajra"}],"event_choices":[],"is_beta":true,"boss_relics":[],"items_purged_floors":[],"is_endless":false,"potions_floor_spawned":[4,6],"killed_by":"Hallownest:BossHornet","ascension_level":0}}