{"host":"k88fqnqg39joo1wf","time":1611962484,"event":{"mods":["Act Like it!","BaseMod","Colored Powertips","Highlight Path","Mimic Mod","Minty Spire (QoL Compilation)","StSLib","The Marked","Wandering Minibosses"],"gold_per_floor":[13,288,163,176,188,221,186,197,222,241,271,285,298,318,318,414,414,432,432,445,455,236,263,282,282,355,355,142,159,159,193,193,291,291,304,68,118,138,59,84,84,102,102,102,102,135,148,186,186,186,186,186,27,66,66],"floor_reached":56,"language":"ENG","playtime":2944,"items_purged":["Regret","Decay"],"score":1364,"play_id":"734b620b-70c0-46de-a703-ba134d019a26","local_time":"20210129172124","is_ascension_mode":false,"campfire_choices":[{"floor":15.0,"key":"REST"},{"floor":25.0,"key":"REST"},{"floor":32.0,"key":"REST"},{"floor":45,"key":"RECALL"},{"floor":49,"key":"REST"},{"floor":52,"key":"REST"}],"circlet_count":0,"master_deck":["theMarked:Strike+1","theMarked:Strike","theMarked:Defend","theMarked:Defend","theMarked:Defend","theMarked:Defend","theMarked:SoldierOfQuellstein","theMarked:EternalStudent","theMarked:EmpowerWeapon","theMarked:Parry","theMarked:SwordAndMagic+1","theMarked:ChannelForce","theMarked:RogueSparks","theMarked:BindingBlade","theMarked:HeightenedSenses","theMarked:Heritage","theMarked:RepellingDischarge","theMarked:HeightenedSenses","theMarked:Parry+1","theMarked:WardOff","theMarked:EmpowerWeapon","theMarked:ComboAttacks","theMarked:ParalyzingBlade+1","theMarked:Levitate","theMarked:SwordAndMagic+1","theMarked:EmpowerWeapon+1","theMarked:FavorableWinds","theMarked:ComboAttacks+1","theMarked:Toughness","theMarked:FavorableWinds"],"relics":["theMarked:ArtifactOfAir","Whetstone","Strawberry","Regal Pillow","Cursed Key","Membership Card","PreservedInsect","theMarked:DemonDagger","Bottled Flame","Bottled Lightning","Bronze Scales","Fusion Hammer","Pen Nib","theMarked:VonisonLock","Lizard Tail","Omamori","Torii","wanderingMiniBosses:OtherGremlinHorn","Mummified Hand","CeramicFish","Shuriken","HornCleat"],"acts_visited":["Exordium","TheCity","TheBeyond","TheEnding"],"potions_floor_usage":[50,55],"damage_taken":[{"damage":6.0,"enemies":"Jaw Worm","floor":1.0,"turns":3.0},{"damage":1.0,"enemies":"Cultist","floor":4.0,"turns":3.0},{"damage":7.0,"enemies":"Small Slimes","floor":5.0,"turns":3.0},{"damage":3.0,"enemies":"Lagavulin","floor":6.0,"turns":7.0},{"damage":5.0,"enemies":"Looter","floor":8.0,"turns":3.0},{"damage":7.0,"enemies":"Blue Slaver","floor":10.0,"turns":2.0},{"damage":13.0,"enemies":"3 Sentries","floor":11.0,"turns":6.0},{"damage":11.0,"enemies":"Exordium Wildlife","floor":12.0,"turns":3.0},{"damage":24.0,"enemies":"Red Slaver","floor":13.0,"turns":6.0},{"damage":10.0,"enemies":"Looter","floor":14.0,"turns":3.0},{"damage":26.0,"enemies":"Hexaghost","floor":16.0,"turns":6.0},{"damage":7.0,"enemies":"Shell Parasite","floor":18.0,"turns":3.0},{"damage":5.0,"enemies":"3 Byrds","floor":20.0,"turns":5.0},{"damage":0.0,"enemies":"Snecko","floor":21.0,"turns":3.0},{"damage":16.0,"enemies":"Book of Stabbing","floor":23.0,"turns":4.0},{"damage":17.0,"enemies":"Chosen and Byrds","floor":24.0,"turns":5.0},{"damage":25.0,"enemies":"Cultist and Chosen","floor":29.0,"turns":6.0},{"damage":24.0,"enemies":"Gremlin Leader","floor":31.0,"turns":3.0},{"damage":30.0,"enemies":"Champ","floor":33.0,"turns":7.0},{"damage":11.0,"enemies":"3 Darklings","floor":35.0,"turns":4.0},{"damage":0.0,"enemies":"Mind Bloom Boss Battle","floor":37.0,"turns":3.0},{"damage":0.0,"enemies":"Orb Walker","floor":38.0,"turns":1.0},{"damage":14,"enemies":"Reptomancer","floor":40,"turns":4},{"damage":1,"enemies":"4 Shapes","floor":42,"turns":4},{"damage":0,"enemies":"Giant Head","floor":46,"turns":4},{"damage":0,"enemies":"Transient","floor":47,"turns":5},{"damage":0,"enemies":"Nemesis","floor":48,"turns":1},{"damage":56,"enemies":"Awakened One","floor":50,"turns":11},{"damage":2,"enemies":"Shield and Spear","floor":54,"turns":2},{"damage":25,"enemies":"The Heart","floor":55,"turns":6}],"seed_played":"8827266194083744759","potions_obtained":[{"floor":1.0,"key":"Dexterity Potion"},{"floor":6.0,"key":"ColorlessPotion"},{"floor":13.0,"key":"Strength Potion"},{"floor":18.0,"key":"theMarked:SummonPotion"},{"floor":24.0,"key":"Fruit Juice"},{"floor":31.0,"key":"GamblersBrew"},{"floor":33.0,"key":"PowerPotion"},{"floor":40,"key":"theMarked:ChargePotion"}],"is_trial":false,"path_per_floor":["M","?","$","M","M","E","?","M","T","M","E","M","M","M","R","B",null,"M","?","M","M","$","E","M","R","T","?","$","M","?","E","R","B",null,"M","$","?","M","$","E","?","M","T","?","R","E","M","E","R","B",null,"R","$","E","B",null],"character_chosen":"THE_DEFAULT","items_purchased":["PowerPotion","Membership Card","PreservedInsect","theMarked:ComboAttacks","Bottled Lightning","Pen Nib","theMarked:VonisonLock","Omamori","Shuriken","theMarked:Toughness"],"campfire_rested":5,"item_purchase_floors":[3,22,22,28,28,36,36,39,53,53],"current_hp_per_floor":[64,64,64,63,56,53,70,65,72,65,52,41,17,7,45,19,77,70,70,65,65,65,49,37,76,76,76,76,51,35,11,52,22,87,76,76,76,76,76,62,62,61,61,83,83,83,83,83,87,31,87,87,87,85,60],"gold":66,"neow_bonus":"THREE_RARE_CARDS","is_daily":false,"chose_seed":false,"campfire_upgraded":0,"win_rate":0.0,"timestamp":1611962484,"path_taken":["M","?","$","?","M","E","?","M","T","M","E","M","M","M","R","BOSS","M","?","M","M","$","E","M","R","T","?","?","?","?","E","R","BOSS","M","$","?","M","$","E","?","M","T","?","R","E","?","E","R","BOSS","R","$","E","BOSS"],"items_purchased_type":["Potion","Relic","Relic","Card","Relic","Relic","Relic","Relic","Relic","Card"],"build_version":"2020-12-22","purchased_purges":2,"victory":true,"max_hp_per_floor":[70,70,70,70,70,70,70,70,77,77,77,77,77,77,77,77,77,77,77,77,77,77,77,82,82,82,82,82,82,87,87,87,87,87,87,87,87,87,87,87,87,87,87,87,87,87,87,87,87,87,87,87,87,87,87],"card_choices":[{"not_picked":["theMarked:TurnInvisible","theMarked:Levitate"],"picked":"theMarked:EternalStudent","floor":0.0},{"not_picked":["theMarked:Static","theMarked:TunnelVision"],"picked":"theMarked:EmpowerWeapon","floor":1.0},{"not_picked":["theMarked:SelfDefenseTraining","theMarked:ElectricStrings"],"picked":"theMarked:Parry","floor":4.0},{"not_picked":["theMarked:Convert","theMarked:ElectricStrings","theMarked:Standoff"],"picked":"SKIP","floor":5.0},{"not_picked":["theMarked:Standoff","theMarked:DispelDoubt"],"picked":"theMarked:SwordAndMagic","floor":6.0},{"not_picked":["theMarked:ResourceFulStrike","theMarked:BanishingStrike"],"picked":"theMarked:ChannelForce","floor":8.0},{"not_picked":["theMarked:Frustration","theMarked:BanishingWave","theMarked:Reabsorb"],"picked":"SKIP","floor":10.0},{"not_picked":["theMarked:Memento","theMarked:ChainLightning"],"picked":"theMarked:RogueSparks","floor":11.0},{"not_picked":["theMarked:ShockingTouch","theMarked:KeepCalmAndFight","theMarked:Memento"],"picked":"SKIP","floor":12.0},{"not_picked":["theMarked:Frustration","theMarked:Aftermath","theMarked:TwofoldDefense"],"picked":"SKIP","floor":13.0},{"not_picked":["theMarked:LightningStrikesTwice","theMarked:ChainLightning","theMarked:Opportunist"],"picked":"SKIP","floor":14.0},{"not_picked":["theMarked:Snap","theMarked:UnarmedFury"],"picked":"theMarked:BindingBlade","floor":16.0},{"not_picked":["theMarked:Frustration","theMarked:EnhanceMovement"],"picked":"theMarked:HeightenedSenses","floor":18.0},{"not_picked":["theMarked:Frustration+1","theMarked:WastefulAttack"],"picked":"theMarked:HeightenedSenses","floor":20.0},{"not_picked":["theMarked:Memento","theMarked:Maelstrom"],"picked":"theMarked:Parry+1","floor":21.0},{"not_picked":["theMarked:ChainLightning+1","theMarked:WastefulAttack"],"picked":"theMarked:WardOff","floor":23.0},{"not_picked":["theMarked:Memento","theMarked:ResourceFulStrike"],"picked":"theMarked:EmpowerWeapon","floor":24.0},{"not_picked":["theMarked:MysticalArsenal","theMarked:Improvise","theMarked:Polarize"],"picked":"SKIP","floor":29.0},{"not_picked":["theMarked:Memento","theMarked:Static"],"picked":"theMarked:ParalyzingBlade+1","floor":31.0},{"not_picked":["theMarked:FavorableWinds","theMarked:TakeOffHeels"],"picked":"theMarked:Levitate","floor":33.0},{"not_picked":["theMarked:ResourceFulStrike","theMarked:ChainLightning+1"],"picked":"theMarked:SwordAndMagic+1","floor":35.0},{"not_picked":["theMarked:Improvise+1","theMarked:BanishingStrike+1"],"picked":"theMarked:EmpowerWeapon+1","floor":38.0},{"not_picked":["theMarked:Memento","theMarked:WastefulAttack"],"picked":"theMarked:FavorableWinds","floor":40},{"not_picked":["theMarked:EnhanceMovement+1","theMarked:HeightenedSenses","theMarked:Seal"],"picked":"SKIP","floor":42},{"not_picked":["theMarked:Improvise+1","theMarked:Panic+1","theMarked:CreepingChasm+1"],"picked":"SKIP","floor":46},{"not_picked":["theMarked:SwordAndMagic","theMarked:WastefulAttack","theMarked:Overthink"],"picked":"SKIP","floor":47},{"not_picked":["theMarked:Aftermath","theMarked:Maelstrom"],"picked":"theMarked:ComboAttacks+1","floor":48},{"not_picked":["theMarked:EmpowerWeapon","theMarked:TakeCover"],"picked":"theMarked:FavorableWinds","floor":54}],"player_experience":203954,"relics_obtained":[{"floor":6.0,"key":"Whetstone"},{"floor":9.0,"key":"Strawberry"},{"floor":11.0,"key":"Regal Pillow"},{"floor":23.0,"key":"theMarked:DemonDagger"},{"floor":26.0,"key":"Bottled Flame"},{"floor":31.0,"key":"Bronze Scales"},{"floor":37.0,"key":"Lizard Tail"},{"floor":40,"key":"Torii"},{"floor":42,"key":"wanderingMiniBosses:OtherGremlinHorn"},{"floor":46,"key":"Mummified Hand"},{"floor":48,"key":"CeramicFish"},{"floor":54,"key":"HornCleat"}],"event_choices":[{"damage_healed":0.0,"max_hp_gain":0.0,"max_hp_loss":0.0,"gold_gain":275.0,"event_name":"Golden Shrine","player_choice":"Desecrate","floor":2.0,"gold_loss":0.0,"damage_taken":0.0,"cards_obtained":["Regret"]},{"damage_healed":17.0,"max_hp_gain":0.0,"max_hp_loss":0.0,"gold_gain":0.0,"event_name":"The Cleric","player_choice":"Healed","floor":7.0,"gold_loss":35.0,"damage_taken":0.0},{"damage_healed":0.0,"max_hp_gain":0.0,"max_hp_loss":0.0,"gold_gain":0.0,"cards_transformed":["theMarked:Strike","theMarked:Strike"],"event_name":"Drug Dealer","player_choice":"Became Test Subject","floor":19.0,"gold_loss":0.0,"damage_taken":0.0,"cards_obtained":["theMarked:Heritage","theMarked:RepellingDischarge"]},{"damage_healed":0.0,"max_hp_gain":0.0,"max_hp_loss":0.0,"gold_gain":0.0,"event_name":"Vampires","player_choice":"Ignored","floor":27.0,"gold_loss":0.0,"damage_taken":0.0},{"damage_healed":0.0,"max_hp_gain":5.0,"max_hp_loss":0.0,"gold_gain":0.0,"event_name":"Forgotten Altar","player_choice":"Shed Blood","floor":30.0,"gold_loss":0.0,"damage_taken":21.0},{"damage_healed":0.0,"max_hp_gain":0.0,"max_hp_loss":0.0,"gold_gain":0.0,"event_name":"MindBloom","player_choice":"Fight","floor":37.0,"gold_loss":0.0,"damage_taken":0.0},{"cards_removed":["theMarked:Strike"],"damage_healed":0,"gold_gain":0,"player_choice":"Removed Attack","damage_taken":0,"max_hp_gain":0,"max_hp_loss":0,"event_name":"Falling","floor":41,"gold_loss":0},{"damage_healed":22,"gold_gain":0,"player_choice":"Writhe","damage_taken":0,"max_hp_gain":0,"max_hp_loss":0,"event_name":"Winding Halls","floor":44,"gold_loss":0,"cards_obtained":["Writhe"]}],"is_beta":false,"boss_relics":[{"not_picked":["Coffee Dripper","Black Star"],"picked":"Cursed Key"},{"not_picked":["Busted Crown","Pandora\u0027s Box"],"picked":"Fusion Hammer"}],"items_purged_floors":[3,28],"is_endless":false,"potions_floor_spawned":[1,6,8,10,13,18,21,24,31,33,40,42,46,48],"ascension_level":0}}