{"host":"4xikrlo049sozq0n","time":1611947255,"event":{"mods":["AchievementEnabler","BaseMod","BetterRewards","Colored Powertips","Downfall","Energized Spire","Highlight Path","Hubris","Minty Spire (QoL Compilation)","Permanent Neow","Quick Restart","Remove Card Discount Mod","Replay The Spire","StSLib","SuperFastMode","Synergy Search"],"gold_per_floor":[113,4,4,23,41,41,41,123,146,162,162,182,209,231,243,255,255],"floor_reached":16,"language":"ENG","playtime":787,"items_purged":["Defend_G","Strike_G","Strike_G","Defend_G"],"score":133,"play_id":"7c15f4ad-a2cf-4053-91d4-77c7edff1712","local_time":"20210129140735","is_ascension_mode":true,"campfire_choices":[{"data":"Blade Dance","floor":6,"key":"SMITH"},{"data":"Bane","floor":11,"key":"SMITH"},{"data":"Poisoned Stab","floor":15,"key":"SMITH"}],"circlet_count":0,"master_deck":["Strike_G","Strike_G","Strike_G+1","Defend_G","Defend_G+1","Defend_G","Survivor","Neutralize","Blade Dance+1","Poisoned Stab+1","Backflip","Hidden Blade+1","Finisher+1","Bane+1","Poisoned Stab","hubris:SlightOfHand","Reflex"],"relics":["Ring of the Snake","GremlinMask","Simple Rune","MawBank"],"acts_visited":["Exordium"],"potions_floor_usage":[10,16],"damage_taken":[{"damage":1.0,"enemies":"Small Slimes","floor":1.0,"turns":4.0},{"damage":1.0,"enemies":"Cultist","floor":4.0,"turns":3.0},{"damage":2,"enemies":"Jaw Worm","floor":5,"turns":3},{"damage":7,"enemies":"Exordium Wildlife","floor":10,"turns":3},{"damage":0,"enemies":"Large Slime","floor":12,"turns":3},{"damage":19,"enemies":"Gremlin Nob","floor":13,"turns":4},{"damage":0,"enemies":"2 Fungi Beasts","floor":14,"turns":3},{"damage":33,"enemies":"Fading Forest","floor":16,"turns":6}],"seed_played":"1404394355813095872","potions_obtained":[{"floor":5,"key":"Block Potion"},{"floor":13,"key":"SpeedPotion"}],"is_trial":false,"path_per_floor":["M","$","?","M","M","R","?","T","T","M","R","M","E","M","R","B"],"character_chosen":"THE_SILENT","items_purchased":["Poisoned Stab","Backflip"],"campfire_rested":0,"item_purchase_floors":[2,2],"current_hp_per_floor":[69,69,69,68,66,66,51,51,51,44,44,44,25,25,25,0,0],"gold":255,"neow_bonus":"TEN_PERCENT_HP_BONUS","is_daily":false,"chose_seed":false,"campfire_upgraded":3,"win_rate":0.0,"timestamp":1611947255,"path_taken":["M","$","?","M","?","R","?","?","T","M","R","M","E","M","R","BOSS"],"items_purchased_type":["Card","Card"],"build_version":"2020-12-22","purchased_purges":4,"victory":false,"max_hp_per_floor":[77,77,77,77,77,77,77,77,77,77,77,77,77,77,77,77,77],"card_choices":[{"not_picked":["PiercingWail","Catalyst"],"picked":"Blade Dance","floor":1.0},{"not_picked":["Cloak And Dagger","Well Laid Plans"],"picked":"Hidden Blade","floor":4.0},{"not_picked":["Prepared","Deadly Poison"],"picked":"Finisher","floor":5},{"not_picked":["hubris:Counter","Crippling Poison"],"picked":"Bane","floor":10},{"not_picked":["Predator","Adrenaline"],"picked":"Poisoned Stab","floor":12},{"not_picked":["A Thousand Cuts","Underhanded Strike"],"picked":"hubris:SlightOfHand","floor":13},{"not_picked":["Tactician","Deadly Poison"],"picked":"Reflex","floor":14}],"player_experience":939184,"relics_obtained":[{"floor":9,"key":"Simple Rune"},{"floor":13,"key":"MawBank"}],"event_choices":[{"damage_healed":0.0,"max_hp_gain":0.0,"max_hp_loss":0.0,"gold_gain":0.0,"event_name":"FaceTrader","player_choice":"Trade","floor":3.0,"gold_loss":0.0,"damage_taken":0.0,"relics_obtained":["GremlinMask"]},{"damage_healed":0,"gold_gain":0,"player_choice":"Entered Light","damage_taken":15,"max_hp_gain":0,"max_hp_loss":0,"event_name":"Shining Light","floor":7,"gold_loss":0,"cards_upgraded":["Hidden Blade","Finisher"]}],"is_beta":false,"boss_relics":[],"items_purged_floors":[2,2,2,2],"is_endless":false,"potions_floor_spawned":[5,13],"killed_by":"Fading Forest","ascension_level":6}}