{"host":"rkd2egloqduv8drx","time":1611935652,"event":{"mods":["Act Like it!","BaseMod","CapriCore","Gensokyo","Jedi Mod","Koishi","Minty Spire (QoL Compilation)","Permanent Neow","Prisma Mod","Quick Restart","Robot Space Explorer","Spicy Shops","StSLib","Td1madao Mod","The Administrix","The Bug Knight","The Immortal","WarShipGirlsR/’ΩΩ¢…Ÿ≈ÆR mod"],"gold_per_floor":[115,115,132,407,418,418,451,451,474,490,490,508,184,203,203,298,298,308,323,343,343,360,387,399,399,399,448,448,648,648,648],"floor_reached":30,"language":"ZHS","playtime":1955,"items_purged":["Regret","rmod:strick"],"score":252,"play_id":"a1bc8677-09e8-4039-bd99-bf436554c9ad","local_time":"20210129235412","is_ascension_mode":false,"campfire_choices":[{"data":"rmod:highspeedmaneuver","floor":6,"key":"SMITH"},{"floor":8,"key":"REST"},{"data":"rmod:aviationdawn","floor":11,"key":"SMITH"},{"data":"rmod:sl","floor":15,"key":"SMITH"},{"data":"rmod:wife","floor":25,"key":"SMITH"},{"data":"rmod:steelsupply","floor":28,"key":"SMITH"}],"circlet_count":0,"master_deck":["rmod:strick","rmod:strick","rmod:defend","rmod:defend","rmod:basicallowance","rmod:maingunfire","rmod:highspeedmaneuver+1","rmod:sl+1","rmod:steelsupply+1","rmod:aviationdawn+1","rmod:supportescort","rmod:mineteam","rmod:desperatesituation","rmod:saltedfish","rmod:tearstotiara+1","rmod:diamondstrike+1","rmod:aggressivemary+1","rmod:luckystar+1","rmod:heivgo","rmod:wife+1","rmod:fuelsupply+1"],"relics":["rmod:firstchargereward","Tiny Chest","jedi:HeartOfTheCards","Nunchaku","Bag of Preparation","Astrolabe","Bronze Scales","Incense Burner","Omamori"],"acts_visited":["Exordium","TheCity"],"potions_floor_usage":[10,16,16,16,23,30],"damage_taken":[{"damage":0,"enemies":"2 Louse","floor":1,"turns":2},{"damage":0,"enemies":"Cultist","floor":3,"turns":4},{"damage":13,"enemies":"Jaw Worm","floor":5,"turns":3},{"damage":33,"enemies":"Gremlin Nob","floor":7,"turns":7},{"damage":12,"enemies":"Large Slime","floor":10,"turns":7},{"damage":3,"enemies":"Exordium Thugs","floor":12,"turns":5},{"damage":0,"enemies":"Red Slaver","floor":14,"turns":2},{"damage":7,"enemies":"Slime Boss","floor":16,"turns":13},{"damage":0,"enemies":"2 Thieves","floor":18,"turns":4},{"damage":0,"enemies":"Spheric Guardian","floor":19,"turns":2},{"damage":21,"enemies":"Snake Plant","floor":20,"turns":3},{"damage":24,"enemies":"Centurion and Healer","floor":22,"turns":4},{"damage":43,"enemies":"Slavers","floor":23,"turns":7},{"damage":1,"enemies":"Shelled Parasite and Fungi","floor":24,"turns":4},{"damage":2,"enemies":"3 Cultists","floor":30,"turns":2}],"seed_played":"-633149884499728314","potions_obtained":[{"floor":7,"key":"SteroidPotion"},{"floor":12,"key":"LiquidMemories"},{"floor":14,"key":"EntropicBrew"},{"floor":18,"key":"Regen Potion"},{"floor":24,"key":"Energy Potion"}],"is_trial":false,"path_per_floor":["M","?","M","?","M","R","E","R","T","M","R","M","$","M","R","B",null,"M","M","M","?","M","E","M","R","T","T","R","?","M"],"character_chosen":"PRAEFECT","items_purchased":["rmod:mineteam","Bag of Preparation"],"campfire_rested":1,"item_purchase_floors":[13,13],"current_hp_per_floor":[54,47,47,47,34,34,1,23,23,11,11,8,8,8,8,1,75,75,75,54,54,30,2,1,1,1,1,1,1,0,0],"gold":648,"neow_bonus":"THREE_RARE_CARDS","is_daily":false,"chose_seed":false,"campfire_upgraded":5,"win_rate":0.0,"timestamp":1611935652,"path_taken":["M","?","M","?","M","R","E","R","T","M","R","?","$","M","R","BOSS","M","M","M","?","M","E","M","R","T","?","R","?","M"],"items_purchased_type":["Card","Relic"],"build_version":"2020-12-22","purchased_purges":2,"victory":false,"max_hp_per_floor":[75,75,75,75,75,75,75,75,75,75,75,75,75,75,75,75,75,75,75,75,75,75,75,75,75,75,75,75,75,75,75],"card_choices":[{"not_picked":["rmod:secretscript","rmod:abidefaith"],"picked":"rmod:highspeedmaneuver","floor":0},{"not_picked":["rmod:supportescort","rmod:fletcherpendant","rmod:capitalist"],"picked":"SKIP","floor":1},{"not_picked":["rmod:wolves","rmod:garrisonisland"],"picked":"rmod:sl","floor":3},{"not_picked":["rmod:victimresponsibility","rmod:advancebysurprise"],"picked":"rmod:steelsupply","floor":5},{"not_picked":["rmod:tearstotiara","rmod:unsinkable","rmod:firesupport"],"picked":"SKIP","floor":7},{"not_picked":["rmod:punchline","rmod:luckystar"],"picked":"rmod:aviationdawn","floor":10},{"not_picked":["rmod:diamondstrike","rmod:luckystar"],"picked":"rmod:supportescort","floor":12},{"not_picked":["rmod:aluminumsupply","rmod:unsinkable"],"picked":"rmod:desperatesituation","floor":14},{"not_picked":["rmod:desperatesituation","rmod:seals"],"picked":"rmod:saltedfish","floor":16},{"not_picked":["rmod:spoils+1","rmod:advancebysurprise"],"picked":"rmod:luckystar+1","floor":18},{"not_picked":["rmod:goodsister","rmod:maintain"],"picked":"rmod:heivgo","floor":19},{"not_picked":["rmod:ammunitionsupply","rmod:supportescort","rmod:aluminumsupply"],"picked":"SKIP","floor":20},{"not_picked":["rmod:unsinkable","rmod:ammunitionsupply","rmod:supportescort"],"picked":"SKIP","floor":22},{"not_picked":["rmod:smokecover","rmod:acesubmarine"],"picked":"rmod:wife","floor":23},{"not_picked":["rmod:salvage","rmod:aluminumsupply+1"],"picked":"rmod:fuelsupply+1","floor":24}],"player_experience":323282,"relics_obtained":[{"floor":7,"key":"jedi:HeartOfTheCards"},{"floor":9,"key":"Nunchaku"},{"floor":23,"key":"Bronze Scales"},{"floor":26,"key":"Incense Burner"},{"floor":27,"key":"Omamori"}],"event_choices":[{"damage_healed":0,"gold_gain":0,"player_choice":"Success","damage_taken":7,"relics_obtained":["Tiny Chest"],"max_hp_gain":0,"max_hp_loss":0,"event_name":"Scrap Ooze","floor":2,"gold_loss":0},{"damage_healed":0,"gold_gain":275,"player_choice":"Desecrate","damage_taken":0,"max_hp_gain":0,"max_hp_loss":0,"event_name":"Golden Shrine","floor":4,"gold_loss":0,"cards_obtained":["Regret"]},{"damage_healed":0,"gold_gain":0,"player_choice":"Ignored","damage_taken":0,"max_hp_gain":0,"max_hp_loss":0,"event_name":"Vampires","floor":21,"gold_loss":0},{"damage_healed":0,"gold_gain":250,"player_choice":"Bet on Owner","damage_taken":0,"max_hp_gain":0,"max_hp_loss":0,"event_name":"The Joust","floor":29,"gold_loss":50}],"is_beta":false,"boss_relics":[{"not_picked":["Fusion Hammer","Runic Pyramid"],"picked":"Astrolabe"}],"items_purged_floors":[13,13],"is_endless":false,"potions_floor_spawned":[7,12,14,18,22,24],"killed_by":"3 Cultists","ascension_level":0}}