{"host":"gttgmv2wah99hzdm","time":1611937545,"event":{"mods":["AchievementEnabler","BaseMod","Bestiary","Block Reminder","Filter the Spire","Jorbs\u0027s Wanderer Trilogy","Minty Spire (QoL Compilation)","Relic Stats","StSLib","Weighted Paths","ojb\u0027s Info Mod"],"gold_per_floor":[119,135,135,111,149,149,161,336,384,25,50,125,138,164,164,263,263,284,284,38,55,55,85,85,113,113,140,156,156,169,169,169,264,264,277,294,294,310,310,339,339,372,372,392,85,85,101,116,116,116,116,116,64,92,92],"floor_reached":56,"language":"ENG","playtime":4408,"items_purged":["Doubt","stsjorbsmod:Strike_Wanderer"],"score":1450,"play_id":"c1dc529e-0a86-4eab-a3c3-560cba4aa4ae","local_time":"20210129102545","is_ascension_mode":false,"campfire_choices":[{"data":"stsjorbsmod:Prestidigitation","floor":6.0,"key":"SMITH"},{"data":"stsjorbsmod:MagicMissiles","floor":15,"key":"SMITH"},{"data":"stsjorbsmod:Pyromancy","floor":24,"key":"SMITH"},{"data":"stsjorbsmod:BurningFlask","floor":29,"key":"SMITH"},{"data":"Ghostly","floor":32,"key":"SMITH"},{"data":"Ghostly","floor":41,"key":"SMITH"},{"floor":46,"key":"RECALL"},{"data":"Ghostly","floor":49,"key":"SMITH"},{"data":"Ghostly","floor":52,"key":"SMITH"}],"circlet_count":0,"master_deck":["stsjorbsmod:ForbiddenGrimoire+1","stsjorbsmod:Strike_Wanderer+1","stsjorbsmod:Strike_Wanderer+1","stsjorbsmod:Strike_Wanderer+1","stsjorbsmod:Defend_Wanderer+1","stsjorbsmod:Defend_Wanderer+1","stsjorbsmod:Defend_Wanderer+1","stsjorbsmod:Defend_Wanderer+1","stsjorbsmod:FreshAdventure","stsjorbsmod:EyeOfTheStorm+1","stsjorbsmod:ChainLightning","stsjorbsmod:Channel+1","stsjorbsmod:Prestidigitation+1","stsjorbsmod:TollTheDead","stsjorbsmod:ArcaneForm","stsjorbsmod:MagicMissiles+1","stsjorbsmod:Pyromancy+1","Ghostly+1","Ghostly+1","Ghostly+1","Ghostly+1","Ghostly","stsjorbsmod:Stalwart+1","stsjorbsmod:Rest+1","stsjorbsmod:Firebolt+1","stsjorbsmod:MistyStep+1","stsjorbsmod:FindFamiliar+1","stsjorbsmod:Patron","stsjorbsmod:BurningFlask+1","stsjorbsmod:SmithingStrike","stsjorbsmod:IvoryTower","stsjorbsmod:BurningFlask+1","stsjorbsmod:FlameWard+1","stsjorbsmod:Hibernate+1","stsjorbsmod:MagicMissiles+1","stsjorbsmod:Mending+1","stsjorbsmod:HedgeWizard+1","stsjorbsmod:Pyromancy+1"],"relics":["stsjorbsmod:GrimoireRelic","Toy Ornithopter","War Paint","Potion Belt","Omamori","Strawberry","Cursed Key","Orrery","Pocketwatch","Oddly Smooth Stone","Bottled Tornado","Gambling Chip","Snecko Eye","Kunai","Dream Catcher","DollysMirror","PreservedInsect","Du-Vu Doll"],"acts_visited":["Exordium","TheCity","TheBeyond","TheEnding"],"potions_floor_usage":[11,27,30,55,55,55],"damage_taken":[{"damage":0.0,"enemies":"Small Slimes","floor":1.0,"turns":3.0},{"damage":1.0,"enemies":"Jaw Worm","floor":2.0,"turns":3.0},{"damage":6.0,"enemies":"2 Louse","floor":5.0,"turns":3.0},{"damage":2.0,"enemies":"Exordium Wildlife","floor":7.0,"turns":3.0},{"damage":7,"enemies":"Gremlin Nob","floor":11,"turns":4},{"damage":0,"enemies":"2 Fungi Beasts","floor":13,"turns":3},{"damage":2,"enemies":"3 Sentries","floor":14,"turns":5},{"damage":27,"enemies":"Slime Boss","floor":16,"turns":7},{"damage":0,"enemies":"Chosen","floor":18,"turns":4},{"damage":3,"enemies":"2 Thieves","floor":21,"turns":5},{"damage":7,"enemies":"Book of Stabbing","floor":23,"turns":5},{"damage":3,"enemies":"Gremlin Leader","floor":25,"turns":5},{"damage":1,"enemies":"Book of Stabbing","floor":27,"turns":6},{"damage":0,"enemies":"Snecko","floor":28,"turns":5},{"damage":3,"enemies":"3 Cultists","floor":30,"turns":4},{"damage":0,"enemies":"Collector","floor":33,"turns":6},{"damage":1,"enemies":"3 Shapes","floor":35,"turns":6},{"damage":18,"enemies":"3 Darklings","floor":36,"turns":7},{"damage":1,"enemies":"Jaw Worm Horde","floor":38,"turns":5},{"damage":0,"enemies":"Reptomancer","floor":40,"turns":4},{"damage":0,"enemies":"Nemesis","floor":42,"turns":3},{"damage":0,"enemies":"Spire Growth","floor":44,"turns":4},{"damage":0,"enemies":"3 Darklings","floor":47,"turns":4},{"damage":0,"enemies":"Jaw Worm Horde","floor":48,"turns":4},{"damage":0,"enemies":"Awakened One","floor":50,"turns":7},{"damage":0,"enemies":"Shield and Spear","floor":54,"turns":4},{"damage":61,"enemies":"The Heart","floor":55,"turns":8}],"seed_played":"3356140689796934678","potions_obtained":[{"floor":5.0,"key":"Fruit Juice"},{"floor":7.0,"key":"Energy Potion"},{"floor":13,"key":"SkillPotion"},{"floor":16,"key":"SkillPotion"},{"floor":18,"key":"AttackPotion"},{"floor":23,"key":"Energy Potion"},{"floor":25,"key":"stsjorbsmod:DimensionDoorPotion"},{"floor":27,"key":"Fruit Juice"},{"floor":30,"key":"BlessingOfTheForge"},{"floor":44,"key":"PowerPotion"},{"floor":54,"key":"LiquidMemories"}],"is_trial":false,"path_per_floor":["M","M","?","$","M","R","M","?","T","$","E","?","M","E","R","B",null,"M","?","$","M","?","E","R","E","T","E","M","R","M","?","R","B",null,"M","M","?","M","?","E","R","E","T","M","$","R","M","M","R","B",null,"R","$","E","B",null],"character_chosen":"WANDERER","items_purchased":["stsjorbsmod:Prestidigitation","stsjorbsmod:ArcaneForm","Potion Belt","Orrery","DollysMirror","PreservedInsect","SteroidPotion"],"campfire_rested":0,"item_purchase_floors":[4,10,10,20,45,45,53],"current_hp_per_floor":[68,68,73,73,68,68,71,71,71,71,74,63,68,77,77,50,84,84,42,42,42,42,43,43,44,44,49,51,51,56,56,56,56,56,56,38,38,42,42,47,47,56,56,56,56,56,56,56,56,56,56,56,56,56,6],"gold":92,"neow_bonus":"RANDOM_COMMON_RELIC","is_daily":false,"chose_seed":false,"campfire_upgraded":8,"win_rate":0.0,"timestamp":1611937545,"path_taken":["M","M","?","$","M","R","M","?","T","$","E","?","M","E","R","BOSS","M","?","$","M","?","E","R","E","T","E","M","R","M","?","R","BOSS","M","M","?","M","?","E","R","E","T","M","$","R","M","M","R","BOSS","R","$","E","BOSS"],"items_purchased_type":["Card","Card","Relic","Relic","Relic","Relic","Potion"],"build_version":"2020-12-22","purchased_purges":2,"victory":true,"max_hp_per_floor":[68,68,73,73,73,73,77,77,77,77,77,77,77,84,84,84,84,84,42,42,42,42,44,44,44,44,49,51,51,56,56,56,56,56,56,56,56,56,56,56,56,56,56,56,56,56,56,56,56,56,56,56,56,56,56],"relic_stats":{"Dream Catcher":0,"counters":[27,127],"Gambling Chip":[21],"Snecko Eye":[139,121,108,116],"PreservedInsect":68,"Kunai":[1],"War Paint":["stsjorbsmod:EyeOfTheStorm","stsjorbsmod:Channel"],"Cursed Key":1,"obtain_stats":[{"Potion Belt":10,"Oddly Smooth Stone":25,"stsjorbsmod:GrimoireRelic":0,"PreservedInsect":45,"Omamori":11,"War Paint":9,"Bottled Tornado":27,"Cursed Key":17,"Du-Vu Doll":54,"Dream Catcher":42,"DollysMirror":45,"Strawberry":14,"Gambling Chip":31,"Orrery":20,"Snecko Eye":34,"Kunai":40,"Toy Ornithopter":0,"Pocketwatch":23},{"Potion Belt":4,"Oddly Smooth Stone":12,"stsjorbsmod:GrimoireRelic":0,"PreservedInsect":22,"Omamori":5,"War Paint":4,"Bottled Tornado":13,"Cursed Key":8,"Du-Vu Doll":26,"Dream Catcher":21,"DollysMirror":22,"Strawberry":7,"Gambling Chip":15,"Orrery":9,"Snecko Eye":16,"Kunai":20,"Toy Ornithopter":0,"Pocketwatch":11},{"Potion Belt":12,"Oddly Smooth Stone":50,"stsjorbsmod:GrimoireRelic":0,"PreservedInsect":100,"Omamori":16,"War Paint":12,"Bottled Tornado":56,"Cursed Key":31,"Du-Vu Doll":119,"Dream Catcher":96,"DollysMirror":100,"Strawberry":24,"Gambling Chip":65,"Orrery":35,"Snecko Eye":71,"Kunai":93,"Toy Ornithopter":0,"Pocketwatch":45}],"Toy Ornithopter":16,"Pocketwatch":[126]},"card_choices":[{"not_picked":["stsjorbsmod:UnseenServant","stsjorbsmod:Index"],"picked":"stsjorbsmod:ChainLightning","floor":1.0},{"not_picked":["stsjorbsmod:Prepare","stsjorbsmod:BlackTentacles"],"picked":"stsjorbsmod:Channel","floor":2.0},{"not_picked":["stsjorbsmod:WanderingMind","stsjorbsmod:HedgeWizard"],"picked":"stsjorbsmod:TollTheDead","floor":5.0},{"not_picked":["stsjorbsmod:Message","stsjorbsmod:RefuseToForget","stsjorbsmod:Introspection"],"picked":"SKIP","floor":7.0},{"not_picked":["stsjorbsmod:MagicMirror","stsjorbsmod:DeathThroes"],"picked":"stsjorbsmod:MagicMissiles","floor":11},{"not_picked":["stsjorbsmod:BurningFlask","stsjorbsmod:ParryingBlow","stsjorbsmod:Materialize"],"picked":"SKIP","floor":13},{"not_picked":["stsjorbsmod:ParryingBlow","stsjorbsmod:MagicMirror","stsjorbsmod:Index"],"picked":"SKIP","floor":14},{"not_picked":["stsjorbsmod:Determination","stsjorbsmod:MirrorImage"],"picked":"stsjorbsmod:Pyromancy","floor":16},{"not_picked":["stsjorbsmod:Message","stsjorbsmod:FracturedMind","stsjorbsmod:Prestidigitation"],"picked":"SKIP","floor":18},{"not_picked":["stsjorbsmod:Mindworm+1","stsjorbsmod:Channel"],"picked":"stsjorbsmod:Stalwart+1","floor":20},{"not_picked":["stsjorbsmod:SchoolsOfMagic","stsjorbsmod:SmithingStrike"],"picked":"stsjorbsmod:Rest+1","floor":20},{"not_picked":["stsjorbsmod:Inferno+1","stsjorbsmod:Withdraw"],"picked":"stsjorbsmod:Firebolt+1","floor":20},{"not_picked":["stsjorbsmod:DisguiseSelf","stsjorbsmod:Mania"],"picked":"stsjorbsmod:MistyStep+1","floor":20},{"not_picked":["stsjorbsmod:BlackTentacles","stsjorbsmod:Hurt"],"picked":"stsjorbsmod:FindFamiliar+1","floor":21},{"not_picked":["stsjorbsmod:BurningFlask","stsjorbsmod:FracturedMind"],"picked":"stsjorbsmod:Patron+1","floor":23},{"not_picked":["stsjorbsmod:WanderingMind","stsjorbsmod:Index+1"],"picked":"stsjorbsmod:BurningFlask","floor":25},{"not_picked":["stsjorbsmod:TrueStrike","stsjorbsmod:DisguiseSelf+1","stsjorbsmod:Prepare"],"picked":"SKIP","floor":27},{"not_picked":["stsjorbsmod:TrueStrike","stsjorbsmod:OldPocket+1","stsjorbsmod:Introspection"],"picked":"SKIP","floor":28},{"not_picked":["stsjorbsmod:Channel","stsjorbsmod:ChainLightning"],"picked":"stsjorbsmod:SmithingStrike","floor":30},{"not_picked":["stsjorbsmod:Pyromancy","stsjorbsmod:Feast"],"picked":"stsjorbsmod:IvoryTower","floor":33},{"not_picked":["stsjorbsmod:DoubleCheck+1","stsjorbsmod:TinyHut+1"],"picked":"stsjorbsmod:BurningFlask+1","floor":35},{"not_picked":["stsjorbsmod:MistyStep+1","stsjorbsmod:Counterspell+1"],"picked":"stsjorbsmod:FlameWard+1","floor":36},{"not_picked":["stsjorbsmod:Prestidigitation+1","stsjorbsmod:RefuseToForget+1"],"picked":"stsjorbsmod:Hibernate+1","floor":38},{"not_picked":["stsjorbsmod:FindFamiliar+1","stsjorbsmod:HoldMonster"],"picked":"stsjorbsmod:Mending+1","floor":40},{"not_picked":["stsjorbsmod:FaerieFire","stsjorbsmod:RayOfFrost","stsjorbsmod:WeightOfMemory+1"],"picked":"SKIP","floor":42},{"not_picked":["stsjorbsmod:Mania","stsjorbsmod:SchoolsOfMagic"],"picked":"stsjorbsmod:HedgeWizard+1","floor":44},{"not_picked":["stsjorbsmod:BlackTentacles","stsjorbsmod:LocateObject+1","stsjorbsmod:MagicMissiles"],"picked":"SKIP","floor":47},{"not_picked":["stsjorbsmod:Prestidigitation","stsjorbsmod:BurningFlask","stsjorbsmod:Aid+1"],"picked":"SKIP","floor":48},{"not_picked":["stsjorbsmod:TrueStrike","stsjorbsmod:MagicMirror+1","stsjorbsmod:Rest"],"picked":"SKIP","floor":54}],"player_experience":1062970,"relics_obtained":[{"floor":9.0,"key":"War Paint"},{"floor":11,"key":"Omamori"},{"floor":14,"key":"Strawberry"},{"floor":23,"key":"Pocketwatch"},{"floor":25,"key":"Oddly Smooth Stone"},{"floor":27,"key":"Bottled Tornado"},{"floor":40,"key":"Kunai"},{"floor":42,"key":"Dream Catcher"},{"floor":54,"key":"Du-Vu Doll"}],"event_choices":[{"damage_healed":0.0,"max_hp_gain":5.0,"max_hp_loss":0.0,"gold_gain":0.0,"event_name":"Big Fish","player_choice":"Donut","floor":3.0,"gold_loss":0.0,"damage_taken":0.0},{"damage_healed":0.0,"max_hp_gain":0.0,"max_hp_loss":0.0,"gold_gain":175.0,"event_name":"Liars Game","player_choice":"AGREE","floor":8.0,"gold_loss":0.0,"damage_taken":0.0,"cards_obtained":["Doubt"]},{"damage_healed":0,"gold_gain":75,"player_choice":"Gather Gold","damage_taken":11,"max_hp_gain":0,"max_hp_loss":0,"event_name":"World of Goop","floor":12,"gold_loss":0},{"damage_healed":0,"gold_gain":0,"player_choice":"Became a Ghost","damage_taken":0,"max_hp_gain":0,"max_hp_loss":42,"event_name":"Ghosts","floor":19,"gold_loss":0,"cards_obtained":["Ghostly","Ghostly","Ghostly","Ghostly","Ghostly"]},{"damage_healed":0,"gold_gain":0,"player_choice":"Simplicity","damage_taken":0,"max_hp_gain":0,"max_hp_loss":0,"event_name":"Back to Basics","floor":22,"gold_loss":0,"cards_upgraded":["stsjorbsmod:Strike_Wanderer","stsjorbsmod:Strike_Wanderer","stsjorbsmod:Strike_Wanderer","stsjorbsmod:Defend_Wanderer","stsjorbsmod:Defend_Wanderer","stsjorbsmod:Defend_Wanderer","stsjorbsmod:Defend_Wanderer"]},{"damage_healed":0,"gold_gain":0,"player_choice":"Stole Relic","damage_taken":0,"relics_obtained":["Gambling Chip"],"max_hp_gain":0,"max_hp_loss":0,"event_name":"Addict","floor":31,"gold_loss":0,"cards_obtained":["Shame"]},{"damage_healed":0,"gold_gain":0,"player_choice":"Ignored","damage_taken":0,"max_hp_gain":0,"max_hp_loss":0,"event_name":"Tomb of Lord Red Mask","floor":37,"gold_loss":0},{"damage_healed":0,"gold_gain":0,"player_choice":"Copied","damage_taken":0,"max_hp_gain":0,"max_hp_loss":0,"event_name":"Duplicator","floor":39,"gold_loss":0,"cards_obtained":["stsjorbsmod:MagicMissiles"]}],"is_beta":false,"boss_relics":[{"not_picked":["Empty Cage","Busted Crown"],"picked":"Cursed Key"},{"not_picked":["Philosopher\u0027s Stone","Black Star"],"picked":"Snecko Eye"}],"items_purged_floors":[10,20],"is_endless":false,"potions_floor_spawned":[5,7,13,16,18,23,25,27,30,35,44,47,54],"ascension_level":0}}