{"host":"twbuyd87gsx4w7po","time":1611907979,"event":{"mods":["BaseMod","Downfall","Minty Spire (QoL Compilation)","StSLib"],"gold_per_floor":[99,115,127,143,159,216,216,247,267,267,277,277,277,293,308,408,458,458,473,488,488,498,498,523,536,436,454,471,502,402,428,438,537,537,537,549,549,212,230,107,107,120,20,20,51,51,51,104,123,123,123,123,123,123],"floor_reached":52,"language":"ENG","playtime":4264,"items_purged":["Guardian:Strike_Guardian","Guardian:Strike_Guardian"],"score":894,"play_id":"2d953122-e4d1-49ee-8a6e-15aea825ce06","local_time":"20210129001259","is_ascension_mode":true,"campfire_choices":[{"data":"Guardian:TwinSlam","floor":1.0,"key":"SMITH"},{"data":"Guardian:PiercingHide","floor":10.0,"key":"SMITH"},{"data":"Guardian:FloatingOrbs","floor":13.0,"key":"SMITH"},{"floor":18.0,"key":"RECALL"},{"data":"Guardian:PrismaticBarrier","floor":26.0,"key":"SMITH"},{"data":"Guardian:PiercingHide","floor":30.0,"key":"SMITH"},{"data":"Guardian:CurlUp","floor":35.0,"key":"SMITH"},{"data":"Guardian:GemFinder","floor":43.0,"key":"SMITH"},{"data":"Guardian:BronzeOrb","floor":47.0,"key":"SMITH"}],"circlet_count":0,"master_deck":["Guardian:Strike_Guardian","Guardian:Strike_Guardian","Guardian:Defend_Guardian","Guardian:Defend_Guardian","Guardian:Defend_Guardian","Guardian:Defend_Guardian","Guardian:CurlUp+1","Guardian:TwinSlam+1","Guardian:FloatingOrbs+1","Guardian:BronzeOrb+1","Guardian:VentSteam+1","Guardian:Orbwalk","Guardian:PiercingHide+1","Guardian:PiercingHide+1","Guardian:ChargeUp","Guardian:GemFinder+1","Guardian:Planning+1","Guardian:PrismaticBarrier+1","Guardian:ChargeCore+1","Guardian:PolyBeam+1","expansioncontent:PrepareCrush","expansioncontent:DashGenerateEvil+1","Guardian:Incinerate+1","Guardian:SentryBeam+1","Guardian:VentSteam+1","Guardian:Gem_Orange","Guardian:Planning"],"relics":["Guardian:ModeShifter","Peace Pipe","Molten Egg 2","Mercury Hourglass","Tiny House","Toy Ornithopter","downfall:HeartBlessingRed","Matryoshka","downfall:HeartBlessingGreen","Pocketwatch","bronze:MakeshiftBattery","Guardian:StasisCodex","Mummified Hand","Ancient Tea Set","downfall:HeartBlessingBlue","Bronze Scales","Gambling Chip"],"acts_visited":["Exordium","TheCity","TheBeyond","TheEnding"],"potions_floor_usage":[50],"damage_taken":[{"damage":5.0,"enemies":"Cultist","floor":2.0,"turns":4.0},{"damage":2.0,"enemies":"Jaw Worm","floor":3.0,"turns":2.0},{"damage":0.0,"enemies":"2 Louse","floor":4.0,"turns":3.0},{"damage":4.0,"enemies":"Red Slaver","floor":5.0,"turns":4.0},{"damage":22.0,"enemies":"Lagavulin Event","floor":6.0,"turns":5.0},{"damage":5.0,"enemies":"Lagavulin","floor":8.0,"turns":6.0},{"damage":0.0,"enemies":"Exordium Wildlife","floor":9.0,"turns":3.0},{"damage":1.0,"enemies":"2 Fungi Beasts","floor":11.0,"turns":3.0},{"damage":12.0,"enemies":"Exordium Thugs","floor":14.0,"turns":5.0},{"damage":2.0,"enemies":"2 Fungi Beasts","floor":15.0,"turns":3.0},{"damage":12.0,"enemies":"IC_STATUS_ARCHETYPE","floor":16.0,"turns":7.0},{"damage":9.0,"enemies":"Chosen","floor":19.0,"turns":5.0},{"damage":17.0,"enemies":"3 Byrds","floor":20.0,"turns":5.0},{"damage":5.0,"enemies":"Snecko","floor":22.0,"turns":5.0},{"damage":23.0,"enemies":"Snake Plant","floor":25.0,"turns":5.0},{"damage":12.0,"enemies":"3 Cultists","floor":27.0,"turns":5.0},{"damage":21.0,"enemies":"Cultist and Chosen","floor":28.0,"turns":6.0},{"damage":19.0,"enemies":"Slavers","floor":29.0,"turns":5.0},{"damage":5.0,"enemies":"Book of Stabbing","floor":31.0,"turns":5.0},{"damage":2.0,"enemies":"Centurion and Healer","floor":32.0,"turns":5.0},{"damage":42.0,"enemies":"DF_ARCHETYPE_CLAW","floor":33.0,"turns":12.0},{"damage":10.0,"enemies":"Orb Walker","floor":36.0,"turns":3.0},{"damage":0.0,"enemies":"downfall:FleeingMerchant","floor":38.0,"turns":4.0},{"damage":22.0,"enemies":"3 Darklings","floor":39.0,"turns":6.0},{"damage":0.0,"enemies":"downfall:FleeingMerchant","floor":40.0,"turns":4.0},{"damage":1.0,"enemies":"Sphere and 2 Shapes","floor":42.0,"turns":5.0},{"damage":0.0,"enemies":"Giant Head","floor":45.0,"turns":5.0},{"damage":0.0,"enemies":"2 Orb Walkers","floor":48.0,"turns":5.0},{"damage":15.0,"enemies":"Transient","floor":49.0,"turns":5.0},{"damage":45,"enemies":"WA_ARCHETYPE_DIVINITY","floor":50,"turns":12},{"damage":106,"enemies":"downfall:CharBossMerchant","floor":52,"turns":8}],"seed_played":"-3594798747134061228","potions_obtained":[{"floor":4.0,"key":"champ:CounterPotion"},{"floor":6.0,"key":"SmokeBomb"},{"floor":9.0,"key":"champ:CounterPotion"},{"floor":11.0,"key":"LiquidMemories"},{"floor":12.0,"key":"FairyPotion"},{"floor":14.0,"key":"FearPotion"},{"floor":16.0,"key":"Strength Potion"},{"floor":27.0,"key":"Strength Potion"},{"floor":31.0,"key":"SteroidPotion"},{"floor":32.0,"key":"SkillPotion"},{"floor":36.0,"key":"SteroidPotion"},{"floor":45.0,"key":"PowerPotion"},{"floor":48.0,"key":"GamblersBrew"},{"floor":49.0,"key":"FearPotion"}],"is_trial":false,"path_per_floor":["R","M","M","M","M","?","T","E","M","R","M","?","R","M","M","B",null,"R","M","M","?","M","?","T","M","R","M","M","E","R","E","M","B",null,"R","M","?","$","M","$","T","M","R","$","E","?","R","?","M","B",null,"E"],"character_chosen":"GUARDIAN","items_purchased":["Guardian:StasisCodex","Guardian:SentryBeam+1","Mummified Hand"],"campfire_rested":0,"item_purchase_floors":[38,40,40],"current_hp_per_floor":[80,75,73,73,69,47,47,42,42,42,41,41,41,29,27,15,85,85,76,59,85,80,80,80,57,57,50,29,20,20,15,13,16,85,85,75,70,70,48,58,58,57,67,67,67,67,67,67,52,12,95,0,0,0],"gold":123,"neow_bonus":"THREE_CARDS","is_daily":false,"chose_seed":false,"campfire_upgraded":8,"win_rate":0.0,"timestamp":1611907979,"path_taken":["R","M","?","M","M","?","T","E","M","R","M","?","R","M","M","BOSS","R","M","?","?","M","?","T","M","R","M","?","E","R","E","M","BOSS","R","M","?","$","M","$","T","M","R","$","E","?","R","?","M","BOSS","E"],"items_purchased_type":["Relic","Card","Relic"],"build_version":"2020-12-22","purchased_purges":2,"victory":false,"max_hp_per_floor":[80,80,80,80,80,80,80,80,80,80,80,80,80,80,80,80,85,85,85,85,85,85,85,85,85,85,85,85,85,85,85,85,85,85,85,85,85,85,85,85,85,85,95,95,95,95,95,95,95,95,95,95,95,95],"card_choices":[{"not_picked":["Guardian:Gem_Lightblue","Guardian:ShieldCharger"],"picked":"Guardian:FloatingOrbs","floor":0.0},{"not_picked":["Guardian:Gem_Green","Guardian:EvasiveProtocol"],"picked":"Guardian:BronzeOrb","floor":2.0},{"not_picked":["Guardian:Preprogram","Guardian:DonusPower"],"picked":"Guardian:VentSteam","floor":3.0},{"not_picked":["Guardian:Suspension","Guardian:BronzeOrb","Guardian:VentSteam"],"picked":"SKIP","floor":4.0},{"not_picked":["Guardian:Gem_Lightblue","Guardian:PrismaticBeam"],"picked":"Guardian:Orbwalk","floor":5.0},{"not_picked":["Guardian:Gem_Cyan","Guardian:TemporalShield"],"picked":"Guardian:PiercingHide","floor":6.0},{"not_picked":["Guardian:RefractedBeam+1","Guardian:TimeSifter"],"picked":"Guardian:Gem_Lightblue","floor":8.0},{"not_picked":["Guardian:VentSteam","Guardian:Preprogram"],"picked":"Guardian:Gem_Green","floor":9.0},{"not_picked":["Guardian:ShieldCharger","Guardian:MultiBeam+1"],"picked":"Guardian:PiercingHide","floor":11.0},{"not_picked":["Guardian:StasisEngine","Guardian:Emergency"],"picked":"Guardian:Gem_Crimson","floor":14.0},{"not_picked":["Guardian:TimeBomb","Guardian:PiercingHide"],"picked":"Guardian:ChargeUp","floor":15.0},{"not_picked":["Guardian:AncientConstruct","Guardian:StasisStrike+1"],"picked":"Guardian:GemFinder","floor":16.0},{"not_picked":["Guardian:Gem_Lightblue","Guardian:Gem_Red"],"picked":"Guardian:Gem_Cyan","floor":19.0},{"not_picked":["Guardian:PiercingHide+1","Guardian:Harden"],"picked":"Guardian:Planning+1","floor":19.0},{"not_picked":["Guardian:Gem_Green","Guardian:Gem_Cyan"],"picked":"Guardian:Gem_Red","floor":20.0},{"not_picked":["Guardian:GatlingBeam+1","Guardian:Incinerate+1"],"picked":"Guardian:Gem_Red","floor":20.0},{"not_picked":["Guardian:Gem_Red","Guardian:Gem_Lightblue"],"picked":"Guardian:Gem_Cyan","floor":22.0},{"not_picked":["Guardian:Gem_Blue","Guardian:ShieldCharger"],"picked":"Guardian:Gem_Fragmented","floor":22.0},{"not_picked":["Guardian:Gem_Cyan","Guardian:Gem_Green"],"picked":"Guardian:Gem_Red","floor":25.0},{"not_picked":["Guardian:Recover","Guardian:Reroute+1"],"picked":"Guardian:PrismaticBarrier","floor":25.0},{"not_picked":["Guardian:Gem_Red","Guardian:Gem_Cyan"],"picked":"Guardian:Gem_Green","floor":27.0},{"not_picked":["Guardian:Reroute+1","Guardian:PiercingHide"],"picked":"Guardian:ChargeCore+1","floor":27.0},{"not_picked":["Guardian:Gem_Lightblue","Guardian:Gem_Red"],"picked":"Guardian:Gem_Cyan","floor":28.0},{"not_picked":["Guardian:Gem_Lightblue","Guardian:GatlingBeam+1","Guardian:ShieldCharger"],"picked":"SKIP","floor":28.0},{"not_picked":["Guardian:Gem_Red","Guardian:Gem_Green"],"picked":"Guardian:Gem_Cyan","floor":29.0},{"not_picked":["Guardian:RefractedBeam+1","Guardian:Gem_Lightblue"],"picked":"Guardian:Gem_Red","floor":29.0},{"not_picked":["Guardian:MultiBeam+1","Guardian:ChargeCore+1","Guardian:Reroute+1"],"picked":"SKIP","floor":31.0},{"not_picked":["Guardian:Harden","Guardian:EvasiveProtocol","Guardian:TimeBomb"],"picked":"SKIP","floor":32.0},{"not_picked":["Guardian:GemFinder","Guardian:TimeSifter"],"picked":"Guardian:Gem_Synthetic","floor":33.0},{"not_picked":["Guardian:Gem_Red","Guardian:RollAttack+1"],"picked":"Guardian:PolyBeam+1","floor":36.0},{"not_picked":["expansioncontent:InvincibleStrength","expansioncontent:Chronoboost"],"picked":"expansioncontent:PrepareCrush","floor":37.0},{"not_picked":["expansioncontent:StudyTheSpire","expansioncontent:PolyBeam"],"picked":"expansioncontent:DashGenerateEvil","floor":37.0},{"not_picked":["Guardian:Repulse+1","Guardian:WalkerClaw+1"],"picked":"Guardian:Gem_White","floor":38.0},{"not_picked":["Guardian:TimeSifter","Guardian:TimeCapacitor+1","Guardian:Gem_Cyan"],"picked":"SKIP","floor":39.0},{"not_picked":["Guardian:Recover","Guardian:RollAttack+1"],"picked":"Guardian:Incinerate+1","floor":40.0},{"not_picked":["Guardian:Recover","Guardian:BronzeOrb+1"],"picked":"Guardian:VentSteam+1","floor":42.0},{"not_picked":["Guardian:ChargeCore+1","Guardian:TemporalStrike+1"],"picked":"Guardian:Gem_Orange","floor":45.0},{"not_picked":["Guardian:Gem_Purple","Guardian:TemporalShield"],"picked":"Guardian:Planning","floor":48.0},{"not_picked":["Guardian:PolyBeam+1","Guardian:DonusPower","Guardian:MultiBeam+1"],"picked":"SKIP","floor":49.0}],"player_experience":369503,"relics_obtained":[{"floor":6.0,"key":"Peace Pipe"},{"floor":7.0,"key":"Molten Egg 2"},{"floor":8.0,"key":"Mercury Hourglass"},{"floor":24.0,"key":"Toy Ornithopter"},{"floor":29.0,"key":"Matryoshka"},{"floor":31.0,"key":"Pocketwatch"},{"floor":41.0,"key":"Ancient Tea Set"},{"floor":45.0,"key":"Bronze Scales"},{"floor":48.0,"key":"Gambling Chip"}],"event_choices":[{"damage_healed":0.0,"max_hp_gain":0.0,"max_hp_loss":0.0,"gold_gain":0.0,"event_name":"Lab","player_choice":"Got Potions","floor":12.0,"gold_loss":0.0,"damage_taken":0.0},{"damage_healed":28.0,"max_hp_gain":0.0,"max_hp_loss":0.0,"gold_gain":0.0,"event_name":"The Library","player_choice":"Heal","floor":21.0,"gold_loss":0.0,"damage_taken":0.0},{"damage_healed":0.0,"max_hp_gain":0.0,"max_hp_loss":0.0,"gold_gain":0.0,"event_name":"Mysterious Sphere","player_choice":"Fight","floor":48.0,"gold_loss":0.0,"damage_taken":0.0}],"is_beta":false,"boss_relics":[{"not_picked":["Velvet Choker","Runic Pyramid"],"picked":"Tiny House"},{"not_picked":["SacredBark","Astrolabe"],"picked":"bronze:MakeshiftBattery"}],"items_purged_floors":[38,40],"is_endless":false,"potions_floor_spawned":[4,6,9,11,14,16,19,25,27,31,32,36,45,48,49],"killed_by":"downfall:CharBossMerchant","ascension_level":4}}