{"host":"sygfylmorsvdndbx","time":1611936711,"event":{"mods":["AchievementEnabler","BaseMod","Highlight Path","Minty Spire (QoL Compilation)","Permanent Neow","Quick Restart","Relic Stats"],"gold_per_floor":[109,119,119,119,119,145,20,49,49,77,77,95,95,114,114,219,219,231,246,0,18,29,55,55,55,55],"floor_reached":25,"language":"ENG","playtime":2351,"items_purged":["Defend_B"],"score":325,"play_id":"2efa1199-0737-4e86-8417-8ccc63e61672","local_time":"20210129111151","is_ascension_mode":true,"campfire_choices":[{"data":"Apotheosis","floor":11,"key":"SMITH"},{"data":"Chill","floor":13,"key":"SMITH"},{"data":"Seek","floor":15,"key":"SMITH"},{"floor":24,"key":"REST"}],"circlet_count":0,"master_deck":["Strike_B","Strike_B","Strike_B","Defend_B","Defend_B","Zap","Dualcast","Apotheosis+1","Chill+1","Glacier","Ball Lightning","Hologram","Undo","Seek+1","Doom and Gloom","Ball Lightning","Echo Form","Steam","Fission","Reinforced Body+1","Go for the Eyes+1","Aggregate+1","Hologram+1","Creative AI","Recycle","Defragment","Defragment"],"relics":["Cracked Core","WingedGreaves","Emotion Chip","Prayer Wheel","Dream Catcher","Empty Cage","Singing Bowl","Kunai"],"acts_visited":["Exordium","TheCity"],"potions_floor_usage":[8,10,21,22,23,25],"damage_taken":[{"damage":2,"enemies":"Small Slimes","floor":1,"turns":3},{"damage":2,"enemies":"2 Louse","floor":2,"turns":2},{"damage":21,"enemies":"3 Sentries","floor":6,"turns":11},{"damage":8,"enemies":"Gremlin Nob","floor":8,"turns":3},{"damage":10,"enemies":"3 Sentries","floor":10,"turns":5},{"damage":0,"enemies":"Cultist","floor":12,"turns":2},{"damage":0,"enemies":"Exordium Wildlife","floor":14,"turns":2},{"damage":14,"enemies":"Slime Boss","floor":16,"turns":6},{"damage":29,"enemies":"2 Thieves","floor":18,"turns":4},{"damage":1,"enemies":"Chosen","floor":19,"turns":4},{"damage":2,"enemies":"Snake Plant","floor":21,"turns":4},{"damage":6,"enemies":"Centurion and Healer","floor":22,"turns":5},{"damage":5,"enemies":"Gremlin Leader","floor":23,"turns":7},{"damage":58,"enemies":"Slavers","floor":25,"turns":6}],"seed_played":"3526397624778008954","potions_obtained":[{"floor":1,"key":"AttackPotion"},{"floor":8,"key":"Explosive Potion"},{"floor":14,"key":"FocusPotion"},{"floor":16,"key":"Weak Potion"},{"floor":18,"key":"Energy Potion"},{"floor":21,"key":"Ancient Potion"},{"floor":22,"key":"Fire Potion"},{"floor":23,"key":"SpeedPotion"}],"is_trial":false,"path_per_floor":["M","M","?","?","?","E","$","E","T","E","R","M","R","M","R","B",null,"M","M","$","M","M","E","R","E"],"character_chosen":"DEFECT","items_purchased":["Hologram","Singing Bowl"],"campfire_rested":1,"item_purchase_floors":[7,20],"current_hp_per_floor":[66,64,69,69,69,48,48,40,40,30,30,30,30,30,30,16,64,35,34,34,34,28,23,47,0,0],"gold":55,"neow_bonus":"RANDOM_COLORLESS_2","is_daily":false,"chose_seed":false,"campfire_upgraded":3,"win_rate":0.0,"timestamp":1611936711,"path_taken":["M","M","?","?","?","E","$","E","T","E","R","M","R","M","R","BOSS","M","M","$","M","M","E","R","E"],"items_purchased_type":["Card","Relic"],"build_version":"2020-12-22","purchased_purges":1,"victory":false,"max_hp_per_floor":[75,75,80,80,80,80,80,80,80,80,80,80,80,80,80,80,80,80,80,80,82,82,82,82,82,82],"relic_stats":{"Emotion Chip":[22,13,9,0,0],"Dream Catcher":1,"Singing Bowl":2,"counters":[14,64],"Prayer Wheel":6,"Kunai":[0],"obtain_stats":[{"Emotion Chip":8,"Dream Catcher":10,"Singing Bowl":20,"Prayer Wheel":9,"WingedGreaves":6,"Kunai":23,"Cracked Core":0,"Empty Cage":17},{"Emotion Chip":4,"Dream Catcher":5,"Singing Bowl":10,"Prayer Wheel":4,"WingedGreaves":3,"Kunai":13,"Cracked Core":0,"Empty Cage":8},{"Emotion Chip":19,"Dream Catcher":24,"Singing Bowl":42,"Prayer Wheel":19,"WingedGreaves":16,"Kunai":58,"Cracked Core":0,"Empty Cage":34}]},"card_choices":[{"not_picked":["Thinking Ahead","Secret Weapon"],"picked":"Apotheosis","floor":0},{"not_picked":["Steam","Stack"],"picked":"Chill","floor":1},{"not_picked":["Coolheaded","BootSequence"],"picked":"Glacier","floor":2},{"not_picked":["White Noise","Auto Shields"],"picked":"Ball Lightning","floor":6},{"not_picked":["Stack","Leap"],"picked":"Undo","floor":8},{"not_picked":["FTL","Redo"],"picked":"Seek","floor":10},{"not_picked":["Streamline","Gash"],"picked":"Doom and Gloom","floor":12},{"not_picked":["Streamline","Stack"],"picked":"Ball Lightning","floor":12},{"not_picked":["Fusion","Sweeping Beam"],"picked":"Echo Form","floor":14},{"not_picked":["Blizzard","Rebound"],"picked":"Steam","floor":14},{"not_picked":["Amplify","Thunder Strike"],"picked":"Fission","floor":16},{"not_picked":["Gash","Heatsinks"],"picked":"Reinforced Body+1","floor":18},{"not_picked":["Leap+1","Ball Lightning"],"picked":"Go for the Eyes+1","floor":18},{"not_picked":["Undo","Barrage+1"],"picked":"Aggregate+1","floor":19},{"not_picked":["Steam Power","Barrage","FTL"],"picked":"SKIP","floor":19},{"not_picked":["Go for the Eyes+1","Genetic Algorithm+1","Stack"],"picked":"Singing Bowl","floor":21},{"not_picked":["Storm","Beam Cell"],"picked":"Hologram+1","floor":21},{"not_picked":["Reprogram+1","Leap"],"picked":"Creative AI","floor":22},{"not_picked":["Chaos","Barrage+1"],"picked":"Recycle","floor":22},{"not_picked":["Sweeping Beam+1","Core Surge"],"picked":"Defragment","floor":23},{"not_picked":["Streamline","Sweeping Beam"],"picked":"Defragment","floor":24}],"player_experience":335483,"relics_obtained":[{"floor":6,"key":"WingedGreaves"},{"floor":8,"key":"Emotion Chip"},{"floor":9,"key":"Prayer Wheel"},{"floor":10,"key":"Dream Catcher"},{"floor":23,"key":"Kunai"}],"event_choices":[{"damage_healed":0,"gold_gain":0,"player_choice":"Donut","damage_taken":0,"max_hp_gain":5,"max_hp_loss":0,"event_name":"Big Fish","floor":3,"gold_loss":0},{"damage_healed":0,"gold_gain":0,"player_choice":"Ignored","damage_taken":0,"max_hp_gain":0,"max_hp_loss":0,"event_name":"Liars Game","floor":4,"gold_loss":0},{"cards_removed":["Pain"],"damage_healed":0,"gold_gain":0,"player_choice":"Forget","damage_taken":0,"max_hp_gain":0,"max_hp_loss":0,"event_name":"Living Wall","floor":5,"gold_loss":0}],"is_beta":false,"boss_relics":[{"not_picked":["Pandora\u0027s Box","Ectoplasm"],"picked":"Empty Cage"}],"items_purged_floors":[7],"is_endless":false,"potions_floor_spawned":[1,8,14,16,18,21,22,23],"killed_by":"Slavers","ascension_level":7}}