{"host":"83h5c79dzf5zv2a9","time":1611915309,"event":{"mods":["2.2 Compatiblity","BaseMod","Bestiary","Colored Map","Colored Powertips","Curses Come First","Highlight Path","Keyboard Shortcuts","Minty Spire (QoL Compilation)","Relic Stats","Slay the Relics Exporter","StSLib","SuperFastMode"],"gold_per_floor":[115,131,141,161,173,173,192,212,238,238,272,330,27,27,27,128,128,138,213,39,56,75,75,86,86,86,86,86,118,132,132,132,229,229,242,17,31,47,22,22,48,67,67,67,78,78,78,96,96,96,96],"floor_reached":50,"language":"ENG","playtime":4120,"items_purged":["Defend_R"],"score":491,"play_id":"dd6f2dff-62ce-4f53-898f-2bc6743ed283","local_time":"20210129111509","is_ascension_mode":false,"campfire_choices":[{"data":"Pummel","floor":6,"key":"SMITH"},{"floor":10,"key":"REST"},{"floor":15,"key":"REST"},{"data":"Flex","floor":23,"key":"SMITH"},{"data":"Demon Form","floor":25,"key":"SMITH"},{"floor":32,"key":"REST"},{"data":"Anger","floor":47,"key":"SMITH"},{"floor":49,"key":"REST"}],"circlet_count":0,"master_deck":["Strike_R","Strike_R","Strike_R","Strike_R","Defend_R","Defend_R","Defend_R","Bash","Flex+1","Pummel+1","Seeing Red","Dropkick","Anger+1","Iron Wave","Pommel Strike","Reckless Charge","Metallicize","Demon Form+1","Rage","Flex+1","Pommel Strike+1","Uppercut","Flex+1","Seeing Red","Pummel","Burning Pact+1","Iron Wave+1","Dual Wield+1","Shrug It Off+1","Cleave","Secret Technique","Warcry+1","Thunderclap","Headbutt"],"relics":["Black Blood","Centennial Puzzle","MealTicket","Juzu Bracelet","Lantern","Red Skull","SlaversCollar","PreservedInsect","Mummified Hand","Boot","Orichalcum","Strange Spoon","Pen Nib","InkBottle"],"acts_visited":["Exordium","TheCity","TheBeyond"],"potions_floor_usage":[4,6,14,16,16,18,22,29,33,42,50,50,50],"damage_taken":[{"damage":1,"enemies":"Cultist","floor":1,"turns":3},{"damage":2,"enemies":"Small Slimes","floor":2,"turns":4},{"damage":11,"enemies":"2 Louse","floor":3,"turns":3},{"damage":21,"enemies":"Exordium Thugs","floor":4,"turns":4},{"damage":14,"enemies":"3 Louse","floor":5,"turns":4},{"damage":6,"enemies":"Large Slime","floor":7,"turns":2},{"damage":34,"enemies":"Exordium Thugs","floor":8,"turns":7},{"damage":29,"enemies":"3 Sentries","floor":11,"turns":8},{"damage":41,"enemies":"Gremlin Nob","floor":12,"turns":5},{"damage":55,"enemies":"The Guardian","floor":16,"turns":9},{"damage":17,"enemies":"2 Thieves","floor":18,"turns":4},{"damage":1,"enemies":"Chosen","floor":21,"turns":4},{"damage":15,"enemies":"Snecko","floor":22,"turns":4},{"damage":33,"enemies":"Snake Plant","floor":24,"turns":5},{"damage":19,"enemies":"Book of Stabbing","floor":29,"turns":4},{"damage":0,"enemies":"Cultist and Chosen","floor":30,"turns":4},{"damage":62,"enemies":"Champ","floor":33,"turns":8},{"damage":33,"enemies":"3 Darklings","floor":35,"turns":6},{"damage":4,"enemies":"Orb Walker","floor":37,"turns":2},{"damage":33,"enemies":"Spire Growth","floor":38,"turns":4},{"damage":38,"enemies":"Transient","floor":42,"turns":5},{"damage":9,"enemies":"4 Shapes","floor":45,"turns":4},{"damage":15,"enemies":"3 Darklings","floor":48,"turns":5},{"damage":104,"enemies":"Awakened One","floor":50,"turns":6}],"seed_played":"3844310768374991357","potions_obtained":[{"floor":2,"key":"LiquidBronze"},{"floor":3,"key":"BloodPotion"},{"floor":4,"key":"Fruit Juice"},{"floor":7,"key":"Strength Potion"},{"floor":12,"key":"LiquidBronze"},{"floor":14,"key":"EntropicBrew"},{"floor":14,"key":"Regen Potion"},{"floor":16,"key":"BlessingOfTheForge"},{"floor":18,"key":"Fruit Juice"},{"floor":22,"key":"Fruit Juice"},{"floor":24,"key":"Block Potion"},{"floor":30,"key":"LiquidBronze"},{"floor":37,"key":"SteroidPotion"},{"floor":38,"key":"Regen Potion"},{"floor":45,"key":"FearPotion"}],"is_trial":false,"path_per_floor":["M","M","M","M","M","R","M","M","T","R","E","?","$","?","R","B",null,"M","?","$","M","M","R","M","R","T","?","?","E","M","T","R","B",null,"M","$","M","M","$","?","T","M","T","?","M","?","R","M","R","B"],"character_chosen":"IRONCLAD","items_purchased":["Lantern","Red Skull","PreservedInsect","Flex","Strange Spoon","Cleave"],"campfire_rested":4,"item_purchase_floors":[13,13,20,20,36,39],"current_hp_per_floor":[80,80,75,65,57,74,74,46,46,71,48,13,28,28,53,16,85,79,70,85,90,86,86,59,59,59,59,59,46,52,52,80,24,95,74,89,95,74,89,89,89,68,68,68,71,71,71,68,95,0,0],"gold":96,"neow_bonus":"","is_daily":false,"chose_seed":false,"campfire_upgraded":4,"win_rate":0.0,"timestamp":1611915309,"path_taken":["M","M","?","M","?","R","M","M","T","R","E","?","$","?","R","BOSS","M","?","?","M","M","R","M","R","T","?","?","E","M","?","R","BOSS","M","$","M","M","$","?","?","M","T","?","M","?","R","M","R","BOSS"],"items_purchased_type":["Relic","Relic","Relic","Card","Relic","Card"],"build_version":"2020-12-22","purchased_purges":1,"victory":false,"max_hp_per_floor":[80,80,80,85,85,85,85,85,85,85,85,85,85,85,85,85,85,90,90,90,90,95,95,95,95,95,95,95,95,95,95,95,95,95,95,95,95,95,95,95,95,95,95,95,95,95,95,95,95,95,95],"relic_stats":{"counters":[24,114],"Black Blood":163,"PreservedInsect":41,"Pen Nib":[5],"Juzu Bracelet":2,"Orichalcum":[66],"Boot":[0],"Strange Spoon":[7],"Centennial Puzzle":[48],"Mummified Hand":[13],"MealTicket":60,"obtain_stats":[{"Lantern":13,"Black Blood":34,"PreservedInsect":20,"Pen Nib":41,"Juzu Bracelet":12,"Orichalcum":31,"Boot":29,"Burning Blood":0,"SlaversCollar":17,"Strange Spoon":36,"Centennial Puzzle":9,"Mummified Hand":26,"MealTicket":11,"Red Skull":13,"InkBottle":43},{"Lantern":9,"Black Blood":17,"PreservedInsect":11,"Pen Nib":20,"Juzu Bracelet":9,"Orichalcum":16,"Boot":15,"Burning Blood":0,"SlaversCollar":10,"Strange Spoon":18,"Centennial Puzzle":7,"Mummified Hand":14,"MealTicket":8,"Red Skull":9,"InkBottle":21},{"Lantern":40,"Black Blood":82,"PreservedInsect":53,"Pen Nib":94,"Juzu Bracelet":40,"Orichalcum":74,"Boot":70,"Burning Blood":0,"SlaversCollar":49,"Strange Spoon":88,"Centennial Puzzle":27,"Mummified Hand":66,"MealTicket":35,"Red Skull":40,"InkBottle":99}],"InkBottle":[7]},"card_choices":[{"not_picked":["Thunderclap","Pommel Strike"],"picked":"Flex","floor":1},{"not_picked":["Inflame","Anger"],"picked":"Pummel","floor":2},{"not_picked":["Reckless Charge","Pommel Strike"],"picked":"Seeing Red","floor":3},{"not_picked":["Disarm","Inflame"],"picked":"Dropkick","floor":4},{"not_picked":["Iron Wave","Disarm"],"picked":"Anger","floor":5},{"not_picked":["Demon Form","Feel No Pain"],"picked":"Iron Wave","floor":7},{"not_picked":["Seeing Red","Power Through"],"picked":"Pommel Strike","floor":8},{"not_picked":["Shrug It Off","Pummel"],"picked":"Reckless Charge","floor":11},{"not_picked":["Sword Boomerang","Sever Soul"],"picked":"Metallicize","floor":12},{"not_picked":["Bludgeon","Offering"],"picked":"Demon Form","floor":16},{"not_picked":["Hemokinesis+1","Inflame+1"],"picked":"Rage","floor":18},{"not_picked":["Flame Barrier","Armaments+1"],"picked":"Pommel Strike+1","floor":21},{"not_picked":["Iron Wave","Pommel Strike"],"picked":"Uppercut","floor":22},{"not_picked":["Blood for Blood","Twin Strike"],"picked":"Flex+1","floor":24},{"not_picked":["Blood for Blood","True Grit"],"picked":"Pummel","floor":29},{"not_picked":["Dark Embrace","Sword Boomerang"],"picked":"Burning Pact+1","floor":30},{"not_picked":["Berserk","Impervious"],"picked":"Juggernaut","floor":33},{"not_picked":["Sword Boomerang+1","Hemokinesis+1"],"picked":"Iron Wave+1","floor":35},{"not_picked":["Armaments","Dark Embrace"],"picked":"Dual Wield+1","floor":37},{"not_picked":["Reckless Charge","Warcry"],"picked":"Shrug It Off+1","floor":38},{"not_picked":["Deep Breath","Madness"],"picked":"Secret Technique","floor":40},{"not_picked":["Perfected Strike","Fire Breathing"],"picked":"Warcry+1","floor":42},{"not_picked":["Twin Strike","Seeing Red+1"],"picked":"Thunderclap","floor":45},{"not_picked":["Sever Soul","Twin Strike+1"],"picked":"Headbutt","floor":48}],"player_experience":0,"relics_obtained":[{"floor":9,"key":"Centennial Puzzle"},{"floor":11,"key":"MealTicket"},{"floor":12,"key":"Juzu Bracelet"},{"floor":26,"key":"Mummified Hand"},{"floor":29,"key":"Boot"},{"floor":31,"key":"Orichalcum"},{"floor":41,"key":"Pen Nib"},{"floor":43,"key":"InkBottle"}],"event_choices":[{"damage_healed":0,"gold_gain":0,"player_choice":"Searched \u00271\u0027 times","damage_taken":0,"max_hp_gain":0,"max_hp_loss":0,"event_name":"Dead Adventurer","floor":12,"gold_loss":0},{"damage_healed":0,"gold_gain":0,"player_choice":"Got Potions","damage_taken":0,"max_hp_gain":0,"max_hp_loss":0,"event_name":"Lab","floor":14,"gold_loss":0},{"damage_healed":0,"gold_gain":75,"player_choice":"Touch","damage_taken":9,"max_hp_gain":0,"max_hp_loss":0,"event_name":"FaceTrader","floor":19,"gold_loss":0},{"damage_healed":0,"gold_gain":0,"player_choice":"Copied","damage_taken":0,"max_hp_gain":0,"max_hp_loss":0,"event_name":"Duplicator","floor":27,"gold_loss":0,"cards_obtained":["Seeing Red"]},{"cards_removed":["Strike_R"],"damage_healed":0,"gold_gain":0,"player_choice":"Purged","damage_taken":0,"max_hp_gain":0,"max_hp_loss":0,"event_name":"Purifier","floor":28,"gold_loss":0},{"damage_healed":0,"gold_gain":0,"player_choice":"Memory 1","damage_taken":0,"max_hp_gain":0,"max_hp_loss":0,"event_name":"SensoryStone","floor":40,"gold_loss":0},{"damage_healed":0,"gold_gain":0,"player_choice":"Forge","damage_taken":0,"max_hp_gain":0,"max_hp_loss":0,"event_name":"Accursed Blacksmith","floor":44,"gold_loss":0,"cards_upgraded":["Flex"]},{"cards_removed":["Juggernaut"],"damage_healed":0,"gold_gain":0,"player_choice":"Removed Power","damage_taken":0,"max_hp_gain":0,"max_hp_loss":0,"event_name":"Falling","floor":46,"gold_loss":0}],"is_beta":false,"boss_relics":[{"not_picked":["Runic Dome","Coffee Dripper"],"picked":"SlaversCollar"},{"not_picked":["Busted Crown","Velvet Choker"],"picked":"Black Blood"}],"items_purged_floors":[36],"is_endless":false,"potions_floor_spawned":[2,3,4,7,12,16,18,22,24,30,37,38,45],"killed_by":"Awakened One","ascension_level":0}}