{"host":"8fuipfsvjht9cgcs","time":1611890997,"event":{"mods":["AchievementEnabler","BaseMod","Colored Map","Colored Powertips","DeckTracker","Friendly Minions","Kiyohime£¨?ýï£©","Marisa£¨Ùöéë¡¡Øª×âÞÞ£©","Minty Spire (QoL Compilation)","Prisma Mod","StSLib","SuperFastMode","The Cursed","The Gatherer"],"gold_per_floor":[30,30,87,87,122,122,47,87,87,124,124,194,261,313,313,411,411,453,495,520,21,63,63,96,96,96,96,21,76,76,92,92,168,168,186,37,259,259,259],"floor_reached":38,"language":"KOR","playtime":2645,"items_purged":["Pain","Strike_R"],"score":678,"play_id":"6178a5b7-9747-4e60-b565-a1f61a5cee52","local_time":"20210129162957","is_ascension_mode":true,"campfire_choices":[{"data":"HandOfGreed","floor":6.0,"key":"SMITH"},{"data":"True Grit","floor":11.0,"key":"SMITH"},{"data":"Berserk","floor":15.0,"key":"SMITH"},{"data":"Whirlwind","floor":23.0,"key":"SMITH"},{"data":"Spot Weakness","floor":25.0,"key":"SMITH"},{"data":"Evolve","floor":27.0,"key":"SMITH"},{"data":"Berserk","floor":32.0,"key":"SMITH"}],"circlet_count":0,"master_deck":["AscendersBane","Strike_R","Strike_R","Defend_R","Defend_R","Defend_R","Defend_R","Bash","HandOfGreed+1","True Grit+1","Berserk+1","Thunderclap","Ghostly Armor","Disarm","Exhume","Whirlwind+1","Battle Trance","Evolve+1","Evolve+1","Spot Weakness+1","Flex","Berserk+1","Berserk","Shrug It Off+1"],"relics":["Burning Blood","WarpedTongs","Eternal Feather","Du-Vu Doll","Coffee Dripper","Prayer Wheel","Red Mask","Pocketwatch","Bag of Marbles","Velvet Choker","Anchor"],"acts_visited":["Exordium","TheCity","TheBeyond"],"potions_floor_usage":[],"damage_taken":[{"damage":9.0,"enemies":"Jaw Worm","floor":1.0,"turns":3.0},{"damage":0.0,"enemies":"Small Slimes","floor":3.0,"turns":3.0},{"damage":3.0,"enemies":"Cultist","floor":5.0,"turns":4.0},{"damage":14.0,"enemies":"Exordium Thugs","floor":8.0,"turns":3.0},{"damage":5.0,"enemies":"Looter","floor":10.0,"turns":4.0},{"damage":9.0,"enemies":"3 Louse","floor":12.0,"turns":5.0},{"damage":8.0,"enemies":"Exordium Wildlife","floor":13.0,"turns":5.0},{"damage":32.0,"enemies":"Gremlin Nob","floor":14.0,"turns":4.0},{"damage":66.0,"enemies":"Hexaghost","floor":16.0,"turns":16.0},{"damage":11.0,"enemies":"Shell Parasite","floor":18.0,"turns":8.0},{"damage":18.0,"enemies":"Chosen","floor":19.0,"turns":6.0},{"damage":0.0,"enemies":"Shelled Parasite and Fungi","floor":20.0,"turns":1.0},{"damage":11.0,"enemies":"Chosen and Byrds","floor":22.0,"turns":8.0},{"damage":0.0,"enemies":"Masked Bandits","floor":24.0,"turns":2.0},{"damage":62.0,"enemies":"Gremlin Leader","floor":29.0,"turns":8.0},{"damage":0.0,"enemies":"Snake Plant","floor":31.0,"turns":2.0},{"damage":34.0,"enemies":"Champ","floor":33.0,"turns":9.0},{"damage":44.0,"enemies":"3 Darklings","floor":35.0,"turns":4.0},{"damage":19,"enemies":"2 Orb Walkers","floor":38,"turns":4}],"seed_played":"8557273378332584308","potions_obtained":[{"floor":5.0,"key":"Regen Potion"},{"floor":12.0,"key":"SmokeBomb"},{"floor":24.0,"key":"BlessingOfTheForge"},{"floor":31.0,"key":"SpeedPotion"}],"is_trial":false,"path_per_floor":["M","?","M","?","M","R","$","M","T","M","R","M","M","E","R","B",null,"M","M","M","$","M","R","?","R","T","R","?","E","$","M","R","B",null,"M","$","?","?"],"character_chosen":"IRONCLAD","items_purchased":["Battle Trance","Evolve","Prayer Wheel","Anchor"],"campfire_rested":0,"item_purchase_floors":[21,21,21,36],"current_hp_per_floor":[69,69,75,75,78,78,78,70,70,71,80,77,75,49,58,13,63,58,46,52,52,47,59,65,77,77,80,80,24,24,30,42,14,64,26,26,26,7,7],"gold":259,"neow_bonus":"RANDOM_COLORLESS_2","is_daily":false,"chose_seed":false,"campfire_upgraded":7,"win_rate":0.0,"timestamp":1611890997,"path_taken":["M","?","M","?","M","R","$","M","T","M","R","M","M","E","R","BOSS","M","?","M","$","M","R","?","R","T","R","?","E","$","M","R","BOSS","M","$","?","?"],"items_purchased_type":["Card","Card","Relic","Relic"],"build_version":"2020-12-22","purchased_purges":2,"victory":false,"max_hp_per_floor":[80,80,80,80,80,80,80,80,80,80,80,80,80,80,80,80,80,80,80,80,80,80,80,80,80,80,80,80,80,80,80,80,80,80,80,80,80,80,80],"card_choices":[{"not_picked":["The Bomb","Violence"],"picked":"HandOfGreed","floor":0.0},{"not_picked":["Heavy Blade","Iron Wave"],"picked":"True Grit","floor":1.0},{"not_picked":["Wild Strike","Warcry"],"picked":"Berserk","floor":3.0},{"not_picked":["Heavy Blade","Havoc"],"picked":"Thunderclap","floor":5.0},{"not_picked":["Iron Wave","Warcry"],"picked":"Ghostly Armor","floor":8.0},{"not_picked":["Flex","Bloodletting","Wild Strike"],"picked":"SKIP","floor":10.0},{"not_picked":["Iron Wave","Whirlwind"],"picked":"Disarm","floor":12.0},{"not_picked":["Fire Breathing","Anger","Flex"],"picked":"SKIP","floor":13.0},{"not_picked":["Brutality","Twin Strike","Flex"],"picked":"SKIP","floor":14.0},{"not_picked":["Reaper","Juggernaut"],"picked":"Exhume","floor":16.0},{"not_picked":["Shockwave","True Grit"],"picked":"Whirlwind","floor":18.0},{"not_picked":["Fire Breathing+1","Rupture","Armaments"],"picked":"SKIP","floor":19.0},{"not_picked":["True Grit","Blood for Blood"],"picked":"Evolve+1","floor":22.0},{"not_picked":["Metallicize","Anger","Fire Breathing"],"picked":"SKIP","floor":22.0},{"not_picked":["Dropkick","Heavy Blade"],"picked":"Spot Weakness","floor":24.0},{"not_picked":["Rampage","Sword Boomerang","Searing Blow"],"picked":"SKIP","floor":29.0},{"not_picked":["Rampage","Sword Boomerang","Searing Blow"],"picked":"SKIP","floor":29.0},{"not_picked":["Evolve","Wild Strike"],"picked":"Flex","floor":31.0},{"not_picked":["Infernal Blade","Flex"],"picked":"Berserk","floor":31.0},{"not_picked":["Demon Form","Fiend Fire"],"picked":"Berserk","floor":33.0},{"not_picked":["Clash","Twin Strike"],"picked":"Shrug It Off+1","floor":35.0},{"not_picked":["Fire Breathing","Thunderclap+1","Havoc"],"picked":"SKIP","floor":35.0}],"player_experience":460054,"relics_obtained":[{"floor":9.0,"key":"Eternal Feather"},{"floor":14.0,"key":"Du-Vu Doll"},{"floor":24.0,"key":"Red Mask"},{"floor":26.0,"key":"Pocketwatch"},{"floor":29.0,"key":"Bag of Marbles"}],"event_choices":[{"cards_removed":["Strike_R"],"damage_healed":0.0,"max_hp_gain":0.0,"max_hp_loss":0.0,"gold_gain":0.0,"event_name":"Living Wall","player_choice":"Forget","floor":2.0,"gold_loss":0.0,"damage_taken":0.0},{"damage_healed":0.0,"max_hp_gain":0.0,"max_hp_loss":0.0,"gold_gain":0.0,"event_name":"Accursed Blacksmith","player_choice":"Rummage","floor":4.0,"gold_loss":0.0,"damage_taken":0.0,"relics_obtained":["WarpedTongs"],"cards_obtained":["Pain"]},{"damage_healed":0.0,"max_hp_gain":0.0,"max_hp_loss":0.0,"gold_gain":0.0,"event_name":"Masked Bandits","player_choice":"Fought Bandits","floor":24.0,"gold_loss":0.0,"damage_taken":0.0},{"cards_removed":["Strike_R"],"damage_healed":0.0,"max_hp_gain":0.0,"max_hp_loss":0.0,"gold_gain":0.0,"event_name":"Beggar","player_choice":"Gave Gold","floor":28.0,"gold_loss":75.0,"damage_taken":0.0},{"damage_healed":0.0,"max_hp_gain":0.0,"max_hp_loss":0.0,"gold_gain":222.0,"event_name":"Tomb of Lord Red Mask","player_choice":"Wore Mask","floor":37.0,"gold_loss":0.0,"damage_taken":0.0},{"damage_healed":0,"gold_gain":0,"player_choice":"Fight","damage_taken":0,"max_hp_gain":0,"max_hp_loss":0,"event_name":"Mysterious Sphere","floor":38,"gold_loss":0}],"is_beta":false,"boss_relics":[{"not_picked":["Snecko Eye","Mark of Pain"],"picked":"Coffee Dripper"},{"not_picked":["Black Blood","Tiny House"],"picked":"Velvet Choker"}],"items_purged_floors":[7,21],"is_endless":false,"potions_floor_spawned":[5,12,14,24,31,33,35],"killed_by":"2 Orb Walkers","ascension_level":13}}