{"host":"sav7uxregyirlf69","time":1611927709,"event":{"mods":["AchievementEnabler","BaseMod","Colored Map","DeckTracker","Keyboard Shortcuts","Minty Spire (QoL Compilation)","READ ME - Guardian Mod","StSLib","SuperFastMode"],"gold_per_floor":[113,113,125,50,70,70,97,97,97,108,123,123,139,64,64,137,137,157,207,131,143,143,143,162,162,207,207,224,234,234,234],"floor_reached":30,"language":"KOR","playtime":471,"items_purged":["Defend_G"],"score":514,"play_id":"4a9b9597-2430-4cec-8e92-9583b9b3acff","local_time":"20210129224149","is_ascension_mode":true,"campfire_choices":[{"data":"Poisoned Stab","floor":6,"key":"SMITH"},{"data":"Poisoned Stab","floor":8,"key":"SMITH"},{"data":"Neutralize","floor":12,"key":"SMITH"},{"data":"Bane","floor":15,"key":"SMITH"},{"data":"Concentrate","floor":23,"key":"SMITH"},{"data":"Adrenaline","floor":25,"key":"SMITH"}],"circlet_count":0,"master_deck":["AscendersBane","Survivor","Neutralize+1","Poisoned Stab+1","Leg Sweep","Poisoned Stab+1","Dagger Throw","Bane+1","Die Die Die","Underhanded Strike","Deflect","Concentrate+1","Adrenaline+1","Prepared","Crippling Poison","Dodge and Roll+1","Blur","Dodge and Roll","PiercingWail","After Image","Flechettes"],"relics":["Ring of the Snake","NeowsBlessing","Bag of Preparation","Pandora\u0027s Box","Toy Ornithopter"],"acts_visited":["Exordium","TheCity"],"potions_floor_usage":[7,7,16],"damage_taken":[{"damage":0,"enemies":"2 Louse","floor":1,"turns":1},{"damage":0,"enemies":"Cultist","floor":3,"turns":1},{"damage":0,"enemies":"Jaw Worm","floor":5,"turns":1},{"damage":0,"enemies":"Gremlin Nob","floor":7,"turns":2},{"damage":0,"enemies":"Blue Slaver","floor":10,"turns":3},{"damage":1,"enemies":"Large Slime","floor":11,"turns":5},{"damage":3,"enemies":"Looter","floor":13,"turns":3},{"damage":34,"enemies":"Hexaghost","floor":16,"turns":8},{"damage":0,"enemies":"Spheric Guardian","floor":18,"turns":2},{"damage":0,"enemies":"3 Byrds","floor":21,"turns":4},{"damage":21,"enemies":"3 Cultists","floor":24,"turns":5},{"damage":8,"enemies":"Cultist and Chosen","floor":28,"turns":7},{"damage":6,"enemies":"Centurion and Healer","floor":29,"turns":8},{"damage":0,"enemies":"Colosseum Slavers","floor":30,"turns":1}],"seed_played":"650948466062418442","potions_obtained":[{"floor":1,"key":"SkillPotion"},{"floor":2,"key":"FearPotion"},{"floor":2,"key":"AttackPotion"},{"floor":13,"key":"FearPotion"},{"floor":18,"key":"Explosive Potion"},{"floor":21,"key":"GhostInAJar"},{"floor":24,"key":"CultistPotion"}],"is_trial":false,"path_per_floor":["M","?","M","$","M","R","E","R","T","M","M","R","M","?","R","B",null,"M","?","$","M","?","R","M","R","T","?","M","M","?"],"character_chosen":"THE_SILENT","items_purchased":["Blur"],"campfire_rested":0,"item_purchase_floors":[20],"current_hp_per_floor":[59,59,59,59,59,59,59,59,59,59,58,58,55,55,55,21,55,55,55,55,55,55,55,34,34,34,34,26,20,20,20],"gold":234,"neow_bonus":"THREE_ENEMY_KILL","is_daily":false,"chose_seed":false,"campfire_upgraded":6,"win_rate":0.0,"timestamp":1611927709,"path_taken":["M","?","?","$","M","R","E","R","T","M","M","R","M","?","R","BOSS","M","?","$","M","?","R","M","R","T","?","?","?","?"],"items_purchased_type":["Card"],"build_version":"2020-12-22","purchased_purges":1,"victory":false,"max_hp_per_floor":[66,66,66,66,66,66,66,66,66,66,66,66,66,66,66,66,66,66,66,66,66,66,66,66,66,66,66,66,66,66,66],"card_choices":[{"not_picked":["Escape Plan","Skewer"],"picked":"Poisoned Stab","floor":1},{"not_picked":["Prepared","Flechettes"],"picked":"Leg Sweep","floor":3},{"not_picked":["Caltrops","Outmaneuver"],"picked":"Poisoned Stab","floor":5},{"not_picked":["Accuracy","Deflect","Dodge and Roll"],"picked":"SKIP","floor":7},{"not_picked":["Slice","Setup","Leg Sweep"],"picked":"SKIP","floor":10},{"not_picked":["Slice","Dash"],"picked":"Dagger Throw","floor":11},{"not_picked":["Choke","Quick Slash"],"picked":"Bane","floor":13},{"not_picked":["Unload","Night Terror"],"picked":"Die Die Die","floor":16},{"not_picked":["Flying Knee","Underhanded Strike"],"picked":"Dodge and Roll+1","floor":18},{"not_picked":["Accuracy","Deadly Poison"],"picked":"Dodge and Roll","floor":21},{"not_picked":["Dagger Throw","Dagger Spray"],"picked":"PiercingWail","floor":24},{"not_picked":["Slice+1","Backflip"],"picked":"After Image","floor":28},{"not_picked":["Skewer","Heel Hook"],"picked":"Flechettes","floor":29}],"player_experience":1428633,"relics_obtained":[{"floor":9,"key":"Bag of Preparation"},{"floor":26,"key":"Toy Ornithopter"}],"event_choices":[{"damage_healed":0,"gold_gain":0,"player_choice":"Got Potions","damage_taken":0,"max_hp_gain":0,"max_hp_loss":0,"event_name":"Lab","floor":2,"gold_loss":0},{"cards_removed":["Strike_G"],"damage_healed":0,"gold_gain":0,"player_choice":"Card Removal","damage_taken":0,"max_hp_gain":0,"max_hp_loss":0,"event_name":"The Cleric","floor":14,"gold_loss":75},{"damage_healed":0,"gold_gain":50,"player_choice":"Stole From Cult","damage_taken":0,"max_hp_gain":0,"max_hp_loss":0,"event_name":"Nest","floor":19,"gold_loss":0},{"cards_removed":["Doppelganger"],"damage_healed":0,"gold_gain":0,"player_choice":"Elegance","damage_taken":0,"max_hp_gain":0,"max_hp_loss":0,"event_name":"Back to Basics","floor":22,"gold_loss":0},{"cards_removed":["Endless Agony"],"damage_healed":0,"gold_gain":0,"player_choice":"Card Removal","damage_taken":0,"max_hp_gain":0,"max_hp_loss":0,"event_name":"Wheel of Change","floor":27,"gold_loss":0},{"damage_healed":0,"gold_gain":0,"player_choice":"Fight","damage_taken":0,"max_hp_gain":0,"max_hp_loss":0,"event_name":"Colosseum","floor":30,"gold_loss":0}],"is_beta":false,"boss_relics":[{"not_picked":["Coffee Dripper","Ring of the Serpent"],"picked":"Pandora\u0027s Box"}],"items_purged_floors":[4],"is_endless":false,"potions_floor_spawned":[1,13,18,21,24],"killed_by":"Colosseum Slavers","ascension_level":20}}