{"host":"yuoancq4cku3x8wq","time":1611930553,"event":{"mods":["AchievementEnabler","BaseMod","Minty Spire (QoL Compilation)","Quick Restart","StSLib","SuperFastMode"],"gold_per_floor":[15,15,15,25,41,71,71,115,127,139,184,196,232,280,292,397,409,444,481,543,555,387,427,451,469,469,56,36,57,96,119,119,210,210,224,111,111,125,206,246,265,309,354,378,378,397,397,417,417,417,417,417,417,5,38,38],"floor_reached":57,"language":"ZHS","playtime":1734,"items_purged":["Strike_P","Strike_P","Strike_P","Defend_P"],"score":3039,"play_id":"1d208391-6072-4fde-a44d-8bc98c9bbe0a","local_time":"20210129222913","is_ascension_mode":true,"campfire_choices":[{"data":"Ragnarok","floor":10.0,"key":"SMITH"},{"data":"Adaptation","floor":12.0,"key":"SMITH"},{"data":"Wallop","floor":15.0,"key":"SMITH"},{"data":"TalkToTheHand","floor":32.0,"key":"SMITH"},{"floor":45.0,"key":"REST"},{"floor":47.0,"key":"RECALL"},{"floor":49.0,"key":"REST"},{"floor":53.0,"key":"REST"}],"circlet_count":0,"master_deck":["AscendersBane","Defend_P","Eruption+1","Vigilance","Ragnarok+1","Tantrum","Adaptation+1","Wallop+1","DeusExMachina","WindmillStrike+1","SandsOfTime+1","InnerPeace","Vault","TalkToTheHand+1","Blasphemy","Adaptation","Apotheosis","Prostrate+1","CutThroughFate+1","Pray","Study+1"],"relics":["HolyWater","Golden Idol","MawBank","The Courier","Dream Catcher","CloakClasp","Astrolabe","Smiling Mask","Vajra","Tiny Chest","Damaru","Membership Card","Juzu Bracelet","Lantern","Anchor","Pen Nib","PreservedInsect","Bottled Lightning","Thread and Needle","Frozen Egg 2","Ice Cream","Bottled Tornado","Pantograph","Orichalcum"],"acts_visited":["Exordium","TheCity","TheBeyond","TheEnding"],"potions_floor_usage":[56,56],"damage_taken":[{"damage":2.0,"enemies":"Jaw Worm","floor":1.0,"turns":3.0},{"damage":0.0,"enemies":"Cultist","floor":4.0,"turns":2.0},{"damage":9.0,"enemies":"2 Louse","floor":5.0,"turns":2.0},{"damage":7.0,"enemies":"Lagavulin","floor":6.0,"turns":5.0},{"damage":0.0,"enemies":"Gremlin Nob","floor":8.0,"turns":2.0},{"damage":10.0,"enemies":"3 Sentries","floor":11.0,"turns":4.0},{"damage":0.0,"enemies":"2 Fungi Beasts","floor":13.0,"turns":1.0},{"damage":0.0,"enemies":"Gremlin Nob","floor":14.0,"turns":2.0},{"damage":19.0,"enemies":"Hexaghost","floor":16.0,"turns":7.0},{"damage":0.0,"enemies":"2 Thieves","floor":18.0,"turns":1.0},{"damage":4.0,"enemies":"Shell Parasite","floor":19.0,"turns":2.0},{"damage":17.0,"enemies":"Slavers","floor":23.0,"turns":4.0},{"damage":0.0,"enemies":"Chosen and Byrds","floor":24.0,"turns":4.0},{"damage":0.0,"enemies":"Cultist and Chosen","floor":25.0,"turns":2.0},{"damage":0.0,"enemies":"Shelled Parasite and Fungi","floor":29.0,"turns":2.0},{"damage":0.0,"enemies":"Book of Stabbing","floor":30.0,"turns":2.0},{"damage":0.0,"enemies":"Centurion and Healer","floor":31.0,"turns":3.0},{"damage":0.0,"enemies":"Champ","floor":33.0,"turns":7.0},{"damage":0.0,"enemies":"3 Darklings","floor":35.0,"turns":1.0},{"damage":0.0,"enemies":"Orb Walker","floor":38.0,"turns":1.0},{"damage":0.0,"enemies":"Giant Head","floor":40.0,"turns":4.0},{"damage":1.0,"enemies":"4 Shapes","floor":41.0,"turns":5.0},{"damage":25.0,"enemies":"Reptomancer","floor":42.0,"turns":3.0},{"damage":11.0,"enemies":"Spire Growth","floor":44.0,"turns":3.0},{"damage":0.0,"enemies":"Maw","floor":46.0,"turns":4.0},{"damage":0.0,"enemies":"3 Darklings","floor":48.0,"turns":3.0},{"damage":5.0,"enemies":"Donu and Deca","floor":50.0,"turns":6.0},{"damage":29.0,"enemies":"Time Eater","floor":51.0,"turns":7.0},{"damage":42.0,"enemies":"Shield and Spear","floor":55.0,"turns":3.0},{"damage":37,"enemies":"The Heart","floor":56,"turns":7}],"seed_played":"-2468825359934744672","potions_obtained":[{"floor":5.0,"key":"Fire Potion"},{"floor":6.0,"key":"AttackPotion"},{"floor":13.0,"key":"LiquidBronze"},{"floor":16.0,"key":"Energy Potion"},{"floor":18.0,"key":"Energy Potion"},{"floor":28.0,"key":"DistilledChaos"},{"floor":38.0,"key":"SkillPotion"},{"floor":41.0,"key":"Ambrosia"},{"floor":44.0,"key":"Dexterity Potion"},{"floor":55.0,"key":"PowerPotion"}],"is_trial":false,"path_per_floor":["M","?","$","M","M","E","?","E","T","R","E","R","M","E","R","B",null,"M","M","?","?","$","E","M","M","T","$","?","M","E","M","R","B",null,"M","$","?","M","T","E","M","E","T","M","R","M","R","M","R","B","B",null,"R","$","E","B",null],"character_chosen":"WATCHER","items_purchased":["Vajra","Membership Card","InnerPeace","Juzu Bracelet","Lantern","Anchor","PreservedInsect","Study+1","Ice Cream","Bottled Tornado","Pantograph"],"campfire_rested":3,"item_purchase_floors":[22,27,27,27,27,27,36,54,54,54,54],"current_hp_per_floor":[59,59,59,59,50,43,43,43,43,43,33,33,33,33,33,14,50,50,46,46,46,46,29,29,29,29,29,29,29,29,29,29,29,54,54,54,49,49,49,49,48,23,23,12,30,30,30,30,48,43,14,50,62,62,20,8],"gold":38,"neow_bonus":"THREE_RARE_CARDS","is_daily":false,"chose_seed":false,"campfire_upgraded":4,"win_rate":0.0,"timestamp":1611930553,"path_taken":["M","?","?","M","?","E","?","E","T","R","E","R","M","E","R","BOSS","M","M","?","?","$","E","M","?","T","$","?","M","E","M","R","BOSS","M","$","?","M","?","E","M","E","T","M","R","M","R","M","R","BOSS","BOSS","R","$","E","BOSS"],"items_purchased_type":["Relic","Relic","Card","Relic","Relic","Relic","Relic","Card","Relic","Relic","Relic"],"build_version":"2020-12-22","purchased_purges":4,"victory":true,"max_hp_per_floor":[68,68,68,68,68,68,62,62,62,62,62,62,62,62,62,62,62,62,62,62,62,62,62,62,62,62,62,62,62,62,62,62,62,62,62,62,62,62,62,62,62,62,62,62,62,62,62,62,62,62,62,62,62,62,62,62],"card_choices":[{"not_picked":["Omniscience","Devotion"],"picked":"Ragnarok","floor":0.0},{"not_picked":["Crescendo","Halt"],"picked":"Tantrum","floor":1.0},{"not_picked":["EmptyFist","Indignation","FlyingSleeves"],"picked":"SKIP","floor":4.0},{"not_picked":["Weave","FlyingSleeves","Vengeance"],"picked":"SKIP","floor":5.0},{"not_picked":["Consecrate","WaveOfTheHand"],"picked":"Adaptation","floor":6.0},{"not_picked":["BowlingBash","CarveReality","Protect"],"picked":"SKIP","floor":8.0},{"not_picked":["ReachHeaven","Meditate","Nirvana"],"picked":"SKIP","floor":11.0},{"not_picked":["ThirdEye","ForeignInfluence","FlyingSleeves"],"picked":"SKIP","floor":13.0},{"not_picked":["DeceiveReality","Meditate"],"picked":"Wallop","floor":14.0},{"not_picked":["Establishment","Devotion"],"picked":"DeusExMachina","floor":16.0},{"not_picked":["Study","LikeWater","ThirdEye"],"picked":"SKIP","floor":18.0},{"not_picked":["Study","Halt","FlyingSleeves"],"picked":"SKIP","floor":19.0},{"not_picked":["Fasting2","Collect","FlurryOfBlows"],"picked":"SKIP","floor":23.0},{"not_picked":["PathToVictory","FollowUp+1","EmptyFist"],"picked":"SKIP","floor":24.0},{"not_picked":["Nirvana","Wish","BowlingBash"],"picked":"SKIP","floor":25.0},{"not_picked":["Crescendo","FollowUp+1","Consecrate+1"],"picked":"SKIP","floor":29.0},{"not_picked":["JustLucky","EmptyFist"],"picked":"Vault","floor":30.0},{"not_picked":["JustLucky","EmptyMind+1"],"picked":"TalkToTheHand","floor":31.0},{"not_picked":["Devotion","Ragnarok"],"picked":"Blasphemy","floor":33.0},{"not_picked":["ReachHeaven+1","ClearTheMind"],"picked":"Adaptation","floor":35.0},{"not_picked":["Secret Weapon","Mind Blast"],"picked":"Apotheosis","floor":37.0},{"not_picked":["SignatureMove","SashWhip"],"picked":"Prostrate+1","floor":38.0},{"not_picked":["LikeWater+1","SashWhip","Evaluate+1"],"picked":"SKIP","floor":40.0},{"not_picked":["WreathOfFlame","Wireheading+1","Crescendo"],"picked":"SKIP","floor":41.0},{"not_picked":["WreathOfFlame","Wireheading+1","Crescendo"],"picked":"SKIP","floor":41.0},{"not_picked":["Vengeance","DeceiveReality","EmptyFist"],"picked":"SKIP","floor":42.0},{"not_picked":["SignatureMove","FlyingSleeves","EmptyBody"],"picked":"SKIP","floor":44.0},{"not_picked":["BattleHymn+1","ClearTheMind","SashWhip"],"picked":"SKIP","floor":46.0},{"not_picked":["EmptyFist","Halt"],"picked":"CutThroughFate+1","floor":48.0},{"not_picked":["SashWhip+1","ClearTheMind"],"picked":"Pray","floor":53.0},{"not_picked":["JustLucky","EmptyBody","Wish"],"picked":"SKIP","floor":55.0}],"player_experience":233060,"relics_obtained":[{"floor":8.0,"key":"MawBank"},{"floor":9.0,"key":"The Courier"},{"floor":11.0,"key":"Dream Catcher"},{"floor":14.0,"key":"CloakClasp"},{"floor":23.0,"key":"Tiny Chest"},{"floor":26.0,"key":"Damaru"},{"floor":30.0,"key":"Pen Nib"},{"floor":39.0,"key":"Bottled Lightning"},{"floor":40.0,"key":"Thread and Needle"},{"floor":42.0,"key":"Frozen Egg 2"},{"floor":55.0,"key":"Orichalcum"}],"event_choices":[{"damage_healed":0.0,"max_hp_gain":0.0,"max_hp_loss":0.0,"gold_gain":0.0,"event_name":"Accursed Blacksmith","player_choice":"Forge","floor":2.0,"gold_loss":0.0,"damage_taken":0.0,"cards_upgraded":["Eruption"]},{"damage_healed":0.0,"max_hp_gain":0.0,"max_hp_loss":6.0,"gold_gain":0.0,"event_name":"Golden Idol","player_choice":"Lose Max HP","floor":7.0,"gold_loss":0.0,"damage_taken":0.0,"relics_obtained":["Golden Idol"]},{"damage_healed":0.0,"max_hp_gain":0.0,"max_hp_loss":0.0,"gold_gain":50.0,"event_name":"Nest","player_choice":"Stole From Cult","floor":20.0,"gold_loss":0.0,"damage_taken":0.0},{"cards_removed":["WheelKick"],"damage_healed":0.0,"max_hp_gain":0.0,"max_hp_loss":0.0,"gold_gain":0.0,"event_name":"WeMeetAgain","player_choice":"Gave Card","floor":21.0,"gold_loss":0.0,"damage_taken":0.0,"relics_obtained":["Smiling Mask"]},{"damage_healed":0.0,"max_hp_gain":0.0,"max_hp_loss":0.0,"gold_gain":0.0,"event_name":"The Woman in Blue","player_choice":"Bought 1 Potion","floor":28.0,"gold_loss":0.0,"damage_taken":0.0},{"damage_healed":0.0,"max_hp_gain":0.0,"max_hp_loss":0.0,"gold_gain":0.0,"event_name":"SensoryStone","player_choice":"Memory 2","floor":37.0,"gold_loss":0.0,"damage_taken":5.0}],"is_beta":false,"boss_relics":[{"not_picked":["Pandora\u0027s Box","Black Star"],"picked":"Astrolabe"},{"not_picked":["Runic Pyramid","Empty Cage"],"picked":"HolyWater"}],"items_purged_floors":[22,27,36,54],"is_endless":false,"potions_floor_spawned":[5,6,13,16,18,23,29,31,38,41,44,46,55],"ascension_level":20}}