{"host":"ecaj4hn004xnnrw9","time":1611874760,"event":{"mods":["AchievementEnabler","BaseMod","Better Third Choice","Hermit","Hubris","Infinite Spire","Jorbs\u0027s Wanderer Trilogy","Minty Spire (QoL Compilation)","Quick Restart","Relic Stats","Shop Mod","StSLib","The Construct","The Jungle","The Runesmith"],"gold_per_floor":[118,135,148,159,159,159,185,185,185,213,247,247,247,259,259,362,362,372,297,310,24,35,35,65,65,65,82,82,112,125,137,137,137,137],"floor_reached":33,"language":"ENG","playtime":1729,"items_purged":[],"score":454,"play_id":"3c105cf1-f425-4196-8390-a814cdeea2c0","local_time":"20210128225919","is_ascension_mode":true,"campfire_choices":[{"data":"Eruption","floor":6,"key":"SMITH"},{"data":"FearNoEvil","floor":8,"key":"SMITH"},{"data":"FlyingSleeves","floor":12,"key":"SMITH"},{"data":"Wallop","floor":15,"key":"SMITH"},{"data":"TalkToTheHand","floor":23,"key":"SMITH"},{"data":"TalkToTheHand","floor":28,"key":"SMITH"},{"data":"Vault","floor":32,"key":"SMITH"}],"circlet_count":0,"master_deck":["Defend_P","Defend_P","Defend_P","Defend_P","Eruption+1","Vigilance","FlyingSleeves+1","Indignation+1","MentalFortress+1","FearNoEvil+1","Adaptation+1","Swivel","SashWhip+1","FlurryOfBlows","FlyingSleeves+1","WheelKick","Wallop+1","Vault+1","BowlingBash","Consecrate","Conclude","FlurryOfBlows+1","Meditate","infinitespire:Collect","EmptyMind","hubris:Lust","hubris:DuctTapeCard","TalkToTheHand+1"],"relics":["Astrolabe","WingedGreaves","CloakClasp","Bag of Preparation","The Courier","hubris:Towel","Cursed Key","Vajra","Orrery","Oddly Smooth Stone","hubris:DuctTape","construct:FoamFinger"],"acts_visited":["Exordium","TheCity"],"potions_floor_usage":[10,16,18,33,33,33],"damage_taken":[{"damage":0,"enemies":"Cultist","floor":1,"turns":2},{"damage":14,"enemies":"2 Louse","floor":2,"turns":2},{"damage":6,"enemies":"Jaw Worm","floor":3,"turns":3},{"damage":0,"enemies":"Blue Slaver","floor":4,"turns":3},{"damage":7,"enemies":"Lagavulin","floor":7,"turns":5},{"damage":0,"enemies":"Gremlin Nob","floor":10,"turns":3},{"damage":0,"enemies":"Lagavulin","floor":11,"turns":2},{"damage":0,"enemies":"Looter","floor":14,"turns":2},{"damage":0,"enemies":"Slime Boss","floor":16,"turns":5},{"damage":6,"enemies":"2 Thieves","floor":18,"turns":3},{"damage":6,"enemies":"Shell Parasite","floor":20,"turns":2},{"damage":0,"enemies":"Shelled Parasite and Fungi","floor":22,"turns":3},{"damage":0,"enemies":"Nightmare","floor":24,"turns":6},{"damage":3,"enemies":"Chosen and Byrds","floor":27,"turns":3},{"damage":19,"enemies":"Slavers","floor":29,"turns":3},{"damage":18,"enemies":"Snake Plant","floor":30,"turns":1},{"damage":0,"enemies":"3 Cultists","floor":31,"turns":3},{"damage":21,"enemies":"hubris:MusketHawk","floor":33,"turns":4}],"seed_played":"-7701903815410708927","potions_obtained":[{"floor":3,"key":"Ambrosia"},{"floor":10,"key":"FearPotion"},{"floor":14,"key":"ColorlessPotion"},{"floor":16,"key":"PowerPotion"},{"floor":24,"key":"Weak Potion"}],"is_trial":false,"path_per_floor":["M","M","M","M","?","R","E","R","T","E","E","R","?","M","R","B",null,"M","?","M","$","M","R","NM","?","T","M","R","E","M","M","R","B"],"character_chosen":"WATCHER","items_purchased":["Vajra","Consecrate","AttackPotion","Orrery"],"campfire_rested":0,"item_purchase_floors":[21,21,21,21],"current_hp_per_floor":[72,58,52,52,38,38,31,31,31,31,31,31,31,31,31,31,72,66,66,60,60,60,60,60,60,60,57,57,38,20,20,20,0,0],"gold":137,"neow_bonus":"BOSS_RELIC","is_daily":false,"chose_seed":false,"campfire_upgraded":7,"win_rate":0.0,"timestamp":1611874759,"path_taken":["M","?","?","M","?","R","E","R","T","E","E","R","?","M","R","BOSS","M","?","M","$","M","R","NM","?","T","M","R","E","M","M","R","BOSS"],"items_purchased_type":["Relic","Card","Potion","Relic"],"build_version":"2020-12-22","purchased_purges":0,"victory":false,"max_hp_per_floor":[72,72,72,72,72,72,72,72,72,72,72,72,72,72,72,72,72,72,72,72,72,72,72,72,72,72,72,72,72,72,72,72,72,72],"relic_stats":{"counters":[18,55],"Astrolabe":["FlyingSleeves","Indignation","MentalFortress"],"CloakClasp":[102],"Bag of Preparation":[24],"Cursed Key":1,"obtain_stats":[{"construct:FoamFinger":29,"hubris:DuctTape":26,"Astrolabe":0,"Vajra":21,"Oddly Smooth Stone":24,"The Courier":11,"CloakClasp":9,"Bag of Preparation":10,"hubris:Towel":13,"Cursed Key":17,"Orrery":21,"WingedGreaves":7,"PureWater":0},{"construct:FoamFinger":15,"hubris:DuctTape":13,"Astrolabe":0,"Vajra":11,"Oddly Smooth Stone":13,"The Courier":7,"CloakClasp":5,"Bag of Preparation":6,"hubris:Towel":7,"Cursed Key":9,"Orrery":11,"WingedGreaves":5,"PureWater":0},{"construct:FoamFinger":47,"hubris:DuctTape":41,"Astrolabe":0,"Vajra":32,"Oddly Smooth Stone":41,"The Courier":20,"CloakClasp":15,"Bag of Preparation":18,"hubris:Towel":20,"Cursed Key":27,"Orrery":32,"WingedGreaves":15,"PureWater":0}]},"card_choices":[{"not_picked":["BowlingBash","ClearTheMind"],"picked":"FearNoEvil","floor":1},{"not_picked":["Indignation","ClearTheMind"],"picked":"Adaptation","floor":2},{"not_picked":["ThirdEye","Prostrate"],"picked":"Swivel","floor":3},{"not_picked":["Crescendo","DeceiveReality"],"picked":"SashWhip","floor":4},{"not_picked":["Meditate","ThirdEye"],"picked":"FlurryOfBlows","floor":7},{"not_picked":["Evaluate","CrushJoints"],"picked":"FlyingSleeves","floor":10},{"not_picked":["Judgement","WindmillStrike"],"picked":"WheelKick","floor":11},{"not_picked":["ClearTheMind","SashWhip"],"picked":"Wallop","floor":14},{"not_picked":["LessonLearned","DevaForm"],"picked":"Vault","floor":16},{"not_picked":["Indignation","Protect","PathToVictory"],"picked":"SKIP","floor":18},{"not_picked":["Evaluate","WindmillStrike"],"picked":"BowlingBash","floor":20},{"not_picked":["Vengeance","Halt"],"picked":"Conclude","floor":21},{"not_picked":["WaveOfTheHand","EmptyMind"],"picked":"FlurryOfBlows+1","floor":21},{"not_picked":["Ragnarok","WheelKick"],"picked":"TalkToTheHand","floor":21},{"not_picked":["BowlingBash","WaveOfTheHand"],"picked":"Meditate","floor":21},{"not_picked":["WreathOfFlame","Vengeance","ThirdEye"],"picked":"SKIP","floor":22},{"not_picked":["infinitespire:TheBestDefense","infinitespire:Gouge"],"picked":"infinitespire:Collect","floor":24},{"not_picked":["Consecrate+1","BattleHymn"],"picked":"TalkToTheHand+1","floor":24},{"not_picked":["SpiritShield","Adaptation"],"picked":"TalkToTheHand","floor":27},{"not_picked":["FearNoEvil","Conclude+1","EmptyFist+1"],"picked":"SKIP","floor":29},{"not_picked":["FlyingSleeves","CrushJoints","Weave"],"picked":"SKIP","floor":30},{"not_picked":["Consecrate","Evaluate","Collect"],"picked":"SKIP","floor":31}],"player_experience":421836,"relics_obtained":[{"floor":7,"key":"WingedGreaves"},{"floor":9,"key":"CloakClasp"},{"floor":10,"key":"Bag of Preparation"},{"floor":11,"key":"The Courier"},{"floor":24,"key":"Oddly Smooth Stone"},{"floor":26,"key":"hubris:DuctTape"},{"floor":29,"key":"construct:FoamFinger"}],"event_choices":[{"damage_healed":52,"gold_gain":0,"player_choice":"Upgrade","damage_taken":14,"max_hp_gain":0,"max_hp_loss":72,"event_name":"betterThird:BetterShining","floor":5,"gold_loss":0,"cards_upgraded":["Adaptation","SashWhip"]},{"cards_removed":["Strike_P"],"damage_healed":0,"gold_gain":0,"player_choice":"Gave Gold","damage_taken":0,"max_hp_gain":0,"max_hp_loss":0,"event_name":"Beggar","floor":19,"gold_loss":75},{"damage_healed":0,"gold_gain":0,"player_choice":"Read","damage_taken":0,"max_hp_gain":0,"max_hp_loss":0,"event_name":"The Library","floor":25,"gold_loss":0,"cards_obtained":["EmptyMind"]}],"is_beta":false,"boss_relics":[{"not_picked":["hubris:BlackHole","hubris:RunicObelisk"],"picked":"Cursed Key"}],"items_purged_floors":[],"is_endless":false,"potions_floor_spawned":[3,10,14,16,24,29,30,31],"killed_by":"hubris:MusketHawk","ascension_level":1}}