{"host":"eqgv7lcke5o8g4rz","time":1611887100,"event":{"mods":["A Penny For Your Troubles","BaseMod","ChefMod","Fox Events","GifTheSpireLib","Hermit","Highlight Path","Minty Spire (QoL Compilation)","Rare Cards Sparkle","Reliquary","Spire Arcade","StS++","StSLib","The Animator","The IronCluck","The Servant 0.9.4","TheSurvivalist","Virulent Crown","Wide Potions","everything is the same but u backflip on backflip","slay the spire mod where everything is the same but ironclad has a cowboy hat"],"gold_per_floor":[115,190,203,217,227,227,243,243,268,268,289,318,338,358,358,467,467,492,492,518,544,123,123,147,173,173,195,216,10,33,61,61,191,250,289,348,348,368,387,387,433,433,456,474,495,495,544,564,564,592,592,615,167,195,195,195,220,220,249,249,249,214,214,239,266,266,398,398,432,432,459,538,568,616,616,639,691,691,716,51,103,135,135,269,269,296,296,341,11,56,79,79,124,172,30,30,30,30],"floor_reached":97,"language":"ENG","playtime":9722,"items_purged":["StSpp:Panic"],"score":1790,"play_id":"989d56e4-3453-45bd-84a8-b1a4bbe03b91","local_time":"20210128212500","daily_mods":["Draft","Specialized","Allstar","Colorless Cards","Heirloom"],"is_ascension_mode":false,"campfire_choices":[{"data":"Outmaneuver","floor":6.0,"key":"SMITH"},{"data":"Blade Dance","floor":8.0,"key":"SMITH"},{"data":"Blade Dance","floor":10.0,"key":"SMITH"},{"data":"Noxious Fumes","floor":15.0,"key":"SMITH"},{"data":"Choke","floor":23.0,"key":"SMITH"},{"floor":32.0,"key":"REST"},{"data":"Envenom","floor":40.0,"key":"SMITH"},{"data":"Apotheosis","floor":42.0,"key":"SMITH"},{"data":"Mind Blast","floor":46.0,"key":"SMITH"},{"floor":49.0,"key":"REST"},{"data":"Venomology","floor":58.0,"key":"SMITH"},{"data":"Accuracy","floor":61.0,"key":"SMITH"},{"data":"Terror","floor":63.0,"key":"SMITH"},{"data":"Corpse Explosion","floor":66.0,"key":"SMITH"},{"floor":75.0,"key":"REST"},{"floor":78.0,"key":"REST"},{"floor":83.0,"key":"REST"},{"data":"animator:Lelouch","floor":92.0,"key":"SMITH"},{"floor":96,"key":"REST"}],"circlet_count":0,"master_deck":["animator:Zero","animator:Zero","animator:Zero","animator:Zero","animator:Zero","Blade Dance+1","Outmaneuver+1","Infinite Blades","Impatience","Poisoned Stab","Dodge and Roll","Deflect","Slice","Dagger Spray","Quick Slash","Blade Dance+1","Poisoned Stab+1","Deflect","Cloak And Dagger","Underhanded Strike","Leg Sweep","StSpp:Lure","Acrobatics","Blade Dance","Cloak And Dagger","Flying Knee","Cloak And Dagger","Flying Knee","Noxious Fumes+1","Venomology+1","Bane","animator:Cirno+1","StSpp:FiercePoison","Dark Shackles","Choke+1","Noxious Fumes","Outmaneuver+1","Mind Blast+1","Backstab","StSpp:TimeParadox+1","Envenom+1","Deflect","Flying Knee","Enlightenment+1","HandOfGreed","After Image","Dramatic Entrance+1","Flying Knee","Blade Dance","animator:MisaKurobane","StSpp:StrikeFirst+1","Apotheosis+1","Panacea","Discovery","Terror+1","Backstab+1","StSpp:Lure+1","Deflect","Flash of Steel","Acrobatics","Footwork","Accuracy+1","Flying Knee","PiercingWail","Deadly Poison","Corpse Explosion+1","Phantasmal Killer+1","Backflip","Dagger Throw","Deadly Poison+1","Endless Agony","Accuracy","Masterful Stab","Dash","animator:Canti","Choke","Endless Agony","StSpp:TimeParadox","Good Instincts","animator:Lelouch+1","Sadistic Nature","Dark Shackles+1","Underhanded Strike","Tactician","Secret Technique","Neutralize","Deflect","Concentrate+1","Setup+1","Trip","Malaise","Backstab"],"relics":["Ring of the Snake","Ice Cream","CeramicFish","Runic Pyramid","CultistMask","StSpp:WoodenPendulum","Lantern","Tiny House","Torii","Ancient Tea Set","WristBlade","Bottled Flame","Golden Idol","Pocketwatch","Philosopher\u0027s Stone","Nunchaku","Tiny Chest","OrangePellets","HoveringKite","StSpp:XCola"],"acts_visited":["Exordium","TheCity","TheBeyond","Exordium","TheCity","TheBeyond"],"potions_floor_usage":[94,94,97],"damage_taken":[{"damage":0.0,"enemies":"2 Louse","floor":1.0,"turns":1.0},{"damage":0.0,"enemies":"Jaw Worm","floor":3.0,"turns":3.0},{"damage":0.0,"enemies":"Cultist","floor":4.0,"turns":3.0},{"damage":6.0,"enemies":"Large Slime","floor":5.0,"turns":3.0},{"damage":0.0,"enemies":"2 Fungi Beasts","floor":7.0,"turns":2.0},{"damage":0.0,"enemies":"Looter","floor":11.0,"turns":1.0},{"damage":0.0,"enemies":"Large Slime","floor":12.0,"turns":1.0},{"damage":0.0,"enemies":"Blue Slaver","floor":13.0,"turns":2.0},{"damage":0.0,"enemies":"2 Fungi Beasts","floor":14.0,"turns":2.0},{"damage":20.0,"enemies":"The Guardian","floor":16.0,"turns":7.0},{"damage":0.0,"enemies":"2 Thieves","floor":18.0,"turns":3.0},{"damage":0.0,"enemies":"Shell Parasite","floor":20.0,"turns":3.0},{"damage":5.0,"enemies":"Snake Plant","floor":21.0,"turns":5.0},{"damage":0.0,"enemies":"Centurion and Healer","floor":24.0,"turns":6.0},{"damage":4.0,"enemies":"Snecko","floor":25.0,"turns":4.0},{"damage":11.0,"enemies":"Shelled Parasite and Fungi","floor":27.0,"turns":5.0},{"damage":0.0,"enemies":"Sentry and Sphere","floor":28.0,"turns":3.0},{"damage":1.0,"enemies":"Snake Plant","floor":30.0,"turns":2.0},{"damage":5.0,"enemies":"Chosen and Byrds","floor":31.0,"turns":2.0},{"damage":52.0,"enemies":"Champ","floor":33.0,"turns":9.0},{"damage":0.0,"enemies":"3 Shapes","floor":35.0,"turns":2.0},{"damage":0.0,"enemies":"Mind Bloom Boss Battle","floor":36.0,"turns":4.0},{"damage":8.0,"enemies":"Orb Walker","floor":38.0,"turns":2.0},{"damage":1.0,"enemies":"Transient","floor":39.0,"turns":5.0},{"damage":13.0,"enemies":"Maw","floor":41.0,"turns":7.0},{"damage":1.0,"enemies":"Spire Growth","floor":45.0,"turns":4.0},{"damage":0.0,"enemies":"Sphere and 2 Shapes","floor":47.0,"turns":3.0},{"damage":1.0,"enemies":"Transient","floor":48.0,"turns":5.0},{"damage":87.0,"enemies":"Donu and Deca","floor":50.0,"turns":12.0},{"damage":0.0,"enemies":"Small Slimes","floor":52.0,"turns":1.0},{"damage":0.0,"enemies":"Cultist","floor":54.0,"turns":1.0},{"damage":0.0,"enemies":"2 Louse","floor":57.0,"turns":1.0},{"damage":0.0,"enemies":"Gremlin Gang","floor":59.0,"turns":1.0},{"damage":0.0,"enemies":"Looter","floor":64.0,"turns":1.0},{"damage":0.0,"enemies":"3 Louse","floor":65.0,"turns":1.0},{"damage":2.0,"enemies":"The Guardian","floor":67.0,"turns":6.0},{"damage":21.0,"enemies":"2 Thieves","floor":69.0,"turns":2.0},{"damage":0.0,"enemies":"Spheric Guardian","floor":71.0,"turns":1.0},{"damage":0.0,"enemies":"Centurion and Healer","floor":72.0,"turns":1.0},{"damage":22.0,"enemies":"Chosen and Byrds","floor":73.0,"turns":3.0},{"damage":27.0,"enemies":"Slavers","floor":74.0,"turns":3.0},{"damage":0.0,"enemies":"Shelled Parasite and Fungi","floor":76.0,"turns":1.0},{"damage":0.0,"enemies":"Gremlin Leader","floor":77.0,"turns":1.0},{"damage":10.0,"enemies":"Cultist and Chosen","floor":79.0,"turns":2.0},{"damage":11.0,"enemies":"Slavers","floor":81.0,"turns":2.0},{"damage":17.0,"enemies":"Centurion and Healer","floor":82.0,"turns":4.0},{"damage":50.0,"enemies":"Collector","floor":84.0,"turns":3.0},{"damage":0.0,"enemies":"3 Darklings","floor":86.0,"turns":2.0},{"damage":13.0,"enemies":"Giant Head","floor":90.0,"turns":5.0},{"damage":0.0,"enemies":"Orb Walker","floor":91.0,"turns":1.0},{"damage":38.0,"enemies":"Reptomancer","floor":93.0,"turns":2.0},{"damage":23,"enemies":"Giant Head","floor":94,"turns":5},{"damage":41,"enemies":"Writhing Mass","floor":97,"turns":1}],"seed_played":"5945749243732512034","potions_obtained":[{"floor":4.0,"key":"CunningPotion"},{"floor":7.0,"key":"GhostInAJar"},{"floor":11.0,"key":"SteroidPotion"},{"floor":13.0,"key":"Ancient Potion"},{"floor":14.0,"key":"SkillPotion"},{"floor":20.0,"key":"Fruit Juice"},{"floor":24.0,"key":"StSpp:SecondWindPotion"},{"floor":27.0,"key":"Fire Potion"},{"floor":31.0,"key":"Fruit Juice"},{"floor":34.0,"key":"Block Potion"},{"floor":47.0,"key":"BlessingOfTheForge"},{"floor":48.0,"key":"BlessingOfTheForge"},{"floor":57.0,"key":"StSpp:ScatteredPotion"},{"floor":64.0,"key":"Fire Potion"},{"floor":69.0,"key":"AttackPotion"},{"floor":73.0,"key":"Poison Potion"},{"floor":74.0,"key":"Swift Potion"},{"floor":76.0,"key":"Block Potion"},{"floor":79.0,"key":"PowerPotion"},{"floor":84.0,"key":"Strength Potion"},{"floor":90.0,"key":"LiquidBronze"},{"floor":91.0,"key":"PowerPotion"},{"floor":93.0,"key":"FearPotion"}],"is_trial":true,"path_per_floor":["M","?","M","M","M","R","M","R","T","R","M","M","M","M","R","B",null,"M","?","M","M","$","R","M","M","T","M","M","$","M","M","R","B",null,"M","?","?","M","M","R","M","R","T","?","M","R","M","M","R","B",null,"M","$","M","?","?","M","R","M","T","R","?","R","M","M","R","B",null,"M","?","M","M","M","E","R","M","E","R","M","$","E","M","R","B",null,"M","?","?","$","E","M","R","E","E","$","R","M"],"character_chosen":"THE_SILENT","items_purchased":["Dark Shackles","StSpp:WoodenPendulum","Choke","Noxious Fumes","Envenom","Deflect","Flying Knee","Flash of Steel","Bottled Flame","Acrobatics","Footwork","Nunchaku","Choke","Endless Agony","Swift Potion","Tiny Chest","StSpp:TimeParadox","OrangePellets","StSpp:XCola","Deflect","Backstab"],"campfire_rested":6,"item_purchase_floors":[22,22,22,22,29,29,29,53,53,53,53,80,80,80,80,80,80,80,89,89,95],"current_hp_per_floor":[70,59,59,59,53,53,53,53,53,53,53,53,53,53,53,33,70,70,70,82,77,77,77,77,73,73,62,62,62,61,61,87,35,92,92,92,92,84,83,83,70,70,70,65,64,64,64,63,90,3,92,92,92,92,92,69,69,69,69,69,69,92,92,92,92,92,90,92,71,71,71,71,49,22,49,49,49,76,66,66,55,38,65,15,92,92,87,87,87,74,74,74,36,13,13,39,0,0],"gold":30,"neow_bonus":"","is_daily":false,"chose_seed":false,"campfire_upgraded":13,"win_rate":0.0,"timestamp":1611887100,"path_taken":["M","?","M","M","M","R","M","R","T","R","M","M","M","M","R","BOSS","M","?","M","M","?","R","M","M","T","M","M","$","M","M","R","BOSS","M","?","?","M","M","R","M","R","T","?","M","R","M","M","R","BOSS","M","$","M","?","?","M","R","M","T","R","?","R","M","M","R","BOSS","M","?","M","M","M","E","R","M","E","R","M","$","?","M","R","BOSS","M","?","?","$","?","?","R","?","E","?","R","M"],"items_purchased_type":["Card","Relic","Card","Card","Card","Card","Card","Card","Relic","Card","Card","Relic","Card","Card","Potion","Relic","Card","Relic","Relic","Card","Card"],"build_version":"2020-12-22","purchased_purges":1,"victory":false,"max_hp_per_floor":[70,70,70,70,70,70,70,70,70,70,70,70,70,70,70,70,70,70,70,82,82,82,82,82,82,82,82,82,82,82,87,87,87,92,92,92,92,92,92,92,92,92,92,92,92,92,92,92,92,92,92,92,92,92,92,92,92,92,92,92,92,92,92,92,92,92,92,92,92,92,92,92,92,92,92,92,92,92,92,92,92,92,92,92,92,92,87,87,87,87,87,87,87,87,87,87,87,87],"card_choices":[{"not_picked":["Dagger Spray","Quick Slash"],"picked":"Blade Dance","floor":0.0},{"not_picked":["StSpp:Resilience","Slice"],"picked":"Outmaneuver","floor":0.0},{"not_picked":["Jack Of All Trades","Dagger Throw"],"picked":"Infinite Blades","floor":0.0},{"not_picked":["StSpp:Throw","PiercingWail"],"picked":"Impatience","floor":0.0},{"not_picked":["animator:IchigoKurosaki","Underhanded Strike"],"picked":"Poisoned Stab","floor":0.0},{"not_picked":["StSpp:Dive","Dash"],"picked":"Dodge and Roll","floor":0.0},{"not_picked":["Caltrops","Backflip"],"picked":"Deflect","floor":0.0},{"not_picked":["Dagger Spray","animator:IchigoKurosaki"],"picked":"Slice","floor":0.0},{"not_picked":["Dodge and Roll","Dagger Throw"],"picked":"Dagger Spray","floor":0.0},{"not_picked":["Poisoned Stab","Dagger Throw"],"picked":"Quick Slash","floor":0.0},{"not_picked":["Calculated Gamble","Escape Plan"],"picked":"Blade Dance","floor":0.0},{"not_picked":["Calculated Gamble","Endless Agony"],"picked":"Poisoned Stab","floor":0.0},{"not_picked":["Reflex","StSpp:Lure"],"picked":"Deflect","floor":0.0},{"not_picked":["Dodge and Roll","Dagger Spray"],"picked":"Cloak And Dagger","floor":0.0},{"not_picked":["Dodge and Roll","animator:NononJakuzure"],"picked":"Underhanded Strike","floor":0.0},{"not_picked":["animator:MisakiNakahara","Finesse"],"picked":"Leg Sweep","floor":1.0},{"not_picked":["Outmaneuver","Dodge and Roll"],"picked":"StSpp:Lure","floor":3.0},{"not_picked":["Slice","Jack Of All Trades"],"picked":"Acrobatics","floor":4.0},{"not_picked":["animator:Kagari","StSpp:PoisonousPunch"],"picked":"Blade Dance","floor":5.0},{"not_picked":["animator:Zero","Underhanded Strike"],"picked":"Cloak And Dagger","floor":7.0},{"not_picked":["Dagger Throw","Tactician"],"picked":"Flying Knee","floor":11.0},{"not_picked":["StSpp:StrikeFirst","Blade Dance"],"picked":"Cloak And Dagger","floor":12.0},{"not_picked":["StSpp:Panic","Backflip"],"picked":"Flying Knee","floor":13.0},{"not_picked":["Dagger Spray","Blade Dance"],"picked":"Noxious Fumes","floor":14.0},{"not_picked":["animator:TanyaDegurechaff","animator:Emilia"],"picked":"Venomology","floor":16.0},{"not_picked":["Riddle With Holes+1","Forethought+1"],"picked":"Bane","floor":18.0},{"not_picked":["StSpp:MindBarrier","Sucker Punch+1"],"picked":"animator:Cirno+1","floor":20.0},{"not_picked":["StSpp:MindBarrier","animator:NononJakuzure"],"picked":"StSpp:FiercePoison","floor":21.0},{"not_picked":["StSpp:StrikeFirst","Quick Slash","Sucker Punch","Dodge and Roll"],"picked":"Outmaneuver+1","floor":24.0},{"not_picked":["StSpp:ChainedTrap","animator:TanyaDegurechaff","Setup","Slice"],"picked":"Mind Blast","floor":25.0},{"not_picked":["Dagger Throw","Finisher","StSpp:Lure","Acrobatics+1"],"picked":"Backstab","floor":27.0},{"not_picked":["Poisoned Stab+1","StSpp:Panic","Blind","Quick Slash"],"picked":"StSpp:TimeParadox+1","floor":28.0},{"not_picked":["Slice","Dagger Spray","Cloak And Dagger","Backflip+1"],"picked":"Enlightenment+1","floor":30.0},{"not_picked":["Flying Knee","Reflex","animator:MisakiNakahara+1","Dodge and Roll+1"],"picked":"HandOfGreed","floor":31.0},{"not_picked":["Unload","Burst","animator:HououinKyouma","animator:HarukoHaruhara"],"picked":"After Image","floor":33.0},{"not_picked":["animator:LimeBell","Skewer","animator:MisakiNakahara+1","Transmutation"],"picked":"Dramatic Entrance+1","floor":34.0},{"not_picked":["animator:NononJakuzure","Dagger Spray","Sucker Punch","Bouncing Flask+1"],"picked":"Flying Knee","floor":35.0},{"not_picked":["Bane","animator:MamizouFutatsuiwa+1","Dagger Spray","Slice"],"picked":"Blade Dance","floor":36.0},{"not_picked":["Reflex","animator:KotoriKanbe","Glass Knife","animator:Shimakaze"],"picked":"animator:MisaKurobane","floor":38.0},{"not_picked":["Underhanded Strike","Dash+1","Distraction","Well Laid Plans"],"picked":"StSpp:StrikeFirst+1","floor":39.0},{"not_picked":["Footwork","Calculated Gamble","Endless Agony","Panache"],"picked":"Apotheosis","floor":41.0},{"not_picked":["Forethought","StSpp:MindBarrier","Discovery","Blind"],"picked":"Panacea","floor":44.0},{"not_picked":["Forethought","Mayhem","StSpp:MakeshiftWeapon","Deep Breath"],"picked":"Discovery","floor":44.0},{"not_picked":["All Out Attack","Blind","PanicButton","animator:MisaKurobane+1"],"picked":"Terror","floor":45.0},{"not_picked":["Sucker Punch+1","Swift Strike","animator:KotoriKanbe","Dagger Spray+1"],"picked":"Backstab+1","floor":47.0},{"not_picked":["animator:HarukoHaruhara","animator:TanyaDegurechaff","Cloak And Dagger","Panacea"],"picked":"StSpp:Lure+1","floor":48.0},{"not_picked":["Quick Slash","Footwork","Bane","Dagger Throw"],"picked":"Deflect","floor":52.0},{"not_picked":["animator:Shimakaze","Mind Blast","Cloak And Dagger","StSpp:MindBarrier"],"picked":"Accuracy","floor":54.0},{"not_picked":["Cloak And Dagger","Acrobatics","animator:Canti","PiercingWail"],"picked":"Flying Knee","floor":57.0},{"not_picked":["Slice","Skewer","Poisoned Stab","Quick Slash"],"picked":"PiercingWail","floor":59.0},{"not_picked":["Poisoned Stab","animator:Magilou","Underhanded Strike","Slice"],"picked":"Deadly Poison","floor":64.0},{"not_picked":["StSpp:Panic","Blade Dance","Good Instincts","Dagger Spray"],"picked":"Corpse Explosion","floor":65.0},{"not_picked":["Apotheosis","Bullet Time","Mayhem","Wraith Form v2"],"picked":"Phantasmal Killer","floor":67.0},{"not_picked":["StSpp:CorrosivePoison","Slice","Bane","StSpp:PoisonousPunch+1"],"picked":"Backflip","floor":69.0},{"not_picked":["Reflex","Enlightenment+1","Poisoned Stab","Setup"],"picked":"Dagger Throw","floor":71.0},{"not_picked":["PanicButton","Dodge and Roll","All Out Attack+1","Backflip"],"picked":"Deadly Poison+1","floor":72.0},{"not_picked":["Enlightenment","Tools of the Trade","StSpp:Lure","animator:IchigoKurosaki"],"picked":"Endless Agony","floor":73.0},{"not_picked":["Sucker Punch+1","Madness","Wraith Form v2","Secret Technique"],"picked":"Accuracy","floor":74.0},{"not_picked":["Grand Finale","Acrobatics","Infinite Blades","animator:MisakiNakahara"],"picked":"Masterful Stab","floor":76.0},{"not_picked":["Outmaneuver","animator:MisakiNakahara+1","animator:Kagari","Escape Plan"],"picked":"Dash","floor":77.0},{"not_picked":["Setup+1","StSpp:ChainedTrap+1","StSpp:Throw","Discovery"],"picked":"animator:Canti","floor":79.0},{"not_picked":["animator:Patchouli","StSpp:Anticipation+1","Footwork","StSpp:MindBarrier+1"],"picked":"Good Instincts","floor":81.0},{"not_picked":["Flechettes+1","animator:MisakiNakahara","Impatience+1","animator:IchigoKurosaki"],"picked":"animator:Lelouch","floor":82.0},{"not_picked":["Metamorphosis","Apotheosis","animator:Patchouli","Corpse Explosion"],"picked":"Sadistic Nature","floor":84.0},{"not_picked":["Transmutation","Purity+1","StSpp:Throw","Deadly Poison"],"picked":"Dark Shackles+1","floor":86.0},{"not_picked":["Madness","Finesse","Distraction+1","Venomology"],"picked":"Concentrate+1","floor":90.0},{"not_picked":["Good Instincts+1","Riddle With Holes","Madness","Die Die Die"],"picked":"Setup+1","floor":91.0},{"not_picked":["Chrysalis","Caltrops","animator:Zero+1","Good Instincts"],"picked":"Trip","floor":93.0},{"not_picked":["Quick Slash+1","animator:Cirno+1","Prepared+1","Dagger Throw+1"],"picked":"Malaise","floor":94}],"player_experience":261979,"relics_obtained":[{"floor":9.0,"key":"CeramicFish"},{"floor":26.0,"key":"Lantern"},{"floor":36.0,"key":"Torii"},{"floor":43.0,"key":"Ancient Tea Set"},{"floor":60.0,"key":"Pocketwatch"}],"event_choices":[{"damage_healed":0.0,"max_hp_gain":0.0,"max_hp_loss":0.0,"gold_gain":75.0,"event_name":"World of Goop","player_choice":"Gather Gold","floor":2.0,"gold_loss":0.0,"damage_taken":11.0},{"damage_healed":0.0,"max_hp_gain":0.0,"max_hp_loss":0.0,"gold_gain":0.0,"event_name":"FaceTrader","player_choice":"Trade","floor":19.0,"gold_loss":0.0,"damage_taken":0.0,"relics_obtained":["CultistMask"]},{"damage_healed":0.0,"max_hp_gain":0.0,"max_hp_loss":0.0,"gold_gain":0.0,"event_name":"MindBloom","player_choice":"Fight","floor":36.0,"gold_loss":0.0,"damage_taken":0.0},{"damage_healed":0.0,"max_hp_gain":0.0,"max_hp_loss":0.0,"gold_gain":0.0,"event_name":"SensoryStone","player_choice":"Memory 2","floor":44.0,"gold_loss":0.0,"damage_taken":5.0},{"damage_healed":0.0,"max_hp_gain":0.0,"max_hp_loss":0.0,"gold_gain":0.0,"event_name":"Liars Game","player_choice":"Ignored","floor":55.0,"gold_loss":0.0,"damage_taken":0.0},{"damage_healed":0.0,"max_hp_gain":0.0,"max_hp_loss":0.0,"gold_gain":0.0,"event_name":"Golden Idol","player_choice":"Take Damage","floor":56.0,"gold_loss":0.0,"damage_taken":23.0,"relics_obtained":["Golden Idol"]},{"damage_healed":23.0,"max_hp_gain":0.0,"max_hp_loss":0.0,"gold_gain":0.0,"event_name":"The Cleric","player_choice":"Healed","floor":62.0,"gold_loss":35.0,"damage_taken":0.0},{"damage_healed":0.0,"max_hp_gain":0.0,"max_hp_loss":0.0,"gold_gain":0.0,"event_name":"Upgrade Shrine","player_choice":"Upgraded","floor":70.0,"gold_loss":0.0,"damage_taken":0.0,"cards_upgraded":["Phantasmal Killer"]},{"damage_healed":0.0,"max_hp_gain":0.0,"max_hp_loss":5.0,"gold_gain":0.0,"event_name":"Winding Halls","player_choice":"Max HP","floor":87.0,"gold_loss":0.0,"damage_taken":0.0},{"damage_healed":0.0,"max_hp_gain":0.0,"max_hp_loss":0.0,"gold_gain":0.0,"event_name":"Match and Keep!","player_choice":"5 cards matched","floor":88.0,"gold_loss":0.0,"damage_taken":0.0,"cards_obtained":["Underhanded Strike","Tactician","Secret Technique","StSpp:Panic","Neutralize"]}],"is_beta":false,"boss_relics":[{"not_picked":["Ectoplasm","Velvet Choker"],"picked":"Runic Pyramid"},{"not_picked":["reliquary:RedPaperclip","StSpp:FireArrow"],"picked":"Tiny House"},{"not_picked":["Astrolabe","Empty Cage"],"picked":"WristBlade"},{"not_picked":["reliquary:RedCape","StSpp:Balance"],"picked":"Philosopher\u0027s Stone"},{"not_picked":["Runic Dome","Coffee Dripper"],"picked":"HoveringKite"}],"items_purged_floors":[95],"is_endless":true,"potions_floor_spawned":[4,7,11,13,14,20,24,27,31,39,41,47,48,57,64,69,73,74,76,79,84,90,91,93],"killed_by":"Writhing Mass","ascension_level":0}}