{"host":"pmmuxs046gii331m","time":1611934697,"event":{"mods":["AchievementEnabler","BaseMod","Colored Powertips","Downfall","Gold Saver","Minty Spire (QoL Compilation)","Permanent Neow","Quick Restart","StSLib"],"gold_per_floor":[387,406,419,104,124,124,150,35,35,20,20,20],"floor_reached":11,"language":"ENG","playtime":1852,"items_purged":["hexamod:Strike","hexamod:Defend"],"score":61,"play_id":"aecb2fab-9b1a-47d9-a32c-8ecfcf6a9c72","local_time":"20210129103817","is_ascension_mode":false,"campfire_choices":[{"floor":1,"key":"RECALL"},{"data":"hexamod:ExtraCrispy","floor":9,"key":"SMITH"}],"circlet_count":0,"master_deck":["hexamod:Strike","hexamod:Strike","hexamod:Strike","hexamod:Defend","hexamod:Defend","hexamod:Defend","hexamod:Sear","hexamod:Float+1","hexamod:SpectersWail","hexamod:HexaLevel+1","hexamod:ExtraCrispy+1"],"relics":["hexamod:SpiritBrand","Lantern","Vajra"],"acts_visited":["Exordium"],"potions_floor_usage":[],"damage_taken":[{"damage":4,"enemies":"2 Louse","floor":2,"turns":3},{"damage":0,"enemies":"Cultist","floor":3,"turns":3},{"damage":0,"enemies":"downfall:FleeingMerchant","floor":4,"turns":4},{"damage":0,"enemies":"Small Slimes","floor":5,"turns":3},{"damage":5,"enemies":"downfall:FleeingMerchant","floor":8,"turns":4},{"damage":10,"enemies":"downfall:FleeingMerchant","floor":10,"turns":4},{"damage":65,"enemies":"Gremlin Nob","floor":11,"turns":5}],"seed_played":"-7097596366193279832","potions_obtained":[{"floor":2,"key":"SpeedPotion"}],"is_trial":false,"path_per_floor":["R","M","M","$","M","?","T","$","R","$","E"],"character_chosen":"THE_SPIRIT","items_purchased":["Lantern","hexamod:ExtraCrispy"],"campfire_rested":0,"item_purchase_floors":[4,4],"current_hp_per_floor":[70,66,66,66,66,66,66,61,61,51,0,0,0],"gold":20,"neow_bonus":"UPGRADE_CARD","is_daily":false,"chose_seed":false,"campfire_upgraded":1,"win_rate":0.0,"timestamp":1611934697,"path_taken":["R","M","M","$","M","?","T","$","R","?","E"],"items_purchased_type":["Relic","Card"],"build_version":"2020-12-22","purchased_purges":2,"victory":false,"max_hp_per_floor":[70,70,70,70,70,70,70,70,70,70,70,70,70],"card_choices":[{"not_picked":["hexamod:PhantomCloak","hexamod:GhostShield","hexamod:ShieldOfDarkness"],"picked":"SKIP","floor":2},{"not_picked":["hexamod:ShieldOfDarkness","hexamod:NecessarySacrifice"],"picked":"hexamod:SpectersWail","floor":3},{"not_picked":["hexamod:SoulSteal","hexamod:PhantomCloak"],"picked":"hexamod:HexaLevel","floor":4},{"not_picked":["hexamod:BacktrackSmack","hexamod:GhostflameBarrier","hexamod:SuperheatedStrike"],"picked":"SKIP","floor":5},{"not_picked":["hexamod:SuperheatedStrike","hexamod:SecondSeal","hexamod:HeatMetal"],"picked":"SKIP","floor":8},{"not_picked":["hexamod:AdvancingGuard","hexamod:InspiringFlames","hexamod:ShieldOfDarkness"],"picked":"SKIP","floor":10}],"player_experience":431019,"relics_obtained":[{"floor":7,"key":"Vajra"}],"event_choices":[{"damage_healed":0,"gold_gain":0,"player_choice":"Forge","damage_taken":0,"max_hp_gain":0,"max_hp_loss":0,"event_name":"Accursed Blacksmith","floor":6,"gold_loss":0,"cards_upgraded":["hexamod:HexaLevel"]}],"is_beta":false,"boss_relics":[],"items_purged_floors":[4,8],"is_endless":false,"potions_floor_spawned":[2],"killed_by":"Gremlin Nob","ascension_level":0}}