{"host":"l84l8xigz5v5foa2","time":1611912066,"event":{"mods":["2.2 Compatiblity","AchievementEnabler","BaseMod","Better Note","Better Vampires","Card Filter","Colored Map","DeckTracker","Downfall","Gremlin Skip","Highlight Path","Keyboard Shortcuts","Minty Spire (QoL Compilation)","Permanent Neow","Quick Restart","Relic Filter","Relic Stats","StSLib","SuperFastMode","Transform Curses","Unknown Chances"],"gold_per_floor":[119,119,134,134,154,154,154,168,168,180,180,180,210,222,222,293,293,308,326,51,51,70,70,90,90,113,132,57,84,96,96,96,172,172,188,188,188,188,188],"floor_reached":37,"language":"ENG","playtime":1897,"items_purged":["hexamod:Strike"],"score":982,"play_id":"4d3fb612-f546-4e47-bb77-e666e50651ec","local_time":"20210129182106","is_ascension_mode":true,"campfire_choices":[{"data":"hexamod:Float","floor":6.0,"key":"SMITH"},{"data":"hexamod:NecessarySacrifice","floor":12.0,"key":"SMITH"},{"data":"hexamod:RainOfEmbers","floor":15.0,"key":"SMITH"},{"data":"hexamod:GhostOfSpirePast","floor":23,"key":"SMITH"},{"data":"hexamod:FastForward","floor":25,"key":"SMITH"},{"data":"hexamod:RainOfEmbers","floor":32,"key":"SMITH"}],"circlet_count":0,"master_deck":["AscendersBane","hexamod:Strike","hexamod:Strike","hexamod:Strike","hexamod:Defend","hexamod:Defend","hexamod:Defend","hexamod:Defend","hexamod:Sear","hexamod:Float+1","hexamod:TimeOfNeed","hexamod:NecessarySacrifice+1","hexamod:NightmareGuise","hexamod:GhostShield","hexamod:Rewind+1","hexamod:FastForward+1","hexamod:GhostOfSpirePast+1","hexamod:RainOfEmbers+1","hexamod:AdvancingGuard+1","hexamod:HeatMetal+1","hexamod:ApocalypseNow+1","hexamod:FirstSeal","hexamod:HeatShield","hexamod:RetreatToShadows","hexamod:NightmareStrike","hexamod:FourthSeal","hexamod:Float+1","hexamod:ThirdSeal","hexamod:SpectersWail","hexamod:GhostOfSpirePast","hexamod:InspiringFlames","hexamod:RainOfEmbers+1","hexamod:HauntingEcho+1","hexamod:GhostLash+1","hexamod:NightmareGuise","hexamod:TimeWarp+1","hexamod:HexaLevel","Master of Strategy","Purity"],"relics":["hexamod:SpiritBrand","Kunai","Pear","Bag of Marbles","hexamod:IceCube","Mummified Hand","hexamod:BolsterEngine","hexamod:TheBrokenSeal","Molten Egg 2","Enchiridion","Coffee Dripper"],"acts_visited":["TheCity","TheBeyond"],"potions_floor_usage":[22,24,27,30,30,33,33],"damage_taken":[{"damage":0.0,"enemies":"2 Louse","floor":1.0,"turns":4.0},{"damage":2.0,"enemies":"Small Slimes","floor":3.0,"turns":3.0},{"damage":0.0,"enemies":"Cultist","floor":5.0,"turns":4.0},{"damage":1.0,"enemies":"Exordium Wildlife","floor":8.0,"turns":6.0},{"damage":1.0,"enemies":"Looter","floor":10.0,"turns":5.0},{"damage":0.0,"enemies":"Lagavulin","floor":13.0,"turns":6.0},{"damage":0.0,"enemies":"Blue Slaver","floor":14.0,"turns":3.0},{"damage":7.0,"enemies":"The Guardian","floor":16.0,"turns":9.0},{"damage":2.0,"enemies":"Chosen","floor":18.0,"turns":5.0},{"damage":21.0,"enemies":"Spheric Guardian","floor":19.0,"turns":6.0},{"damage":8,"enemies":"3 Cultists","floor":22,"turns":5},{"damage":8,"enemies":"Centurion and Healer","floor":24,"turns":7},{"damage":35,"enemies":"Sentry and Sphere","floor":27,"turns":7},{"damage":11,"enemies":"Gremlin Leader","floor":29,"turns":4},{"damage":0,"enemies":"Snecko","floor":30,"turns":4},{"damage":6,"enemies":"Collector","floor":33,"turns":8},{"damage":16,"enemies":"3 Shapes","floor":35,"turns":3},{"damage":75,"enemies":"2 Orb Walkers","floor":37,"turns":4}],"seed_played":"23141277885387737","potions_obtained":[{"floor":1.0,"key":"SkillPotion"},{"floor":5.0,"key":"Swift Potion"},{"floor":5.0,"key":"Strength Potion"},{"floor":8.0,"key":"CultistPotion"},{"floor":10.0,"key":"hexamod:EctoCoolerPotion"},{"floor":13.0,"key":"SteroidPotion"},{"floor":16.0,"key":"Ancient Potion"},{"floor":18.0,"key":"Energy Potion"},{"floor":18.0,"key":"PowerPotion"},{"floor":19.0,"key":"CultistPotion"},{"floor":19.0,"key":"LiquidMemories"},{"floor":22,"key":"CultistPotion"},{"floor":24,"key":"Block Potion"},{"floor":27,"key":"Fruit Juice"},{"floor":29,"key":"EntropicBrew"},{"floor":30,"key":"DistilledChaos"},{"floor":33,"key":"Fruit Juice"},{"floor":33,"key":"Fire Potion"}],"is_trial":false,"path_per_floor":["M","?","M","?","M","R","?","M","T","M","?","R","E","M","R","B",null,"M","M","$","?","M","R","M","R","T","M","$","E","M","?","R","B",null,"M","?","?"],"character_chosen":"THE_SPIRIT","items_purchased":["Mummified Hand"],"campfire_rested":0,"item_purchase_floors":[20],"current_hp_per_floor":[42,16,14,7,14,14,19,25,35,41,41,41,48,55,55,55,72,77,70,70,70,76,76,78,78,78,93,93,89,93,72,72,78,93,84,74,0,0,0],"gold":188,"neow_bonus":"THREE_RARE_CARDS","is_daily":false,"chose_seed":false,"campfire_upgraded":6,"win_rate":0.0,"timestamp":1611912066,"path_taken":["M","?","M","?","M","R","?","M","T","M","?","R","E","M","R","BOSS","M","M","$","?","M","R","M","R","T","M","$","E","?","?","R","BOSS","M","?","?"],"items_purchased_type":["Relic"],"build_version":"2020-12-22","purchased_purges":1,"victory":false,"max_hp_per_floor":[63,63,63,63,63,63,68,68,78,78,78,78,78,78,78,78,78,78,78,78,78,78,78,78,78,78,93,93,93,93,93,93,98,98,98,98,98,98,98],"relic_stats":{"counters":[18,93],"Mummified Hand":[48],"Kunai":[9],"obtain_stats":[{"Pear":9,"Mummified Hand":20,"hexamod:TheBrokenSeal":27,"Enchiridion":31,"Molten Egg 2":29,"Bag of Marbles":13,"Coffee Dripper":34,"Kunai":2,"hexamod:BolsterEngine":26,"hexamod:SpiritBrand":0,"hexamod:IceCube":17},{"Pear":4,"Mummified Hand":10,"hexamod:TheBrokenSeal":13,"Enchiridion":15,"Molten Egg 2":14,"Bag of Marbles":6,"Coffee Dripper":16,"Kunai":1,"hexamod:BolsterEngine":12,"hexamod:SpiritBrand":0,"hexamod:IceCube":8},{"Pear":17,"Mummified Hand":51,"hexamod:TheBrokenSeal":69,"Enchiridion":78,"Molten Egg 2":74,"Bag of Marbles":28,"Coffee Dripper":86,"Kunai":4,"hexamod:BolsterEngine":63,"hexamod:SpiritBrand":0,"hexamod:IceCube":40}]},"card_choices":[{"not_picked":["hexamod:FlameSwitch","hexamod:ApocalypseNow"],"picked":"hexamod:TimeOfNeed","floor":0.0},{"not_picked":["hexamod:HeatShield","hexamod:Hexaguard"],"picked":"hexamod:NecessarySacrifice","floor":1.0},{"not_picked":["hexamod:AdvancingGuard","hexamod:CatchUp"],"picked":"hexamod:ThirdSeal","floor":3.0},{"not_picked":["hexamod:SuperheatedStrike","hexamod:FlamesFromBeyond"],"picked":"hexamod:NightmareGuise","floor":5.0},{"not_picked":["hexamod:SuperheatedStrike","hexamod:ShieldOfDarkness"],"picked":"hexamod:GhostShield","floor":5.0},{"not_picked":["hexamod:ParanormalForm","hexamod:ShieldOfDarkness"],"picked":"hexamod:Rewind","floor":8.0},{"not_picked":["hexamod:GhostOfSpireFuture","hexamod:RecurringNightmare"],"picked":"hexamod:FastForward","floor":8.0},{"not_picked":["hexamod:FastForward","hexamod:Haunt"],"picked":"hexamod:GhostOfSpirePast","floor":10.0},{"not_picked":["hexamod:GhostLash","hexamod:FastForward"],"picked":"hexamod:RainOfEmbers","floor":10.0},{"not_picked":["hexamod:ExtraCrispy","hexamod:FirstSeal"],"picked":"hexamod:AdvancingGuard","floor":13.0},{"not_picked":["hexamod:SuperheatedStrike","hexamod:ChargedBarrage","hexamod:BurningTouch"],"picked":"SKIP","floor":13.0},{"not_picked":["hexamod:VolcanoVisage","hexamod:SoulSteal"],"picked":"hexamod:HeatMetal","floor":14.0},{"not_picked":["hexamod:Again","hexamod:FastForward","hexamod:GhostShield"],"picked":"SKIP","floor":14.0},{"not_picked":["hexamod:ApocalypseNow","hexamod:VolcanoVisage"],"picked":"hexamod:FifthSeal","floor":16.0},{"not_picked":["hexamod:ApocalypticArmor","hexamod:FlameSwitch"],"picked":"hexamod:ApocalypseNow","floor":16.0},{"not_picked":["hexamod:SecondSeal","hexamod:FirstSeal"],"picked":"hexamod:SixthSeal","floor":18.0},{"not_picked":["hexamod:SecondSeal","hexamod:SoulSteal"],"picked":"hexamod:FirstSeal","floor":18.0},{"not_picked":["hexamod:GhostLash","hexamod:SpectersWail"],"picked":"hexamod:HeatShield","floor":18.0},{"not_picked":["hexamod:ParanormalForm","hexamod:GhostShield"],"picked":"hexamod:RetreatToShadows","floor":19.0},{"not_picked":["hexamod:RadiantFlame","hexamod:AdvancingGuard"],"picked":"hexamod:NightmareStrike","floor":19.0},{"not_picked":["hexamod:FirstSeal","hexamod:SecondSeal"],"picked":"hexamod:FourthSeal","floor":19.0},{"not_picked":["hexamod:SecondSeal","hexamod:FirstSeal"],"picked":"hexamod:ThirdSeal","floor":22},{"not_picked":["hexamod:ShieldOfDarkness","hexamod:EmpoweredFlame"],"picked":"hexamod:SpectersWail","floor":22},{"not_picked":["hexamod:SkipABeat","hexamod:EtherealExpedition","hexamod:Again"],"picked":"SKIP","floor":22},{"not_picked":["hexamod:ParanormalForm","hexamod:ThirdSeal"],"picked":"hexamod:SecondSeal","floor":24},{"not_picked":["hexamod:SpectersWail","hexamod:HeatShield"],"picked":"hexamod:GhostOfSpirePast","floor":24},{"not_picked":["hexamod:Hexaguard","hexamod:GhostLash"],"picked":"hexamod:InspiringFlames","floor":24},{"not_picked":["hexamod:BacktrackSmack","hexamod:AdvancingGuard"],"picked":"hexamod:RainOfEmbers","floor":27},{"not_picked":["hexamod:BurningTouch","hexamod:SuperheatedStrike","hexamod:SecondSeal"],"picked":"SKIP","floor":27},{"not_picked":["hexamod:Hexaguard","hexamod:FastForward+1"],"picked":"hexamod:HauntingEcho+1","floor":29},{"not_picked":["hexamod:FlamesFromBeyond","hexamod:RadiantFlame"],"picked":"hexamod:GhostLash+1","floor":29},{"not_picked":["hexamod:SecondSeal","hexamod:ExtraCrispy"],"picked":"hexamod:NightmareGuise","floor":30},{"not_picked":["hexamod:SearingWound","hexamod:ApocalypticArmor"],"picked":"hexamod:TimeWarp+1","floor":33},{"not_picked":["hexamod:GiftsFromTheDead","hexamod:FlameSwitch"],"picked":"hexamod:HexaLevel","floor":33},{"not_picked":["hexamod:GhostLash+1","hexamod:EtherealExpedition","hexamod:GhostOfSpireFuture"],"picked":"SKIP","floor":35},{"not_picked":["hexamod:SpectralSpark","hexamod:SuperheatedStrike+1","hexamod:PhantomFireball+1"],"picked":"SKIP","floor":35},{"not_picked":["The Bomb","Chrysalis"],"picked":"Master of Strategy","floor":36},{"not_picked":["HandOfGreed+1","Impatience"],"picked":"Purity","floor":36}],"player_experience":3484401,"relics_obtained":[{"floor":9.0,"key":"Pear"},{"floor":13.0,"key":"Bag of Marbles"},{"floor":26,"key":"hexamod:BolsterEngine"},{"floor":29,"key":"Molten Egg 2"},{"floor":31,"key":"Enchiridion"}],"event_choices":[{"damage_healed":0.0,"max_hp_gain":0.0,"max_hp_loss":0.0,"gold_gain":0.0,"event_name":"Scrap Ooze","player_choice":"Success","floor":2.0,"gold_loss":0.0,"damage_taken":26.0,"relics_obtained":["Kunai"]},{"damage_healed":0.0,"max_hp_gain":5.0,"max_hp_loss":0.0,"gold_gain":0.0,"event_name":"Big Fish","player_choice":"Donut","floor":7.0,"gold_loss":0.0,"damage_taken":0.0},{"damage_healed":0.0,"max_hp_gain":0.0,"max_hp_loss":0.0,"gold_gain":0.0,"event_name":"Living Wall","player_choice":"Grow","floor":11.0,"gold_loss":0.0,"damage_taken":0.0,"cards_upgraded":["hexamod:Rewind"]},{"damage_healed":0.0,"max_hp_gain":0.0,"max_hp_loss":0.0,"gold_gain":0.0,"event_name":"Duplicator","player_choice":"Copied","floor":21.0,"gold_loss":0.0,"damage_taken":0.0,"cards_obtained":["hexamod:Float"]},{"damage_healed":0,"gold_gain":0,"player_choice":"Obtained Book","damage_taken":21,"max_hp_gain":0,"max_hp_loss":0,"event_name":"Cursed Tome","floor":31,"gold_loss":0},{"damage_healed":0,"gold_gain":0,"player_choice":"Memory 3","damage_taken":10,"max_hp_gain":0,"max_hp_loss":0,"event_name":"SensoryStone","floor":36,"gold_loss":0},{"damage_healed":0,"gold_gain":0,"player_choice":"Fight","damage_taken":0,"max_hp_gain":0,"max_hp_loss":0,"event_name":"Mysterious Sphere","floor":37,"gold_loss":0}],"is_beta":false,"boss_relics":[{"not_picked":["Calling Bell","expansioncontent:StudyCardRelic"],"picked":"hexamod:IceCube"},{"not_picked":["Astrolabe","Busted Crown"],"picked":"Coffee Dripper"}],"items_purged_floors":[28],"is_endless":false,"potions_floor_spawned":[1,5,10,18,19,30,33],"killed_by":"2 Orb Walkers","ascension_level":20}}