{"host":"5853c1oyph9xmrns","time":1611956458,"event":{"mods":["BaseMod","Colored Powertips","Downfall","Googly Eyes","Hermit","Mimic Mod","Minty Spire (QoL Compilation)","Quick Restart","Rare Cards Sparkle","StSLib","The IronCluck","Wide Potions"],"gold_per_floor":[0,11,22,472,472,498,529,556,571,746,546,558,558,575,588,686,686,686,705,716,716,732,111,111,143,58,84,96,121,21,46,71,71,71,71],"floor_reached":33,"language":"ENG","playtime":1986,"items_purged":["downfall:Icky"],"score":509,"play_id":"a46d85a6-9324-4260-99f4-b291ea6a5eff","local_time":"20210129174058","is_ascension_mode":true,"campfire_choices":[{"floor":1.0,"key":"RECALL"},{"data":"hexamod:Incineration","floor":11.0,"key":"SMITH"},{"floor":13.0,"key":"REST"},{"data":"hexamod:SearingWound","floor":18.0,"key":"SMITH"},{"floor":30.0,"key":"REST"}],"circlet_count":0,"master_deck":["hexamod:Strike+1","hexamod:Strike","hexamod:Strike","hexamod:Strike","hexamod:Defend+1","hexamod:Defend","hexamod:Defend","hexamod:Defend+1","hexamod:Sear","hexamod:Float","Apotheosis+1","hexamod:Hexaguard","hexamod:HeatCrush+1","downfall:Icky","downfall:Icky","Clumsy","hexamod:ChargedBarrage+1","hexamod:Incineration+1","hexamod:ThermalTransfer","hexamod:FifthSeal","Doubt","hexamod:ThirdSeal","hexamod:FirstSeal","hexamod:ExtraCrispy","hexamod:FourthSeal","hexamod:SixthSeal","hexamod:ParanormalForm","hexamod:SearingWound+1","hexamod:FifthSeal","hexamod:GhostLash","hexamod:SecondSeal","hexamod:RecurringNightmare","hexamod:FifthSeal","hexamod:FirstSeal","hexamod:FirstSeal","hexamod:HeatMetal","hexamod:SecondSeal","hexamod:ChargedBarrage","hexamod:RecurringNightmare","hexamod:FifthSeal","hexamod:ThirdSeal","hexamod:HeatCrush","hexamod:Rewind","hexamod:FourthSeal","hexamod:SoulSteal+1","hexamod:FourthSeal","hexamod:SoulSteal+1","hexamod:RainOfEmbers","hexamod:FirstSeal","hexamod:Rewind","hexamod:SpectersWail+1","hexamod:NightmareGuise","hexamod:ApocalypseNow"],"relics":["hexamod:SpiritBrand","FossilizedHelix","Pen Nib","Torii","downfall:HeartBlessingRed","downfall:HeartBlessingGreen","SacredBark","Nilry\u0027s Codex","hexamod:RecyclingMachine","Du-Vu Doll","hexamod:SoulConsumer","StoneCalendar","downfall:HeartBlessingBlue"],"acts_visited":["Exordium","TheCity"],"potions_floor_usage":[33],"damage_taken":[{"damage":2.0,"enemies":"Jaw Worm","floor":2.0,"turns":4.0},{"damage":0.0,"enemies":"Cultist","floor":3.0,"turns":3.0},{"damage":15.0,"enemies":"Lagavulin","floor":6.0,"turns":10.0},{"damage":0.0,"enemies":"2 Louse","floor":7.0,"turns":12.0},{"damage":11.0,"enemies":"3 Sentries","floor":8.0,"turns":7.0},{"damage":0.0,"enemies":"2 Louse","floor":9.0,"turns":3.0},{"damage":0.0,"enemies":"Large Slime","floor":12.0,"turns":4.0},{"damage":0.0,"enemies":"2 Fungi Beasts","floor":14.0,"turns":4.0},{"damage":8.0,"enemies":"Blue Slaver","floor":15.0,"turns":4.0},{"damage":51.0,"enemies":"WA_ARCHETYPE_RETAIN","floor":16.0,"turns":10.0},{"damage":0.0,"enemies":"Chosen","floor":19.0,"turns":3.0},{"damage":42.0,"enemies":"3 Cultists","floor":20.0,"turns":4.0},{"damage":0.0,"enemies":"Snecko","floor":22.0,"turns":1.0},{"damage":4.0,"enemies":"downfall:FleeingMerchant","floor":23.0,"turns":4.0},{"damage":34.0,"enemies":"Chosen and Byrds","floor":25.0,"turns":7.0},{"damage":3.0,"enemies":"downfall:FleeingMerchant","floor":26.0,"turns":4.0},{"damage":28.0,"enemies":"Gremlin Leader","floor":27.0,"turns":4.0},{"damage":0.0,"enemies":"Sentry and Sphere","floor":28.0,"turns":3.0},{"damage":28.0,"enemies":"Book of Stabbing","floor":29.0,"turns":4.0},{"damage":32.0,"enemies":"3 Cultists","floor":31.0,"turns":5.0},{"damage":40.0,"enemies":"Snake Plant","floor":32.0,"turns":3.0},{"damage":18,"enemies":"DF_ARCHETYPE_CLAW","floor":33,"turns":2}],"seed_played":"1984870680862755089","potions_obtained":[{"floor":12.0,"key":"Fruit Juice"},{"floor":14.0,"key":"Explosive Potion"},{"floor":15.0,"key":"Fruit Juice"},{"floor":16.0,"key":"hexamod:InfernoChargePotion"},{"floor":20.0,"key":"hexamod:SoulburnPotion"},{"floor":22.0,"key":"Regen Potion"},{"floor":25.0,"key":"sneckomod:MuddlingPotion"},{"floor":27.0,"key":"bronze:BurnAndBuffPotion"},{"floor":27.0,"key":"LiquidMemories"},{"floor":28.0,"key":"hexamod:EctoCoolerPotion"},{"floor":29.0,"key":"DuplicationPotion"}],"is_trial":false,"path_per_floor":["R","M","M","?","?","E","MIM","E","M","?","R","M","R","M","M","B",null,"R","M","M","?","M","$","T","M","$","E","M","E","R","M","M","B"],"character_chosen":"THE_SPIRIT","items_purchased":["hexamod:RecyclingMachine","hexamod:SecondSeal","Du-Vu Doll","hexamod:Rewind"],"campfire_rested":2,"item_purchase_floors":[23,23,23,26],"current_hp_per_floor":[70,68,68,68,68,53,53,42,42,42,42,47,69,69,73,22,80,80,80,45,29,29,25,25,77,80,52,52,28,65,51,18,0,0,0],"gold":71,"neow_bonus":"RANDOM_COLORLESS_2","is_daily":false,"chose_seed":false,"campfire_upgraded":2,"win_rate":0.0,"timestamp":1611956458,"path_taken":["R","M","M","?","?","E","MIM","E","?","?","R","M","R","M","M","BOSS","R","M","M","?","M","$","T","M","$","E","M","E","R","M","M","BOSS"],"items_purchased_type":["Relic","Card","Relic","Card"],"build_version":"2020-12-22","purchased_purges":1,"victory":false,"max_hp_per_floor":[70,70,70,70,70,70,70,70,70,70,70,75,75,75,80,80,80,80,80,80,80,80,80,80,80,80,80,80,80,90,90,90,90,90,90],"card_choices":[{"not_picked":["Transmutation","Secret Weapon"],"picked":"Apotheosis","floor":0.0},{"not_picked":["hexamod:AdvancingGuard","hexamod:NightmareStrike"],"picked":"hexamod:Hexaguard","floor":2.0},{"not_picked":["hexamod:SwordOfDarkness","hexamod:SpectersWail"],"picked":"hexamod:HeatCrush","floor":3.0},{"not_picked":["hexamod:NightmareGuise","hexamod:FirstSeal"],"picked":"hexamod:ChargedBarrage","floor":6.0},{"not_picked":["hexamod:FlamesFromBeyond","hexamod:SuperheatedStrike"],"picked":"hexamod:Incineration","floor":7.0},{"not_picked":["hexamod:RecurringNightmare","hexamod:Hexaguard"],"picked":"hexamod:ThermalTransfer","floor":8.0},{"not_picked":["hexamod:GhostflameBarrier","hexamod:GhostShield"],"picked":"hexamod:FifthSeal","floor":9.0},{"not_picked":["hexamod:FirstSeal","hexamod:FourthSeal"],"picked":"hexamod:ThirdSeal","floor":12.0},{"not_picked":["hexamod:NightmareGuise","hexamod:EtherealExpedition"],"picked":"hexamod:FirstSeal","floor":12.0},{"not_picked":["hexamod:SkipABeat","hexamod:ThermalTransfer"],"picked":"hexamod:ExtraCrispy","floor":14.0},{"not_picked":["hexamod:NightmareStrike","hexamod:NightmareGuise"],"picked":"hexamod:FourthSeal","floor":14.0},{"not_picked":["hexamod:SecondSeal","hexamod:ThirdSeal"],"picked":"hexamod:SixthSeal","floor":15.0},{"not_picked":["hexamod:SwordOfDarkness","hexamod:ThermalTransfer"],"picked":"hexamod:ParanormalForm","floor":15.0},{"not_picked":["hexamod:ApocalypticArmor","hexamod:SixthSeal"],"picked":"hexamod:SearingWound","floor":16.0},{"not_picked":["hexamod:UnleashSpirits","hexamod:Toasty"],"picked":"hexamod:FifthSeal","floor":16.0},{"not_picked":["hexamod:InspiringFlames+1","hexamod:Firestarter"],"picked":"hexamod:GhostLash","floor":19.0},{"not_picked":["hexamod:FourthSeal","hexamod:FirstSeal"],"picked":"hexamod:SecondSeal","floor":20.0},{"not_picked":["hexamod:SwordOfDarkness","hexamod:ThermalTransfer+1"],"picked":"hexamod:RecurringNightmare","floor":20.0},{"not_picked":["hexamod:ShieldOfDarkness","hexamod:FastForward+1"],"picked":"hexamod:FifthSeal","floor":22.0},{"not_picked":["hexamod:SecondSeal","hexamod:FourthSeal"],"picked":"hexamod:FirstSeal","floor":23.0},{"not_picked":["hexamod:SixthSeal","hexamod:SecondSeal"],"picked":"hexamod:FirstSeal","floor":23.0},{"not_picked":["hexamod:SwordOfDarkness","hexamod:NightmareStrike"],"picked":"hexamod:HeatMetal","floor":23.0},{"not_picked":["hexamod:NightmareStrike+1","hexamod:BurningTouch+1"],"picked":"hexamod:ChargedBarrage","floor":25.0},{"not_picked":["hexamod:SwordOfDarkness","hexamod:PowerFromBeyond"],"picked":"hexamod:RecurringNightmare","floor":25.0},{"not_picked":["hexamod:SpectralAdrenaline+1","hexamod:GhostLash+1"],"picked":"hexamod:FifthSeal","floor":26.0},{"not_picked":["hexamod:FourthSeal","hexamod:SecondSeal"],"picked":"hexamod:ThirdSeal","floor":26.0},{"not_picked":["hexamod:InspiringFlames","hexamod:BurningTouch+1"],"picked":"hexamod:HeatCrush","floor":26.0},{"not_picked":["hexamod:Firestarter","hexamod:TimeWarp"],"picked":"hexamod:FourthSeal","floor":27.0},{"not_picked":["hexamod:AdvancingGuard","hexamod:Rewind"],"picked":"hexamod:SoulSteal+1","floor":27.0},{"not_picked":["hexamod:FirstSeal","hexamod:ThirdSeal"],"picked":"hexamod:FourthSeal","floor":27.0},{"not_picked":["hexamod:ThermalTransfer","hexamod:TimeWarp"],"picked":"hexamod:SoulSteal","floor":27.0},{"not_picked":["hexamod:Hexaguard","hexamod:PowerFromBeyond"],"picked":"hexamod:RainOfEmbers","floor":28.0},{"not_picked":["hexamod:SecondSeal","hexamod:ThirdSeal"],"picked":"hexamod:FirstSeal","floor":29.0},{"not_picked":["hexamod:StepThrough","hexamod:AdvancingGuard"],"picked":"hexamod:Rewind","floor":29.0},{"not_picked":["hexamod:BurningTouch","hexamod:CatchUp+1"],"picked":"hexamod:SpectersWail+1","floor":31.0},{"not_picked":["hexamod:HeatMetal","hexamod:FastForward"],"picked":"hexamod:NightmareGuise","floor":31.0},{"not_picked":["hexamod:BacktrackSmack","hexamod:RetreatToShadows"],"picked":"hexamod:ApocalypseNow","floor":32.0}],"player_experience":467670,"relics_obtained":[{"floor":6.0,"key":"FossilizedHelix"},{"floor":7.0,"key":"Pen Nib"},{"floor":8.0,"key":"Torii"},{"floor":21.0,"key":"Nilry\u0027s Codex"},{"floor":27.0,"key":"hexamod:SoulConsumer"},{"floor":29.0,"key":"StoneCalendar"}],"event_choices":[],"is_beta":false,"boss_relics":[{"not_picked":["Astrolabe","Sozu"],"picked":"SacredBark"}],"items_purged_floors":[23],"is_endless":false,"potions_floor_spawned":[12,14,16,25,27,31],"killed_by":"DF_ARCHETYPE_CLAW","ascension_level":2}}