{"host":"rs1c3lkx7vj3kohb","time":1611941669,"event":{"mods":["Act Like it!","BaseMod","BetterRewards","Chen","Colored Map","Colored Powertips","Downfall","Friendly Minions","Gensokyo","Gremlin Mod","Hermit","Hero for Fun","KinomotoSakuraMod(木之本樱)","Koishi","KomeijiMod","Luminous","Marisa（F雨　魔理沙）","Minty Spire (QoL Compilation)","Onozuka Komachi Mod","Prisma Mod","Quick Restart","Reimu（博丽灵梦）","Remilia（蕾米莉亚）","SOS（斯巴达之子）","Shop Mod","StSLib","The Administrix","The Alterego","The Cursed","The Senshi","The Servant 0.9.4","Waifu the Spire","WarShipGirlsR/战舰少女R mod","Yakumo Yukari mod","Yohane!","Youmu（魂魄妖梦）","Yuri Mod","Yuyuko"],"gold_per_floor":[118,118,134,94,112,112,137,137,137,153,165,165,16,16,16,115,115,129,129,155,173,173,173,208,208,208],"floor_reached":25,"language":"ZHS","playtime":2115,"items_purged":["Yohane:Defend_Grey"],"score":269,"play_id":"7f4eb5df-c44c-428a-aeea-5c20366cd1d1","local_time":"20210130013429","is_ascension_mode":false,"campfire_choices":[{"data":"Confused","floor":6,"key":"PURGE"},{"floor":12,"key":"REST"},{"data":"Yohane:Energy_Change","floor":15,"key":"SMITH"}],"circlet_count":0,"master_deck":["Yohane:Strike_Grey","Yohane:Strike_Grey","Yohane:Strike_Grey","Yohane:Defend_Grey","Yohane:Little_Demon_Lily","Yohane:Well_Laid_Ambush","Master of Strategy","Master of Strategy","Yohane:Retaliation","Yohane:Energy_Change+1","Yohane:Scorn","Yohane:Mijuku_Dreamer","Yohane:Little_Demon_Ruby","Yohane:Dark_Rest","Yohane:Go_All_Out","Yohane:Dark_Shield","Yohane:Dark_Shield","Yohane:Modore+1","Yohane:Reckless_Greed+1","Yohane:Grace_Under_Fire+1","Yohane:Hakodate+1","Yohane:One_Two+1"],"relics":["Yohane:AngelWings","Peace Pipe","Lantern","DollysMirror","ThirstyCross","theSenshi:FeatherClipsRelic","Mercury Hourglass","Potion Belt","Vajra","Astrolabe","Akabeko","Red Mask","Singing Bowl"],"acts_visited":["Exordium","TheCity"],"potions_floor_usage":[7,10,10,20,21,24],"damage_taken":[{"damage":6.0,"enemies":"Jaw Worm","floor":1.0,"turns":4.0},{"damage":0,"enemies":"Cultist","floor":3,"turns":3},{"damage":0,"enemies":"2 Louse","floor":5,"turns":2},{"damage":20,"enemies":"Gremlin Nob","floor":7,"turns":4},{"damage":0,"enemies":"Exordium Wildlife","floor":10,"turns":2},{"damage":6,"enemies":"Large Slime","floor":11,"turns":4},{"damage":0,"enemies":"Slime Boss","floor":16,"turns":6},{"damage":9,"enemies":"3 Byrds","floor":18,"turns":5},{"damage":10,"enemies":"Masked Bandits","floor":20,"turns":2},{"damage":7,"enemies":"2 Thieves","floor":21,"turns":3},{"damage":44,"enemies":"Gremlin Leader","floor":24,"turns":7},{"damage":33,"enemies":"Snecko","floor":25,"turns":3}],"seed_played":"2156480664918876438","potions_obtained":[{"floor":4,"key":"SneckoOil"},{"floor":4,"key":"GrandPatriotsElixir:ReiMu"},{"floor":4,"key":"Weak Potion"},{"floor":5,"key":"GrandPatriotsElixir:ReiMu"},{"floor":7,"key":"ZuzhouPotion:ReiMu"},{"floor":11,"key":"champ:CounterPotion"},{"floor":18,"key":"Fire Potion"},{"floor":20,"key":"PanachePotion"},{"floor":21,"key":"LiquidBronze"}],"is_trial":false,"path_per_floor":["M","?","M","?","M","R","E","?","T","M","M","R","$","?","R","B",null,"M","?","?","M","?","?","E","M"],"character_chosen":"FallenAngel","items_purchased":["Lantern","Master of Strategy","DollysMirror","Vajra"],"campfire_rested":1,"item_purchase_floors":[0,0,0,13],"current_hp_per_floor":[27,27,27,27,27,27,7,4,4,10,10,28,28,28,28,34,60,57,57,53,52,60,60,24,0,0],"gold":208,"neow_bonus":"","is_daily":false,"chose_seed":false,"campfire_upgraded":1,"win_rate":0.0,"timestamp":1611941669,"path_taken":["M","?","M","?","?","R","E","?","T","M","M","R","?","?","R","BOSS","M","?","?","M","?","?","E","?"],"items_purchased_type":["Relic","Card","Relic","Relic"],"build_version":"2020-12-22","purchased_purges":1,"victory":false,"max_hp_per_floor":[60,60,60,60,60,60,60,60,60,60,60,60,60,60,60,60,60,60,60,60,60,60,60,62,62,62],"card_choices":[{"not_picked":["Yohane:Modore","Yohane:Academic_Prowess","Yohane:Accelerator"],"picked":"SKIP","floor":1.0},{"not_picked":["Yohane:Ice_Cream_Assault","Yohane:Perfection","Yohane:Retaliation"],"picked":"SKIP","floor":3},{"not_picked":["Yohane:Dark_Rest","Yohane:Lailapse"],"picked":"Yohane:Energy_Change","floor":5},{"not_picked":["Yohane:Little_Demon_Support","Yohane:Adept_Technology"],"picked":"Yohane:Scorn","floor":7},{"not_picked":["Yohane:Blazing","Yohane:Lust"],"picked":"Yohane:Mijuku_Dreamer","floor":10},{"not_picked":["Yohane:Gluttony","Yohane:Misfortune"],"picked":"Yohane:Little_Demon_Ruby","floor":11},{"not_picked":["Yohane:Energy_Change+1","Yohane:Angel_Tears"],"picked":"Yohane:Hakodate+1","floor":18},{"not_picked":["Yohane:Guilty_Kiss","Yohane:Energy_Change"],"picked":"Yohane:One_Two+1","floor":21},{"not_picked":["Yohane:Academic_Prowess","Yohane:Mijuku_Dreamer","Yohane:Ice_Cream_Assault"],"picked":"Singing Bowl","floor":24}],"player_experience":408607,"relics_obtained":[{"floor":7,"key":"theSenshi:FeatherClipsRelic"},{"floor":9,"key":"Potion Belt"},{"floor":20,"key":"Red Mask"},{"floor":24,"key":"Singing Bowl"}],"event_choices":[{"damage_healed":0,"gold_gain":0,"player_choice":"Bought 3 Potions","damage_taken":0,"max_hp_gain":0,"max_hp_loss":0,"event_name":"The Woman in Blue","floor":4,"gold_loss":0},{"damage_healed":0,"gold_gain":0,"player_choice":"Success","damage_taken":3,"relics_obtained":["Mercury Hourglass"],"max_hp_gain":0,"max_hp_loss":0,"event_name":"Scrap Ooze","floor":8,"gold_loss":0},{"damage_healed":0,"gold_gain":0,"player_choice":"Opened","damage_taken":0,"relics_obtained":["Akabeko"],"max_hp_gain":0,"max_hp_loss":0,"event_name":"The Mausoleum","floor":19,"gold_loss":0},{"damage_healed":0,"gold_gain":0,"player_choice":"Fought Bandits","damage_taken":0,"max_hp_gain":0,"max_hp_loss":0,"event_name":"Masked Bandits","floor":20,"gold_loss":0},{"cards_removed":["Yohane:Reckless_Greed"],"damage_healed":0,"gold_gain":0,"player_choice":"Offered Uncommon","damage_taken":0,"max_hp_gain":0,"max_hp_loss":0,"event_name":"Bonfire Elementals","floor":23,"gold_loss":0}],"is_beta":false,"boss_relics":[{"not_picked":["Tiny House","Pandora\u0027s Box"],"picked":"Astrolabe"}],"items_purged_floors":[0],"is_endless":false,"potions_floor_spawned":[5,7,11,18,20,21],"killed_by":"Snecko","ascension_level":0}}