{"host":"21ilc3txkeir89i9","time":1611961440,"event":{"mods":["BaseMod","BetterRewards","Block Reminder","Card Forge","Hermit","Minty Spire (QoL Compilation)","Spicy Shops","StSLib","The Jungle"],"gold_per_floor":[113,123,123,22,22,48,60,92,119,119,133,162,176,20,20,121,121,139,139,152,76,76,76,76,94,121,17,17,17,17,30,30,127,127,138,14,14,14,27,27,58,58,58,93,143,143,162,0,0,0],"floor_reached":51,"language":"ENG","playtime":2774,"items_purged":[],"score":1092,"play_id":"dcb86ea2-1ea8-4783-93cc-d86d7413e6de","local_time":"20210129150400","is_ascension_mode":true,"campfire_choices":[{"floor":10,"key":"RECALL"},{"floor":15,"key":"REST"},{"floor":23,"key":"REST"},{"floor":30,"key":"REST"},{"floor":32,"key":"REST"},{"floor":40,"key":"REST"},{"floor":42,"key":"REST"},{"floor":46,"key":"REST"},{"floor":49,"key":"REST"}],"circlet_count":0,"master_deck":["Strike_P+1","Strike_P+1","Strike_P+1","Strike_P+1","Defend_P+1","Defend_P+1","Defend_P+1","Defend_P+1","Eruption+1","Vigilance+1","CarveReality+1","Conclude+1","EmptyBody+1","CutThroughFate+1","Impatience+1","FollowUp+1","Evaluate+1","Crescendo+1","Protect+1","FearNoEvil+1","Establishment+1","EmptyFist+1","ThirdEye+1","DevaForm+1","Consecrate+1","RitualDagger+1","FlurryOfBlows+1","J.A.X.+1","WindmillStrike+1","PathToVictory+1","Prostrate+1","Omniscience+1","Panache+1","Chrysalis+1","Finesse+1","EmptyBody+1","WheelKick+1","Scrawl+1","EmptyBody+1","WheelKick+1","EmptyFist+1"],"relics":["PureWater","Hammer of Thor","Seething Fire","Anvil of the Gods","Damaru","Strawberry","Centennial Puzzle","Omamori","Thread and Needle","Membership Card","Black Star","Regal Pillow","Lantern","Juzu Bracelet","SacredBark","StrikeDummy","CloakClasp","Prayer Wheel","InkBottle","Peace Pipe","GoldenEye","Red Mask"],"acts_visited":["Exordium","TheCity","TheBeyond"],"potions_floor_usage":[20,47,50],"damage_taken":[{"damage":0,"enemies":"Cultist","floor":1,"turns":2},{"damage":0,"enemies":"Small Slimes","floor":2,"turns":2},{"damage":4,"enemies":"Gremlin Nob","floor":6,"turns":3},{"damage":1,"enemies":"Jaw Worm","floor":7,"turns":2},{"damage":0,"enemies":"3 Sentries","floor":8,"turns":4},{"damage":3,"enemies":"Exordium Wildlife","floor":11,"turns":2},{"damage":0,"enemies":"Gremlin Nob","floor":12,"turns":2},{"damage":0,"enemies":"Exordium Thugs","floor":13,"turns":3},{"damage":18,"enemies":"The Guardian","floor":16,"turns":7},{"damage":0,"enemies":"Spheric Guardian","floor":18,"turns":1},{"damage":44,"enemies":"3 Byrds","floor":20,"turns":4},{"damage":17,"enemies":"Shelled Parasite and Fungi","floor":25,"turns":2},{"damage":0,"enemies":"Centurion and Healer","floor":31,"turns":3},{"damage":31,"enemies":"Champ","floor":33,"turns":7},{"damage":3,"enemies":"Orb Walker","floor":35,"turns":2},{"damage":16,"enemies":"3 Shapes","floor":39,"turns":3},{"damage":38,"enemies":"Nemesis","floor":41,"turns":5},{"damage":3,"enemies":"Giant Head","floor":44,"turns":6},{"damage":23,"enemies":"Mind Bloom Boss Battle","floor":45,"turns":6},{"damage":18,"enemies":"Spire Growth","floor":47,"turns":3},{"damage":108,"enemies":"Awakened One","floor":50,"turns":9}],"seed_played":"-910191842370284415","potions_obtained":[{"floor":1,"key":"Explosive Potion"},{"floor":2,"key":"SmokeBomb"},{"floor":11,"key":"FairyPotion"},{"floor":18,"key":"Energy Potion"},{"floor":20,"key":"GamblersBrew"},{"floor":31,"key":"Ancient Potion"},{"floor":39,"key":"Energy Potion"},{"floor":47,"key":"Ancient Potion"}],"is_trial":false,"path_per_floor":["M","M","?","$","?","E","M","E","T","R","M","E","M","$","R","B",null,"M","?","M","$","?","R","?","M","T","$","?","$","R","M","R","B",null,"M","$","?","?","M","R","E","R","T","E","?","R","M","?","R","B",null],"character_chosen":"WATCHER","items_purchased":["Damaru","CarveReality","Conclude","FollowUp","Evaluate","Membership Card","Regal Pillow","Juzu Bracelet","PathToVictory","StrikeDummy"],"campfire_rested":8,"item_purchase_floors":[0,0,0,4,4,14,21,27,27,36],"current_hp_per_floor":[72,72,72,72,58,61,60,60,60,60,57,57,57,57,79,61,79,79,73,29,29,29,67,52,35,35,35,35,35,75,75,84,53,84,81,81,71,84,68,84,46,84,84,81,58,84,66,66,84,50],"gold":0,"neow_bonus":"","is_daily":false,"chose_seed":false,"campfire_upgraded":0,"win_rate":0.0,"timestamp":1611961440,"path_taken":["M","?","?","?","?","E","M","E","T","R","M","E","?","$","R","BOSS","M","?","M","$","?","R","?","M","T","?","?","?","R","M","R","BOSS","M","$","?","?","M","R","E","R","T","E","?","R","M","?","R","BOSS"],"items_purchased_type":["Relic","Card","Card","Card","Card","Relic","Relic","Relic","Card","Relic"],"build_version":"2020-12-22","purchased_purges":0,"victory":true,"max_hp_per_floor":[72,72,72,72,72,79,79,79,79,79,79,79,79,79,79,79,79,79,79,79,79,79,79,84,84,84,84,84,84,84,84,84,84,84,84,84,84,84,84,84,84,84,84,84,84,84,84,84,84,84],"card_choices":[{"not_picked":["ForeignInfluence","Conclude"],"picked":"EmptyBody","floor":1},{"not_picked":["Fasting2","Halt"],"picked":"CutThroughFate","floor":2},{"not_picked":["Halt","Prostrate"],"picked":"Crescendo","floor":6},{"not_picked":["BowlingBash","FlurryOfBlows"],"picked":"Protect","floor":7},{"not_picked":["BowlingBash","Collect"],"picked":"FearNoEvil","floor":8},{"not_picked":["Pray","Meditate"],"picked":"Establishment","floor":11},{"not_picked":["MentalFortress","MasterReality"],"picked":"EmptyFist","floor":12},{"not_picked":["FlurryOfBlows","SashWhip"],"picked":"ThirdEye","floor":13},{"not_picked":["MasterReality","ConjureBlade"],"picked":"DevaForm","floor":16},{"not_picked":["FlyingSleeves+1","ThirdEye"],"picked":"Consecrate+1","floor":18},{"not_picked":["Fasting2","Halt"],"picked":"FlurryOfBlows","floor":20},{"not_picked":["Fasting2","PathToVictory"],"picked":"WindmillStrike+1","floor":25},{"not_picked":["FlyingSleeves+1","CutThroughFate+1"],"picked":"Prostrate+1","floor":31},{"not_picked":["Alpha","Blasphemy"],"picked":"Omniscience","floor":33},{"not_picked":["Prostrate","FearNoEvil"],"picked":"Wallop+1","floor":35},{"not_picked":["Enlightenment","Deep Breath"],"picked":"Panache","floor":37},{"not_picked":["Purity","Blind"],"picked":"Chrysalis","floor":37},{"not_picked":["Dark Shackles","Deep Breath"],"picked":"Finesse","floor":37},{"not_picked":["CutThroughFate+1","Protect+1"],"picked":"EmptyBody","floor":39},{"not_picked":["SandsOfTime+1","EmptyBody"],"picked":"WheelKick+1","floor":41},{"not_picked":["Conclude","Prostrate+1"],"picked":"Scrawl","floor":44},{"not_picked":["TalkToTheHand","FlurryOfBlows"],"picked":"EmptyBody","floor":45},{"not_picked":["EmptyBody","Alpha"],"picked":"WheelKick+1","floor":47},{"not_picked":["FlurryOfBlows+1","CrushJoints+1"],"picked":"EmptyFist","floor":47}],"player_experience":257787,"relics_obtained":[{"floor":6,"key":"Strawberry"},{"floor":8,"key":"Centennial Puzzle"},{"floor":9,"key":"Omamori"},{"floor":12,"key":"Thread and Needle"},{"floor":26,"key":"Lantern"},{"floor":41,"key":"CloakClasp"},{"floor":41,"key":"Prayer Wheel"},{"floor":44,"key":"InkBottle"},{"floor":44,"key":"Peace Pipe"},{"floor":45,"key":"GoldenEye"}],"event_choices":[{"damage_healed":0,"gold_gain":0,"player_choice":"1 cards matched","damage_taken":0,"max_hp_gain":0,"max_hp_loss":0,"event_name":"Match and Keep!","floor":3,"gold_loss":0,"cards_obtained":["Impatience"]},{"damage_healed":0,"gold_gain":0,"player_choice":"1 cards matched","damage_taken":0,"max_hp_gain":0,"max_hp_loss":0,"event_name":"Match and Keep!","floor":3,"gold_loss":0,"cards_obtained":["Impatience"]},{"damage_healed":0,"gold_gain":0,"player_choice":"Entered Light","damage_taken":14,"max_hp_gain":0,"max_hp_loss":0,"event_name":"Shining Light","floor":5,"gold_loss":0,"cards_upgraded":["Evaluate","FollowUp"]},{"damage_healed":0,"gold_gain":0,"player_choice":"Joined the Cult","damage_taken":6,"max_hp_gain":0,"max_hp_loss":0,"event_name":"Nest","floor":19,"gold_loss":0,"cards_obtained":["RitualDagger"]},{"damage_healed":0,"gold_gain":0,"player_choice":"Obtain J.A.X.","damage_taken":0,"max_hp_gain":0,"max_hp_loss":0,"event_name":"Drug Dealer","floor":22,"gold_loss":0,"cards_obtained":["J.A.X."]},{"damage_healed":0,"gold_gain":0,"player_choice":"Shed Blood","damage_taken":20,"max_hp_gain":5,"max_hp_loss":0,"event_name":"Forgotten Altar","floor":24,"gold_loss":0},{"damage_healed":0,"gold_gain":0,"player_choice":"Upgraded","damage_taken":0,"max_hp_gain":0,"max_hp_loss":0,"event_name":"Upgrade Shrine","floor":28,"gold_loss":0,"cards_upgraded":["PathToVictory"]},{"damage_healed":0,"gold_gain":0,"player_choice":"Memory 3","damage_taken":10,"max_hp_gain":0,"max_hp_loss":0,"event_name":"SensoryStone","floor":37,"gold_loss":0},{"cards_removed":["Wallop"],"damage_healed":13,"gold_gain":0,"player_choice":"Offered Uncommon","damage_taken":0,"max_hp_gain":0,"max_hp_loss":0,"event_name":"Bonfire Elementals","floor":38,"gold_loss":0},{"damage_healed":0,"gold_gain":0,"player_choice":"Fight","damage_taken":0,"max_hp_gain":0,"max_hp_loss":0,"event_name":"MindBloom","floor":45,"gold_loss":0},{"damage_healed":0,"gold_gain":0,"player_choice":"Paid","damage_taken":0,"relics_obtained":["Red Mask"],"max_hp_gain":0,"max_hp_loss":0,"event_name":"Tomb of Lord Red Mask","floor":48,"gold_loss":162}],"is_beta":false,"boss_relics":[{"not_picked":["Pandora\u0027s Box","Ectoplasm"],"picked":"Black Star"},{"not_picked":["Coffee Dripper","Runic Dome"],"picked":"SacredBark"}],"items_purged_floors":[],"is_endless":false,"potions_floor_spawned":[1,2,11,13,18,20,31,39,41,44,47],"ascension_level":1}}