{"host":"rm0ctv8qd8mnbkg1","time":1611926255,"event":{"mods":["Act Like it!","Arknights The Spire","BaseMod","BetterRewards","Colored Map","DNKmod","Dark Map","Defuse TimeMaze Blight","Friendly Minions","Gensokyo","Hallownest","Hubris","Infinite Spire","Minty Spire (QoL Compilation)","Permanent Neow","Quarter Circle Forward PUNCH!","RRrroohrrRGHHhhh!!","Rare Cards Sparkle","Relic Sorter","Reliquary","Replay The Spire","RumiaBox-????????","Shop Mod","Spicy Shops","Spire Arcade","StS++","StSLib","The Dragon Tamer","The Servant 0.9.4","Wandering Minibosses","[IsaacMod]????","??????REMEMod"],"gold_per_floor":[10110,10110,9249,9261,7847,7881,7881,7881,7905,7905,7905,7905,7905,7905,7919,7937,7937,8035,8035,8054,7856,7875,7795,7813,7843,7798,7812,7812,7812,7812,7824,7824,7839,7839,7939,7939,7955,7716,7536,7550,7567,7593,7593,7593,7593,7593,7605,7605,7636,7551,7551,7569],"floor_reached":53,"language":"ENG","playtime":1763,"items_purged":["Pain"],"score":983,"play_id":"f31ed50e-b43c-4057-b987-2ccbc875efcd","local_time":"20210129131735","is_ascension_mode":false,"campfire_choices":[{"data":"REME_Flogging","floor":7,"key":"SMITH"},{"data":"REME_Repentance","floor":10,"key":"SMITH"},{"data":"StSpp:LatentStrike","floor":13,"key":"SMITH"},{"data":"FlurryOfBlows","floor":17,"key":"SMITH"},{"data":"Hallownest:skillCityofTearsMap","floor":30,"key":"SMITH"},{"data":"Omniscience","floor":32,"key":"SMITH"},{"data":"PathToVictory","floor":34,"key":"SMITH"},{"data":"StSpp:Faith","floor":43,"key":"SMITH"},{"data":"Ragnarok","floor":46,"key":"SMITH"},{"data":"Eruption","floor":48,"key":"SMITH"},{"data":"Hallownest:skillKingdomsEdgeMap","floor":51,"key":"SMITH"}],"circlet_count":0,"master_deck":["Strike_P+1","Strike_P+1","Strike_P+1","Strike_P+1","Defend_P","Defend_P","Defend_P","Defend_P","Eruption+1","Vigilance","REME_Flogging+1","StSpp:LatentStrike+1","FlyingSleeves","BowlingBash+1","PathToVictory+1","REME_Repentance+1","Hallownest:curseDreamersLament","StSpp:Purify","FlurryOfBlows+1","Omniscience+1","LikeWater","WreathOfFlame","WreathOfFlame","Hallownest:skillCityofTearsMap+1","Replay:BluntJabs","DevaForm","StSpp:Faith+1","Ragnarok+1","Replay:Hum","Hallownest:skillKingdomsEdgeMap+1"],"relics":["PureWater","REME_ComplimentaryCards","HushsDoor","PokeGo","REME_LimitBreaker","Chameleon Ring","Chaos","Bag of Marbles","Succubus","StrikeDummy","Replay:Towering Pillar of Hats","infinitespire:Midas Blood","Blue Doll","StSpp:WoodenStick","Toy Ornithopter","qcfpunch:Crimson_Sash","Hallownest:TeacherSealRelic","Shuriken","ZombieArmy","wanderingMiniBosses:Blackblade","Mummified Hand","Oddly Smooth Stone","infinitespire:FocusingShard","Hallownest:StagBellRelic1","Replay:Bottled Eggs","hubris:Teleporter","Ring of Chaos"],"acts_visited":["Exordium","Hallownest:Greenpath","Hallownest:CityofTears"],"potions_floor_usage":[18,52],"damage_taken":[{"damage":0,"enemies":"Hallownest:2_MossCreeps","floor":1,"turns":3},{"damage":6,"enemies":"Hallownest:2_Tiktiks_and_1_Crawlid","floor":4,"turns":2},{"damage":0,"enemies":"Hallownest:eliteVengeflyKing","floor":6,"turns":2},{"damage":0,"enemies":"Hallownest:2_Baldur","floor":15,"turns":1},{"damage":0,"enemies":"Hallownest:Guard_and_Warrior","floor":16,"turns":1},{"damage":4,"enemies":"Hallownest:BossHornet","floor":18,"turns":3},{"damage":0,"enemies":"Hallownest:2_Mistakes","floor":20,"turns":2},{"damage":0,"enemies":"Hallownest:Guard_and_Sentry","floor":22,"turns":2},{"damage":0,"enemies":"Hallownest:2_Husk_Sentries","floor":24,"turns":2},{"damage":0,"enemies":"Hallownest:Nosk","floor":25,"turns":4},{"damage":0,"enemies":"Hallownest:2_Flukemon","floor":27,"turns":5},{"damage":0,"enemies":"Hallownest:Master_and_Novice","floor":31,"turns":2},{"damage":0,"enemies":"Hallownest:2_Husk_Sentries","floor":33,"turns":2},{"damage":0,"enemies":"Hallownest:BossSoulMaster","floor":35,"turns":3},{"damage":0,"enemies":"Hallownest:2_Littles","floor":37,"turns":3},{"damage":0,"enemies":"Hallownest:Shield_Heavy","floor":40,"turns":2},{"damage":0,"enemies":"Hallownest:Xero_Hu_Marmu","floor":41,"turns":3},{"damage":0,"enemies":"Hallownest:eliteHiveKnight","floor":42,"turns":4},{"damage":0,"enemies":"Hallownest:2_Wandering_and_1_Horned","floor":47,"turns":3},{"damage":0,"enemies":"Hallownest:eliteCollector","floor":49,"turns":4},{"damage":22,"enemies":"Hallownest:BossHollowKnight","floor":52,"turns":5}],"seed_played":"-2549608389288941660","potions_obtained":[{"floor":1,"key":"CultistPotion"},{"floor":6,"key":"Fire Potion"},{"floor":20,"key":"BlessingOfTheForge"},{"floor":40,"key":"FairyPotion"}],"is_trial":false,"path_per_floor":["M","?","$","M","$","E","R","?","T","R","PTL","PTL","R","?","M","M","R","B",null,"M","$","M","?","M","E","?","M","T","?","R","M","R","M","R","B",null,"M","$","?","M","M","E","R","?","T","R","M","R","E","?","R","B",null],"character_chosen":"WATCHER","items_purchased":["REME_LimitBreaker","Chameleon Ring","Chaos","Bag of Marbles","FlyingSleeves","Succubus","StrikeDummy","Replay:Towering Pillar of Hats","infinitespire:Midas Blood","Blue Doll","StSpp:WoodenStick","PathToVictory","WreathOfFlame","ZombieArmy","StSpp:Faith","Ragnarok","infinitespire:FocusingShard"],"campfire_rested":0,"item_purchase_floors":[3,3,3,3,3,5,5,5,5,5,5,5,21,21,36,36,38],"current_hp_per_floor":[1000,1000,1000,994,994,994,994,994,994,994,994,994,994,994,994,994,994,993,1000,1000,1000,1000,1000,1000,1000,1000,1000,1000,1000,1000,1000,1000,1000,1000,1000,992,992,992,992,992,992,992,992,992,992,992,992,992,992,992,992,970],"gold":7569,"neow_bonus":"HUNDRED_GOLD","is_daily":false,"chose_seed":false,"campfire_upgraded":11,"win_rate":0.0,"timestamp":1611926255,"path_taken":["M","?","$","M","$","E","R","?","T","R","PTL","PTL","R","?","M","?","R","BOSS","M","$","M","?","?","E","?","M","T","?","R","M","R","M","R","BOSS","M","$","?","M","?","E","R","?","T","R","M","R","E","?","R","BOSS"],"items_purchased_type":["Relic","Relic","Card","Relic","Card","Relic","Relic","Relic","Relic","Relic","Relic","Card","Card","Relic","Card","Card","Relic"],"build_version":"2020-12-22","purchased_purges":1,"victory":true,"max_hp_per_floor":[1000,1000,1000,1000,1000,1000,1000,1000,1000,1000,1000,1000,1000,1000,1000,1000,1000,1000,1000,1000,1000,1000,1000,1000,1000,1000,1000,1000,1000,1000,1000,1000,1000,1000,1000,992,992,992,992,992,992,992,992,992,992,992,992,992,992,992,992,992],"card_choices":[{"not_picked":["FlyingSleeves","EmptyBody"],"picked":"StSpp:LatentStrike","floor":1},{"not_picked":["MasterReality","WheelKick"],"picked":"BowlingBash","floor":4},{"not_picked":["FlyingSleeves","SashWhip"],"picked":"REME_Repentance","floor":6},{"not_picked":["DeceiveReality","CutThroughFate"],"picked":"StSpp:Purify","floor":15},{"not_picked":["StSpp:LatentStrike","REME_EmptyShield"],"picked":"FlurryOfBlows","floor":16},{"not_picked":["ConjureBlade","Establishment"],"picked":"Omniscience","floor":18},{"not_picked":["Study","PathToVictory"],"picked":"LikeWater","floor":20},{"not_picked":["FlyingSleeves","PathToVictory+1","SandsOfTime+1"],"picked":"SKIP","floor":22},{"not_picked":["PathToVictory","REME_MusicOfDeath+1","StSpp:Renounce+1"],"picked":"SKIP","floor":24},{"not_picked":["Omniscience","WindmillStrike"],"picked":"Replay:BluntJabs","floor":25},{"not_picked":["wanderingMiniBosses:FinaleOfPromise"],"picked":"SKIP","floor":27},{"not_picked":["WheelKick","StSpp:LatentStrike","FearNoEvil"],"picked":"SKIP","floor":27},{"not_picked":["SignatureMove","rorgmod:Follow-Up","DeceiveReality+1"],"picked":"SKIP","floor":31},{"not_picked":["Evaluate","EmptyMind+1","WaveOfTheHand"],"picked":"SKIP","floor":33},{"not_picked":["Alpha","Establishment"],"picked":"DevaForm","floor":35},{"not_picked":["StSpp:Renounce+1","FlurryOfBlows+1","EmptyMind"],"picked":"SKIP","floor":37},{"not_picked":["Replay:BluntJabs","CutThroughFate"],"picked":"Replay:Hum","floor":40},{"not_picked":["LikeWater","CutThroughFate+1","Weave+1"],"picked":"SKIP","floor":41},{"not_picked":["Wish","Replay:AtTheReady+1","Consecrate"],"picked":"SKIP","floor":42},{"not_picked":["Protect","Replay:ManipulateFuture","BattleHymn"],"picked":"SKIP","floor":47},{"not_picked":["Halt","ThirdEye+1","Collect"],"picked":"SKIP","floor":49}],"player_experience":192660,"relics_obtained":[{"floor":6,"key":"Toy Ornithopter"},{"floor":9,"key":"qcfpunch:Crimson_Sash"},{"floor":27,"key":"wanderingMiniBosses:Blackblade"},{"floor":28,"key":"Mummified Hand"},{"floor":42,"key":"Replay:Bottled Eggs"},{"floor":45,"key":"hubris:Teleporter"},{"floor":49,"key":"Ring of Chaos"}],"event_choices":[],"is_beta":false,"boss_relics":[{"not_picked":["hubris:VirtuousBlindfold","Simple Rune"],"picked":"Shuriken"},{"not_picked":[]},{"not_picked":["hubris:Spice","REME_ChargedStone"],"picked":"Oddly Smooth Stone"},{"not_picked":[]}],"items_purged_floors":[5],"is_endless":false,"potions_floor_spawned":[1,6,16,20,22,27,33,37,40],"ascension_level":0}}