{"host":"mum3ai8oz7qfp6jm","time":1611945849,"event":{"mods":["BaseMod","Minty Spire (QoL Compilation)","Reliquary","StSLib","The Bug Knight"],"gold_per_floor":[1014,1014,444,544,559,559,589,2333,2333,2333,2333,2333,33,48,48,148,148,163,163,1092,1107,387,417,417,417,442,37,62,77,92,107,107,207,207,222,102,117,132,132,132,0,30,30,45,75,75,75,0,0,0],"floor_reached":51,"language":"ZHS","playtime":1720,"items_purged":[],"score":1044,"play_id":"443461fc-8ac5-4f73-aa36-3bb3f9d04af9","local_time":"20210130024409","daily_mods":["Shiny","Time Dilation","Lethality"],"is_ascension_mode":false,"campfire_choices":[{"data":"HollowMod:MidwifesHunger","floor":6,"key":"SMITH"},{"data":"HollowMod:HuntersJournal","floor":10,"key":"SMITH"},{"data":"HollowMod:ElderbugsWisdom","floor":12,"key":"SMITH"},{"data":"HollowMod:SlysStrikes","floor":15,"key":"SMITH"},{"data":"HollowMod:HuntersJournal","floor":24,"key":"SMITH"},{"data":"HollowMod:HerrahsAnger","floor":32,"key":"SMITH"},{"data":"HollowMod:HuntersJournal","floor":40,"key":"SMITH"},{"data":"1","floor":46,"key":"LIFT"},{"data":"2","floor":49,"key":"LIFT"}],"circlet_count":0,"master_deck":["HollowMod:ZotesMagnificence","HollowMod:PaleKingsBlessing","HollowMod:HerrahsAnger+1","HollowMod:HornetsHelp","HollowMod:MidwifesHunger+1","HollowMod:ElderbugsWisdom+1","HollowMod:SlysStrikes+1","HollowMod:WhiteLadysBlessing","HollowMod:HuntersJournal+1","HollowMod:DungDefenderAura","HollowMod:HuntersJournal+1","HollowMod:HuntersJournal+1","HollowMod:MonomonsArchive","HollowMod:SlysStrikes+1","HollowMod:NewLittleFool","HollowMod:LuriensSpire","HollowMod:NewLittleFool","HollowMod:NewJinnsSoul","HollowMod:NewInfectedGuardian","HollowMod:MonomonsArchive","HollowMod:HuntersJournal+1","HollowMod:MidwifesHunger","HollowMod:SiblingsShadow+1","HollowMod:HuntersJournal+1","HollowMod:QuirrelsAssistance+1"],"relics":["HollowMod:VesselMask","Blood Vial","Tiny Chest","Bird Faced Urn","Regal Pillow","Shuriken","ClockworkSouvenir","reliquary:TatteredRug","The Courier","DollysMirror","Juzu Bracelet","Anchor","Strawberry","HollowMod:LifeEnderRelic","Frozen Egg 2","Question Card","reliquary:JackalopeAntler","Art of War","FossilizedHelix","Pen Nib","Centennial Puzzle","Ice Cream","Bag of Preparation","Sozu","MawBank","CaptainsWheel","Sundial","Lantern","Nunchaku","Thread and Needle","Ancient Tea Set","Bag of Marbles","TheAbacus","MealTicket","Oddly Smooth Stone","Omamori","Unceasing Top","Potion Belt","Bronze Scales","Orichalcum","HandDrill","Dream Catcher","reliquary:WritOfMandamus","PreservedInsect","Red Mask","Girya","Mummified Hand","reliquary:PartyBalloon"],"acts_visited":["Exordium","TheCity","TheBeyond"],"potions_floor_usage":[50],"damage_taken":[{"damage":18,"enemies":"Jaw Worm","floor":1,"turns":2},{"damage":8,"enemies":"Small Slimes","floor":5,"turns":2},{"damage":17,"enemies":"Gremlin Nob","floor":7,"turns":3},{"damage":0,"enemies":"Cultist","floor":14,"turns":1},{"damage":15,"enemies":"HollowMod:FalseKnight","floor":16,"turns":3},{"damage":0,"enemies":"HollowMod:HuskSentry","floor":18,"turns":2},{"damage":0,"enemies":"Shell Parasite","floor":21,"turns":1},{"damage":0,"enemies":"Gremlin Leader","floor":23,"turns":1},{"damage":0,"enemies":"Cultist and Chosen","floor":29,"turns":1},{"damage":0,"enemies":"Shelled Parasite and Fungi","floor":30,"turns":1},{"damage":0,"enemies":"Snake Plant","floor":31,"turns":1},{"damage":0,"enemies":"Automaton","floor":33,"turns":2},{"damage":0,"enemies":"3 Darklings","floor":35,"turns":1},{"damage":0,"enemies":"3 Shapes","floor":37,"turns":1},{"damage":22,"enemies":"HollowMod:SlobberingHusk","floor":38,"turns":2},{"damage":0,"enemies":"Giant Head","floor":42,"turns":3},{"damage":0,"enemies":"Transient","floor":44,"turns":3},{"damage":0,"enemies":"HollowMod:StalkingDevout","floor":45,"turns":1},{"damage":0,"enemies":"Donu and Deca","floor":50,"turns":1}],"seed_played":"1138922244981197753","potions_obtained":[{"floor":1,"key":"Weak Potion"},{"floor":14,"key":"Energy Potion"}],"is_trial":false,"path_per_floor":["M","?","$","?","M","R","E","$","T","R","T","R","$","M","R","B",null,"M","?","$","M","$","E","R","?","T","$","T","M","M","M","R","B",null,"M","$","M","M","?","R","?","E","T","M","E","R","$","?","R","B",null],"character_chosen":"THE_BUGKNIGHT","items_purchased":["Tiny Chest","Bird Faced Urn","HollowMod:DungDefenderAura","Explosive Potion","Shuriken","ClockworkSouvenir","DollysMirror","HollowMod:HuntersJournal","Juzu Bracelet","Anchor","Strawberry","HollowMod:LifeEnderRelic","Frozen Egg 2","Question Card","reliquary:JackalopeAntler","Art of War","FossilizedHelix","Pen Nib","Centennial Puzzle","Ice Cream","Bag of Preparation","HollowMod:NewLittleFool","HollowMod:LuriensSpire","CaptainsWheel","Sundial","Lantern","Nunchaku","Thread and Needle","Ancient Tea Set","Bag of Marbles","TheAbacus","MealTicket","Oddly Smooth Stone","Omamori","Unceasing Top","HollowMod:NewJinnsSoul","HollowMod:NewInfectedGuardian","Orichalcum","HandDrill","PreservedInsect"],"campfire_rested":0,"item_purchase_floors":[3,3,3,3,8,8,13,13,13,13,13,13,13,13,13,13,13,13,13,13,13,20,20,20,20,20,20,20,20,20,22,22,22,22,22,27,27,27,27,36],"current_hp_per_floor":[57,57,57,57,54,54,41,41,41,41,41,41,48,50,50,43,102,102,102,102,102,102,102,102,102,102,102,102,102,102,102,102,102,102,102,102,102,84,84,84,84,95,95,102,102,102,102,107,107,107],"gold":0,"neow_bonus":"","is_daily":true,"chose_seed":false,"campfire_upgraded":7,"win_rate":0.0,"timestamp":1611945849,"path_taken":["M","?","$","?","?","R","E","?","T","R","?","R","$","M","R","BOSS","M","?","$","M","$","E","R","?","T","?","?","M","M","M","R","BOSS","M","$","M","M","?","R","?","E","T","M","E","R","$","?","R","BOSS"],"items_purchased_type":["Relic","Relic","Card","Potion","Relic","Relic","Relic","Card","Relic","Relic","Relic","Relic","Relic","Relic","Relic","Relic","Relic","Relic","Relic","Relic","Relic","Card","Card","Relic","Relic","Relic","Relic","Relic","Relic","Relic","Relic","Relic","Relic","Relic","Relic","Card","Card","Relic","Relic","Relic"],"build_version":"2020-12-22","purchased_purges":0,"victory":true,"max_hp_per_floor":[95,95,95,95,95,95,95,95,95,95,95,95,102,102,102,102,102,102,102,102,102,102,102,102,102,102,102,102,102,102,102,102,102,102,102,102,102,102,102,102,102,102,102,102,102,102,102,107,107,107],"card_choices":[{"not_picked":["HollowMod:MothsMistake","HollowMod:SiblingsSouls"],"picked":"HollowMod:HuntersJournal","floor":1},{"not_picked":["HollowMod:GoodIntentions","HollowMod:HeavyBlow","HollowMod:BrokenVessel"],"picked":"SKIP","floor":5},{"not_picked":["HollowMod:GoodIntentions","HollowMod:SoulSplash","HollowMod:SiblingsSouls"],"picked":"SKIP","floor":7},{"not_picked":["HollowMod:CycloneSlash","HollowMod:SoulShaman","HollowMod:Grubsong+1"],"picked":"HollowMod:MonomonsArchive","floor":14},{"not_picked":["HollowMod:Weaversong+1","HollowMod:PureVessel+1","HollowMod:LifebloodCore"],"picked":"HollowMod:SlysStrikes+1","floor":16},{"not_picked":["HollowMod:DescendingDark","HollowMod:GoodIntentions","HollowMod:ShapeofUnn+1","HollowMod:WraithStrike"],"picked":"SKIP","floor":18},{"not_picked":["HollowMod:BrokenVessel+1","HollowMod:VengefulVoid","HollowMod:SoulStrike","HollowMod:HowlingWraiths"],"picked":"SKIP","floor":21},{"not_picked":["HollowMod:PureNailStrike","HollowMod:LifebloodCocoon","HollowMod:SiblingsSouls"],"picked":"HollowMod:NewLittleFool","floor":23},{"not_picked":["HollowMod:VengefulVoid","HollowMod:SharpenedShadows+1","HollowMod:DescendingDark","HollowMod:PureNailStrike+1"],"picked":"SKIP","floor":29},{"not_picked":["HollowMod:VengefulVoid","HollowMod:SoulShaman","HollowMod:HeavyBlow+1"],"picked":"HollowMod:MonomonsArchive","floor":30},{"not_picked":["HollowMod:VengefulSpirit","HollowMod:AbyssShriek","HollowMod:HeavyBlow+1"],"picked":"HollowMod:HuntersJournal+1","floor":31},{"not_picked":["HollowMod:ElderbugsWisdom+1","HollowMod:LordofShades+1","HollowMod:LifebloodCore"],"picked":"HollowMod:MidwifesHunger","floor":33},{"not_picked":["HollowMod:HowlingWraiths+1","HollowMod:VengefulVoid+1","HollowMod:CycloneSlash+1","HollowMod:MothsMistake+1"],"picked":"SKIP","floor":35},{"not_picked":["HollowMod:InfectedAttack","HollowMod:ShadowDash+1","HollowMod:VengefulSpirit"],"picked":"HollowMod:SiblingsShadow+1","floor":37},{"not_picked":["HollowMod:ShapeofUnn+1","HollowMod:WraithStrike","HollowMod:DescendingDark+1"],"picked":"HollowMod:HuntersJournal","floor":38},{"not_picked":["HollowMod:ShapeofUnn+1","HollowMod:PaleKingsBlessing","HollowMod:MothsMistake+1","HollowMod:PerfectDash+1"],"picked":"SKIP","floor":42},{"not_picked":["HollowMod:TaintedHusks+1","HollowMod:CoiledNail+1","HollowMod:PureNailStrike"],"picked":"HollowMod:QuirrelsAssistance+1","floor":44},{"not_picked":["HollowMod:SharpenedNail","HollowMod:HowlingWraiths","HollowMod:SoulStrike"],"picked":"HollowMod:DungDefenderAura","floor":45}],"player_experience":681379,"relics_obtained":[{"floor":7,"key":"Regal Pillow"},{"floor":9,"key":"reliquary:TatteredRug"},{"floor":11,"key":"The Courier"},{"floor":23,"key":"Potion Belt"},{"floor":26,"key":"Bronze Scales"},{"floor":28,"key":"Dream Catcher"},{"floor":42,"key":"Girya"},{"floor":43,"key":"Mummified Hand"},{"floor":45,"key":"reliquary:PartyBalloon"}],"event_choices":[{"damage_healed":0,"gold_gain":0,"player_choice":"Box","damage_taken":0,"relics_obtained":["Blood Vial"],"max_hp_gain":0,"max_hp_loss":0,"event_name":"Big Fish","floor":2,"gold_loss":0,"cards_obtained":["Regret"]},{"damage_healed":0,"gold_gain":100,"player_choice":"Gold","damage_taken":0,"max_hp_gain":0,"max_hp_loss":0,"event_name":"Wheel of Change","floor":4,"gold_loss":0},{"damage_healed":0,"gold_gain":0,"player_choice":"Opened","damage_taken":0,"relics_obtained":["MawBank"],"max_hp_gain":0,"max_hp_loss":0,"event_name":"The Mausoleum","floor":19,"gold_loss":0,"cards_obtained":["Writhe"]},{"damage_healed":0,"gold_gain":0,"player_choice":"Ignored","damage_taken":0,"max_hp_gain":0,"max_hp_loss":0,"event_name":"Beggar","floor":25,"gold_loss":0},{"damage_healed":0,"gold_gain":0,"player_choice":"Ignored","damage_taken":0,"max_hp_gain":0,"max_hp_loss":0,"event_name":"SecretPortal","floor":39,"gold_loss":0},{"damage_healed":0,"gold_gain":0,"player_choice":"Paid","damage_taken":0,"relics_obtained":["Red Mask"],"max_hp_gain":0,"max_hp_loss":0,"event_name":"Tomb of Lord Red Mask","floor":41,"gold_loss":132}],"is_beta":false,"boss_relics":[{"not_picked":["Busted Crown","HollowMod:VoidIdolRelic"],"picked":"Sozu"},{"not_picked":["Astrolabe","Velvet Choker"],"picked":"reliquary:WritOfMandamus"}],"items_purged_floors":[],"is_endless":false,"potions_floor_spawned":[1,7,14,18,29,37,42,45],"ascension_level":0}}