{"host":"j4g6ia6asvpyu2b0","time":1611938764,"event":{"mods":["BaseMod","Colored Map","Minty Spire (QoL Compilation)","Permanent Neow","Quick Restart","Relic Stats","StSLib","Unceasing Turn Reminder"],"gold_per_floor":[111,25,45,60,76,76,104,104,104,134,134,152,181,356,356,461,461,473,484,494,494,174,207,59,59,59,59,84,96,128,146,146,251,251,271,287,301,34,44,44,70,86,86,115,115,135,410,437,437,437,437],"floor_reached":50,"language":"ENG","playtime":1698,"items_purged":["Doubt","Strike_R"],"score":901,"play_id":"796b8809-b00f-4727-88bb-84285df627f5","local_time":"20210129094604","is_ascension_mode":true,"campfire_choices":[{"data":"Madness","floor":6.0,"key":"SMITH"},{"data":"Bash","floor":8.0,"key":"SMITH"},{"data":"Body Slam","floor":11.0,"key":"SMITH"},{"data":"Feed","floor":15.0,"key":"SMITH"},{"floor":25,"key":"REST"},{"data":"Double Tap","floor":32,"key":"SMITH"},{"data":"Apotheosis","floor":40,"key":"SMITH"},{"floor":49,"key":"RECALL"}],"circlet_count":0,"master_deck":["Defend_R+1","Bash+1","Madness+1","Sword Boomerang","Flash of Steel","Body Slam+1","Bludgeon","Warcry+1","Ghostly Armor","Headbutt","Feed+1","Double Tap+1","Headbutt","Trip","Shrug It Off","Bite","Bite","Bite","Bite","Bite","True Grit+1","Feel No Pain","Feed","Havoc+1","Immolate","Sentinel+1","Dark Embrace+1","Armaments+1","Apotheosis+1","Battle Trance","Flame Barrier","Clothesline+1","Regret","Headbutt"],"relics":["Burning Blood","Mango","Shuriken","Mummified Hand","Mercury Hourglass","Busted Crown","Matryoshka","PreservedInsect","Pear","War Paint","Lantern","Orichalcum","Astrolabe","Bird Faced Urn","White Beast Statue","Oddly Smooth Stone","Question Card"],"acts_visited":["Exordium","TheCity","TheBeyond"],"potions_floor_usage":[23,33,33],"damage_taken":[{"damage":5.0,"enemies":"Cultist","floor":1.0,"turns":5.0},{"damage":8.0,"enemies":"2 Louse","floor":3.0,"turns":3.0},{"damage":4.0,"enemies":"Jaw Worm","floor":4.0,"turns":4.0},{"damage":18.0,"enemies":"Exordium Wildlife","floor":5.0,"turns":4.0},{"damage":21.0,"enemies":"Gremlin Nob","floor":7.0,"turns":4.0},{"damage":10.0,"enemies":"3 Sentries","floor":10.0,"turns":7.0},{"damage":15.0,"enemies":"Gremlin Gang","floor":12.0,"turns":4.0},{"damage":31.0,"enemies":"Gremlin Nob","floor":13.0,"turns":4.0},{"damage":16.0,"enemies":"Hexaghost","floor":16.0,"turns":7.0},{"damage":7.0,"enemies":"3 Byrds","floor":18.0,"turns":4.0},{"damage":19.0,"enemies":"Chosen","floor":19.0,"turns":4.0},{"damage":36.0,"enemies":"3 Cultists","floor":20.0,"turns":5.0},{"damage":26,"enemies":"Gremlin Leader","floor":23,"turns":4},{"damage":27,"enemies":"Slavers","floor":28,"turns":5},{"damage":21,"enemies":"Snake Plant","floor":29,"turns":3},{"damage":18,"enemies":"Gremlin Leader","floor":30,"turns":3},{"damage":13,"enemies":"Snecko","floor":31,"turns":3},{"damage":60,"enemies":"Automaton","floor":33,"turns":8},{"damage":0,"enemies":"3 Darklings","floor":35,"turns":2},{"damage":14,"enemies":"Orb Walker","floor":36,"turns":3},{"damage":32,"enemies":"Maw","floor":37,"turns":7},{"damage":15,"enemies":"Spire Growth","floor":39,"turns":4},{"damage":21,"enemies":"Reptomancer","floor":41,"turns":4},{"damage":24,"enemies":"Transient","floor":42,"turns":5},{"damage":44,"enemies":"Giant Head","floor":44,"turns":6},{"damage":20,"enemies":"Jaw Worm Horde","floor":46,"turns":4},{"damage":53,"enemies":"Nemesis","floor":48,"turns":5},{"damage":48,"enemies":"Donu and Deca","floor":50,"turns":3}],"seed_played":"-4859362841912876699","potions_obtained":[{"floor":1.0,"key":"SpeedPotion"},{"floor":5.0,"key":"LiquidBronze"},{"floor":7.0,"key":"SpeedPotion"},{"floor":19.0,"key":"Block Potion"},{"floor":28,"key":"BloodPotion"},{"floor":31,"key":"DuplicationPotion"},{"floor":33,"key":"DuplicationPotion"},{"floor":36,"key":"HeartOfIron"}],"is_trial":false,"path_per_floor":["M","$","M","M","M","R","E","R","T","E","R","M","E","?","R","B",null,"M","M","M","?","$","E","$","R","T","?","E","M","E","M","R","B",null,"M","M","M","$","M","R","E","M","T","E","$","M","?","E","R","B"],"character_chosen":"IRONCLAD","items_purchased":["Flash of Steel","Matryoshka","Shrug It Off","Apotheosis","Battle Trance"],"campfire_rested":1,"item_purchase_floors":[2,22,24,38,38],"current_hp_per_floor":[73,73,71,73,61,61,60,60,60,56,56,47,22,22,22,12,74,77,64,38,38,38,18,18,48,58,58,49,42,40,39,39,18,69,75,69,57,57,64,64,68,72,72,63,63,64,64,29,29,0,0],"gold":437,"neow_bonus":"RANDOM_COLORLESS","is_daily":false,"chose_seed":false,"campfire_upgraded":6,"win_rate":0.0,"timestamp":1611938764,"path_taken":["M","$","M","M","?","R","E","R","T","E","R","M","E","?","R","BOSS","M","M","M","?","$","E","?","R","T","?","E","M","E","M","R","BOSS","M","M","M","$","M","R","E","M","T","E","$","M","?","E","R","BOSS"],"items_purchased_type":["Card","Relic","Card","Card","Card"],"build_version":"2020-12-22","purchased_purges":2,"victory":false,"max_hp_per_floor":[80,80,80,80,80,80,94,94,94,94,94,94,94,94,94,94,94,98,98,102,102,102,102,102,102,112,78,82,86,86,86,86,86,86,86,86,86,86,90,90,94,94,94,98,98,102,102,106,106,106,106],"relic_stats":{"counters":[28,124],"Astrolabe":["Sentinel","Dark Embrace","Armaments"],"PreservedInsect":326,"War Paint":["Warcry","Defend_R"],"Orichalcum":[66],"Question Card":0,"Burning Blood":162,"Mercury Hourglass":[355],"Busted Crown":36,"Shuriken":[54],"Mummified Hand":[16],"Bird Faced Urn":[14],"obtain_stats":[{"Lantern":28,"Pear":26,"Astrolabe":34,"Oddly Smooth Stone":44,"Mango":7,"PreservedInsect":23,"War Paint":26,"Orichalcum":30,"Question Card":48,"Burning Blood":0,"White Beast Statue":43,"Mercury Hourglass":13,"Busted Crown":17,"Matryoshka":22,"Shuriken":9,"Mummified Hand":10,"Bird Faced Urn":41},{"Lantern":14,"Pear":13,"Astrolabe":18,"Oddly Smooth Stone":25,"Mango":5,"PreservedInsect":13,"War Paint":13,"Orichalcum":16,"Question Card":27,"Burning Blood":0,"White Beast Statue":24,"Mercury Hourglass":8,"Busted Crown":9,"Matryoshka":12,"Shuriken":5,"Mummified Hand":6,"Bird Faced Urn":23},{"Lantern":64,"Pear":59,"Astrolabe":81,"Oddly Smooth Stone":112,"Mango":20,"PreservedInsect":59,"War Paint":59,"Orichalcum":70,"Question Card":121,"Burning Blood":0,"White Beast Statue":106,"Mercury Hourglass":35,"Busted Crown":42,"Matryoshka":55,"Shuriken":20,"Mummified Hand":27,"Bird Faced Urn":101}]},"card_choices":[{"not_picked":["Blind","Bandage Up"],"picked":"Madness","floor":0.0},{"not_picked":["Heavy Blade","True Grit"],"picked":"Sword Boomerang","floor":1.0},{"not_picked":["Headbutt","True Grit"],"picked":"Body Slam","floor":3.0},{"not_picked":["Clothesline","Twin Strike"],"picked":"Bludgeon","floor":4.0},{"not_picked":["Sword Boomerang","Cleave"],"picked":"Warcry","floor":5.0},{"not_picked":["Sentinel","Cleave"],"picked":"Ghostly Armor","floor":7.0},{"not_picked":["Wild Strike","Body Slam","Flex"],"picked":"SKIP","floor":10.0},{"not_picked":["Entrench","Wild Strike"],"picked":"Headbutt","floor":12.0},{"not_picked":["Body Slam","Sword Boomerang"],"picked":"Feed","floor":13.0},{"not_picked":["Exhume","Juggernaut"],"picked":"Double Tap","floor":16.0},{"not_picked":["Perfected Strike"],"picked":"SKIP","floor":18.0},{"not_picked":[],"picked":"Headbutt","floor":19.0},{"not_picked":["Clash"],"picked":"SKIP","floor":20.0},{"not_picked":["Wild Strike"],"picked":"SKIP","floor":23},{"not_picked":[],"picked":"True Grit+1","floor":28},{"not_picked":[],"picked":"Feel No Pain","floor":29},{"not_picked":[],"picked":"Feed","floor":30},{"not_picked":[],"picked":"Havoc+1","floor":31},{"not_picked":[],"picked":"Immolate","floor":33},{"not_picked":["Hemokinesis+1"],"picked":"SKIP","floor":35},{"not_picked":["Hemokinesis+1"],"picked":"SKIP","floor":36},{"not_picked":["Flex"],"picked":"SKIP","floor":37},{"not_picked":["Iron Wave"],"picked":"SKIP","floor":39},{"not_picked":[],"picked":"Flame Barrier","floor":41},{"not_picked":["Rampage"],"picked":"SKIP","floor":42},{"not_picked":["Clash"],"picked":"SKIP","floor":44},{"not_picked":[],"picked":"Clothesline+1","floor":46},{"not_picked":[],"picked":"Headbutt","floor":48}],"player_experience":1084008,"relics_obtained":[{"floor":7.0,"key":"Mango"},{"floor":9.0,"key":"Shuriken"},{"floor":10.0,"key":"Mummified Hand"},{"floor":13.0,"key":"Mercury Hourglass"},{"floor":23,"key":"PreservedInsect"},{"floor":26,"key":"Pear"},{"floor":26,"key":"War Paint"},{"floor":28,"key":"Lantern"},{"floor":30,"key":"Orichalcum"},{"floor":41,"key":"Bird Faced Urn"},{"floor":43,"key":"White Beast Statue"},{"floor":44,"key":"Oddly Smooth Stone"},{"floor":48,"key":"Question Card"}],"event_choices":[{"damage_healed":0.0,"max_hp_gain":0.0,"max_hp_loss":0.0,"gold_gain":175.0,"event_name":"Liars Game","player_choice":"AGREE","floor":14.0,"gold_loss":0.0,"damage_taken":0.0,"cards_obtained":["Doubt"]},{"damage_healed":0.0,"max_hp_gain":0.0,"max_hp_loss":0.0,"gold_gain":0.0,"event_name":"Match and Keep!","player_choice":"1 cards matched","floor":21.0,"gold_loss":0.0,"damage_taken":0.0,"cards_obtained":["Trip"]},{"damage_healed":0,"gold_gain":0,"player_choice":"Became a vampire","damage_taken":0,"max_hp_gain":0,"max_hp_loss":34,"event_name":"Vampires","floor":27,"gold_loss":0,"cards_obtained":["Bite","Bite","Bite","Bite","Bite"]},{"damage_healed":0,"gold_gain":275,"player_choice":"Desecrate","damage_taken":0,"max_hp_gain":0,"max_hp_loss":0,"event_name":"Golden Shrine","floor":47,"gold_loss":0,"cards_obtained":["Regret"]}],"is_beta":false,"boss_relics":[{"not_picked":["Ectoplasm","Mark of Pain"],"picked":"Busted Crown"},{"not_picked":["Empty Cage","Pandora\u0027s Box"],"picked":"Astrolabe"}],"items_purged_floors":[22,24],"is_endless":false,"potions_floor_spawned":[1,5,7,19,28,31,33,36,41,44,46,48],"killed_by":"Donu and Deca","ascension_level":7}}