{"host":"w4b7hmige5bnqipq","time":1611934853,"event":{"mods":["2.2 Compatiblity","BaseMod","Colored Map","DeckTracker","Keyboard Shortcuts","Minty Spire (QoL Compilation)","Permanent Neow","Rare Cards Sparkle","SuperFastMode","everything is the same but u backflip on backflip","slay the spire mod where everything is the same but ironclad has a cowboy hat"],"gold_per_floor":[110,110,110,129,48,48,64,64,115,130,153,171,210,169,169,169,169],"floor_reached":16,"language":"KOR","playtime":375,"items_purged":[],"score":133,"play_id":"7f1839c0-27c2-4c28-b04f-dc18f5048453","local_time":"20210130004053","is_ascension_mode":true,"campfire_choices":[{"data":"Defragment","floor":6.0,"key":"SMITH"},{"data":"White Noise","floor":8.0,"key":"SMITH"},{"floor":15,"key":"REST"}],"circlet_count":0,"master_deck":["Strike_B","Strike_B+1","Strike_B","Strike_B","Defend_B","Defend_B","Defend_B","Defend_B","Zap","Dualcast","Dramatic Entrance","Streamline+1","Coolheaded","Defragment+1","White Noise+1","Reinforced Body","Glacier","Coolheaded"],"relics":["Cracked Core","Golden Idol","Lantern","Anchor"],"acts_visited":["Exordium"],"potions_floor_usage":[13,16,16],"damage_taken":[{"damage":1.0,"enemies":"Cultist","floor":1.0,"turns":4.0},{"damage":9.0,"enemies":"Jaw Worm","floor":4.0,"turns":3.0},{"damage":0.0,"enemies":"Small Slimes","floor":7.0,"turns":3.0},{"damage":6.0,"enemies":"Looter","floor":10.0,"turns":2.0},{"damage":3.0,"enemies":"Blue Slaver","floor":11.0,"turns":3.0},{"damage":4.0,"enemies":"Lots of Slimes","floor":12.0,"turns":2.0},{"damage":8,"enemies":"Gremlin Nob","floor":13,"turns":3},{"damage":29,"enemies":"Hexaghost","floor":16,"turns":16}],"seed_played":"3149889514895879678","potions_obtained":[{"floor":4.0,"key":"Strength Potion"},{"floor":12.0,"key":"GamblersBrew"},{"floor":13,"key":"SteroidPotion"}],"is_trial":false,"path_per_floor":["M","?","?","M","$","R","M","R","T","M","M","M","E","?","R","B"],"character_chosen":"DEFECT","items_purchased":["Defragment"],"campfire_rested":1,"item_purchase_floors":[5],"current_hp_per_floor":[67,49,34,25,25,25,25,25,25,19,16,12,4,4,26,0,0],"gold":169,"neow_bonus":"RANDOM_COLORLESS","is_daily":false,"chose_seed":false,"campfire_upgraded":2,"win_rate":0.0,"timestamp":1611934853,"path_taken":["M","?","?","M","?","R","M","R","T","M","?","M","E","?","R","BOSS"],"items_purchased_type":["Card"],"build_version":"2020-12-22","purchased_purges":0,"victory":false,"max_hp_per_floor":[75,75,75,75,75,75,75,75,75,75,75,75,75,75,75,75,75],"card_choices":[{"not_picked":["Trip","Mind Blast"],"picked":"Dramatic Entrance","floor":0.0},{"not_picked":["Skim","Static Discharge"],"picked":"Streamline","floor":1.0},{"not_picked":["Loop","Rebound"],"picked":"Coolheaded","floor":4.0},{"not_picked":["Coolheaded","Double Energy"],"picked":"White Noise","floor":7.0},{"not_picked":["Gash","Chaos"],"picked":"Reinforced Body","floor":10.0},{"not_picked":["Skim","Redo"],"picked":"Glacier","floor":11.0},{"not_picked":["Meteor Strike","Steam"],"picked":"Coolheaded","floor":12.0},{"not_picked":["Heatsinks","Stack","Rip and Tear"],"picked":"SKIP","floor":13}],"player_experience":666756,"relics_obtained":[{"floor":9.0,"key":"Lantern"},{"floor":13,"key":"Anchor"}],"event_choices":[{"damage_healed":0.0,"max_hp_gain":0.0,"max_hp_loss":0.0,"gold_gain":0.0,"event_name":"Golden Idol","player_choice":"Take Damage","floor":2.0,"gold_loss":0.0,"damage_taken":18.0,"relics_obtained":["Golden Idol"]},{"damage_healed":0.0,"max_hp_gain":0.0,"max_hp_loss":0.0,"gold_gain":0.0,"event_name":"Shining Light","player_choice":"Entered Light","floor":3.0,"gold_loss":0.0,"damage_taken":15.0,"cards_upgraded":["Strike_B","Streamline"]},{"damage_healed":0,"gold_gain":0,"player_choice":"Left Gold","damage_taken":0,"max_hp_gain":0,"max_hp_loss":0,"event_name":"World of Goop","floor":14,"gold_loss":41}],"is_beta":false,"boss_relics":[],"items_purged_floors":[],"is_endless":false,"potions_floor_spawned":[4,12,13],"killed_by":"Hexaghost","ascension_level":6}}