{"host":"2i0myh7fqij2ti1z","time":1611910139,"event":{"mods":["Aspiration","BaseMod","Better Third Choice","Colored Powertips","Conspire","Evolution","FoggyMod","GifTheSpireLib","Highlight Path","Hubris","Minty Spire (QoL Compilation)","Permanent Neow","Quick Restart","Random Character Button","Random Character Mod","Replay The Spire","Shop Mod","Spicy Shops","StSLib","Stuff the Spire","Wandering Minibosses","óô»ðÖ¸ÄÏ"],"gold_per_floor":[116,116,116,116,116,143,143,173,253,253,283,308,308,335,335,436,436,450,123,123,23,48,80,80,80,106,135,135,173,173,199,199,294,294,311,186,186,218,218,218,262,271,271,271,311,311,419,16,16,16,16,16,332,366,366],"floor_reached":56,"language":"ENG","playtime":21729,"items_purged":["Defend_R","Defend_R","Strike_R","Injury","Strike_R","Strike_R","Burning Pact","Burning Pact","Cleave+1"],"score":2208,"play_id":"ba7edab4-3fb1-4a14-ad7a-5447992e0ddd","local_time":"20210129164859","is_ascension_mode":true,"campfire_choices":[{"data":"Pommel Strike","floor":15,"key":"SMITH"},{"data":"Cleave","floor":32,"key":"SMITH"},{"data":"Berserk","floor":40,"key":"SMITH"},{"data":"Cleave+1","floor":49,"key":"PURGE"},{"data":"StuffTheSpire:BrainWave","floor":52,"key":"SMITH"}],"circlet_count":0,"master_deck":["Berserk+1","Pommel Strike+1","Sword Boomerang+1","Hemogenesis+1","Thunderclap+1","Uppercut+1","Pommel Strike+1","Reckless Charge+1","StuffTheSpire:BrainWave+1","StuffTheSpire:Slingshot+1","Berserk+1","Pommel Strike+1","Sword Boomerang+1","Hemogenesis+1","Thunderclap+1","Uppercut+1","Pommel Strike+1","Reckless Charge+1","StuffTheSpire:BrainWave","StuffTheSpire:Slingshot+1","Limit Break+1"],"relics":["StuffTheSpire:OccultApparatus","conspire:RoyalGoblet","Black Star","Juzu Bracelet","Ring of Chaos","hubris:FruitBowl","hubris:EvacipatedBox","hubris:HerbalPaste","aspiration:DSix","StuffTheSpire:BottledHeartBeat","Golden Egg","Replay:WaspNest","hubris:Metronome","Molten Egg 2","Bag of Preparation","Anchor","Odd Mushroom","Eternal Feather","Strawberry","Philosopher\u0027s Stone","hubris:IronBody","Orichalcum","aspiration:Lifesprig","hubris:MysteriousPyramids","StuffTheSpire:HeavyRock","Nunchaku","Pear","aspiration:RitualStick","CeramicFish","hubris:PeanutButter","Blood Vial","ReplayTheSpireMod:TigerMarble","Replay:Grab Bag","conspire:SeveredTorchhead","Ooze Armor","hubris:Backtick","Shuriken","aspiration:HatOfInfinitePower","hubris:Icosahedron","Blue Doll","StuffTheSpire:Rhapsscallions","Toy Ornithopter","StuffTheSpire:CocoNut","aspiration:ChemicalBlood","Replay:Wax Seal","Membership Card","hubris:ChampionShield","hubris:EmptyBottle","Iron Hammer","aspiration:HiddenCompartment","Art of War","Akabeko"],"acts_visited":["Exordium","TheCity","TheBeyond","TheEnding"],"potions_floor_usage":[14,55,55,55,55,55],"damage_taken":[{"damage":7.0,"enemies":"Jaw Worm","floor":1.0,"turns":3.0},{"damage":24,"enemies":"Gremlin Nob","floor":6,"turns":3},{"damage":30,"enemies":"3 Sentries","floor":8,"turns":3},{"damage":0,"enemies":"Gremlin Nob","floor":11,"turns":2},{"damage":0,"enemies":"The Mushroom Lair","floor":12,"turns":2},{"damage":0,"enemies":"Lagavulin","floor":14,"turns":4},{"damage":0,"enemies":"Slime Boss","floor":16,"turns":4},{"damage":4,"enemies":"Chosen","floor":18,"turns":2},{"damage":0,"enemies":"Book of Stabbing","floor":23,"turns":2},{"damage":2,"enemies":"Slavers","floor":27,"turns":1},{"damage":7,"enemies":"Book of Stabbing","floor":29,"turns":2},{"damage":0,"enemies":"Slavers","floor":31,"turns":1},{"damage":0,"enemies":"conspire:MysteriousRune","floor":33,"turns":2},{"damage":0,"enemies":"3 Darklings","floor":35,"turns":1},{"damage":0,"enemies":"conspire:MimicChest","floor":38,"turns":2},{"damage":0,"enemies":"Giant Head","floor":41,"turns":2},{"damage":0,"enemies":"R_Hoarder","floor":45,"turns":1},{"damage":0,"enemies":"Donu and Deca","floor":50,"turns":3},{"damage":0,"enemies":"Shield and Spear","floor":54,"turns":2},{"damage":29,"enemies":"The Heart","floor":55,"turns":6}],"seed_played":"209239403725441330","potions_obtained":[{"floor":11,"key":"PowerPotion"},{"floor":12,"key":"BlessingOfTheForge"},{"floor":16,"key":"AttackPotion"},{"floor":27,"key":"Weak Potion"},{"floor":45,"key":"AttackPotion"}],"is_trial":false,"path_per_floor":["M","?","?","?","$","E","?","E","T","?","E","?","?","E","R","B",null,"M","$","?","$","T","E","?","$","T","E","?","E","?","E","R","B",null,"M","$","?","?","?","R","E","?","T","?","E","R","?","$","R","B",null,"R","$","E","B",null],"character_chosen":"IRONCLAD","items_purchased":["hubris:FruitBowl","hubris:EvacipatedBox","hubris:HerbalPaste","hubris:IronBody","Replay:Wax Seal","Membership Card","hubris:ChampionShield","hubris:EmptyBottle","Limit Break","Iron Hammer","aspiration:HiddenCompartment"],"campfire_rested":0,"item_purchase_floors":[5,5,5,19,48,53,53,53,53,53,53],"current_hp_per_floor":[65,65,65,65,48,29,29,4,4,4,7,10,10,26,29,35,76,83,83,90,90,90,90,90,90,90,105,84,94,94,94,100,105,105,105,105,105,105,105,105,114,98,98,98,108,108,108,108,108,108,108,108,108,108,84],"gold":366,"neow_bonus":"BOSS_RELIC","is_daily":false,"chose_seed":false,"campfire_upgraded":4,"win_rate":0.0,"timestamp":1611910139,"path_taken":["M","?","?","?","?","E","?","E","T","?","E","?","?","E","R","BOSS","M","$","?","?","?","E","?","$","T","E","?","E","?","E","R","BOSS","M","$","?","?","?","R","E","?","T","?","E","R","?","?","R","BOSS","R","$","E","BOSS"],"items_purchased_type":["Relic","Relic","Relic","Relic","Relic","Relic","Relic","Relic","Card","Relic","Relic"],"build_version":"2020-12-22","purchased_purges":9,"victory":true,"max_hp_per_floor":[80,80,80,80,80,80,80,80,80,80,80,80,80,90,90,90,90,90,90,90,90,90,90,90,90,90,105,105,105,105,105,105,105,105,105,105,105,105,105,105,114,98,98,98,108,108,108,108,108,108,108,108,108,108,108],"card_choices":[{"not_picked":["Wild Strike","conspire:ExplosiveBarrier","Blood for Blood"],"picked":"SKIP","floor":1},{"not_picked":["Replay:Undeath\u0027s Touch","Perfected Strike","Feel No Pain"],"picked":"SKIP","floor":6},{"not_picked":["Sever Soul","Flex"],"picked":"Burning Pact","floor":8},{"not_picked":["Anger+1","Sword Boomerang+1","Metallicize"],"picked":"SKIP","floor":11},{"not_picked":["Demon Form","conspire:Charge+1"],"picked":"Sword Boomerang+1","floor":14},{"not_picked":["Corruption","StuffTheSpire:TitanForm"],"picked":"Hemogenesis+1","floor":16},{"not_picked":["Disarm+1","StuffTheSpire:Resist"],"picked":"Thunderclap+1","floor":18},{"not_picked":["Clash+1","Replay:Undeath\u0027s Touch+1"],"picked":"Hemokinesis+1","floor":23},{"not_picked":["Perfected Strike+1","Headbutt+1","Run Through+1"],"picked":"SKIP","floor":27},{"not_picked":["hubris:ReadiedAction","Clothesline+1"],"picked":"Pommel Strike+1","floor":29},{"not_picked":["Thunderclap+1","Body Slam+1","Flame Barrier"],"picked":"SKIP","floor":31},{"not_picked":["Headbutt+1","Sword Boomerang+1","Thunderclap+1"],"picked":"SKIP","floor":35},{"not_picked":["Cleave+1","ReplayTheSpireMod:Stacked+1"],"picked":"Reckless Charge+1","floor":41},{"not_picked":["Thunderclap+1","ReplayTheSpireMod:Strike From Hell+1"],"picked":"StuffTheSpire:Slingshot+1","floor":45},{"not_picked":["Wild Strike+1","Hemogenesis+1","Replay:Undeath\u0027s Touch+1"],"picked":"SKIP","floor":54}],"player_experience":286385,"relics_obtained":[{"floor":6,"key":"StuffTheSpire:BottledHeartBeat"},{"floor":8,"key":"Golden Egg"},{"floor":8,"key":"Replay:WaspNest"},{"floor":9,"key":"hubris:Metronome"},{"floor":11,"key":"Bag of Preparation"},{"floor":11,"key":"Anchor"},{"floor":12,"key":"Odd Mushroom"},{"floor":14,"key":"Eternal Feather"},{"floor":14,"key":"Strawberry"},{"floor":22,"key":"Orichalcum"},{"floor":23,"key":"aspiration:Lifesprig"},{"floor":23,"key":"hubris:MysteriousPyramids"},{"floor":26,"key":"StuffTheSpire:HeavyRock"},{"floor":27,"key":"Nunchaku"},{"floor":27,"key":"Pear"},{"floor":29,"key":"CeramicFish"},{"floor":29,"key":"hubris:PeanutButter"},{"floor":31,"key":"Blood Vial"},{"floor":31,"key":"ReplayTheSpireMod:TigerMarble"},{"floor":38,"key":"aspiration:HatOfInfinitePower"},{"floor":41,"key":"Blue Doll"},{"floor":41,"key":"StuffTheSpire:Rhapsscallions"},{"floor":43,"key":"Toy Ornithopter"},{"floor":45,"key":"StuffTheSpire:CocoNut"},{"floor":45,"key":"aspiration:ChemicalBlood"},{"floor":54,"key":"Art of War"},{"floor":54,"key":"Akabeko"}],"event_choices":[{"cards_removed":["Strike_R"],"damage_healed":0,"gold_gain":0,"player_choice":"Offered Basic","damage_taken":0,"max_hp_gain":0,"max_hp_loss":0,"event_name":"Bonfire Elementals","floor":3,"gold_loss":0},{"damage_healed":0,"gold_gain":0,"player_choice":"2 cards matched","damage_taken":0,"max_hp_gain":0,"max_hp_loss":0,"event_name":"Match and Keep!","floor":4,"gold_loss":0,"cards_obtained":["Berserk","Pommel Strike"]},{"cards_removed":["Defend_R"],"damage_healed":0,"gold_gain":0,"player_choice":"Purged","damage_taken":0,"max_hp_gain":0,"max_hp_loss":0,"event_name":"Purifier","floor":7,"gold_loss":0},{"damage_healed":0,"gold_gain":0,"player_choice":"Fought Mushrooms","damage_taken":0,"max_hp_gain":0,"max_hp_loss":0,"event_name":"Mushrooms","floor":12,"gold_loss":0},{"damage_healed":0,"gold_gain":0,"player_choice":"Read","damage_taken":0,"max_hp_gain":0,"max_hp_loss":0,"event_name":"The Library","floor":24,"gold_loss":0,"cards_obtained":["Uppercut"]},{"cards_removed":["Bash"],"damage_healed":0,"gold_gain":0,"player_choice":"Elegance","damage_taken":0,"max_hp_gain":0,"max_hp_loss":0,"event_name":"betterThird:BetterWriting","floor":30,"gold_loss":0},{"damage_healed":0,"gold_gain":0,"player_choice":"Ignored","damage_taken":0,"max_hp_gain":0,"max_hp_loss":0,"event_name":"Tomb of Lord Red Mask","floor":37,"gold_loss":0}],"is_beta":false,"boss_relics":[{"not_picked":["Coffee Dripper","Runic Cube","aspiration:WatcherSkillbook"],"picked":"Philosopher\u0027s Stone"},{"not_picked":["hubris:VirtuousBlindfold","hubris:BlackHole","Painkiller Herb"],"picked":"Replay:Grab Bag"},{"not_picked":["aspiration:FutureDiary","StuffTheSpire:ModemDavis","aspiration:SilentSkillbook"],"picked":"conspire:SeveredTorchhead"},{"not_picked":["Busted Crown","Sozu","hubris:Stopwatch"],"picked":"Ooze Armor"},{"not_picked":["SlaversCollar","hubris:ScarierMask","SacredBark"],"picked":"hubris:Backtick"}],"items_purged_floors":[5,5,5,19,21,36,48,48,53],"is_endless":false,"potions_floor_spawned":[11,12,16,27,31,33,38,45],"ascension_level":6}}