{"host":"vrsxkkch9ccrec7k","time":1611942681,"event":{"mods":["Act Like it!","BaseMod","Bestiary","Better Altar","Better Match","Better Note","Better Sensory Stone","Better Skull","Better Third Choice","Better Vampires","Downfall","Minty Spire (QoL Compilation)","Permanent Neow","Relic Stats","Spicy Shops","StSLib"],"gold_per_floor":[99,115,125,275,285,285,285,195,215,230,230,230,230,265,284,379,379,379,393,409,33,33,62,62,62,81,281,297,311,211,211,222,326,326,326,376,58,58,70,99,171,171,186,186,201,232,32,47,66,66,66,95,23,23,23,23,23,23],"floor_reached":56,"language":"ENG","playtime":8584,"items_purged":["Guardian:Strike_Guardian","Regret"],"score":1169,"play_id":"3543dfea-7ceb-4246-9a25-89f986b1498e","local_time":"20210129125121","is_ascension_mode":true,"campfire_choices":[{"data":"Guardian:TwinSlam","floor":1,"key":"SMITH"},{"data":"Guardian:Emergency","floor":13,"key":"SMITH"},{"data":"Guardian:RevengeProtocol","floor":18,"key":"SMITH"},{"floor":25,"key":"REST"},{"floor":30,"key":"REST"},{"floor":35,"key":"RECALL"},{"data":"Guardian:TimeCapacitor","floor":42,"key":"SMITH"},{"data":"Guardian:ConstructionForm","floor":47,"key":"SMITH"},{"data":"Guardian:StasisField","floor":54,"key":"SMITH"}],"circlet_count":0,"master_deck":["Guardian:Defend_Guardian","Guardian:Defend_Guardian","Guardian:Defend_Guardian","Guardian:CurlUp","Guardian:TwinSlam+1","Guardian:WalkerClaw","Guardian:Reroute","Guardian:Emergency+1","Guardian:StasisField+1","Guardian:ConstructionForm+1","Guardian:Clone","Guardian:RevengeProtocol+1","Guardian:SentryBeam+1","Guardian:DecasProtection+1","Guardian:TemporalStrike+1","expansioncontent:HyperBeam","Guardian:FuturePlans","Guardian:GemFinder","Guardian:PiercingHide","Guardian:Gem_Green","Guardian:ShieldSpikes","Guardian:TemporalStrike+1","Guardian:TimeCapacitor+1","Guardian:AncientConstruct+1","Guardian:PrismaticBarrier+1","Guardian:Preprogram+1","Guardian:SpikerProtocol+1","Guardian:DonusPower+1","Guardian:TemporalShield+1","Guardian:Recover+1","Guardian:Emergency+1","Guardian:EvasiveProtocol"],"relics":["Guardian:ModeShifterPlus","Guardian:PickAxe","CaptainsWheel","Astrolabe","Sling","hexamod:BolsterEngine","Pantograph","Guardian:SackOfGems","downfall:HeartBlessingGreen","Incense Burner","Bag of Preparation","Vajra","Anchor","Dead Branch","downfall:HeartBlessingBlue","downfall:HeartBlessingRed","Slimebound:StickyStick","OrangePellets"],"acts_visited":["Exordium","TheCity","TheBeyond","TheEnding"],"potions_floor_usage":[2,3,3,5,5,9,14,15,16,16,16,33,40,50,55,56,56],"damage_taken":[{"damage":0,"enemies":"Jaw Worm","floor":2,"turns":2},{"damage":6,"enemies":"Cultist","floor":3,"turns":3},{"damage":3,"enemies":"Small Slimes","floor":5,"turns":4},{"damage":5,"enemies":"downfall:FleeingMerchant","floor":8,"turns":4},{"damage":0,"enemies":"2 Fungi Beasts","floor":9,"turns":2},{"damage":4,"enemies":"Red Slaver","floor":10,"turns":4},{"damage":16,"enemies":"Gremlin Nob","floor":14,"turns":4},{"damage":2,"enemies":"3 Louse","floor":15,"turns":4},{"damage":34,"enemies":"SI_SHIV_ARCHETYPE","floor":16,"turns":13},{"damage":2,"enemies":"Shell Parasite","floor":19,"turns":7},{"damage":14,"enemies":"Centurion and Healer","floor":20,"turns":6},{"damage":0,"enemies":"downfall:FleeingMerchant","floor":21,"turns":4},{"damage":10,"enemies":"Book of Stabbing","floor":23,"turns":5},{"damage":25,"enemies":"Cultist and Chosen","floor":26,"turns":9},{"damage":0,"enemies":"Cultist and Chosen","floor":27,"turns":8},{"damage":1,"enemies":"3 Cultists","floor":28,"turns":3},{"damage":16,"enemies":"Snake Plant","floor":29,"turns":5},{"damage":13,"enemies":"Shelled Parasite and Fungi","floor":32,"turns":7},{"damage":0,"enemies":"WA_ARCHETYPE_CALM","floor":33,"turns":9},{"damage":0,"enemies":"WA_ARCHETYPE_CALM","floor":36,"turns":10},{"damage":0,"enemies":"downfall:FleeingMerchant","floor":37,"turns":4},{"damage":8,"enemies":"3 Darklings","floor":39,"turns":7},{"damage":0,"enemies":"Reptomancer","floor":40,"turns":9},{"damage":0,"enemies":"3 Shapes","floor":43,"turns":9},{"damage":0,"enemies":"Sphere and 2 Shapes","floor":45,"turns":5},{"damage":0,"enemies":"Giant Head","floor":46,"turns":9},{"damage":0,"enemies":"Jaw Worm Horde","floor":48,"turns":4},{"damage":0,"enemies":"Writhing Mass","floor":49,"turns":10},{"damage":46,"enemies":"DF_ARCHETYPE_ORBS","floor":50,"turns":16},{"damage":6,"enemies":"downfall:CharBossMerchant","floor":52,"turns":10},{"damage":38,"enemies":"downfall:NeowBoss","floor":55,"turns":22},{"damage":93,"enemies":"downfall:NeowBossFinal","floor":56,"turns":8}],"seed_played":"2591441351000513241","potions_obtained":[{"floor":0,"key":"Fruit Juice"},{"floor":0,"key":"Fruit Juice"},{"floor":0,"key":"champ:CounterPotion"},{"floor":2,"key":"EssenceOfSteel"},{"floor":3,"key":"EntropicBrew"},{"floor":10,"key":"SkillPotion"},{"floor":14,"key":"Fruit Juice"},{"floor":15,"key":"DistilledChaos"},{"floor":28,"key":"bronze:BurnAndBuffPotion"},{"floor":32,"key":"DistilledChaos"},{"floor":39,"key":"Swift Potion"},{"floor":43,"key":"LiquidMemories"},{"floor":48,"key":"Energy Potion"},{"floor":52,"key":"champ:CounterPotion"}],"is_trial":false,"path_per_floor":["R","M","M","?","M","?","T","$","M","M","R","?","R","E","M","B",null,"R","M","M","$","?","E","T","R","M","?","M","M","R","?","M","B",null,"R","?","?","?","M","E","T","R","M","?","M","E","R","M","M","B",null,"E","$","R","B","B"],"character_chosen":"GUARDIAN","items_purchased":["Sling","expansioncontent:HyperBeam","hexamod:BolsterEngine","Bag of Preparation","Vajra","OrangePellets"],"campfire_rested":2,"item_purchase_floors":[21,21,21,37,37,53],"current_hp_per_floor":[72,72,76,76,73,73,73,68,68,64,64,64,64,48,51,17,76,76,74,60,60,60,50,50,78,53,53,52,36,64,64,51,76,90,90,95,95,95,87,87,87,87,87,87,87,87,97,97,97,59,94,88,88,88,67,0,0,0],"gold":23,"neow_bonus":"THREE_SMALL_POTIONS","is_daily":false,"chose_seed":false,"campfire_upgraded":6,"win_rate":0.0,"timestamp":1611942681,"path_taken":["R","M","M","?","M","?","T","$","M","?","R","?","R","E","M","BOSS","R","M","M","$","?","E","T","R","?","?","M","M","R","?","M","BOSS","R","?","?","?","?","E","T","R","M","?","M","E","R","M","M","BOSS","E","$","R","BOSS","BOSS"],"items_purchased_type":["Relic","Card","Relic","Relic","Relic","Relic"],"build_version":"2020-12-22","purchased_purges":2,"victory":false,"max_hp_per_floor":[80,80,90,90,90,90,90,90,90,90,90,90,90,90,95,95,95,95,95,95,95,95,95,95,95,95,95,95,95,95,95,95,95,95,95,95,95,95,95,95,95,95,95,95,95,95,105,105,105,105,105,105,105,105,105,105,105,105],"relic_stats":{"OrangePellets":[19],"counters":[32,226],"Astrolabe":["Guardian:Gem_White","Guardian:Gem_Crimson","Guardian:SentryBeam"],"Pantograph":80,"Dead Branch":[86],"Bag of Preparation":[22],"obtain_stats":[{"Guardian:ModeShifterPlus":34,"downfall:HeartBlessingRed":47,"Astrolabe":17,"Dead Branch":46,"Guardian:ModeShifter":0,"Vajra":37,"Guardian:SackOfGems":24,"downfall:HeartBlessingGreen":30,"Incense Burner":36,"Bag of Preparation":37,"Sling":21,"Guardian:PickAxe":7,"OrangePellets":53,"CaptainsWheel":14,"Anchor":40,"downfall:HeartBlessingBlue":47,"Slimebound:StickyStick":52,"Pantograph":23,"hexamod:BolsterEngine":21},{"Guardian:ModeShifterPlus":19,"downfall:HeartBlessingRed":26,"Astrolabe":9,"Dead Branch":26,"Guardian:ModeShifter":0,"Vajra":21,"Guardian:SackOfGems":13,"downfall:HeartBlessingGreen":17,"Incense Burner":20,"Bag of Preparation":21,"Sling":12,"Guardian:PickAxe":3,"OrangePellets":30,"CaptainsWheel":7,"Anchor":23,"downfall:HeartBlessingBlue":26,"Slimebound:StickyStick":30,"Pantograph":13,"hexamod:BolsterEngine":12},{"Guardian:ModeShifterPlus":103,"downfall:HeartBlessingRed":156,"Astrolabe":40,"Dead Branch":156,"Guardian:ModeShifter":0,"Vajra":117,"Guardian:SackOfGems":62,"downfall:HeartBlessingGreen":87,"Incense Burner":113,"Bag of Preparation":117,"Sling":57,"Guardian:PickAxe":9,"OrangePellets":196,"CaptainsWheel":23,"Anchor":133,"downfall:HeartBlessingBlue":156,"Slimebound:StickyStick":196,"Pantograph":62,"hexamod:BolsterEngine":57}]},"card_choices":[{"not_picked":["Guardian:Gem_Blue","Guardian:PiercingHide"],"picked":"Guardian:PrimingBeam","floor":2},{"not_picked":["Guardian:BronzeArmor","Guardian:ShieldCharger"],"picked":"Guardian:WalkerClaw","floor":3},{"not_picked":["Guardian:Gem_Lightblue","Guardian:TemporalStrike"],"picked":"Guardian:Reroute","floor":5},{"not_picked":["Guardian:Reroute","Guardian:CrystalBeam"],"picked":"Guardian:Emergency","floor":8},{"not_picked":["Guardian:PiercingHide","Guardian:ShieldSpikes"],"picked":"Guardian:StasisField","floor":9},{"not_picked":["Guardian:GuardianWhirl","Guardian:ShieldCharger"],"picked":"Guardian:Gem_Lightblue","floor":10},{"not_picked":["Guardian:StasisEngine","Guardian:GatlingBeam"],"picked":"Guardian:ConstructionForm","floor":14},{"not_picked":["Guardian:ShieldCharger","Guardian:Gem_Crimson"],"picked":"Guardian:Clone","floor":15},{"not_picked":["Guardian:GemFinder","Guardian:ConstructionForm"],"picked":"Guardian:RevengeProtocol","floor":16},{"not_picked":["Guardian:Incinerate+1","Guardian:Harden"],"picked":"Guardian:DecasProtection+1","floor":19},{"not_picked":["Guardian:Repulse","Guardian:VentSteam","Guardian:BronzeOrb"],"picked":"SKIP","floor":20},{"not_picked":["Guardian:FloatingOrbs","Guardian:Gem_Red"],"picked":"Guardian:TemporalStrike+1","floor":21},{"not_picked":["Guardian:Gem_White","Guardian:CrystalBeam+1"],"picked":"Guardian:PiercingHide","floor":23},{"not_picked":["Guardian:Gem_Cyan","Guardian:Gem_Lightblue"],"picked":"Guardian:Gem_Green","floor":23},{"not_picked":["Guardian:Gem_Lightblue","Guardian:Incinerate","Guardian:RollAttack"],"picked":"SKIP","floor":26},{"not_picked":["Guardian:Gem_Cyan","Guardian:CrystalBeam"],"picked":"Guardian:ShieldSpikes","floor":28},{"not_picked":["Guardian:GuardianWhirl","Guardian:CrystalBeam+1"],"picked":"Guardian:TemporalStrike+1","floor":29},{"not_picked":["Guardian:Reroute+1","Guardian:PiercingHide"],"picked":"Guardian:TimeCapacitor","floor":32},{"not_picked":["Guardian:HyperBeam_Guardian","Guardian:StasisField"],"picked":"Guardian:AncientConstruct","floor":33},{"not_picked":["Guardian:Gem_Cyan","Guardian:Gem_Lightblue"],"picked":"Guardian:Gem_Green","floor":33},{"not_picked":["Guardian:ArmoredProtocol","Guardian:Gem_Cyan"],"picked":"Guardian:PrismaticBarrier+1","floor":36},{"not_picked":["Guardian:WalkerClaw+1","Guardian:Reroute+1"],"picked":"Guardian:Preprogram+1","floor":37},{"not_picked":["Guardian:MultiBeam+1","Guardian:VentSteam+1","Guardian:Gem_Fragmented"],"picked":"SKIP","floor":39},{"not_picked":["Guardian:TemporalStrike","Guardian:FierceBash"],"picked":"Guardian:SpikerProtocol+1","floor":40},{"not_picked":["Guardian:Gem_Green","Guardian:ChargeUp","Guardian:MultiBeam+1"],"picked":"SKIP","floor":43},{"not_picked":["Guardian:Gem_White","Guardian:Repulse+1"],"picked":"Guardian:DonusPower+1","floor":45},{"not_picked":["Guardian:Gem_Red","Guardian:TimeBomb+1"],"picked":"Guardian:TemporalShield+1","floor":46},{"not_picked":["Guardian:VentSteam+1","Guardian:Repulse"],"picked":"Guardian:Recover+1","floor":48},{"not_picked":["Guardian:ShieldSpikes","Guardian:WalkerClaw+1"],"picked":"Guardian:Emergency+1","floor":49},{"not_picked":["Guardian:PiercingHide+1","Guardian:ChargeUp"],"picked":"Guardian:EvasiveProtocol","floor":52}],"player_experience":1816221,"relics_obtained":[{"floor":7,"key":"Guardian:PickAxe"},{"floor":14,"key":"CaptainsWheel"},{"floor":23,"key":"Pantograph"},{"floor":24,"key":"Guardian:SackOfGems"},{"floor":36,"key":"Incense Burner"},{"floor":40,"key":"Anchor"},{"floor":46,"key":"Dead Branch"},{"floor":52,"key":"Slimebound:StickyStick"}],"event_choices":[{"cards_removed":["Guardian:Strike_Guardian"],"damage_healed":0,"gold_gain":0,"player_choice":"Card Removal","damage_taken":0,"max_hp_gain":0,"max_hp_loss":0,"event_name":"The Cleric","floor":12,"gold_loss":0}],"is_beta":false,"boss_relics":[{"not_picked":["Fusion Hammer","bronze:MakeshiftBattery"],"picked":"Astrolabe"},{"not_picked":["Calling Bell","Runic Pyramid"],"picked":"Guardian:ModeShifterPlus"}],"items_purged_floors":[8,37],"is_endless":false,"potions_floor_spawned":[2,3,10,14,15,27,28,32,39,43,48,49,52],"killed_by":"downfall:NeowBossFinal","ascension_level":7}}