{"host":"dq9lwkr0jwog4b8f","time":1611958132,"event":{"mods":["AchievementEnabler","BaseMod","Colored Map","Colored Powertips","DeckTracker","Minty Spire (QoL Compilation)"],"gold_per_floor":[115,115,115,115,133,177,177,177,224,224,239,254,289,309,309,437,437,461,484,62,77,77,77,108,108,131,143,230,93,93,112,112,243,243,261,284,82,102,0,0,0,61,61,61,61,61,61,61,61,61],"floor_reached":51,"language":"ENG","playtime":6376,"items_purged":["Injury"],"score":719,"play_id":"4e1d76d3-b66e-491f-a07e-bdb541494611","local_time":"20210129230852","is_ascension_mode":false,"campfire_choices":[{"data":"Streamline","floor":8,"key":"SMITH"},{"data":"Beam Cell","floor":15,"key":"SMITH"},{"floor":23,"key":"REST"},{"floor":32,"key":"REST"},{"floor":40,"key":"REST"},{"floor":41,"key":"REST"},{"floor":46,"key":"REST"},{"floor":49,"key":"REST"}],"circlet_count":0,"master_deck":["Strike_B+1","Strike_B+1","Strike_B+1","Defend_B+1","Defend_B+1","Defend_B+1","Defend_B+1","Zap+1","Dualcast+1","Auto Shields","Gash","Streamline+1","Streamline","Static Discharge","Storm","Ball Lightning","Beam Cell+1","Electrodynamics","Self Repair","BootSequence+1","Conserve Battery","Conserve Battery","Go for the Eyes+1","J.A.X.","Heatsinks","Creative AI","Undo+1","Stack+1","Undo+1","Doubt","Chrysalis","Dramatic Entrance+1","Pain"],"relics":["Cracked Core","NeowsBlessing","Juzu Bracelet","Golden Idol","WingedGreaves","StoneCalendar","War Paint","Happy Flower","Fusion Hammer","Molten Egg 2","Blood Vial","Shuriken","MawBank","Bag of Preparation","Oddly Smooth Stone","Velvet Choker","Red Mask","Thread and Needle","Blue Candle","WarpedTongs"],"acts_visited":["Exordium","TheCity","TheBeyond"],"potions_floor_usage":[16,16,16,33,33,42,50,50],"damage_taken":[{"damage":0,"enemies":"2 Louse","floor":1,"turns":1},{"damage":0,"enemies":"Jaw Worm","floor":5,"turns":1},{"damage":0,"enemies":"Lagavulin","floor":6,"turns":1},{"damage":0,"enemies":"Cultist","floor":11,"turns":2},{"damage":2,"enemies":"Blue Slaver","floor":12,"turns":2},{"damage":14,"enemies":"3 Sentries","floor":13,"turns":6},{"damage":1,"enemies":"Exordium Wildlife","floor":14,"turns":3},{"damage":0,"enemies":"Slime Boss","floor":16,"turns":4},{"damage":15,"enemies":"2 Thieves","floor":18,"turns":3},{"damage":10,"enemies":"Shell Parasite","floor":19,"turns":4},{"damage":8,"enemies":"Snecko","floor":21,"turns":3},{"damage":44,"enemies":"Gremlin Leader","floor":24,"turns":7},{"damage":7,"enemies":"3 Cultists","floor":31,"turns":5},{"damage":47,"enemies":"Collector","floor":33,"turns":10},{"damage":23,"enemies":"3 Darklings","floor":35,"turns":4},{"damage":0,"enemies":"Orb Walker","floor":36,"turns":3},{"damage":15,"enemies":"Sphere and 2 Shapes","floor":38,"turns":3},{"damage":49,"enemies":"2 Orb Walkers","floor":42,"turns":4},{"damage":42,"enemies":"Awakened One","floor":50,"turns":13}],"seed_played":"6627448888101223768","potions_obtained":[{"floor":5,"key":"EssenceOfDarkness"},{"floor":11,"key":"FocusPotion"},{"floor":13,"key":"EssenceOfSteel"},{"floor":18,"key":"Dexterity Potion"},{"floor":24,"key":"FearPotion"},{"floor":31,"key":"Block Potion"},{"floor":38,"key":"Weak Potion"}],"is_trial":false,"path_per_floor":["M","?","?","?","M","E","?","R","T","?","M","M","E","M","R","B",null,"M","M","$","M","?","R","E","?","T","$","?","$","T","M","R","B",null,"M","M","$","M","?","R","R","?","T","?","?","R","?","?","R","B",null],"character_chosen":"DEFECT","items_purchased":["Molten Egg 2","Conserve Battery","Blood Vial","Bag of Preparation","Dexterity Potion","EssenceOfSteel"],"campfire_rested":6,"item_purchase_floors":[20,20,20,29,37,37],"current_hp_per_floor":[75,68,68,53,53,53,53,53,53,53,53,51,37,36,36,36,75,60,57,57,51,51,73,38,38,38,38,31,31,31,26,48,10,75,59,61,61,48,48,70,75,33,33,75,71,71,61,61,71,29],"gold":61,"neow_bonus":"THREE_ENEMY_KILL","is_daily":false,"chose_seed":false,"campfire_upgraded":2,"win_rate":0.0,"timestamp":1611958132,"path_taken":["M","?","?","?","M","E","?","R","T","?","M","M","E","M","R","BOSS","M","M","$","M","?","R","E","?","T","?","?","$","?","M","R","BOSS","M","M","$","M","?","R","R","?","T","?","?","R","?","?","R","BOSS"],"items_purchased_type":["Relic","Card","Relic","Relic","Potion","Potion"],"build_version":"2020-12-22","purchased_purges":1,"victory":true,"max_hp_per_floor":[75,75,75,75,75,75,75,75,75,75,75,75,75,75,75,75,75,75,75,75,75,75,75,75,75,75,75,75,75,75,75,75,75,75,75,75,75,75,75,75,75,75,75,75,71,71,71,71,71,71],"card_choices":[{"not_picked":["Ball Lightning","Go for the Eyes"],"picked":"Auto Shields","floor":1},{"not_picked":["Beam Cell","Barrage"],"picked":"Gash","floor":5},{"not_picked":["Compile Driver","Turbo"],"picked":"Streamline","floor":6},{"not_picked":["Coolheaded","Skim"],"picked":"Static Discharge","floor":11},{"not_picked":["Static Discharge","Coolheaded"],"picked":"Storm","floor":12},{"not_picked":["Meteor Strike","Streamline"],"picked":"Ball Lightning","floor":13},{"not_picked":["Barrage","Go for the Eyes"],"picked":"Beam Cell","floor":14},{"not_picked":["Reboot","Core Surge"],"picked":"Electrodynamics","floor":16},{"not_picked":["Cold Snap","Force Field"],"picked":"Self Repair","floor":18},{"not_picked":["Doom and Gloom","Go for the Eyes"],"picked":"BootSequence+1","floor":19},{"not_picked":["Cold Snap+1","BootSequence"],"picked":"Conserve Battery","floor":21},{"not_picked":["Streamline+1","Barrage+1"],"picked":"Go for the Eyes+1","floor":24},{"not_picked":["Meteor Strike+1","Steam"],"picked":"Heatsinks","floor":31},{"not_picked":["Core Surge+1","Seek"],"picked":"Creative AI","floor":33},{"not_picked":["Tempest+1","Cold Snap+1","Ball Lightning+1"],"picked":"SKIP","floor":35},{"not_picked":["Reprogram+1","Coolheaded"],"picked":"Undo+1","floor":36},{"not_picked":["Hologram","Leap+1"],"picked":"Stack+1","floor":38},{"not_picked":["Beam Cell+1","Gash+1"],"picked":"Undo+1","floor":42},{"not_picked":["Bandage Up","Enlightenment"],"picked":"Chrysalis","floor":47},{"not_picked":["Enlightenment","Blind"],"picked":"Dramatic Entrance+1","floor":47}],"player_experience":189814,"relics_obtained":[{"floor":6,"key":"WingedGreaves"},{"floor":9,"key":"War Paint"},{"floor":13,"key":"Happy Flower"},{"floor":24,"key":"Shuriken"},{"floor":26,"key":"MawBank"},{"floor":30,"key":"Oddly Smooth Stone"},{"floor":42,"key":"Thread and Needle"},{"floor":43,"key":"Blue Candle"}],"event_choices":[{"damage_healed":0,"gold_gain":0,"player_choice":"Success","damage_taken":7,"relics_obtained":["Juzu Bracelet"],"max_hp_gain":0,"max_hp_loss":0,"event_name":"Scrap Ooze","floor":2,"gold_loss":0},{"damage_healed":0,"gold_gain":0,"player_choice":"Take Wound","damage_taken":0,"relics_obtained":["Golden Idol"],"max_hp_gain":0,"max_hp_loss":0,"event_name":"Golden Idol","floor":3,"gold_loss":0,"cards_obtained":["Injury"]},{"damage_healed":0,"gold_gain":0,"player_choice":"Entered Light","damage_taken":15,"max_hp_gain":0,"max_hp_loss":0,"event_name":"Shining Light","floor":4,"gold_loss":0,"cards_upgraded":["Zap","Strike_B"]},{"damage_healed":0,"gold_gain":0,"player_choice":"Searched \u00271\u0027 times","damage_taken":0,"relics_obtained":["StoneCalendar"],"max_hp_gain":0,"max_hp_loss":0,"event_name":"Dead Adventurer","floor":7,"gold_loss":0},{"damage_healed":0,"gold_gain":0,"cards_transformed":["Strike_B"],"player_choice":"Transformed","damage_taken":0,"max_hp_gain":0,"max_hp_loss":0,"event_name":"Transmorgrifier","floor":10,"gold_loss":0,"cards_obtained":["Streamline"]},{"damage_healed":0,"gold_gain":0,"player_choice":"Simplicity","damage_taken":0,"max_hp_gain":0,"max_hp_loss":0,"event_name":"Back to Basics","floor":22,"gold_loss":0,"cards_upgraded":["Strike_B","Strike_B","Defend_B","Defend_B","Defend_B"]},{"damage_healed":0,"gold_gain":0,"player_choice":"Obtain J.A.X.","damage_taken":0,"max_hp_gain":0,"max_hp_loss":0,"event_name":"Drug Dealer","floor":25,"gold_loss":0,"cards_obtained":["J.A.X."]},{"damage_healed":0,"gold_gain":75,"player_choice":"Touch","damage_taken":7,"max_hp_gain":0,"max_hp_loss":0,"event_name":"FaceTrader","floor":28,"gold_loss":0},{"damage_healed":0,"gold_gain":0,"player_choice":"Paid","damage_taken":0,"relics_obtained":["Red Mask"],"max_hp_gain":0,"max_hp_loss":0,"event_name":"Tomb of Lord Red Mask","floor":39,"gold_loss":102},{"damage_healed":0,"gold_gain":0,"player_choice":"Fight","damage_taken":0,"max_hp_gain":0,"max_hp_loss":0,"event_name":"Mysterious Sphere","floor":42,"gold_loss":0},{"damage_healed":42,"gold_gain":0,"player_choice":"Heal","damage_taken":0,"max_hp_gain":0,"max_hp_loss":0,"event_name":"MindBloom","floor":44,"gold_loss":0,"cards_obtained":["Doubt"]},{"damage_healed":0,"gold_gain":0,"player_choice":"Max HP","damage_taken":0,"max_hp_gain":0,"max_hp_loss":4,"event_name":"Winding Halls","floor":45,"gold_loss":0},{"damage_healed":0,"gold_gain":0,"player_choice":"Memory 3","damage_taken":10,"max_hp_gain":0,"max_hp_loss":0,"event_name":"SensoryStone","floor":47,"gold_loss":0},{"damage_healed":0,"gold_gain":0,"player_choice":"Rummage","damage_taken":0,"relics_obtained":["WarpedTongs"],"max_hp_gain":0,"max_hp_loss":0,"event_name":"Accursed Blacksmith","floor":48,"gold_loss":0,"cards_obtained":["Pain"]}],"is_beta":false,"boss_relics":[{"not_picked":["FrozenCore","Tiny House"],"picked":"Fusion Hammer"},{"not_picked":["Calling Bell","Pandora\u0027s Box"],"picked":"Velvet Choker"}],"items_purged_floors":[37],"is_endless":false,"potions_floor_spawned":[5,11,13,18,24,31,38],"ascension_level":0}}