{"host":"0awa854l6bexpjrv","time":1611963601,"event":{"mods":["BaseMod","Block Reminder","Colored Map","Colored Powertips","Downfall","Highlight Path","Minty Spire (QoL Compilation)","Quick Restart","Rare Cards Sparkle","StSLib","SuperFastMode"],"gold_per_floor":[110,127,52,52,69,69,103,120,120,120,139,139,39,64,64,177,177,198,198,225,27,51,51,80,80,80,80,80,117,167,192,192,300,354,375,375,400,422,24,24,24],"floor_reached":40,"language":"ENG","playtime":2332,"items_purged":["Strike_R","Strike_R","Strike_R","Demon Form"],"score":490,"play_id":"448719b0-58b6-4930-83fc-d1203a82a750","local_time":"20210129154001","is_ascension_mode":true,"campfire_choices":[{"data":"Power Through","floor":6.0,"key":"SMITH"},{"floor":10.0,"key":"REST"},{"data":"Armaments","floor":15.0,"key":"SMITH"},{"data":"Barricade","floor":23.0,"key":"SMITH"},{"data":"True Grit","floor":25.0,"key":"SMITH"},{"data":"Feed","floor":27.0,"key":"SMITH"},{"floor":32.0,"key":"REST"}],"circlet_count":0,"master_deck":["Bash+1","Cleave","Ghostly Armor","Power Through+1","Armaments+1","Clothesline","Sever Soul","Immolate","Feed+1","Sword Boomerang+1","Sword Boomerang+1","Barricade+1","Juggernaut","True Grit+1","Impervious","Fire Breathing","Demon Form","Ghostly Armor","Anger","Power Through","Disarm","Feel No Pain","True Grit+1","Disarm","Uppercut","Evolve","Battle Trance"],"relics":["Burning Blood","Akabeko","CeramicFish","CultistMask","bronze:MakeshiftBattery","Blue Candle","Ornamental Fan","White Beast Statue","Lantern","Pandora\u0027s Box","Singing Bowl","Anchor"],"acts_visited":["Exordium","TheCity","TheBeyond"],"potions_floor_usage":[38,40],"damage_taken":[{"damage":9.0,"enemies":"Jaw Worm","floor":1.0,"turns":5.0},{"damage":1.0,"enemies":"Cultist","floor":2.0,"turns":4.0},{"damage":0.0,"enemies":"Small Slimes","floor":5.0,"turns":5.0},{"damage":40.0,"enemies":"Lagavulin","floor":7.0,"turns":11.0},{"damage":8.0,"enemies":"Blue Slaver","floor":8.0,"turns":4.0},{"damage":1.0,"enemies":"Red Slaver","floor":11.0,"turns":4.0},{"damage":7.0,"enemies":"Exordium Thugs","floor":14.0,"turns":4.0},{"damage":40.0,"enemies":"The Guardian","floor":16.0,"turns":13.0},{"damage":13.0,"enemies":"Spheric Guardian","floor":18.0,"turns":4.0},{"damage":12.0,"enemies":"2 Thieves","floor":20.0,"turns":4.0},{"damage":6.0,"enemies":"Cultist and Chosen","floor":22.0,"turns":5.0},{"damage":3.0,"enemies":"Sentry and Sphere","floor":24.0,"turns":5.0},{"damage":25.0,"enemies":"Slavers","floor":29.0,"turns":7.0},{"damage":4.0,"enemies":"Snake Plant","floor":31.0,"turns":1.0},{"damage":63.0,"enemies":"Collector","floor":33.0,"turns":12.0},{"damage":0.0,"enemies":"3 Darklings","floor":35.0,"turns":7.0},{"damage":9,"enemies":"3 Shapes","floor":37,"turns":3},{"damage":42,"enemies":"Spire Growth","floor":38,"turns":7},{"damage":64,"enemies":"Giant Head","floor":40,"turns":8}],"seed_played":"7629667095743047253","potions_obtained":[{"floor":1.0,"key":"ColorlessPotion"},{"floor":8.0,"key":"Block Potion"},{"floor":14.0,"key":"BlessingOfTheForge"},{"floor":16.0,"key":"Energy Potion"},{"floor":20.0,"key":"GamblersBrew"},{"floor":22.0,"key":"Energy Potion"},{"floor":24.0,"key":"EssenceOfSteel"},{"floor":29.0,"key":"champ:CounterPotion"},{"floor":31.0,"key":"EssenceOfSteel"},{"floor":33.0,"key":"SkillPotion"},{"floor":35.0,"key":"Explosive Potion"},{"floor":37,"key":"EssenceOfSteel"},{"floor":38,"key":"hexamod:SoulburnPotion"}],"is_trial":false,"path_per_floor":["M","M","$","?","M","R","E","M","T","R","M","?","$","M","R","B",null,"M","?","M","$","M","R","M","R","T","R","?","E","T","M","R","B",null,"M","?","M","M","$","E"],"character_chosen":"IRONCLAD","items_purchased":["Barricade","Evolve","Anchor","Battle Trance"],"campfire_rested":2,"item_purchase_floors":[21,39,39,39],"current_hp_per_floor":[77,80,80,85,85,85,51,49,49,74,79,79,79,78,78,44,85,78,73,67,67,67,67,73,73,73,73,73,54,54,56,82,25,88,88,88,85,49,49,0,0],"gold":24,"neow_bonus":"UPGRADE_CARD","is_daily":false,"chose_seed":false,"campfire_upgraded":5,"win_rate":0.0,"timestamp":1611963601,"path_taken":["M","M","$","?","M","R","E","M","T","R","M","?","$","M","R","BOSS","M","?","M","$","M","R","M","R","T","R","?","E","?","M","R","BOSS","M","?","?","M","$","E"],"items_purchased_type":["Card","Card","Relic","Card"],"build_version":"2020-12-22","purchased_purges":4,"victory":false,"max_hp_per_floor":[80,80,80,85,85,85,85,85,85,85,85,85,85,85,85,85,85,85,85,85,85,85,85,88,88,88,88,88,88,88,88,88,88,88,88,88,88,88,88,88,88],"card_choices":[{"not_picked":["Second Wind","Armaments"],"picked":"Cleave","floor":1.0},{"not_picked":["Perfected Strike","Headbutt"],"picked":"Ghostly Armor","floor":2.0},{"not_picked":["Wild Strike","Fire Breathing"],"picked":"Power Through","floor":5.0},{"not_picked":["Thunderclap","Ghostly Armor"],"picked":"Armaments","floor":7.0},{"not_picked":["Twin Strike","Second Wind"],"picked":"Clothesline","floor":8.0},{"not_picked":["Havoc","Armaments"],"picked":"Sever Soul","floor":11.0},{"not_picked":["Headbutt","Twin Strike"],"picked":"Immolate","floor":14.0},{"not_picked":["Barricade","Juggernaut"],"picked":"Feed","floor":16.0},{"not_picked":["Power Through","Hemokinesis"],"picked":"Sword Boomerang+1","floor":18.0},{"not_picked":["Havoc+1","Twin Strike"],"picked":"Sword Boomerang+1","floor":20.0},{"not_picked":["Cleave","Thunderclap"],"picked":"Juggernaut","floor":22.0},{"not_picked":["Second Wind","Dropkick+1"],"picked":"True Grit","floor":24.0},{"not_picked":["Armaments","Heavy Blade"],"picked":"Impervious","floor":29.0},{"not_picked":["Havoc","Clash"],"picked":"Fire Breathing","floor":31.0},{"not_picked":["Corruption","Brutality"],"picked":"Demon Form","floor":33.0},{"not_picked":["Pommel Strike","Infernal Blade+1"],"picked":"True Grit+1","floor":35.0},{"not_picked":["Anger+1","Twin Strike"],"picked":"Disarm","floor":37},{"not_picked":["Barricade","Shrug It Off+1"],"picked":"Uppercut","floor":38}],"player_experience":664226,"relics_obtained":[{"floor":7.0,"key":"Akabeko"},{"floor":9.0,"key":"CeramicFish"},{"floor":26.0,"key":"Ornamental Fan"},{"floor":29.0,"key":"White Beast Statue"},{"floor":30.0,"key":"Lantern"}],"event_choices":[{"damage_healed":0.0,"max_hp_gain":5.0,"max_hp_loss":0.0,"gold_gain":0.0,"event_name":"Big Fish","player_choice":"Donut","floor":4.0,"gold_loss":0.0,"damage_taken":0.0},{"damage_healed":0.0,"max_hp_gain":0.0,"max_hp_loss":0.0,"gold_gain":0.0,"event_name":"FaceTrader","player_choice":"Trade","floor":12.0,"gold_loss":0.0,"damage_taken":0.0,"relics_obtained":["CultistMask"]},{"damage_healed":0.0,"max_hp_gain":0.0,"max_hp_loss":0.0,"gold_gain":0.0,"event_name":"WeMeetAgain","player_choice":"Gave Potion","floor":36.0,"gold_loss":0.0,"damage_taken":0.0,"relics_obtained":["Singing Bowl"]}],"is_beta":false,"boss_relics":[{"not_picked":["Runic Cube","Astrolabe"],"picked":"bronze:MakeshiftBattery"},{"not_picked":["Coffee Dripper","Sozu"],"picked":"Pandora\u0027s Box"}],"items_purged_floors":[3,13,21,39],"is_endless":false,"potions_floor_spawned":[1,8,14,16,20,22,24,29,31,33,35,37,38],"killed_by":"Giant Head","ascension_level":4}}