{"host":"7jl4uf745pjtflnx","time":1611953940,"event":{"mods":["BaseMod","BetterRewards","Hubris","Minty Spire (QoL Compilation)","Replay The Spire","StSLib","SuperFastMode","The Construct"],"gold_per_floor":[115,115,127,189,214,259,271,308,320,332,363,388,400,427,439,528,540,563,490,288,288,51,51,76,0,0,26,38,48,48,64,64,136,136,150,150,150,166,61,89,107,132,132,149,159,187,187,198,198,198,198,198,64,94,94],"floor_reached":56,"language":"ENG","playtime":4345,"items_purged":["Strike_B","Strike_B","Strike_B","Strike_B","Doubt"],"score":3694,"play_id":"3f88b05c-1f0a-4936-af76-b3e7e913e141","local_time":"20210129155900","is_ascension_mode":true,"campfire_choices":[{"data":"hubris:PowerSurge","floor":7,"key":"SMITH"},{"floor":15,"key":"RECALL"},{"data":"hubris:EnhanceAbility","floor":23,"key":"SMITH"},{"data":"FIFO Queue","floor":32,"key":"SMITH"},{"data":"Creative AI","floor":47,"key":"SMITH"},{"data":"Defragment","floor":49,"key":"SMITH"},{"data":"Biased Cognition","floor":52,"key":"SMITH"}],"circlet_count":0,"master_deck":["AscendersBane","Defend_B+1","Defend_B+1","Defend_B+1","Defend_B+1","Zap","Dualcast","hubris:PowerSurge+1","Ball Lightning","Seek","FTL","Apotheosis","Storm","Storm","Self Repair","Bandage Up","Cold Snap","Coolheaded","Static Discharge","BootSequence","Barrage","Stack+1","ReplayRNGCard+1","Redo+1","Conserve Battery+1","Biased Cognition","Glacier+1","Mirror Shield+1","AbeCurse","Coolheaded+1","hubris:EnhanceAbility+1","FIFO Queue+1","ReplayTheSpireMod:Private Reserves+1","White Noise+1","Storm","Loop","ReplayTheSpireMod:Calculation Training+1","Necronomicurse","Creative AI+1","CurseOfTheBell","Glacier+1","ReplayTheSpireMod:Calculation Training+1","ReplayTheSpireMod:Private Reserves+1","Storm","Biased Cognition+1","White Noise+1","Defragment+1"],"relics":["Cracked Core","ClockworkSouvenir","Chemical X","Replay:Baseball","Membership Card","MawBank","Ring of Hypnosis","Blood Vial","Toxic Egg 2","Replay:Bottled Eggs","Orichalcum","Abe\u0027s Treasure","Question Card","hubris:Towel","hubris:MedicalManual","DataDisk","Solar Panel","Replay:Antivirus Software","Necronomicon","Calling Bell","hubris:ToyBattleship","Singing Bowl","Emotion Chip","Bird Faced Urn","Molten Egg 2","Carrot","hubris:CrystalStatue","hubris:BallOfYels"],"acts_visited":["Exordium","TheCity","TheBeyond","TheEnding"],"potions_floor_usage":[18,33,40,55,55],"damage_taken":[{"damage":0,"enemies":"Jaw Worm","floor":1,"turns":3},{"damage":0,"enemies":"2 Louse","floor":5,"turns":2},{"damage":0,"enemies":"Replay:BlueRogue","floor":6,"turns":3},{"damage":24,"enemies":"3 Sentries","floor":8,"turns":3},{"damage":0,"enemies":"Cultist","floor":11,"turns":2},{"damage":0,"enemies":"Looter","floor":12,"turns":2},{"damage":0,"enemies":"2 Fungi Beasts","floor":14,"turns":2},{"damage":28,"enemies":"Fading Forest","floor":16,"turns":11},{"damage":15,"enemies":"3 Byrds","floor":18,"turns":2},{"damage":1,"enemies":"Replay:Snechameleon","floor":24,"turns":4},{"damage":1,"enemies":"Gremlin Leader","floor":27,"turns":6},{"damage":0,"enemies":"Chosen","floor":28,"turns":3},{"damage":5,"enemies":"Centurion and Healer","floor":29,"turns":4},{"damage":4,"enemies":"Shelled Parasite and Fungi","floor":31,"turns":4},{"damage":15,"enemies":"Pondfish","floor":33,"turns":7},{"damage":0,"enemies":"Orb Walker","floor":35,"turns":2},{"damage":5,"enemies":"3 Darklings","floor":38,"turns":4},{"damage":6,"enemies":"Reptomancer","floor":40,"turns":2},{"damage":0,"enemies":"Spire Growth","floor":41,"turns":6},{"damage":41,"enemies":"R_Hoarder","floor":42,"turns":7},{"damage":0,"enemies":"Maw","floor":44,"turns":6},{"damage":0,"enemies":"Writhing Mass","floor":45,"turns":4},{"damage":0,"enemies":"Giant Head","floor":46,"turns":6},{"damage":0,"enemies":"Sphere and 2 Shapes","floor":48,"turns":2},{"damage":0,"enemies":"hubris:GrandSnecko","floor":50,"turns":6},{"damage":2,"enemies":"Shield and Spear","floor":54,"turns":4},{"damage":5,"enemies":"The Heart","floor":55,"turns":7}],"seed_played":"2860160884724717299","potions_obtained":[{"floor":1,"key":"Adrenaline Potion"},{"floor":27,"key":"Weak Potion"},{"floor":28,"key":"EssenceOfDarkness"},{"floor":33,"key":"SmokeBomb"},{"floor":40,"key":"Block Potion"}],"is_trial":false,"path_per_floor":["M","?","?","T","M","E","R","E","T","$","M","M","?","M","R","B",null,"M","?","$","?","$","R","E","?","T","E","M","M","?","M","R","B",null,"M","?","?","M","$","E","M","E","T","M","M","E","R","M","R","B",null,"R","$","E","B",null],"character_chosen":"DEFECT","items_purchased":["hubris:PowerSurge","Ball Lightning","ClockworkSouvenir","Seek","FTL","Apotheosis","Storm","Chemical X","Replay:Baseball","Self Repair","Bandage Up","Cold Snap","Coolheaded","Membership Card","Static Discharge","BootSequence","Block Potion","hubris:EnhanceAbility","FIFO Queue","ReplayTheSpireMod:Private Reserves+1","White Noise+1","hubris:MedicalManual","ReplayTheSpireMod:Calculation Training+1","ReplayTheSpireMod:Private Reserves+1","Storm","hubris:CrystalStatue"],"campfire_rested":0,"item_purchase_floors":[0,0,0,0,0,0,0,0,0,0,0,0,0,0,0,0,0,20,20,22,22,22,39,39,39,53],"current_hp_per_floor":[36,31,31,31,47,65,65,53,53,53,59,68,68,70,70,59,68,62,62,62,62,62,62,70,70,70,71,71,71,50,62,62,70,71,73,73,69,73,73,73,77,71,71,77,77,79,79,81,81,81,81,81,81,83,83],"gold":94,"neow_bonus":"","is_daily":false,"chose_seed":false,"campfire_upgraded":6,"win_rate":0.0,"timestamp":1611953940,"path_taken":["M","?","?","?","M","E","R","E","T","?","M","?","?","M","R","BOSS","M","?","$","?","$","R","E","?","T","E","M","M","?","M","R","BOSS","M","?","?","M","$","E","M","E","T","?","M","E","R","M","R","BOSS","R","$","E","BOSS"],"items_purchased_type":["Card","Card","Relic","Card","Card","Card","Card","Relic","Relic","Card","Card","Card","Card","Relic","Card","Card","Potion","Card","Card","Card","Card","Relic","Card","Card","Card","Relic"],"build_version":"2020-12-22","purchased_purges":5,"victory":true,"max_hp_per_floor":[71,71,71,71,71,71,71,71,71,71,71,71,71,71,71,71,71,71,71,71,71,71,71,71,71,71,71,71,71,71,71,71,71,71,73,73,73,73,73,75,77,77,77,77,77,79,79,81,81,81,81,81,81,83,83],"card_choices":[{"not_picked":["Beam Cell","Compile Driver","Chaos"],"picked":"SKIP","floor":1},{"not_picked":["Go for the Eyes","ReplayGash"],"picked":"Barrage","floor":5},{"not_picked":["Turbo+1","Static Discharge"],"picked":"Stack+1","floor":6},{"not_picked":["Multi-Cast+1","BasicCrystalCard+1"],"picked":"ReplayRNGCard+1","floor":8},{"not_picked":["Turbo+1","Melter"],"picked":"Redo+1","floor":11},{"not_picked":["Go for the Eyes","Compile Driver"],"picked":"Conserve Battery+1","floor":12},{"not_picked":["BasicCrystalCard+1","Steam Power+1"],"picked":"Glacier+1","floor":14},{"not_picked":["Hyperbeam","Rainbow+1"],"picked":"Mirror Shield+1","floor":16},{"not_picked":["Blizzard","Steam Power+1"],"picked":"Coolheaded+1","floor":18},{"not_picked":["BasicCrystalCard+1","Streamline","Coolheaded+1"],"picked":"Storm","floor":24},{"not_picked":["Barrage","Ball Lightning+1","Fission+1"],"picked":"Loop","floor":27},{"not_picked":["Barrage","Sweeping Beam","Force Field+1"],"picked":"ReplayTheSpireMod:Calculation Training+1","floor":28},{"not_picked":["Force Field+1","Stack+1","Undo+1","Thunder Strike"],"picked":"SKIP","floor":29},{"not_picked":["Gash","Redo+1","Undo+1","Rebound"],"picked":"SKIP","floor":31},{"not_picked":["ReplayRNGCard+1","ReplayTheSpireMod:Omega Cannon","Machine Learning"],"picked":"Creative AI","floor":33},{"not_picked":["Compile Driver+1","Darkness+1","Ball Lightning","BasicCrystalCard+1"],"picked":"Singing Bowl","floor":35},{"not_picked":["Force Field+1","ReplayTheSpireMod:System Scan+1","Sweeping Beam+1"],"picked":"Glacier+1","floor":38},{"not_picked":["Ball Lightning","Beam Cell","Sunder","Streamline"],"picked":"Singing Bowl","floor":40},{"not_picked":["ReplayTheSpireMod:Calculation Training+1","Hyperbeam","Compile Driver","Static Discharge"],"picked":"Singing Bowl","floor":41},{"not_picked":["Stack+1","Doom and Gloom+1","Panic Button+1"],"picked":"Biased Cognition","floor":42},{"not_picked":["BasicCrystalCard+1","Double Energy+1","Rebound+1"],"picked":"White Noise+1","floor":44},{"not_picked":["hubris:Ukulele+1","Gash+1","Barrage+1"],"picked":"Defragment","floor":45},{"not_picked":["Stack+1","Compile Driver+1","ReplayTheSpireMod:GoodbyeWorld","Force Field+1"],"picked":"Singing Bowl","floor":46},{"not_picked":["ReplaySort+1","Time Bomb+1","Force Field+1","Conserve Battery+1"],"picked":"Singing Bowl","floor":48},{"not_picked":["Rebound+1","Stack+1","Recycle+1","FTL+1"],"picked":"Singing Bowl","floor":54}],"player_experience":733702,"relics_obtained":[{"floor":3,"key":"Ring of Hypnosis"},{"floor":4,"key":"Blood Vial"},{"floor":6,"key":"Toxic Egg 2"},{"floor":8,"key":"Replay:Bottled Eggs"},{"floor":9,"key":"Orichalcum"},{"floor":24,"key":"DataDisk"},{"floor":26,"key":"Solar Panel"},{"floor":27,"key":"Replay:Antivirus Software"},{"floor":30,"key":"Necronomicon"},{"floor":34,"key":"hubris:ToyBattleship"},{"floor":34,"key":"Singing Bowl"},{"floor":34,"key":"Emotion Chip"},{"floor":40,"key":"Bird Faced Urn"},{"floor":42,"key":"Molten Egg 2"},{"floor":46,"key":"Carrot"},{"floor":54,"key":"hubris:BallOfYels"}],"event_choices":[{"damage_healed":0,"gold_gain":0,"player_choice":"Success","damage_taken":5,"relics_obtained":["MawBank"],"max_hp_gain":0,"max_hp_loss":0,"event_name":"Scrap Ooze","floor":2,"gold_loss":0},{"damage_healed":0,"gold_gain":0,"player_choice":"Obtained Relic","damage_taken":0,"relics_obtained":["Question Card"],"max_hp_gain":0,"max_hp_loss":0,"event_name":"Addict","floor":19,"gold_loss":85},{"damage_healed":0,"gold_gain":0,"player_choice":"Paid Fearfully","damage_taken":0,"max_hp_gain":0,"max_hp_loss":0,"event_name":"Masked Bandits","floor":25,"gold_loss":76},{"damage_healed":0,"gold_gain":0,"player_choice":"Obtained Book","damage_taken":21,"max_hp_gain":0,"max_hp_loss":0,"event_name":"Cursed Tome","floor":30,"gold_loss":0},{"damage_healed":0,"gold_gain":0,"player_choice":"Ignored","damage_taken":0,"max_hp_gain":0,"max_hp_loss":0,"event_name":"Tomb of Lord Red Mask","floor":36,"gold_loss":0},{"damage_healed":0,"gold_gain":0,"player_choice":"Bought 0 Potions","damage_taken":0,"max_hp_gain":0,"max_hp_loss":0,"event_name":"The Woman in Blue","floor":37,"gold_loss":0}],"is_beta":false,"boss_relics":[{"not_picked":["hubris:Stopwatch","Pandora\u0027s Box"],"picked":"Abe\u0027s Treasure"},{"not_picked":["Honey Jar","Empty Cage"],"picked":"Calling Bell"}],"items_purged_floors":[0,0,0,0,20],"is_endless":false,"potions_floor_spawned":[1,12,14,27,28,33,40,42,44,48,54],"ascension_level":18}}