{"host":"f9ntswufr8mq3t4y","time":1611936355,"event":{"mods":["AchievementEnabler","BaseMod","Best Route Mod","Block Reminder","Colored Map","Colored Powertips","Curses Come First","DeckTracker","Displayed Cursed Tome","Highlight Path","Minty Spire (QoL Compilation)","Permanent Neow","Quick Restart","Slay-I","StSLib"],"gold_per_floor":[18,36,51,62,62,62,92,105,130,164,238,238,273,103,103,201,201,221,235,253,266,181,181,281,309,335,335,345,345,371,389,389,389,389],"floor_reached":33,"language":"ENG","playtime":1495,"items_purged":[],"score":434,"play_id":"e8e4975b-9e14-4b78-80a9-38003d57b5fc","local_time":"20210129190555","is_ascension_mode":true,"campfire_choices":[{"data":"Intimidate","floor":6,"key":"SMITH"},{"floor":12,"key":"REST"},{"data":"Apotheosis","floor":15,"key":"SMITH"},{"floor":23,"key":"REST"},{"data":"Feed","floor":27,"key":"SMITH"},{"floor":29,"key":"REST"},{"data":"True Grit","floor":32,"key":"SMITH"}],"circlet_count":0,"master_deck":["Strike_R","Strike_R","Strike_R","Strike_R","Defend_R","Defend_R","Defend_R+1","Bash","Sword Boomerang","Intimidate+1","Clash","Exhume+1","Feed+1","Armaments","Spot Weakness","Apotheosis+1","Immolate","Pummel","Pommel Strike+1","Ghostly Armor+1","True Grit+1"],"relics":["Burning Blood","Letter Opener","Lantern","Regal Pillow","Happy Flower","Sozu","Lizard Tail","Akabeko","Dream Catcher","Blood Vial"],"acts_visited":["TheCity"],"potions_floor_usage":[13,13,21,25],"damage_taken":[{"damage":2,"enemies":"Jaw Worm","floor":1,"turns":3},{"damage":3,"enemies":"Cultist","floor":2,"turns":4},{"damage":3,"enemies":"Small Slimes","floor":3,"turns":2},{"damage":4,"enemies":"Looter","floor":4,"turns":3},{"damage":50,"enemies":"Lagavulin","floor":7,"turns":8},{"damage":11,"enemies":"Exordium Thugs","floor":8,"turns":4},{"damage":6,"enemies":"Gremlin Nob","floor":10,"turns":4},{"damage":17,"enemies":"Lagavulin","floor":13,"turns":7},{"damage":38,"enemies":"Slime Boss","floor":16,"turns":10},{"damage":6,"enemies":"3 Byrds","floor":18,"turns":4},{"damage":3,"enemies":"Spheric Guardian","floor":19,"turns":3},{"damage":16,"enemies":"Snake Plant","floor":20,"turns":4},{"damage":30,"enemies":"Sentry and Sphere","floor":21,"turns":5},{"damage":20,"enemies":"Slavers","floor":25,"turns":3},{"damage":35,"enemies":"Shelled Parasite and Fungi","floor":28,"turns":4},{"damage":31,"enemies":"Book of Stabbing","floor":30,"turns":4},{"damage":0,"enemies":"Snake Plant","floor":31,"turns":2},{"damage":173,"enemies":"Automaton","floor":33,"turns":12}],"seed_played":"-6302918856410195079","potions_obtained":[{"floor":2,"key":"Energy Potion"},{"floor":4,"key":"Swift Potion"},{"floor":8,"key":"Block Potion"},{"floor":10,"key":"AttackPotion"},{"floor":16,"key":"SkillPotion"}],"is_trial":false,"path_per_floor":["M","M","M","M","?","R","E","M","T","E","?","R","E","$","R","B",null,"M","M","M","M","?","R","?","E","T","R","M","R","E","M","R","B"],"character_chosen":"IRONCLAD","items_purchased":["Apotheosis"],"campfire_rested":3,"item_purchase_floors":[14],"current_hp_per_floor":[80,80,80,80,64,64,20,18,18,21,21,61,50,50,50,22,73,77,80,74,50,50,94,94,84,84,84,63,110,85,97,97,0,0],"gold":389,"neow_bonus":"TRANSFORM_TWO_CARDS","is_daily":false,"chose_seed":false,"campfire_upgraded":4,"win_rate":0.0,"timestamp":1611936355,"path_taken":["M","M","M","M","?","R","E","M","T","E","?","R","E","?","R","BOSS","M","?","M","M","?","R","?","E","T","R","M","R","E","M","R","BOSS"],"items_purchased_type":["Card"],"build_version":"2020-12-22","purchased_purges":0,"victory":false,"max_hp_per_floor":[80,80,80,80,80,80,80,83,83,86,86,86,86,86,86,90,90,94,94,98,98,98,98,98,102,102,102,110,110,110,114,114,114,114],"card_choices":[{"not_picked":["Heavy Blade","Iron Wave","Headbutt"],"picked":"SKIP","floor":1},{"not_picked":["Flex","Whirlwind"],"picked":"Clash","floor":2},{"not_picked":["Seeing Red","Feel No Pain"],"picked":"Exhume","floor":3},{"not_picked":["Havoc","Blood for Blood","Warcry"],"picked":"SKIP","floor":4},{"not_picked":["Twin Strike","Seeing Red"],"picked":"Feed","floor":7},{"not_picked":["Havoc","Anger","Burning Pact"],"picked":"SKIP","floor":8},{"not_picked":["Corruption","Wild Strike"],"picked":"Armaments","floor":10},{"not_picked":["Sword Boomerang","Shockwave"],"picked":"Spot Weakness","floor":13},{"not_picked":["Corruption","Brutality"],"picked":"Immolate","floor":16},{"not_picked":["Wild Strike","Sword Boomerang"],"picked":"Pummel","floor":18},{"not_picked":["Iron Wave","Clothesline","Headbutt"],"picked":"SKIP","floor":19},{"not_picked":["Seeing Red+1","Feel No Pain"],"picked":"Pommel Strike+1","floor":20},{"not_picked":["Pommel Strike+1","Rage","Flex+1"],"picked":"SKIP","floor":21},{"not_picked":["Shrug It Off","True Grit","Iron Wave+1"],"picked":"SKIP","floor":25},{"not_picked":["Heavy Blade","Perfected Strike"],"picked":"Ghostly Armor+1","floor":28},{"not_picked":["Metallicize","Flex+1"],"picked":"True Grit","floor":29},{"not_picked":["Corruption","Fiend Fire","True Grit"],"picked":"SKIP","floor":30},{"not_picked":["Pommel Strike","Headbutt","Hemokinesis"],"picked":"SKIP","floor":31}],"player_experience":367800,"relics_obtained":[{"floor":7,"key":"Letter Opener"},{"floor":9,"key":"Lantern"},{"floor":10,"key":"Regal Pillow"},{"floor":13,"key":"Happy Flower"},{"floor":25,"key":"Akabeko"},{"floor":26,"key":"Dream Catcher"},{"floor":30,"key":"Blood Vial"}],"event_choices":[{"damage_healed":0,"gold_gain":0,"player_choice":"Entered Light","damage_taken":16,"max_hp_gain":0,"max_hp_loss":0,"event_name":"Shining Light","floor":5,"gold_loss":0,"cards_upgraded":["Defend_R","Exhume"]},{"damage_healed":0,"gold_gain":74,"player_choice":"Gained Gold","damage_taken":0,"max_hp_gain":0,"max_hp_loss":0,"event_name":"Golden Wing","floor":11,"gold_loss":0},{"damage_healed":0,"gold_gain":0,"player_choice":"Obtained Relic","damage_taken":0,"relics_obtained":["Lizard Tail"],"max_hp_gain":0,"max_hp_loss":0,"event_name":"Addict","floor":22,"gold_loss":85},{"damage_healed":0,"gold_gain":100,"player_choice":"Pray","damage_taken":0,"max_hp_gain":0,"max_hp_loss":0,"event_name":"Golden Shrine","floor":24,"gold_loss":0}],"is_beta":false,"boss_relics":[{"not_picked":["Runic Dome","Snecko Eye"],"picked":"Sozu"}],"items_purged_floors":[],"is_endless":false,"potions_floor_spawned":[2,4,8,10,16,20,25,28],"killed_by":"Automaton","ascension_level":5}}