{"host":"2q82lssse0ckn8xu","time":1611930095,"event":{"mods":["AchievementEnabler","BaseMod","Colored Map","Colored Powertips","Minty Spire (QoL Compilation)","Permanent Neow","Quick Restart","StSLib","The Saiyan","Unceasing Turn Reminder"],"gold_per_floor":[113,131,131,150,170,170,199,41,41,41,54,129,148,160,160,232,232,247,197,211,211,211,241,166,166,166,8,8,26,76,76,76,76,76],"floor_reached":33,"language":"ENG","playtime":1740,"items_purged":["Clumsy"],"score":502,"play_id":"8a38e280-ffb0-470a-bb9d-ee5ff37da1a0","local_time":"20210129195135","is_ascension_mode":true,"campfire_choices":[{"data":"Sunder","floor":6.0,"key":"SMITH"},{"data":"Self Repair","floor":10.0,"key":"SMITH"},{"data":"Dualcast","floor":15.0,"key":"SMITH"},{"floor":25.0,"key":"REST"},{"floor":28.0,"key":"REST"},{"floor":32,"key":"RECALL"}],"circlet_count":0,"master_deck":["AscendersBane","Defend_B","Defend_B","Defend_B","Defend_B","Zap+1","Dualcast+1","Auto Shields","Leap","Sunder+1","Leap","Self Repair+1","Streamline","Streamline","Ball Lightning","Core Surge","Conserve Battery+1","Redo","Bite","Bite","Bite","Bite","Bite","Necronomicurse","Undo","Redo+1"],"relics":["Cracked Core","Bag of Marbles","Lee\u0027s Waffle","Gremlin Horn","Fusion Hammer","Necronomicon","Calipers","Thread and Needle","Lantern","Vajra"],"acts_visited":["Exordium","TheCity"],"potions_floor_usage":[],"damage_taken":[{"damage":0.0,"enemies":"Small Slimes","floor":1.0,"turns":3.0},{"damage":0.0,"enemies":"2 Louse","floor":2.0,"turns":3.0},{"damage":1.0,"enemies":"Cultist","floor":4.0,"turns":4.0},{"damage":0.0,"enemies":"3 Louse","floor":5.0,"turns":2.0},{"damage":2.0,"enemies":"3 Sentries","floor":7.0,"turns":7.0},{"damage":0.0,"enemies":"2 Fungi Beasts","floor":11.0,"turns":2.0},{"damage":5.0,"enemies":"Exordium Thugs","floor":13.0,"turns":3.0},{"damage":0.0,"enemies":"Lots of Slimes","floor":14.0,"turns":3.0},{"damage":42.0,"enemies":"The Guardian","floor":16.0,"turns":12.0},{"damage":0.0,"enemies":"Chosen","floor":18.0,"turns":3.0},{"damage":6.0,"enemies":"Spheric Guardian","floor":20.0,"turns":3.0},{"damage":35.0,"enemies":"Slavers","floor":23.0,"turns":4.0},{"damage":0,"enemies":"Centurion and Healer","floor":29,"turns":4},{"damage":78,"enemies":"Collector","floor":33,"turns":6}],"seed_played":"2306010535904092258","potions_obtained":[{"floor":1.0,"key":"Swift Potion"},{"floor":4.0,"key":"SpeedPotion"},{"floor":5.0,"key":"SkillPotion"},{"floor":16.0,"key":"FearPotion"},{"floor":18.0,"key":"LiquidMemories"}],"is_trial":false,"path_per_floor":["M","M","?","M","M","R","E","$","T","R","M","?","M","M","R","B",null,"M","?","M","?","?","E","$","R","T","$","R","M","?","?","R","B"],"character_chosen":"DEFECT","items_purchased":["Lee\u0027s Waffle","Lantern"],"campfire_rested":2,"item_purchase_floors":[8,27],"current_hp_per_floor":[78,78,78,77,77,77,75,92,92,92,92,81,76,86,86,54,83,92,92,92,64,43,16,16,35,35,35,54,62,62,62,62,0,0],"gold":76,"neow_bonus":"TWENTY_PERCENT_HP_BONUS","is_daily":false,"chose_seed":false,"campfire_upgraded":3,"win_rate":0.0,"timestamp":1611930095,"path_taken":["M","M","?","M","M","R","E","$","T","R","M","?","M","M","R","BOSS","M","?","?","?","?","E","$","R","T","$","R","M","?","?","R","BOSS"],"items_purchased_type":["Relic","Relic"],"build_version":"2020-12-22","purchased_purges":1,"victory":false,"max_hp_per_floor":[85,85,85,85,85,85,85,92,92,92,92,92,92,92,92,92,92,92,92,92,64,64,64,64,64,64,64,64,64,64,64,64,64,64],"card_choices":[{"not_picked":["Cold Snap","Go for the Eyes"],"picked":"Auto Shields","floor":1.0},{"not_picked":["Coolheaded","Barrage"],"picked":"Leap","floor":2.0},{"not_picked":["Auto Shields","Steam"],"picked":"Sunder","floor":4.0},{"not_picked":["Gash","Auto Shields"],"picked":"Leap","floor":5.0},{"not_picked":["Loop","Scrape"],"picked":"Self Repair","floor":7.0},{"not_picked":["Go for the Eyes","Rebound"],"picked":"Streamline","floor":11.0},{"not_picked":["Stack","Go for the Eyes"],"picked":"Streamline","floor":13.0},{"not_picked":["Steam","Redo"],"picked":"Ball Lightning","floor":14.0},{"not_picked":["Hyperbeam","Multi-Cast"],"picked":"Core Surge","floor":16.0},{"not_picked":["Static Discharge","Barrage"],"picked":"Conserve Battery","floor":18.0},{"not_picked":["Cold Snap","Leap"],"picked":"Redo","floor":20.0},{"not_picked":["Capacitor","Doom and Gloom"],"picked":"Undo","floor":23.0},{"not_picked":["Storm","Chill"],"picked":"Redo+1","floor":29}],"player_experience":642310,"relics_obtained":[{"floor":7.0,"key":"Bag of Marbles"},{"floor":9.0,"key":"Gremlin Horn"},{"floor":22.0,"key":"Necronomicon"},{"floor":23.0,"key":"Calipers"},{"floor":26.0,"key":"Thread and Needle"}],"event_choices":[{"damage_healed":0.0,"max_hp_gain":0.0,"max_hp_loss":0.0,"gold_gain":0.0,"event_name":"Living Wall","player_choice":"Grow","floor":3.0,"gold_loss":0.0,"damage_taken":0.0,"cards_upgraded":["Zap"]},{"damage_healed":0.0,"max_hp_gain":0.0,"max_hp_loss":0.0,"gold_gain":75.0,"event_name":"World of Goop","player_choice":"Gather Gold","floor":12.0,"gold_loss":0.0,"damage_taken":11.0},{"damage_healed":0.0,"max_hp_gain":0.0,"max_hp_loss":0.0,"gold_gain":0.0,"event_name":"Designer","player_choice":"Upgrade","floor":19.0,"gold_loss":50.0,"damage_taken":0.0,"cards_upgraded":["Conserve Battery"]},{"damage_healed":0.0,"max_hp_gain":0.0,"max_hp_loss":28.0,"gold_gain":0.0,"event_name":"Vampires","player_choice":"Became a vampire","floor":21.0,"gold_loss":0.0,"damage_taken":0.0,"cards_obtained":["Bite","Bite","Bite","Bite","Bite"]},{"damage_healed":0.0,"max_hp_gain":0.0,"max_hp_loss":0.0,"gold_gain":0.0,"event_name":"Cursed Tome","player_choice":"Obtained Book","floor":22.0,"gold_loss":0.0,"damage_taken":21.0},{"damage_healed":0,"gold_gain":50,"player_choice":"Stole From Cult","damage_taken":0,"max_hp_gain":0,"max_hp_loss":0,"event_name":"Nest","floor":30,"gold_loss":0},{"damage_healed":0,"gold_gain":0,"player_choice":"Gave Potion","damage_taken":0,"relics_obtained":["Vajra"],"max_hp_gain":0,"max_hp_loss":0,"event_name":"WeMeetAgain","floor":31,"gold_loss":0}],"is_beta":false,"boss_relics":[{"not_picked":["Philosopher\u0027s Stone","Runic Pyramid"],"picked":"Fusion Hammer"}],"items_purged_floors":[24],"is_endless":false,"potions_floor_spawned":[1,4,5,16,18],"killed_by":"Collector","ascension_level":16}}