{"host":"ojezjkpqju62j8xy","time":1611905701,"event":{"mods":["ATMod(°¢èªMod)","Act Like it!","Aspiration","BaseMod","Conspire","Gensokyo","Minty Spire (QoL Compilation)","Pale of the Ancients","Replay The Spire","Spicy Shops","StSLib","¡¾ÒÅÎï¿¨ÅÆ¡¿REMEMod","²ÐÁôÖ®Îï"],"gold_per_floor":[118,128,128,142,10,10,65,65,65,65,175,175],"floor_reached":11,"language":"ZHS","playtime":384,"items_purged":[],"score":132,"play_id":"b44b2cb0-1988-495b-9d13-99af7cdd12e3","local_time":"20210129153501","is_ascension_mode":true,"campfire_choices":[{"floor":6,"key":"RECALL"}],"circlet_count":0,"master_deck":["AscendersBane","Strike_R","Strike_R","Strike_R","Strike_R","Strike_R","Defend_R","Defend_R","Defend_R","Defend_R","Bash","conspire:HitWhereItHurts","ReplayTheSpireMod:Private Reserves","Rampage","Warcry","Heavy Blade","Replay:Undeath\u0027s Touch","Reckless Charge"],"relics":["Burning Blood","AT_ATBox","REME_ComplimentaryCards","Bag of Marbles","Boot","Gensokyo:OccultBall"],"acts_visited":["Gensokyo:Gensokyo"],"potions_floor_usage":[7],"damage_taken":[{"damage":13.0,"enemies":"Gensokyo:Python","floor":1.0,"turns":3.0},{"damage":11.0,"enemies":"Gensokyo:2_Kodama","floor":2.0,"turns":3.0},{"damage":14,"enemies":"Gensokyo:3_Fairies","floor":4,"turns":4},{"damage":36,"enemies":"Gensokyo:Cirno","floor":7,"turns":5},{"damage":26,"enemies":"Gensokyo:Mamizou","floor":11,"turns":4}],"seed_played":"-2566466007695303450","potions_obtained":[{"floor":4,"key":"REME_GoldPotion"}],"is_trial":false,"path_per_floor":["M","M","?","M","$","R","E","?","T","$","E"],"character_chosen":"IRONCLAD","items_purchased":["Bag of Marbles","Replay:Undeath\u0027s Touch"],"campfire_rested":0,"item_purchase_floors":[5,5],"current_hp_per_floor":[61,56,60,52,52,52,22,22,22,22,0,0],"gold":175,"neow_bonus":"RANDOM_COLORLESS","is_daily":false,"chose_seed":false,"campfire_upgraded":0,"win_rate":0.0,"timestamp":1611905701,"path_taken":["M","?","?","?","?","R","E","?","T","$","E"],"items_purchased_type":["Relic","Card"],"build_version":"2020-12-22","purchased_purges":0,"victory":false,"max_hp_per_floor":[75,75,75,75,75,75,75,75,75,75,75,75],"card_choices":[{"not_picked":["Replay:BasicMightCard","ReplayTheSpireMod:Uncanny Aura"],"picked":"ReplayTheSpireMod:Private Reserves","floor":0.0},{"not_picked":["True Grit","Body Slam"],"picked":"Rampage","floor":1.0},{"not_picked":["ReplayTheSpireMod:Strike From Hell","ReplayTheSpireMod:Corrosion Curse"],"picked":"Warcry","floor":2.0},{"not_picked":["ReplayTheSpireMod:Strike From Hell","Clothesline"],"picked":"Heavy Blade","floor":4},{"not_picked":["ReplayTheSpireMod:Corrosion Curse","Twin Strike"],"picked":"Reckless Charge","floor":7}],"player_experience":1493226,"relics_obtained":[{"floor":7,"key":"Boot"}],"event_choices":[],"is_beta":false,"boss_relics":[],"items_purged_floors":[],"is_endless":false,"potions_floor_spawned":[4],"killed_by":"Gensokyo:Mamizou","ascension_level":20}}