{"host":"b7j598ve05halrwk","time":1611940457,"event":{"mods":["2.2 Compatiblity","BaseMod","Block Reminder","DeckTracker","Minty Spire (QoL Compilation)","Relic Stats","Slay the Relics Exporter","StSLib","ojb\u0027s Better Paths Mod","ojb\u0027s Info Mod"],"gold_per_floor":[111,128,128,139,139,177,177,201,201,221,262,286,325,32,32,152,152,152,152,152,152,152,152,152,152,152,152,152,152,152,152,152,152,152,152,152,45,0,0,0,0,0,0,0,0,0,0,0,0,0,0,0,0,0,0],"floor_reached":56,"language":"ENG","playtime":6037,"items_purged":["Strike_R"],"score":1917,"play_id":"667d3776-f586-4004-a146-9308b404e092","local_time":"20210129121417","is_ascension_mode":true,"campfire_choices":[{"data":"Bash","floor":7.0,"key":"SMITH"},{"data":"Strike_R","floor":15.0,"key":"PURGE"},{"data":"Strike_R","floor":23.0,"key":"PURGE"},{"data":"Shockwave","floor":27.0,"key":"SMITH"},{"data":"Pain","floor":32.0,"key":"PURGE"},{"floor":49.0,"key":"RECALL"},{"floor":52.0,"key":"REST"}],"circlet_count":0,"master_deck":["AscendersBane","Strike_R+1","Strike_R+1","Defend_R","Defend_R","Defend_R","Defend_R","Bash+1","Headbutt","Dropkick","Feed+1","Reckless Charge+1","Iron Wave+1","Dark Embrace+1","Battle Trance","Power Through","Ghostly Armor","Corruption+1","Dropkick+1","Ghostly Armor","Feel No Pain+1","Ghostly","Ghostly","Ghostly","Ghostly","Ghostly","Shockwave+1","Carnage+1","Battle Trance+1","Impervious","Power Through","Brutality+1","Warcry+1","Shrug It Off+1","Madness","True Grit","Reaper+1","Spot Weakness+1","True Grit+1","Dual Wield+1","Iron Wave+1","Shockwave","Heavy Blade+1","Rupture+1","Burning Pact"],"relics":["Burning Blood","CaptainsWheel","Golden Idol","Molten Egg 2","Frozen Egg 2","Paper Frog","Peace Pipe","Nunchaku","Ectoplasm","Bronze Scales","Smiling Mask","Bird Faced Urn","WarpedTongs","Mark of Pain","Red Mask","Happy Flower","Letter Opener","Vajra"],"acts_visited":["Exordium","TheCity","TheBeyond","TheEnding"],"potions_floor_usage":[55,55],"damage_taken":[{"damage":5.0,"enemies":"2 Louse","floor":1.0,"turns":3.0},{"damage":7.0,"enemies":"Jaw Worm","floor":2.0,"turns":4.0},{"damage":0.0,"enemies":"Cultist","floor":4.0,"turns":3.0},{"damage":20.0,"enemies":"3 Sentries","floor":6.0,"turns":8.0},{"damage":6.0,"enemies":"Blue Slaver","floor":8.0,"turns":5.0},{"damage":1.0,"enemies":"Looter","floor":10.0,"turns":3.0},{"damage":11.0,"enemies":"Gremlin Nob","floor":11.0,"turns":5.0},{"damage":7.0,"enemies":"Red Slaver","floor":12.0,"turns":5.0},{"damage":18.0,"enemies":"3 Sentries","floor":13.0,"turns":7.0},{"damage":43.0,"enemies":"Hexaghost","floor":16.0,"turns":12.0},{"damage":12.0,"enemies":"Chosen","floor":18.0,"turns":5.0},{"damage":2.0,"enemies":"Shell Parasite","floor":19.0,"turns":4.0},{"damage":13.0,"enemies":"Shelled Parasite and Fungi","floor":20.0,"turns":4.0},{"damage":0.0,"enemies":"Cultist and Chosen","floor":22.0,"turns":6.0},{"damage":4.0,"enemies":"Slavers","floor":24.0,"turns":10.0},{"damage":0.0,"enemies":"Snake Plant","floor":25.0,"turns":4.0},{"damage":0.0,"enemies":"Snecko","floor":28.0,"turns":6.0},{"damage":1.0,"enemies":"Gremlin Leader","floor":29.0,"turns":6.0},{"damage":6.0,"enemies":"Cultist and Chosen","floor":31.0,"turns":4.0},{"damage":24.0,"enemies":"Automaton","floor":33.0,"turns":13.0},{"damage":3.0,"enemies":"3 Shapes","floor":35.0,"turns":4.0},{"damage":5.0,"enemies":"3 Darklings","floor":36.0,"turns":6.0},{"damage":6.0,"enemies":"Maw","floor":39.0,"turns":7.0},{"damage":6.0,"enemies":"Giant Head","floor":40.0,"turns":7.0},{"damage":6.0,"enemies":"Spire Growth","floor":42.0,"turns":7.0},{"damage":5.0,"enemies":"4 Shapes","floor":44.0,"turns":6.0},{"damage":54.0,"enemies":"Transient","floor":45.0,"turns":5.0},{"damage":4.0,"enemies":"Jaw Worm Horde","floor":46.0,"turns":5.0},{"damage":6.0,"enemies":"Reptomancer","floor":47.0,"turns":7.0},{"damage":29.0,"enemies":"3 Darklings","floor":48.0,"turns":5.0},{"damage":73.0,"enemies":"Time Eater","floor":50.0,"turns":13.0},{"damage":13.0,"enemies":"Shield and Spear","floor":54.0,"turns":6.0},{"damage":108,"enemies":"The Heart","floor":55,"turns":10}],"seed_played":"6788222804616037234","potions_obtained":[{"floor":6.0,"key":"LiquidMemories"},{"floor":8.0,"key":"LiquidMemories"},{"floor":10.0,"key":"ElixirPotion"},{"floor":19.0,"key":"Explosive Potion"},{"floor":20.0,"key":"BloodPotion"},{"floor":24.0,"key":"LiquidMemories"},{"floor":33.0,"key":"SteroidPotion"},{"floor":35.0,"key":"PowerPotion"},{"floor":54.0,"key":"Explosive Potion"}],"is_trial":false,"path_per_floor":["M","M","?","M","?","E","R","M","T","M","E","M","E","$","R","B",null,"M","M","M","?","M","R","E","M","T","R","M","E","?","M","R","B",null,"M","M","$","?","M","E","?","M","T","M","M","M","E","M","R","B",null,"R","$","E","B",null],"character_chosen":"IRONCLAD","items_purchased":["Ghostly Armor","Nunchaku","Madness","True Grit"],"campfire_rested":1,"item_purchase_floors":[14,14,37,37],"current_hp_per_floor":[72,71,57,63,63,49,49,53,53,62,57,60,52,52,52,15,66,64,68,65,45,49,49,53,53,53,53,57,61,61,65,65,52,65,73,77,77,77,77,81,81,85,85,89,60,70,93,93,93,51,83,93,93,97,50],"gold":0,"neow_bonus":"ONE_RARE_RELIC","is_daily":false,"chose_seed":false,"campfire_upgraded":2,"win_rate":0.0,"timestamp":1611940457,"path_taken":["M","M","?","M","?","E","R","?","T","M","E","M","E","?","R","BOSS","M","M","M","?","M","R","E","M","T","R","M","E","?","M","R","BOSS","M","M","$","?","M","E","?","?","T","M","?","M","E","M","R","BOSS","R","$","E","BOSS"],"items_purchased_type":["Card","Relic","Card","Card"],"build_version":"2020-12-22","purchased_purges":1,"victory":true,"max_hp_per_floor":[72,72,72,72,67,67,67,71,71,75,75,79,83,83,83,83,83,87,87,91,45,49,49,53,53,53,53,57,61,61,65,65,69,69,73,77,77,77,77,81,81,85,85,89,89,89,93,93,93,93,93,93,93,97,97],"relic_stats":{"Happy Flower":[21],"counters":[33,205],"Golden Idol":238,"Letter Opener":[91],"Smiling Mask":0,"Burning Blood":132,"WarpedTongs":[95],"Peace Pipe":3,"Nunchaku":[34],"Bronze Scales":[500],"Bird Faced Urn":[85],"Ectoplasm":637,"obtain_stats":[{"Happy Flower":40,"Golden Idol":5,"Vajra":54,"Letter Opener":47,"Frozen Egg 2":9,"Smiling Mask":26,"Burning Blood":0,"WarpedTongs":30,"Peace Pipe":13,"CaptainsWheel":0,"Nunchaku":14,"Bronze Scales":24,"Bird Faced Urn":29,"Molten Egg 2":6,"Ectoplasm":17,"Mark of Pain":34,"Red Mask":38,"Paper Frog":11},{"Happy Flower":24,"Golden Idol":3,"Vajra":32,"Letter Opener":29,"Frozen Egg 2":5,"Smiling Mask":16,"Burning Blood":0,"WarpedTongs":18,"Peace Pipe":9,"CaptainsWheel":0,"Nunchaku":9,"Bronze Scales":15,"Bird Faced Urn":18,"Molten Egg 2":4,"Ectoplasm":10,"Mark of Pain":20,"Red Mask":22,"Paper Frog":7},{"Happy Flower":141,"Golden Idol":10,"Vajra":195,"Letter Opener":171,"Frozen Egg 2":23,"Smiling Mask":88,"Burning Blood":0,"WarpedTongs":100,"Peace Pipe":43,"CaptainsWheel":0,"Nunchaku":43,"Bronze Scales":84,"Bird Faced Urn":100,"Molten Egg 2":18,"Ectoplasm":55,"Mark of Pain":117,"Red Mask":127,"Paper Frog":31}]},"card_choices":[{"not_picked":["Sword Boomerang","Warcry"],"picked":"Headbutt","floor":1.0},{"not_picked":["Clash","Warcry","Body Slam"],"picked":"SKIP","floor":2.0},{"not_picked":["Pommel Strike","Iron Wave"],"picked":"Dropkick","floor":4.0},{"not_picked":["Rage","Uppercut+1"],"picked":"Feed+1","floor":6.0},{"not_picked":["Searing Blow+1","Body Slam+1"],"picked":"Reckless Charge+1","floor":8.0},{"not_picked":["Flex","Pommel Strike+1"],"picked":"Iron Wave+1","floor":10.0},{"not_picked":["Sever Soul+1","Seeing Red"],"picked":"Dark Embrace+1","floor":11.0},{"not_picked":["Reckless Charge+1","Carnage+1"],"picked":"Battle Trance","floor":12.0},{"not_picked":["Rampage+1","Twin Strike+1"],"picked":"Power Through","floor":13.0},{"not_picked":["Feed+1","Reaper+1"],"picked":"Corruption+1","floor":16.0},{"not_picked":["Flex","Battle Trance+1"],"picked":"Dropkick+1","floor":18.0},{"not_picked":["Thunderclap+1","Iron Wave+1"],"picked":"Ghostly Armor","floor":19.0},{"not_picked":["Rampage+1","Dark Embrace+1"],"picked":"Feel No Pain+1","floor":20.0},{"not_picked":["Body Slam+1","Searing Blow+1"],"picked":"Shockwave","floor":22.0},{"not_picked":["Entrench","Thunderclap+1"],"picked":"Carnage+1","floor":24.0},{"not_picked":["Pommel Strike+1","Clothesline+1"],"picked":"Battle Trance+1","floor":25.0},{"not_picked":["Sword Boomerang+1","Hemokinesis+1","Corruption+1"],"picked":"SKIP","floor":28.0},{"not_picked":["Burning Pact","Seeing Red"],"picked":"Impervious","floor":29.0},{"not_picked":["Anger+1","Carnage+1"],"picked":"Power Through","floor":31.0},{"not_picked":["Berserk+1","Feed+1"],"picked":"Brutality+1","floor":33.0},{"not_picked":["Clothesline+1","Flex"],"picked":"Warcry+1","floor":35.0},{"not_picked":["Headbutt+1","Disarm+1"],"picked":"Shrug It Off+1","floor":36.0},{"not_picked":["Rampage+1","Thunderclap+1"],"picked":"Reaper+1","floor":39.0},{"not_picked":["Headbutt+1","Rupture+1"],"picked":"Spot Weakness+1","floor":40.0},{"not_picked":["Clash+1","Body Slam+1"],"picked":"True Grit+1","floor":42.0},{"not_picked":["Heavy Blade+1","Reckless Charge+1"],"picked":"Dual Wield+1","floor":44.0},{"not_picked":["True Grit+1","Seeing Red+1"],"picked":"Iron Wave+1","floor":45.0},{"not_picked":["True Grit","Reckless Charge+1"],"picked":"Shockwave","floor":46.0},{"not_picked":["Twin Strike+1","Carnage+1"],"picked":"Heavy Blade+1","floor":47.0},{"not_picked":["Headbutt+1","Pommel Strike+1"],"picked":"Rupture+1","floor":48.0},{"not_picked":["Shrug It Off+1","Bludgeon+1"],"picked":"Burning Pact","floor":54.0}],"player_experience":1068012,"relics_obtained":[{"floor":6.0,"key":"Molten Egg 2"},{"floor":9.0,"key":"Frozen Egg 2"},{"floor":11.0,"key":"Paper Frog"},{"floor":13.0,"key":"Peace Pipe"},{"floor":24.0,"key":"Bronze Scales"},{"floor":26.0,"key":"Smiling Mask"},{"floor":29.0,"key":"Bird Faced Urn"},{"floor":40.0,"key":"Happy Flower"},{"floor":47.0,"key":"Letter Opener"},{"floor":54.0,"key":"Vajra"}],"event_choices":[{"damage_healed":0.0,"max_hp_gain":0.0,"max_hp_loss":0.0,"gold_gain":0.0,"event_name":"Shining Light","player_choice":"Entered Light","floor":3.0,"gold_loss":0.0,"damage_taken":14.0,"cards_upgraded":["Strike_R","Strike_R"]},{"damage_healed":0.0,"max_hp_gain":0.0,"max_hp_loss":5.0,"gold_gain":0.0,"event_name":"Golden Idol","player_choice":"Lose Max HP","floor":5.0,"gold_loss":0.0,"damage_taken":0.0,"relics_obtained":["Golden Idol"]},{"damage_healed":0.0,"max_hp_gain":0.0,"max_hp_loss":46.0,"gold_gain":0.0,"event_name":"Ghosts","player_choice":"Became a Ghost","floor":21.0,"gold_loss":0.0,"damage_taken":0.0,"cards_obtained":["Ghostly","Ghostly","Ghostly","Ghostly","Ghostly"]},{"damage_healed":0.0,"max_hp_gain":0.0,"max_hp_loss":0.0,"gold_gain":0.0,"event_name":"Accursed Blacksmith","player_choice":"Rummage","floor":30.0,"gold_loss":0.0,"damage_taken":0.0,"relics_obtained":["WarpedTongs"],"cards_obtained":["Pain"]},{"damage_healed":0.0,"max_hp_gain":0.0,"max_hp_loss":0.0,"gold_gain":0.0,"event_name":"Tomb of Lord Red Mask","player_choice":"Paid","floor":38.0,"gold_loss":45.0,"damage_taken":0.0,"relics_obtained":["Red Mask"]},{"damage_healed":0.0,"max_hp_gain":0.0,"max_hp_loss":0.0,"gold_gain":0.0,"event_name":"SecretPortal","player_choice":"Ignored","floor":41.0,"gold_loss":0.0,"damage_taken":0.0}],"is_beta":false,"boss_relics":[{"not_picked":["SacredBark","Tiny House"],"picked":"Ectoplasm"},{"not_picked":["Empty Cage","Velvet Choker"],"picked":"Mark of Pain"}],"items_purged_floors":[14],"is_endless":false,"potions_floor_spawned":[6,8,10,13,16,18,19,20,24,33,35,36,39,54],"ascension_level":11}}