{"host":"m4pe905ae9bldoe7","time":1611954983,"event":{"mods":["BaseMod","Bestiary","Block Reminder","Downfall","Minty Spire (QoL Compilation)","StSLib"],"gold_per_floor":[99,116,136,236,161,171,171,121,31,31,60,74,107,121,132,234,234,84,99,117,129,114,389,389,139,158,183,133,146,165,181,198,295,295,245,257,257,257,205,155,155,171,121,151,101,116,42,42,58,77,77,77,107,36,36,36,36,36,36],"floor_reached":57,"language":"ENG","playtime":5138,"items_purged":["Slimebound:Strike_Slimebound","Regret"],"score":803,"play_id":"9df486ca-fd05-4642-8629-405ad113e415","local_time":"20210129221623","is_ascension_mode":true,"campfire_choices":[{"data":"Slimebound:OozeBath","floor":1.0,"key":"SMITH"},{"floor":8.0,"key":"RECALL"},{"data":"Slimebound:DuplicatedForm","floor":18.0,"key":"SMITH"},{"data":"Slimebound:SlimeSlap","floor":25.0,"key":"SMITH"},{"floor":28.0,"key":"REST"},{"data":"Slimebound:DouseInSlime+1","floor":35.0,"key":"PURGE"},{"data":"Slimebound:SlimeBarrage","floor":40,"key":"SMITH"},{"data":"Slimebound:LevelUp","floor":43,"key":"SMITH"},{"floor":45,"key":"REST"},{"floor":55,"key":"REST"}],"circlet_count":0,"master_deck":["Slimebound:Strike_Slimebound","Slimebound:Strike_Slimebound","Slimebound:Tackle","Slimebound:Defend_Slimebound","Slimebound:Defend_Slimebound","Slimebound:Defend_Slimebound","Slimebound:Defend_Slimebound","Slimebound:Split","Slimebound:CorrosiveSpit","Slimebound:OozeBath+1","Slimebound:SamplingLick","Slimebound:GoopSpray","Slimebound:LivingWall","Slimebound:DuplicatedForm+1","Slimebound:PressTheAttack","Slimebound:SlimeBarrage+1","Slimebound:SlimeSlap+1","Slimebound:SpikyOuterGoop","Slimebound:RainOfGoop","Slimebound:Schlurp","Slimebound:LeechingTouch+1","Slimebound:GoopSpray+1","Slimebound:HauntingLick+1","Slimebound:Schlurp+1","expansioncontent:AwakenDeath","Slimebound:LevelUp+1","Apotheosis+1","Slimebound:RainOfGoop+1","Slimebound:PressTheAttack+1","Slimebound:HauntingLick+1","Slimebound:FirmFortitude+1","Slimebound:SlimeSlap+1","Slimebound:OozeBath+1","Parasite","Slimebound:HauntingLick+1","Slimebound:FirmFortitude+1","Slimebound:RainOfGoop+1"],"relics":["Slimebound:AbsorbEndCombat","Slimebound:GreedOozeRelic","Slimebound:ScrapOozeRelic","Toy Ornithopter","Orichalcum","SlaversCollar","downfall:HeartBlessingGreen","downfall:HeartBlessingRed","downfall:HeartBlessingBlue","Toxic Egg 2","Runic Pyramid","Letter Opener","Sundial","Bottled Flame"],"acts_visited":["Exordium","TheCity","TheBeyond","TheEnding"],"potions_floor_usage":[50,53,56],"damage_taken":[{"damage":3.0,"enemies":"Jaw Worm","floor":2.0,"turns":4.0},{"damage":10.0,"enemies":"Small Slimes","floor":3.0,"turns":4.0},{"damage":4.0,"enemies":"Cultist","floor":6.0,"turns":3.0},{"damage":3.0,"enemies":"downfall:FleeingMerchant","floor":9.0,"turns":4.0},{"damage":11.0,"enemies":"Gremlin Nob","floor":11.0,"turns":4.0},{"damage":13.0,"enemies":"Gremlin Gang","floor":12.0,"turns":5.0},{"damage":30.0,"enemies":"3 Sentries","floor":13.0,"turns":6.0},{"damage":17.0,"enemies":"Large Slime","floor":14.0,"turns":5.0},{"damage":20.0,"enemies":"Exordium Wildlife","floor":15.0,"turns":3.0},{"damage":22.0,"enemies":"SI_SHIV_ARCHETYPE","floor":16.0,"turns":7.0},{"damage":21.0,"enemies":"Shell Parasite","floor":19.0,"turns":4.0},{"damage":7.0,"enemies":"3 Byrds","floor":20.0,"turns":3.0},{"damage":6.0,"enemies":"Snake Plant","floor":21.0,"turns":3.0},{"damage":15.0,"enemies":"downfall:FleeingMerchant","floor":22.0,"turns":4.0},{"damage":13.0,"enemies":"Cultist and Chosen","floor":26.0,"turns":6.0},{"damage":52.0,"enemies":"Slavers","floor":27.0,"turns":5.0},{"damage":35.0,"enemies":"Sentry and Sphere","floor":29.0,"turns":4.0},{"damage":18.0,"enemies":"Centurion and Healer","floor":30.0,"turns":6.0},{"damage":22.0,"enemies":"3 Cultists","floor":31.0,"turns":6.0},{"damage":4.0,"enemies":"Cultist and Chosen","floor":32.0,"turns":4.0},{"damage":32.0,"enemies":"DF_ARCHETYPE_CLAW","floor":33.0,"turns":8.0},{"damage":25.0,"enemies":"3 Darklings","floor":36.0,"turns":6.0},{"damage":19.0,"enemies":"3 Darklings","floor":38.0,"turns":4.0},{"damage":15,"enemies":"downfall:FleeingMerchant","floor":39,"turns":4},{"damage":0,"enemies":"3 Shapes","floor":42,"turns":3},{"damage":43,"enemies":"Reptomancer","floor":44,"turns":4},{"damage":15,"enemies":"Sphere and 2 Shapes","floor":46,"turns":4},{"damage":29,"enemies":"Transient","floor":49,"turns":5},{"damage":27,"enemies":"4 Shapes","floor":50,"turns":4},{"damage":136,"enemies":"WA_ARCHETYPE_DIVINITY","floor":51,"turns":10},{"damage":74,"enemies":"downfall:CharBossMerchant","floor":53,"turns":7},{"damage":50,"enemies":"downfall:NeowBoss","floor":56,"turns":14},{"damage":42,"enemies":"downfall:NeowBossFinal","floor":57,"turns":3}],"seed_played":"5207094610953878295","potions_obtained":[{"floor":2.0,"key":"Slimebound:SlimedPotion"},{"floor":3.0,"key":"DistilledChaos"},{"floor":12.0,"key":"SmokeBomb"},{"floor":13.0,"key":"SpeedPotion"},{"floor":15.0,"key":"SkillPotion"},{"floor":16.0,"key":"Slimebound:SlimyTonguePotion"},{"floor":27.0,"key":"Explosive Potion"},{"floor":30.0,"key":"Energy Potion"},{"floor":32.0,"key":"PowerPotion"},{"floor":33.0,"key":"Block Potion"},{"floor":36.0,"key":"DuplicationPotion"},{"floor":44,"key":"Fruit Juice"}],"is_trial":false,"path_per_floor":["R","M","M","?","?","M","T","R","$","?","E","M","E","M","M","B",null,"R","M","M","M","$","?","T","R","M","E","R","M","M","M","M","B",null,"R","M","?","?","$","R","T","M","R","E","R","M","$","?","M","M","B",null,"E","$","R","B","B"],"character_chosen":"SLIMEBOUND","items_purchased":["Apotheosis+1","Slimebound:RainOfGoop+1","PowerPotion","Slimebound:FirmFortitude+1","Slimebound:RainOfGoop+1"],"campfire_rested":3,"item_purchase_floors":[39,39,39,47,54],"current_hp_per_floor":[65,65,59,59,59,61,61,61,62,62,55,48,46,50,49,50,65,65,63,62,60,62,62,62,72,65,26,48,32,22,13,17,8,75,75,70,70,74,75,75,75,75,75,40,62,70,70,70,64,64,45,80,32,32,56,34,0,0,0],"gold":36,"neow_bonus":"ONE_RANDOM_RARE_CARD","is_daily":false,"chose_seed":false,"campfire_upgraded":5,"win_rate":0.0,"timestamp":1611954983,"path_taken":["R","M","M","?","?","M","T","R","$","?","E","M","E","?","M","BOSS","R","M","M","M","$","?","T","R","M","E","R","M","M","?","M","BOSS","R","M","?","?","$","R","T","M","R","E","R","M","?","?","?","M","BOSS","E","$","R","BOSS","BOSS"],"items_purchased_type":["Card","Card","Potion","Card","Card"],"build_version":"2020-12-22","purchased_purges":2,"victory":false,"max_hp_per_floor":[65,65,65,65,65,65,65,65,65,65,65,65,65,65,65,65,65,65,65,65,65,65,65,65,75,75,75,75,75,75,75,75,75,75,75,75,75,75,75,75,75,75,75,75,75,75,75,75,75,80,80,80,80,80,80,80,80,80,80],"card_choices":[{"not_picked":["Slimebound:Repurpose","Slimebound:SlimeBarrage"],"picked":"Slimebound:SamplingLick","floor":2.0},{"not_picked":["Slimebound:SplitLeeching","Slimebound:HauntingLick"],"picked":"Slimebound:GoopSpray","floor":3.0},{"not_picked":["Slimebound:SplitLeeching","Slimebound:SamplingLick"],"picked":"Slimebound:LivingWall","floor":6.0},{"not_picked":["Slimebound:ForwardTackle","Slimebound:SplitLeeching","Slimebound:ComboTackle"],"picked":"SKIP","floor":9.0},{"not_picked":["Slimebound:SamplingLick","Slimebound:ItLooksTasty"],"picked":"Slimebound:DuplicatedForm","floor":11.0},{"not_picked":["Slimebound:ItLooksTasty","Slimebound:SplitBruiser"],"picked":"Slimebound:PressTheAttack","floor":12.0},{"not_picked":["Slimebound:FinishingTackle","Slimebound:GoopTackle","Slimebound:ItLooksTasty"],"picked":"SKIP","floor":13.0},{"not_picked":["Slimebound:RejuvenatingLick","Slimebound:LeechEnergy","Slimebound:ComboTackle"],"picked":"SKIP","floor":14.0},{"not_picked":["Slimebound:FinishingTackle","Slimebound:RainOfGoop"],"picked":"Slimebound:SlimeBarrage","floor":15.0},{"not_picked":["Slimebound:SelfFormingGoo","Slimebound:MinionMaster"],"picked":"Slimebound:SlimeSlap","floor":16.0},{"not_picked":["Slimebound:HauntingLick","Slimebound:HungryTackle","Slimebound:SamplingLick+1"],"picked":"SKIP","floor":19.0},{"not_picked":["Slimebound:FlameTackle+1","Slimebound:SplitLeeching+1"],"picked":"Slimebound:SpikyOuterGoop","floor":20.0},{"not_picked":["Slimebound:SplitSpecialist+1","Slimebound:SplitAcid+1"],"picked":"Slimebound:RainOfGoop","floor":21.0},{"not_picked":["Slimebound:SplitMire","Slimebound:FlameTackle+1","Slimebound:SelfFormingGoo"],"picked":"SKIP","floor":22.0},{"not_picked":["Slimebound:RollThrough+1","Slimebound:ComboTackle"],"picked":"Slimebound:Schlurp","floor":26.0},{"not_picked":["Slimebound:ItLooksTasty","Slimebound:Repurpose+1"],"picked":"Slimebound:LeechingTouch+1","floor":27.0},{"not_picked":["Slimebound:ItLooksTasty","Slimebound:Schlurp+1"],"picked":"Slimebound:GoopSpray+1","floor":29.0},{"not_picked":["Slimebound:GoopTackle+1","Slimebound:ViciousTackle+1"],"picked":"Slimebound:HauntingLick+1","floor":30.0},{"not_picked":["Slimebound:ViciousTackle","Slimebound:DuplicatedForm","Slimebound:ComboTackle+1"],"picked":"SKIP","floor":31.0},{"not_picked":["Slimebound:FinishingTackle","Slimebound:DisruptingSlam","Slimebound:RollThrough"],"picked":"SKIP","floor":32.0},{"not_picked":["Slimebound:MassFeed","Slimebound:TagTeam"],"picked":"Slimebound:DouseInSlime+1","floor":33.0},{"not_picked":["Slimebound:GoopSpray+1","Slimebound:SplitBruiser+1"],"picked":"Slimebound:Schlurp+1","floor":36.0},{"not_picked":["expansioncontent:HyperBeam","expansioncontent:LastStand"],"picked":"expansioncontent:AwakenDeath","floor":37.0},{"not_picked":["Slimebound:GoopTackle","Slimebound:PressTheAttack"],"picked":"Slimebound:LevelUp","floor":38.0},{"not_picked":["Slimebound:LivingWall+1","Slimebound:SlimeSpikes+1","Slimebound:GoopSpray+1"],"picked":"SKIP","floor":39},{"not_picked":["Slimebound:SlimeTap+1","Slimebound:SplitMire+1","Slimebound:BestDefense+1"],"picked":"SKIP","floor":42},{"not_picked":["Slimebound:RollThrough+1","Slimebound:Teamwork+1"],"picked":"Slimebound:PressTheAttack+1","floor":44},{"not_picked":["Slimebound:SplitLeeching+1","Slimebound:SlimeSpikes+1"],"picked":"Slimebound:HauntingLick+1","floor":46},{"not_picked":["Slimebound:SlimeBarrage","Slimebound:Prepare+1"],"picked":"Slimebound:HauntingLick+1","floor":49},{"not_picked":["Slimebound:LeechEnergy","Slimebound:SplitLeeching+1"],"picked":"Slimebound:FirmFortitude+1","floor":50},{"not_picked":["Slimebound:SplitBruiser+1","Slimebound:GrowthPunch+1","Slimebound:ComboTackle+1"],"picked":"SKIP","floor":53}],"player_experience":508833,"relics_obtained":[{"floor":7.0,"key":"Tiny Chest"},{"floor":11.0,"key":"Toy Ornithopter"},{"floor":13.0,"key":"Orichalcum"},{"floor":27.0,"key":"Toxic Egg 2"},{"floor":41,"key":"Letter Opener"},{"floor":44,"key":"Sundial"},{"floor":53,"key":"Bottled Flame"}],"event_choices":[],"is_beta":false,"boss_relics":[{"not_picked":["Cursed Key","Black Star"],"picked":"SlaversCollar"},{"not_picked":["Pandora\u0027s Box","Tiny House"],"picked":"Runic Pyramid"}],"items_purged_floors":[9,39],"is_endless":false,"potions_floor_spawned":[2,3,12,13,15,16,21,26,27,30,32,33,36,44,46,49],"killed_by":"downfall:NeowBossFinal","ascension_level":1}}