{"host":"7ap89n2sm7vm35bt","time":1611906936,"event":{"mods":["AchievementEnabler","Aspiration","BaseMod","Minty Spire (QoL Compilation)","StSLib","[IsaacMod]ÒÔÈö¼âËþ"],"gold_per_floor":[115,130,130,147,72,72,92,92,118,118,135,135,149,165,165,263,263,274,0,0,0,12,45,45,58,58,58,76,76,88,88,88],"floor_reached":31,"language":"ZHS","playtime":781,"items_purged":["Strike_B"],"score":389,"play_id":"29d7fe41-aad0-4df5-abe0-f611534ecd31","local_time":"20210129155536","is_ascension_mode":true,"campfire_choices":[{"data":"Streamline","floor":6.0,"key":"SMITH"},{"data":"Dualcast","floor":8.0,"key":"SMITH"},{"data":"Beam Cell","floor":10.0,"key":"SMITH"},{"data":"Defend_B","floor":15.0,"key":"SMITH"},{"floor":24,"key":"REST"},{"floor":29,"key":"REST"}],"circlet_count":0,"master_deck":["Strike_B","Strike_B","Defend_B+1","Defend_B","Defend_B","Defend_B","Zap+1","Dualcast+1","Beam Cell+1","Streamline+1","Fission","Defragment","Tempest+1","Leap","Doom and Gloom+1","Lockon+1"],"relics":["Cracked Core","HushsDoor","aspiration:Nostalgia","PureWater","DeadEye","BelialBook","aspiration:Stellarator","Mercury Hourglass","aspiration:MysteriousAuxiliaryCore","Toy Ornithopter"],"acts_visited":["Exordium","TheCity"],"potions_floor_usage":[22],"damage_taken":[{"damage":1.0,"enemies":"Cultist","floor":1.0,"turns":4.0},{"damage":4.0,"enemies":"2 Louse","floor":2.0,"turns":2.0},{"damage":0.0,"enemies":"Small Slimes","floor":4.0,"turns":2.0},{"damage":1.0,"enemies":"Looter","floor":7.0,"turns":2.0},{"damage":0.0,"enemies":"Gremlin Gang","floor":11.0,"turns":3.0},{"damage":5.0,"enemies":"Lots of Slimes","floor":13.0,"turns":3.0},{"damage":2.0,"enemies":"3 Louse","floor":14.0,"turns":2.0},{"damage":0.0,"enemies":"Slime Boss","floor":16.0,"turns":4.0},{"damage":19.0,"enemies":"Spheric Guardian","floor":18.0,"turns":4.0},{"damage":12,"enemies":"Chosen","floor":22,"turns":3},{"damage":31,"enemies":"Book of Stabbing","floor":23,"turns":4},{"damage":5,"enemies":"3 Cultists","floor":25,"turns":5},{"damage":11,"enemies":"Sentry and Sphere","floor":28,"turns":3},{"damage":35,"enemies":"Centurion and Healer","floor":30,"turns":4},{"damage":8,"enemies":"Snake Plant","floor":31,"turns":1}],"seed_played":"8609182539067082436","potions_obtained":[{"floor":7.0,"key":"LiquidMemories"},{"floor":11.0,"key":"SteroidPotion"},{"floor":13.0,"key":"PowerPotion"},{"floor":14.0,"key":"FocusPotion"},{"floor":18.0,"key":"FocusPotion"},{"floor":25,"key":"BlessingOfTheForge"}],"is_trial":false,"path_per_floor":["M","M","?","M","$","R","M","R","T","R","M","?","M","M","R","B",null,"M","?","?","$","M","E","R","M","T","?","M","R","M","M"],"character_chosen":"DEFECT","items_purchased":[],"campfire_rested":2,"item_purchase_floors":[],"current_hp_per_floor":[67,63,63,63,63,63,62,62,62,62,62,62,57,55,55,55,70,51,51,51,51,39,8,30,25,25,25,14,36,1,0,0],"gold":88,"neow_bonus":"NOSTALGIA","is_daily":false,"chose_seed":false,"campfire_upgraded":4,"win_rate":0.0,"timestamp":1611906936,"path_taken":["M","M","?","M","$","R","M","R","T","R","M","?","?","?","R","BOSS","M","?","?","$","M","E","R","M","T","?","M","R","?","M"],"items_purchased_type":[],"build_version":"2020-12-22","purchased_purges":1,"victory":false,"max_hp_per_floor":[75,75,75,75,75,75,75,75,75,75,75,75,75,75,75,75,75,75,75,75,75,75,75,75,75,75,75,75,75,75,75,75],"card_choices":[{"not_picked":["Consume","Pulse","Reinforced Body"],"picked":"SKIP","floor":1.0},{"not_picked":["Stack","Doom and Gloom"],"picked":"Beam Cell","floor":2.0},{"not_picked":["ElectricPowerLearning","Beam Cell"],"picked":"Streamline","floor":4.0},{"not_picked":["Fusion","Streamline","Gash"],"picked":"SKIP","floor":7.0},{"not_picked":["Cold Snap","Beam Cell","Streamline"],"picked":"SKIP","floor":11.0},{"not_picked":["Cold Snap","Barrage","Genetic Algorithm"],"picked":"SKIP","floor":13.0},{"not_picked":["Darkness","Hologram","Ball Lightning"],"picked":"SKIP","floor":14.0},{"not_picked":["Multi-Cast","Biased Cognition"],"picked":"Fission","floor":16.0},{"not_picked":["Turbo+1","Hologram+1"],"picked":"Defragment","floor":18.0},{"not_picked":["Conserve Battery","Rip and Tear"],"picked":"Tempest+1","floor":22},{"not_picked":["Gash","Steam"],"picked":"Leap","floor":23},{"not_picked":["Compile Driver","Cold Snap"],"picked":"Doom and Gloom+1","floor":25},{"not_picked":["Reinforced Body","Glacier","Cold Snap"],"picked":"SKIP","floor":28},{"not_picked":["Redo","Coolheaded"],"picked":"Lockon+1","floor":30}],"player_experience":234722,"relics_obtained":[{"floor":9.0,"key":"BelialBook"},{"floor":23,"key":"Mercury Hourglass"},{"floor":26,"key":"aspiration:MysteriousAuxiliaryCore"}],"event_choices":[{"damage_healed":0.0,"max_hp_gain":0.0,"max_hp_loss":0.0,"gold_gain":0.0,"event_name":"Living Wall","player_choice":"Grow","floor":3.0,"gold_loss":0.0,"damage_taken":0.0,"cards_upgraded":["Zap"]},{"damage_healed":0.0,"max_hp_gain":0.0,"max_hp_loss":0.0,"gold_gain":0.0,"event_name":"Dead Adventurer","player_choice":"Searched \u00271\u0027 times","floor":12.0,"gold_loss":0.0,"damage_taken":0.0},{"damage_healed":0,"gold_gain":0,"player_choice":"Paid Fearfully","damage_taken":0,"max_hp_gain":0,"max_hp_loss":0,"event_name":"Masked Bandits","floor":19,"gold_loss":274},{"cards_removed":["Strike_B"],"damage_healed":0,"gold_gain":0,"player_choice":"Elegance","damage_taken":0,"max_hp_gain":0,"max_hp_loss":0,"event_name":"Back to Basics","floor":20,"gold_loss":0},{"damage_healed":0,"gold_gain":0,"player_choice":"Opened","damage_taken":0,"relics_obtained":["Toy Ornithopter"],"max_hp_gain":0,"max_hp_loss":0,"event_name":"The Mausoleum","floor":27,"gold_loss":0}],"is_beta":false,"boss_relics":[{"not_picked":["Philosopher\u0027s Stone","aspiration:BursterCore"],"picked":"aspiration:Stellarator"},{"not_picked":[]}],"items_purged_floors":[5],"is_endless":false,"potions_floor_spawned":[7,11,13,14,18,25],"killed_by":"Snake Plant","ascension_level":6}}