{"host":"15ff3ltgpietarej","time":1611916049,"event":{"mods":["BaseMod","Bestiary","Downfall","Highlight Path","Minty Spire (QoL Compilation)","Relic Stats","StSLib"],"gold_per_floor":[99,99,99,99,24,55,80,80,99,132,132,132,132,165,179,280,280,280,292,292,292,292],"floor_reached":20,"language":"ENG","playtime":865,"items_purged":["downfall:Malfunctioning"],"score":222,"play_id":"013e9585-cb56-4117-8add-f0fd65b881e3","local_time":"20210129112729","is_ascension_mode":true,"campfire_choices":[{"data":"bronze:Replicate","floor":1.0,"key":"SMITH"},{"floor":11.0,"key":"REST"},{"data":"bronze:MaxOutput","floor":13.0,"key":"SMITH"},{"data":"bronze:Flail","floor":18,"key":"SMITH"}],"circlet_count":0,"master_deck":["bronze:Strike","bronze:Defend+1","bronze:Defend+1","bronze:Defend+1","bronze:Defend+1","bronze:Replicate+1","bronze:Goto+1","bronze:Flail+1","bronze:Branch","bronze:WildBeam","bronze:WhirlingStrike","bronze:MaxOutput+1","bronze:WildBeam","bronze:DazingPulse","bronze:Return","bronze:ForLoop","bronze:Assembly","bronze:FineTuning+1","bronze:ChildClass+1","bronze:TinkerersToolbox+1","bronze:Overload"],"relics":["bronze:BronzeCore","downfall:HeartsMalice","War Paint","Toy Ornithopter","Guardian:PocketSentry","Smiling Mask","Astrolabe"],"acts_visited":["Exordium","TheCity"],"potions_floor_usage":[],"damage_taken":[{"damage":0.0,"enemies":"Small Slimes","floor":2.0,"turns":1.0},{"damage":0.0,"enemies":"2 Louse","floor":3.0,"turns":1.0},{"damage":0.0,"enemies":"downfall:FleeingMerchant","floor":5.0,"turns":1.0},{"damage":20.0,"enemies":"Lagavulin","floor":6.0,"turns":8.0},{"damage":3.0,"enemies":"Jaw Worm","floor":9.0,"turns":2.0},{"damage":9.0,"enemies":"3 Sentries","floor":10.0,"turns":2.0},{"damage":0.0,"enemies":"3 Sentries","floor":12.0,"turns":1.0},{"damage":0.0,"enemies":"Gremlin Nob","floor":14.0,"turns":3.0},{"damage":4.0,"enemies":"Exordium Wildlife","floor":15.0,"turns":2.0},{"damage":31.0,"enemies":"DF_ARCHETYPE_STREAMLINE","floor":16.0,"turns":9.0},{"damage":0,"enemies":"Spheric Guardian","floor":19,"turns":3},{"damage":7,"enemies":"Shelled Parasite and Fungi","floor":20,"turns":2}],"seed_played":"-4623341042185390892","potions_obtained":[{"floor":6.0,"key":"Block Potion"},{"floor":10.0,"key":"EssenceOfSteel"},{"floor":14.0,"key":"champ:CounterPotion"},{"floor":15.0,"key":"champ:CounterPotion"},{"floor":19,"key":"DistilledChaos"}],"is_trial":false,"path_per_floor":["R","M","M","?","$","E","T","?","M","E","R","?","R","E","M","B",null,"R","M","M"],"character_chosen":"THE_AUTOMATON","items_purchased":[],"campfire_rested":1,"item_purchase_floors":[],"current_hp_per_floor":[70,70,70,70,70,50,50,50,47,38,59,59,59,64,60,34,70,70,70,63,63,63],"gold":292,"neow_bonus":"THREE_ENEMY_KILL","is_daily":false,"chose_seed":false,"campfire_upgraded":3,"win_rate":0.0,"timestamp":1611916049,"path_taken":["R","M","M","?","$","E","T","?","M","E","R","?","R","E","M","BOSS","R","M","M"],"items_purchased_type":[],"build_version":"2020-12-22","purchased_purges":1,"victory":false,"max_hp_per_floor":[70,70,70,70,70,70,70,70,70,70,70,70,70,70,70,70,70,70,70,70,70,70],"relic_stats":{"counters":[12,31],"Astrolabe":["bronze:FineTuning","bronze:ChildClass","bronze:TinkerersToolbox"],"War Paint":["bronze:Defend","bronze:Goto"],"Smiling Mask":0,"obtain_stats":[{"bronze:BronzeCore":0,"Astrolabe":17,"downfall:HeartsMalice":0,"Guardian:PocketSentry":10,"War Paint":6,"Smiling Mask":14,"Toy Ornithopter":7},{"bronze:BronzeCore":0,"Astrolabe":10,"downfall:HeartsMalice":0,"Guardian:PocketSentry":6,"War Paint":4,"Smiling Mask":8,"Toy Ornithopter":4},{"bronze:BronzeCore":0,"Astrolabe":27,"downfall:HeartsMalice":0,"Guardian:PocketSentry":12,"War Paint":8,"Smiling Mask":16,"Toy Ornithopter":8}],"Toy Ornithopter":10},"card_choices":[{"not_picked":["bronze:FollowUp","bronze:Return"],"picked":"bronze:Flail","floor":2.0},{"not_picked":["bronze:BitShift","bronze:Turbo"],"picked":"bronze:Branch","floor":3.0},{"not_picked":["bronze:Safeguard","bronze:Return"],"picked":"bronze:WildBeam","floor":5.0},{"not_picked":["bronze:DarkDash","bronze:Format"],"picked":"bronze:WhirlingStrike","floor":6.0},{"not_picked":["bronze:Flail","bronze:Invalidate"],"picked":"bronze:MaxOutput","floor":9.0},{"not_picked":["bronze:NullPointer","bronze:Format"],"picked":"bronze:WildBeam","floor":10.0},{"not_picked":[],"picked":"bronze:DazingPulse","floor":12.0},{"not_picked":["bronze:BitShift","bronze:Deprecate"],"picked":"bronze:Return","floor":14.0},{"not_picked":["bronze:AlphaBuild","bronze:OilSpill"],"picked":"bronze:ForLoop","floor":15.0},{"not_picked":["bronze:Virus","bronze:ShipIt"],"picked":"bronze:Assembly","floor":16.0},{"not_picked":["bronze:Invalidate","bronze:Shell+1"],"picked":"bronze:Overload","floor":19}],"player_experience":443947,"relics_obtained":[{"floor":6.0,"key":"War Paint"},{"floor":7.0,"key":"Toy Ornithopter"},{"floor":10.0,"key":"Guardian:PocketSentry"},{"floor":14.0,"key":"Smiling Mask"}],"event_choices":[],"is_beta":false,"boss_relics":[{"not_picked":["Runic Dome","Pandora\u0027s Box"],"picked":"Astrolabe"}],"items_purged_floors":[5],"is_endless":false,"potions_floor_spawned":[6,10,14,15,19],"killed_by":"Shelled Parasite and Fungi","ascension_level":1}}