{"host":"qheym18ww6mhskxf","time":1611902341,"event":{"mods":["100% Spire Juice","BaseMod","CapriCore","Friendly Minions","GungeonMod","KOR Keyword Fix","Kiyohime£¨?ýï£©","Minty Spire (QoL Compilation)","Prisma Mod","Quick Restart","RRrroohrrRGHHhhh!!","Rare Cards Sparkle","Shop Mod","Spicy Shops","StSLib","Td1madao Mod","The Dragon Tamer","Username Fix"],"gold_per_floor":[115,130,205,225,243,243,256,256,256,256,256,295,295,316,316,445,445,463,463,479,224,224,224,237,387,412,412,412,412],"floor_reached":28,"language":"KOR","playtime":1061,"items_purged":["Writhe"],"score":490,"play_id":"862643e5-fb3a-45a6-a388-8df6b81b1ca3","local_time":"20210129153901","daily_mods":["Heirloom","Time Dilation","DeadlyEvents","Elite Swarm"],"is_ascension_mode":true,"campfire_choices":[{"data":"Zap","floor":6.0,"key":"SMITH"},{"data":"Dualcast","floor":8.0,"key":"SMITH"},{"floor":10.0,"key":"REST"},{"data":"PrismaMod:ChloeCheapAttack","floor":15.0,"key":"SMITH"},{"data":"PrismaMod:ChloeCaladbolg","floor":23.0,"key":"SMITH"}],"circlet_count":0,"master_deck":["Strike_B","Strike_B","Strike_B","Strike_B","Defend_B+1","Defend_B","Defend_B","Defend_B","Zap+1","Dualcast+1","PrismaMod:ChloeCheapAttackTwo","PrismaMod:ChloeCheapAttack+1","PrismaMod:ChloeCarnivalAttack","rorgmod:Leap+1","PrismaMod:ChloeCaladbolg+1"],"relics":["Cracked Core","TungstenRod","InkBottle","Golden Idol","rorgmod:Black Star","HornCleat","MerchantsRug","Akabeko","MutagenicStrength","DemoMod:GlassGuonStoneRelic","Eternal Feather","Sundial","Shovel","Mercury Hourglass","rorgmod:Loose Gear"],"acts_visited":["Exordium","TheCity"],"potions_floor_usage":[],"damage_taken":[{"damage":1.0,"enemies":"Jaw Worm","floor":1.0,"turns":3.0},{"damage":0.0,"enemies":"Cultist","floor":2.0,"turns":3.0},{"damage":2.0,"enemies":"Small Slimes","floor":4.0,"turns":3.0},{"damage":14.0,"enemies":"Exordium Thugs","floor":5.0,"turns":5.0},{"damage":19.0,"enemies":"3 Louse","floor":7.0,"turns":4.0},{"damage":23.0,"enemies":"Gremlin Nob","floor":12.0,"turns":4.0},{"damage":0.0,"enemies":"2 Fungi Beasts","floor":14.0,"turns":3.0},{"damage":20.0,"enemies":"Hexaghost","floor":16.0,"turns":11.0},{"damage":5.0,"enemies":"Spheric Guardian","floor":18.0,"turns":3.0},{"damage":12.0,"enemies":"2 Thieves","floor":20.0,"turns":4.0},{"damage":2.0,"enemies":"3 Cultists","floor":24.0,"turns":4.0},{"damage":28.0,"enemies":"Book of Stabbing","floor":25.0,"turns":5.0},{"damage":10,"enemies":"Gremlin Leader","floor":28,"turns":3}],"seed_played":"-1300454474993240684","potions_obtained":[{"floor":1.0,"key":"Regen Potion"},{"floor":4.0,"key":"PotionOfCapacity"},{"floor":7.0,"key":"Dexterity Potion"},{"floor":18.0,"key":"ColorlessPotion"},{"floor":24.0,"key":"PotionOfCapacity"}],"is_trial":true,"path_per_floor":["M","M","?","M","M","R","M","R","T","R","?","E","?","M","R","B",null,"M","?","M","$","?","R","M","E","T","?","E"],"character_chosen":"DEFECT","items_purchased":["MerchantsRug","Akabeko"],"campfire_rested":1,"item_purchase_floors":[21,21],"current_hp_per_floor":[67,67,61,59,45,45,26,26,26,48,48,25,25,25,25,20,57,52,52,40,40,40,40,38,10,10,10,0,0],"gold":412,"neow_bonus":"","is_daily":false,"chose_seed":false,"campfire_upgraded":4,"win_rate":0.0,"timestamp":1611902341,"path_taken":["M","M","?","M","M","R","?","R","T","R","?","?","?","M","R","BOSS","M","?","M","$","?","R","M","E","T","?","?"],"items_purchased_type":["Relic","Relic"],"build_version":"2020-12-22","purchased_purges":1,"victory":false,"max_hp_per_floor":[75,75,75,75,75,75,75,75,75,75,69,69,69,69,69,69,69,69,69,69,69,69,69,69,69,69,69,69,69],"card_choices":[{"not_picked":["Redo","Compile Driver","Sweeping Beam"],"picked":"SKIP","floor":1.0},{"not_picked":["rorgmod:Hot Sockets","rorgmod:Steady Aim"],"picked":"PrismaMod:ChloeCheapAttackTwo","floor":2.0},{"not_picked":["Force Field","PrismaMod:ChloeUncommonAttack"],"picked":"PrismaMod:ChloeCheapAttack","floor":4.0},{"not_picked":["rorgmod:Critical Section","rorgmod:SQL Injection","PrismaMod:ChloeMordred"],"picked":"SKIP","floor":5.0},{"not_picked":["Steam Power","Stack","Redo"],"picked":"SKIP","floor":7.0},{"not_picked":["rorgmod:Biased Cognition","Echo Form","PrismaMod:ChloeUnlimitedBladeWorks"],"picked":"SKIP","floor":12.0},{"not_picked":["PrismaMod:ChloeCommonAOEAttack","PrismaMod:ChloeCheapAttackTwo","Conserve Battery"],"picked":"SKIP","floor":14.0},{"not_picked":["Machine Learning","PrismaMod:ChloeHalloween"],"picked":"PrismaMod:ChloeCarnivalAttack","floor":16.0},{"not_picked":["Sweeping Beam","PrismaMod:ChloeExhaustOne"],"picked":"rorgmod:Leap+1","floor":18.0},{"not_picked":["rorgmod:Antivirus","Sweeping Beam"],"picked":"PrismaMod:ChloeCaladbolg","floor":20.0},{"not_picked":["Chill","Turbo","PrismaMod:ChloeCheapDefendTwo+1"],"picked":"SKIP","floor":24.0},{"not_picked":["PrismaMod:ChloeGreatTracePools","PrismaMod:ChloeAnyUncommonTrace","PrismaMod:ChloeDevil"],"picked":"SKIP","floor":25}],"player_experience":460001,"relics_obtained":[{"floor":9.0,"key":"InkBottle"},{"floor":12.0,"key":"DemoMod:ResourcefulSack"},{"floor":25,"key":"Eternal Feather"},{"floor":25,"key":"Sundial"},{"floor":25,"key":"Shovel"},{"floor":25,"key":"Mercury Hourglass"},{"floor":26,"key":"rorgmod:Loose Gear"}],"event_choices":[{"damage_healed":0.0,"max_hp_gain":0.0,"max_hp_loss":0.0,"gold_gain":75.0,"event_name":"FaceTrader","player_choice":"Touch","floor":3.0,"gold_loss":0.0,"damage_taken":7.0},{"damage_healed":0.0,"max_hp_gain":0.0,"max_hp_loss":6.0,"gold_gain":0.0,"event_name":"Golden Idol","player_choice":"Lose Max HP","floor":11.0,"gold_loss":0.0,"damage_taken":0.0,"relics_obtained":["Golden Idol"]},{"damage_healed":0.0,"max_hp_gain":0.0,"max_hp_loss":0.0,"gold_gain":0.0,"event_name":"Liars Game","player_choice":"Ignored","floor":13.0,"gold_loss":0.0,"damage_taken":0.0},{"damage_healed":0.0,"max_hp_gain":0.0,"max_hp_loss":0.0,"gold_gain":0.0,"event_name":"The Mausoleum","player_choice":"Opened","floor":19.0,"gold_loss":0.0,"damage_taken":0.0,"relics_obtained":["HornCleat"],"cards_obtained":["Writhe"]},{"damage_healed":0.0,"max_hp_gain":0.0,"max_hp_loss":0.0,"gold_gain":0.0,"event_name":"Drug Dealer","player_choice":"Inject Mutagens","floor":22.0,"gold_loss":0.0,"damage_taken":0.0,"relics_obtained":["MutagenicStrength"]},{"damage_healed":0,"gold_gain":0,"player_choice":"Upgraded","damage_taken":0,"max_hp_gain":0,"max_hp_loss":0,"event_name":"Upgrade Shrine","floor":27,"gold_loss":0,"cards_upgraded":["Defend_B"]}],"is_beta":false,"boss_relics":[{"not_picked":["rorgmod:Empty Cage","Busted Crown"],"picked":"rorgmod:Black Star"}],"items_purged_floors":[21],"is_endless":true,"potions_floor_spawned":[1,4,7,18,24,25],"killed_by":"Gremlin Leader","ascension_level":9}}