{"host":"opg65mucj6ra7dr1","time":1611944428,"event":{"mods":["BaseMod","DeckTracker","Keyboard Shortcuts","Minty Spire (QoL Compilation)","Permanent Neow","Quick Restart","everything is the same but u backflip on backflip"],"gold_per_floor":[119,119,194,5,5,5,47,76,102,102,128,142,184,164,164,277,277,302,188,208,245,265,265,280,317,317,317,317],"floor_reached":27,"language":"KOR","playtime":899,"items_purged":["Strike_G","Strike_G"],"score":422,"play_id":"c389f6c7-f0d2-4557-a861-d27efb4f7dba","local_time":"20210130032028","is_ascension_mode":true,"campfire_choices":[{"data":"Noxious Fumes","floor":6.0,"key":"SMITH"},{"data":"After Image","floor":10.0,"key":"SMITH"},{"data":"Poisoned Stab","floor":15.0,"key":"SMITH"},{"floor":23.0,"key":"REST"}],"circlet_count":0,"master_deck":["Strike_G","Strike_G","Defend_G","Defend_G","Defend_G","Defend_G+1","Defend_G","Survivor","Neutralize+1","Noxious Fumes+1","Deflect","Noxious Fumes","After Image+1","Acrobatics+1","Poisoned Stab+1","Backflip","Corpse Explosion","Bane","Deadly Poison","PiercingWail","Catalyst+1","Leg Sweep","Catalyst"],"relics":["Ring of the Snake","CeramicFish","Juzu Bracelet","War Paint","WristBlade","Red Mask","Sundial","Letter Opener"],"acts_visited":["Exordium","TheCity"],"potions_floor_usage":[25],"damage_taken":[{"damage":1.0,"enemies":"Small Slimes","floor":1.0,"turns":5.0},{"damage":12.0,"enemies":"Lagavulin","floor":7.0,"turns":7.0},{"damage":0.0,"enemies":"Jaw Worm","floor":8.0,"turns":5.0},{"damage":0.0,"enemies":"2 Louse","floor":11.0,"turns":3.0},{"damage":22.0,"enemies":"Exordium Wildlife","floor":12.0,"turns":6.0},{"damage":8.0,"enemies":"3 Sentries","floor":13.0,"turns":6.0},{"damage":0.0,"enemies":"Hexaghost","floor":16.0,"turns":9.0},{"damage":0.0,"enemies":"Shell Parasite","floor":18.0,"turns":9.0},{"damage":14.0,"enemies":"3 Byrds","floor":20.0,"turns":3.0},{"damage":21.0,"enemies":"Masked Bandits","floor":21.0,"turns":4.0},{"damage":16.0,"enemies":"Shelled Parasite and Fungi","floor":22.0,"turns":6.0},{"damage":13.0,"enemies":"3 Cultists","floor":24.0,"turns":3.0},{"damage":22,"enemies":"Gremlin Leader","floor":25,"turns":6},{"damage":0,"enemies":"Slavers","floor":27,"turns":1}],"seed_played":"-8838239911918503283","potions_obtained":[{"floor":1.0,"key":"BlessingOfTheForge"},{"floor":11.0,"key":"GamblersBrew"},{"floor":13.0,"key":"Swift Potion"},{"floor":14.0,"key":"Fruit Juice"},{"floor":16.0,"key":"EntropicBrew"},{"floor":20.0,"key":"GamblersBrew"},{"floor":25,"key":"SteroidPotion"}],"is_trial":false,"path_per_floor":["M","?","?","$","?","R","E","M","T","R","M","M","E","?","R","B",null,"M","$","M","?","M","R","M","E","T","E"],"character_chosen":"THE_SILENT","items_purchased":["Deflect","Noxious Fumes","Deadly Poison"],"campfire_rested":1,"item_purchase_floors":[4,4,19],"current_hp_per_floor":[62,67,56,56,56,56,44,44,44,44,44,22,14,19,19,19,65,65,65,51,30,14,38,25,3,3,3,3],"gold":317,"neow_bonus":"UPGRADE_CARD","is_daily":false,"chose_seed":false,"campfire_upgraded":3,"win_rate":0.0,"timestamp":1611944428,"path_taken":["M","?","?","$","?","R","E","M","T","R","M","M","E","?","R","BOSS","M","$","M","?","M","R","M","E","T","E"],"items_purchased_type":["Card","Card","Card"],"build_version":"2020-12-22","purchased_purges":2,"victory":false,"max_hp_per_floor":[70,75,75,75,75,75,75,75,75,75,75,75,75,80,80,80,80,80,80,80,80,80,80,80,80,80,80,80],"card_choices":[{"not_picked":["Setup","Backstab"],"picked":"Noxious Fumes","floor":1.0},{"not_picked":["Dash","All Out Attack"],"picked":"After Image","floor":7.0},{"not_picked":["PiercingWail","Blade Dance"],"picked":"Acrobatics","floor":8.0},{"not_picked":["After Image","Quick Slash"],"picked":"Poisoned Stab","floor":11.0},{"not_picked":["Blade Dance","Caltrops","Expertise"],"picked":"SKIP","floor":12.0},{"not_picked":["Slice","Escape Plan"],"picked":"Backflip","floor":13.0},{"not_picked":["Burst","Doppelganger"],"picked":"Corpse Explosion","floor":16.0},{"not_picked":["Flying Knee","Outmaneuver"],"picked":"Bane","floor":18.0},{"not_picked":["Dodge and Roll","Blade Dance"],"picked":"PiercingWail","floor":20.0},{"not_picked":["Quick Slash","Well Laid Plans+1"],"picked":"Catalyst+1","floor":21.0},{"not_picked":["Outmaneuver","Infinite Blades"],"picked":"Leg Sweep","floor":22.0},{"not_picked":["Wraith Form v2","Underhanded Strike","Cloak And Dagger"],"picked":"SKIP","floor":24.0},{"not_picked":["Blade Dance+1","Prepared"],"picked":"Catalyst","floor":25}],"player_experience":152445,"relics_obtained":[{"floor":7.0,"key":"CeramicFish"},{"floor":9.0,"key":"Juzu Bracelet"},{"floor":13.0,"key":"War Paint"},{"floor":21.0,"key":"Red Mask"},{"floor":25,"key":"Sundial"},{"floor":26,"key":"Letter Opener"}],"event_choices":[{"damage_healed":0.0,"max_hp_gain":5.0,"max_hp_loss":0.0,"gold_gain":0.0,"event_name":"Big Fish","player_choice":"Donut","floor":2.0,"gold_loss":0.0,"damage_taken":0.0},{"damage_healed":0.0,"max_hp_gain":0.0,"max_hp_loss":0.0,"gold_gain":75.0,"event_name":"World of Goop","player_choice":"Gather Gold","floor":3.0,"gold_loss":0.0,"damage_taken":11.0},{"cards_removed":["Strike_G"],"damage_healed":0.0,"max_hp_gain":0.0,"max_hp_loss":0.0,"gold_gain":0.0,"event_name":"Living Wall","player_choice":"Forget","floor":5.0,"gold_loss":0.0,"damage_taken":0.0},{"damage_healed":0.0,"max_hp_gain":0.0,"max_hp_loss":0.0,"gold_gain":0.0,"event_name":"The Woman in Blue","player_choice":"Bought 1 Potion","floor":14.0,"gold_loss":0.0,"damage_taken":0.0},{"damage_healed":0.0,"max_hp_gain":0.0,"max_hp_loss":0.0,"gold_gain":0.0,"event_name":"Masked Bandits","player_choice":"Fought Bandits","floor":21.0,"gold_loss":0.0,"damage_taken":0.0}],"is_beta":false,"boss_relics":[{"not_picked":["Cursed Key","Busted Crown"],"picked":"WristBlade"}],"items_purged_floors":[4,19],"is_endless":false,"potions_floor_spawned":[1,11,13,16,18,20,25],"killed_by":"Slavers","ascension_level":9}}