{"host":"ddnlm33rmqyizb8g","time":1611927059,"event":{"mods":["BaseMod","Colored Map","Colored Powertips","Downfall","Minty Spire (QoL Compilation)","StSLib"],"gold_per_floor":[99,113,130,130,130,144,144,169,186,186,261,19,19,30,49,147,147,47,58,73,73,158,171,171,71,171,200,216,236,236,336,355,457,457,357,357,45,65,65,75,75,87,100,26,26,37,37,37,53,53,53,84,84,84,84,84,84,84],"floor_reached":56,"language":"ENG","playtime":4080,"items_purged":["Slimebound:Strike_Slimebound","Slimebound:AcidTongue","Slimebound:Tackle"],"score":771,"play_id":"3afd42cc-0d83-48a8-8e01-e0d7e55ab350","local_time":"20210129083059","is_ascension_mode":false,"campfire_choices":[{"floor":1,"key":"RECALL"},{"data":"Slimebound:MassRepurpose","floor":18,"key":"SMITH"},{"floor":25,"key":"REST"},{"data":"Slimebound:Repurpose","floor":35,"key":"SMITH"},{"floor":45,"key":"REST"},{"floor":47,"key":"REST"},{"floor":54,"key":"REST"}],"circlet_count":0,"master_deck":["Slimebound:Split","Slimebound:CorrosiveSpit","Slimebound:SplitMire","Slimebound:SplitLeeching","Slimebound:SplitLeeching","Slimebound:Repurpose+1","Slimebound:MassRepurpose+1","Slimebound:MegaLick","Slimebound:SlimeBarrage+1","Slimebound:Teamwork","Slimebound:SplitAcid+1","Slimebound:FirmFortitude","Slimebound:ProtectTheBoss","Slimebound:SelfFormingGoo","Slimebound:RejuvenatingLick","Slimebound:MassRepurpose","Slimebound:SpikyOuterGoop","Slimebound:SplitMire","Slimebound:LevelUp","Slimebound:SplitLeeching","Slimebound:SplitLeeching+1","Slimebound:SplitBruiser+1","Slimebound:LevelUp+1","Parasite","Slimebound:Repurpose","Slimebound:ProtectTheBoss+1"],"relics":["Slimebound:AbsorbEndCombat","FossilizedHelix","Matryoshka","Anchor","Dream Catcher","Molten Egg 2","Regal Pillow","Philosopher\u0027s Stone","downfall:HeartBlessingRed","Happy Flower","downfall:HeartBlessingBlue","Gremlin Horn","Meat on the Bone","Lizard Tail","Eternal Feather","Pandora\u0027s Box","downfall:HeartBlessingGreen","Medical Kit","CaptainsWheel","Frozen Egg 2","Kunai"],"acts_visited":["Exordium","TheCity","TheBeyond","TheEnding"],"potions_floor_usage":[],"damage_taken":[{"damage":0,"enemies":"Cultist","floor":2,"turns":4},{"damage":0,"enemies":"Small Slimes","floor":3,"turns":4},{"damage":0,"enemies":"Jaw Worm","floor":6,"turns":4},{"damage":13,"enemies":"3 Sentries","floor":8,"turns":9},{"damage":0,"enemies":"Blue Slaver","floor":9,"turns":4},{"damage":0,"enemies":"downfall:FleeingMerchant","floor":12,"turns":4},{"damage":0,"enemies":"Exordium Wildlife","floor":14,"turns":5},{"damage":4,"enemies":"2 Fungi Beasts","floor":15,"turns":5},{"damage":2,"enemies":"DF_ARCHETYPE_STREAMLINE","floor":16,"turns":11},{"damage":0,"enemies":"Shell Parasite","floor":19,"turns":6},{"damage":0,"enemies":"Chosen","floor":20,"turns":4},{"damage":8,"enemies":"Snake Plant","floor":23,"turns":3},{"damage":0,"enemies":"Gremlin Leader","floor":27,"turns":5},{"damage":13,"enemies":"3 Cultists","floor":28,"turns":4},{"damage":0,"enemies":"Shelled Parasite and Fungi","floor":29,"turns":4},{"damage":43,"enemies":"Colosseum Nobs","floor":31,"turns":6},{"damage":11,"enemies":"Cultist and Chosen","floor":32,"turns":6},{"damage":51,"enemies":"SI_MIRROR_ARCHETYPE","floor":33,"turns":11},{"damage":16,"enemies":"downfall:FleeingMerchant","floor":37,"turns":4},{"damage":0,"enemies":"Orb Walker","floor":38,"turns":4},{"damage":14,"enemies":"3 Darklings","floor":40,"turns":4},{"damage":48,"enemies":"Jaw Worm Horde","floor":42,"turns":6},{"damage":13,"enemies":"4 Shapes","floor":43,"turns":4},{"damage":0,"enemies":"downfall:FleeingMerchant","floor":44,"turns":4},{"damage":0,"enemies":"Writhing Mass","floor":46,"turns":6},{"damage":0,"enemies":"Transient","floor":49,"turns":5},{"damage":33,"enemies":"WA_ARCHETYPE_DIVINITY","floor":50,"turns":9},{"damage":68,"enemies":"downfall:CharBossMerchant","floor":52,"turns":8},{"damage":21,"enemies":"downfall:NeowBoss","floor":55,"turns":14},{"damage":116,"enemies":"downfall:NeowBossFinal","floor":56,"turns":9}],"seed_played":"3204763490341789909","potions_obtained":[{"floor":2,"key":"SteroidPotion"},{"floor":8,"key":"Guardian:BlockOnCardUsePotion"},{"floor":14,"key":"CultistPotion"}],"is_trial":false,"path_per_floor":["R","M","M","?","?","M","T","E","M","?","?","$","T","M","M","B",null,"R","M","M","?","?","M","T","R","?","E","M","M","T","?","M","B",null,"R","?","$","M","?","M","T","M","M","$","R","M","R","?","M","B",null,"E","$","R","B","B"],"character_chosen":"SLIMEBOUND","items_purchased":["Dream Catcher","Slimebound:LevelUp","Medical Kit","Frozen Egg 2","Slimebound:LevelUp+1"],"campfire_rested":4,"item_purchase_floors":[12,37,37,44,44],"current_hp_per_floor":[47,51,53,53,53,55,55,50,54,59,59,63,63,67,67,70,70,70,70,70,57,45,39,39,85,85,85,72,74,74,47,50,19,85,85,85,69,71,85,73,73,41,40,54,85,85,85,85,85,56,85,31,31,85,66,0,0,0],"gold":84,"neow_bonus":"ONE_RARE_RELIC","is_daily":false,"chose_seed":false,"campfire_upgraded":2,"win_rate":0.0,"timestamp":1611927059,"path_taken":["R","M","M","?","?","M","T","E","?","?","?","?","?","?","M","BOSS","R","M","M","?","?","M","T","R","?","E","M","?","?","?","M","BOSS","R","?","$","M","?","?","T","M","M","$","R","M","R","?","M","BOSS","E","$","R","BOSS","BOSS"],"items_purchased_type":["Relic","Card","Relic","Relic","Card"],"build_version":"2020-12-22","purchased_purges":3,"victory":false,"max_hp_per_floor":[65,65,65,65,65,65,65,65,65,70,70,70,70,70,70,70,70,70,70,70,75,75,75,75,85,85,85,85,85,85,85,85,85,85,85,85,85,85,85,85,85,85,85,85,85,85,85,85,85,85,85,85,85,85,85,85,85,85],"card_choices":[{"not_picked":["Slimebound:ViciousTackle","Slimebound:ItLooksTasty"],"picked":"Slimebound:SplitMire","floor":2},{"not_picked":["Slimebound:FinishingTackle","Slimebound:AcidTongue"],"picked":"Slimebound:SplitLeeching","floor":3},{"not_picked":["Slimebound:Prepare","Slimebound:Gluttony"],"picked":"Slimebound:AcidTongue","floor":6},{"not_picked":["Slimebound:Replication","Slimebound:HauntingLick"],"picked":"Slimebound:Repurpose","floor":8},{"not_picked":["Slimebound:SlimeSpikes","Slimebound:SplitMire"],"picked":"Slimebound:MassRepurpose","floor":9},{"not_picked":["Slimebound:LeechingTouch","Slimebound:SamplingLick"],"picked":"Slimebound:MegaLick","floor":12},{"not_picked":["Slimebound:LevelUp","Slimebound:Repurpose"],"picked":"Slimebound:SlimeBarrage+1","floor":14},{"not_picked":["Slimebound:HauntingLick","Slimebound:RollThrough+1","Slimebound:BestDefense"],"picked":"SKIP","floor":15},{"not_picked":["Slimebound:SlimeSlap+1","Slimebound:PrepareCrush"],"picked":"Slimebound:Teamwork","floor":16},{"not_picked":["Slimebound:LeechingTouch+1","Slimebound:RejuvenatingLick","Slimebound:Repurpose"],"picked":"SKIP","floor":19},{"not_picked":["Slimebound:GoopSpray","Slimebound:RollThrough+1"],"picked":"Slimebound:SplitAcid+1","floor":20},{"not_picked":["Slimebound:AcidTongue","Slimebound:HauntingLick","Slimebound:Prepare"],"picked":"SKIP","floor":23},{"not_picked":["Slimebound:RejuvenatingLick","Slimebound:AcidTongue"],"picked":"Slimebound:FirmFortitude","floor":25},{"not_picked":["Slimebound:SplitMire","Slimebound:Prepare","Slimebound:ItLooksTasty+1"],"picked":"SKIP","floor":27},{"not_picked":["Slimebound:GoopTackle+1","Slimebound:SplitMire","Slimebound:LeechingTouch+1"],"picked":"SKIP","floor":28},{"not_picked":["Slimebound:PressTheAttack+1","Slimebound:SamplingLick","Slimebound:SplitLeeching"],"picked":"SKIP","floor":29},{"not_picked":["Slimebound:LivingWall+1","Slimebound:LeechingTouch+1"],"picked":"Slimebound:ProtectTheBoss","floor":31},{"not_picked":["Slimebound:Grow","Slimebound:RollThrough+1","Slimebound:LeechEnergy+1"],"picked":"SKIP","floor":32},{"not_picked":["Slimebound:DuplicatedForm","Slimebound:WasteNot"],"picked":"Slimebound:SelfFormingGoo","floor":33},{"not_picked":["expansioncontent:Hexaburn","expansioncontent:HyperBeam"],"picked":"expansioncontent:PolyBeam","floor":36},{"not_picked":["Slimebound:SamplingLick","Slimebound:SlimeBarrage+1","Slimebound:LeechEnergy+1"],"picked":"SKIP","floor":37},{"not_picked":["Slimebound:GoopTackle+1","Slimebound:PressTheAttack+1","Slimebound:ViciousTackle+1"],"picked":"SKIP","floor":38},{"not_picked":["Slimebound:GoopSpray+1","Slimebound:CheckThePlaybook"],"picked":"Slimebound:SplitLeeching","floor":40},{"not_picked":["Slimebound:DisruptingSlam+1","Slimebound:GoopTackle+1","Slimebound:FinishingTackle+1"],"picked":"SKIP","floor":42},{"not_picked":["Slimebound:Chomp+1","Slimebound:SamplingLick+1"],"picked":"Slimebound:SplitLeeching+1","floor":43},{"not_picked":["Slimebound:SplitMire","Slimebound:Chomp+1"],"picked":"Slimebound:SplitBruiser+1","floor":44},{"not_picked":["Slimebound:Replication","Slimebound:ComboTackle+1"],"picked":"Slimebound:Repurpose","floor":46},{"not_picked":["Slimebound:OneTwoCombo+1","Slimebound:DisruptingSlam+1"],"picked":"Slimebound:ProtectTheBoss+1","floor":47},{"not_picked":["Slimebound:GoopTackle+1","Slimebound:LeechEnergy+1","Slimebound:SlimeBrawl"],"picked":"SKIP","floor":49},{"not_picked":["Slimebound:RollThrough+1","Slimebound:ViciousTackle+1","Slimebound:ForwardTackle+1"],"picked":"SKIP","floor":52}],"player_experience":171293,"relics_obtained":[{"floor":7,"key":"Matryoshka"},{"floor":8,"key":"Anchor"},{"floor":13,"key":"Molten Egg 2"},{"floor":13,"key":"Regal Pillow"},{"floor":24,"key":"Happy Flower"},{"floor":27,"key":"Gremlin Horn"},{"floor":30,"key":"Meat on the Bone"},{"floor":31,"key":"Lizard Tail"},{"floor":31,"key":"Eternal Feather"},{"floor":41,"key":"CaptainsWheel"},{"floor":52,"key":"Kunai"}],"event_choices":[{"damage_healed":0,"gold_gain":0,"player_choice":"Donut","damage_taken":0,"max_hp_gain":5,"max_hp_loss":0,"event_name":"Big Fish","floor":10,"gold_loss":0},{"cards_removed":["Slimebound:Gluttony"],"damage_healed":14,"gold_gain":0,"player_choice":"Offered Uncommon","damage_taken":0,"max_hp_gain":0,"max_hp_loss":0,"event_name":"Bonfire Elementals","floor":39,"gold_loss":0},{"cards_removed":["expansioncontent:PolyBeam"],"damage_healed":0,"gold_gain":0,"player_choice":"Removed Attack","damage_taken":0,"max_hp_gain":0,"max_hp_loss":0,"event_name":"Falling","floor":48,"gold_loss":0}],"is_beta":false,"boss_relics":[{"not_picked":["Cursed Key","Calling Bell"],"picked":"Philosopher\u0027s Stone"},{"not_picked":["Snecko Eye","Black Star"],"picked":"Pandora\u0027s Box"}],"items_purged_floors":[12,37,44],"is_endless":false,"potions_floor_spawned":[2,8,14,27,32,42,46,52],"killed_by":"downfall:NeowBossFinal","ascension_level":0}}