{"host":"f3ys3jy10xlc8u0q","time":1611897238,"event":{"mods":["2.2 Compatiblity","A Magickal Journey","Act Like it!","Astrologer","BaseMod","BetterRewards","Challenge The Spire","Chen","Colored Map","Colored Powertips","Downfall","Duelist Mod","Friendly Minions","Gensokyo","GifTheSpireLib","Googly Eyes","Gremlin Mod","Halation","Hallownest","Highlight Path","HololiveMod","Hubris","Infinite Spire","Jedi Mod","Koishi","Lobotomy","LobotomyExtend","Marisa????????","Minty Spire (QoL Compilation)","Onozuka Komachi Mod","Permanent Neow","Prisma Mod","Reimu??????","Relic Sorter","Remilia??????","Replay The Spire","Somnambulant","StSLib","SuperFastMode","The Administrix","The Animator","The Bug Knight","The Construct","The Cursed","The Disciple","The Judge","The Jungle","The Mystic","The Necromancer","The Wild Card","Yohane!","Yuri Mod","Yuyuko","[JumpMod]????","everything is the same but u backflip on backflip"],"gold_per_floor":[99,24,24,24,24,24,50,50,50,68,94,119,150,171,197,303,303,311,311,311],"floor_reached":18,"language":"ENG","playtime":2080,"items_purged":["Slimebound:Defend_Slimebound"],"score":185,"play_id":"b6b13bb8-21a8-4dd2-b619-20122643233a","local_time":"20210129061358","is_ascension_mode":false,"campfire_choices":[{"data":"Slimebound:Split","floor":1.0,"key":"SMITH"},{"data":"Slimebound:OneTwoCombo","floor":9.0,"key":"SMITH"}],"circlet_count":0,"master_deck":["Slimebound:Strike_Slimebound","Slimebound:Strike_Slimebound","Slimebound:Strike_Slimebound","Slimebound:Tackle","Slimebound:Defend_Slimebound","Slimebound:Defend_Slimebound","Slimebound:Defend_Slimebound","Slimebound:CorrosiveSpit","Slimebound:OneTwoCombo+1","Slimebound:Split+1","Slimebound:SamplingLick","Slimebound:LeechingTouch+1","Slimebound:ProtectTheBoss","Slimebound:Schlurp","Slimebound:SpikyOuterGoop","Slimebound:Teamwork"],"relics":["Slimebound:AbsorbEndCombat","HowToJump","downfall:HeartsMalice","LetterFromLob","Replay:Bandana","Quantum Egg","Bag of Marbles","Replay:Fungal Core"],"acts_visited":["Exordium","TheCity"],"potions_floor_usage":[18],"damage_taken":[{"damage":0.0,"enemies":"downfall:FleeingMerchant","floor":2.0,"turns":1.0},{"damage":0.0,"enemies":"Cultist","floor":4.0,"turns":1.0},{"damage":0.0,"enemies":"2 Louse","floor":6.0,"turns":1.0},{"damage":6.0,"enemies":"Jaw Worm","floor":10.0,"turns":3.0},{"damage":3.0,"enemies":"Red Slaver","floor":11.0,"turns":5.0},{"damage":4.0,"enemies":"Gremlin Gang","floor":12.0,"turns":5.0},{"damage":0.0,"enemies":"Lagavulin","floor":13.0,"turns":5.0},{"damage":0.0,"enemies":"Exordium Wildlife","floor":14.0,"turns":3.0},{"damage":13.0,"enemies":"Exordium Thugs","floor":15.0,"turns":5.0},{"damage":27.0,"enemies":"DF_ARCHETYPE_STREAMLINE","floor":16.0,"turns":13.0},{"damage":108,"enemies":"downfall:LadyInBlue","floor":18,"turns":20}],"seed_played":"-8807959318559479655","potions_obtained":[{"floor":10.0,"key":"jedi:StrikingPotion"},{"floor":11.0,"key":"SteroidPotion"},{"floor":12.0,"key":"ZuzhouPotion:ReiMu"},{"floor":15.0,"key":"SpeedPotion"}],"is_trial":false,"path_per_floor":["R","$","?","M","?","M","T","T","R","M","M","M","E","M","M","B",null,"R_BF"],"character_chosen":"SLIMEBOUND","items_purchased":[],"campfire_rested":0,"item_purchase_floors":[],"current_hp_per_floor":[65,65,65,65,65,65,65,65,65,63,65,65,65,65,58,39,65,0,0,0],"gold":311,"neow_bonus":"THREE_ENEMY_KILL","is_daily":false,"chose_seed":false,"campfire_upgraded":2,"win_rate":0.0,"timestamp":1611897238,"path_taken":["R","$","?","?","?","M","T","?","R","M","M","M","E","?","M","BOSS","R_BF"],"items_purchased_type":[],"build_version":"2020-12-22","purchased_purges":1,"victory":false,"max_hp_per_floor":[65,65,65,65,65,65,65,65,65,65,65,65,65,65,65,65,65,65,65,65],"card_choices":[{"not_picked":["Slimebound:Nibble","Slimebound:SplitLeeching"],"picked":"Slimebound:OneTwoCombo","floor":2.0},{"not_picked":["Slimebound:SplitBruiser","Slimebound:Schlurp"],"picked":"Slimebound:SamplingLick","floor":4.0},{"not_picked":["Slimebound:RollThrough","Slimebound:SplitAcid","Slimebound:BestDefense"],"picked":"SKIP","floor":6.0},{"not_picked":["Slimebound:Grow","Slimebound:Schlurp"],"picked":"Slimebound:ProtectTheBoss","floor":10.0},{"not_picked":["Slimebound:LeechEnergy","Slimebound:LevelUp"],"picked":"Slimebound:Schlurp","floor":11.0},{"not_picked":["Slimebound:Schlurp","Slimebound:Replication","Slimebound:LeechEnergy"],"picked":"SKIP","floor":12.0},{"not_picked":["Slimebound:RollThrough","Slimebound:Chomp","Slimebound:SplitMire"],"picked":"SKIP","floor":13.0},{"not_picked":["Slimebound:RollThrough","Slimebound:LeechEnergy"],"picked":"Slimebound:SpikyOuterGoop","floor":14.0},{"not_picked":["Slimebound:ForwardTackle","Slimebound:LeechLife","Slimebound:TongueLash"],"picked":"SKIP","floor":15.0},{"not_picked":["Slimebound:OneTwoCombo","Slimebound:FirmFortitude"],"picked":"Slimebound:Teamwork","floor":16.0}],"player_experience":490242,"relics_obtained":[{"floor":6.0,"key":"LetterFromLob"},{"floor":7.0,"key":"Replay:Bandana"},{"floor":8.0,"key":"Quantum Egg"},{"floor":13.0,"key":"Bag of Marbles"}],"event_choices":[],"is_beta":false,"boss_relics":[{"not_picked":["hubris:HollowSoul","ReplayTheSpireMod:SealedPack"],"picked":"Replay:Fungal Core"}],"items_purged_floors":[2],"is_endless":false,"potions_floor_spawned":[10,11,12,15],"killed_by":"downfall:LadyInBlue","ascension_level":0}}