{"host":"5h6e4l6hpn0p5lap","time":1611885258,"event":{"mods":["AchievementEnabler","BaseMod","Better Altar","Better Match","Better Sensory Stone","Better Skull","Better Third Choice","Filter the Spire","Highlight Path","Minty Spire (QoL Compilation)","StSLib"],"gold_per_floor":[115,115,125,145,165,192,192,212,212,56,66,94,94,104,104,203,203,215,235,69,88,106,137,137,137,137,137,253,55,55,75,75,75,75],"floor_reached":33,"language":"ENG","playtime":1283,"items_purged":["Strike_R","Wild Strike"],"score":304,"play_id":"78de53f1-30a6-455f-9b7c-96c2f239c146","local_time":"20210128205418","is_ascension_mode":false,"campfire_choices":[{"data":"Pummel","floor":13,"key":"SMITH"},{"data":"Reckless Charge","floor":15,"key":"SMITH"},{"data":"Armaments","floor":24,"key":"SMITH"},{"data":"Pummel","floor":30,"key":"SMITH"},{"data":"Trip","floor":32,"key":"SMITH"}],"circlet_count":0,"master_deck":["Defend_R","Defend_R","Defend_R","Defend_R","Bash","Pummel+1","Trip+1","Clothesline","Spot Weakness","Heavy Blade","Anger","Reckless Charge+1","Inflame","Cleave","Disarm","Feed","Twin Strike+1","Armaments+1","True Grit","Pummel","True Grit","Pummel+1","Bite","Bite","Bite","Bite","Bite","Dark Shackles","Shrug It Off"],"relics":["Burning Blood","Bronze Scales","Thread and Needle","Oddly Smooth Stone","PreservedInsect","Meat on the Bone","Empty Cage","Vajra","Art of War","Ice Cream"],"acts_visited":["Exordium","TheCity"],"potions_floor_usage":[18,23,23,31,33],"damage_taken":[{"damage":1,"enemies":"2 Louse","floor":1,"turns":4},{"damage":8,"enemies":"Jaw Worm","floor":3,"turns":2},{"damage":0,"enemies":"Small Slimes","floor":4,"turns":3},{"damage":10,"enemies":"2 Fungi Beasts","floor":5,"turns":3},{"damage":26,"enemies":"Gremlin Nob","floor":6,"turns":4},{"damage":12,"enemies":"Exordium Thugs","floor":8,"turns":5},{"damage":3,"enemies":"Looter","floor":11,"turns":2},{"damage":5,"enemies":"3 Sentries","floor":12,"turns":4},{"damage":0,"enemies":"Exordium Wildlife","floor":14,"turns":3},{"damage":30,"enemies":"Slime Boss","floor":16,"turns":10},{"damage":0,"enemies":"3 Byrds","floor":18,"turns":4},{"damage":27,"enemies":"2 Thieves","floor":19,"turns":4},{"damage":4,"enemies":"Centurion and Healer","floor":21,"turns":5},{"damage":11,"enemies":"Snecko","floor":22,"turns":4},{"damage":15,"enemies":"Slavers","floor":23,"turns":4},{"damage":0,"enemies":"Chosen and Byrds","floor":31,"turns":4},{"damage":49,"enemies":"Collector","floor":33,"turns":9}],"seed_played":"2223813174405386009","potions_obtained":[{"floor":3,"key":"Swift Potion"},{"floor":12,"key":"GamblersBrew"},{"floor":16,"key":"Fire Potion"},{"floor":21,"key":"Swift Potion"},{"floor":22,"key":"Explosive Potion"},{"floor":23,"key":"Fruit Juice"},{"floor":31,"key":"SteroidPotion"}],"is_trial":false,"path_per_floor":["M","?","M","M","M","E","?","M","T","$","M","E","R","M","R","B",null,"M","M","$","M","M","E","R","?","T","?","?","$","R","M","R","B"],"character_chosen":"IRONCLAD","items_purchased":["Inflame","Vajra","True Grit","Dark Shackles"],"campfire_rested":0,"item_purchase_floors":[10,20,20,29],"current_hp_per_floor":[80,80,78,80,76,56,56,50,50,50,53,54,54,60,60,48,80,80,59,59,64,59,55,55,55,55,55,48,48,48,61,61,23,23],"gold":75,"neow_bonus":"RANDOM_COMMON_RELIC","is_daily":false,"chose_seed":false,"campfire_upgraded":5,"win_rate":0.0,"timestamp":1611885258,"path_taken":["M","?","M","M","M","E","?","M","T","$","M","E","R","M","R","BOSS","M","M","$","M","M","E","R","?","T","?","?","$","R","M","R","BOSS"],"items_purchased_type":["Card","Relic","Card","Card"],"build_version":"2020-12-22","purchased_purges":2,"victory":false,"max_hp_per_floor":[80,80,80,80,80,80,80,80,80,80,80,80,80,80,80,80,80,80,80,80,83,83,88,88,61,61,61,61,61,61,61,61,61,61],"card_choices":[{"not_picked":["True Grit","Shrug It Off"],"picked":"Pummel","floor":1},{"not_picked":["Transmutation","Thinking Ahead"],"picked":"Trip","floor":2},{"not_picked":["Sword Boomerang","Twin Strike"],"picked":"Clothesline","floor":3},{"not_picked":["Clothesline","Sever Soul"],"picked":"Spot Weakness","floor":4},{"not_picked":["Warcry","Second Wind"],"picked":"Heavy Blade","floor":5},{"not_picked":["Perfected Strike","Thunderclap"],"picked":"Anger","floor":6},{"not_picked":["Combust","Headbutt"],"picked":"Reckless Charge","floor":8},{"not_picked":["Blood for Blood","Pommel Strike"],"picked":"Cleave","floor":11},{"not_picked":["Clash","True Grit"],"picked":"Disarm","floor":12},{"not_picked":["Havoc","Combust"],"picked":"Wild Strike","floor":14},{"not_picked":["Berserk","Offering"],"picked":"Feed","floor":16},{"not_picked":["Searing Blow+1","Cleave"],"picked":"Twin Strike+1","floor":18},{"not_picked":["Clothesline","Thunderclap+1"],"picked":"Armaments","floor":19},{"not_picked":["Flex","Sever Soul"],"picked":"Pummel","floor":21},{"not_picked":["Warcry","Iron Wave"],"picked":"True Grit","floor":22},{"not_picked":["Clash","Wild Strike"],"picked":"Pummel","floor":23},{"not_picked":["Twin Strike","Perfected Strike+1"],"picked":"Shrug It Off","floor":31}],"player_experience":1014827,"relics_obtained":[{"floor":6,"key":"Thread and Needle"},{"floor":9,"key":"PreservedInsect"},{"floor":12,"key":"Meat on the Bone"},{"floor":23,"key":"Art of War"}],"event_choices":[{"damage_healed":0,"gold_gain":1,"player_choice":"1","damage_taken":0,"max_hp_gain":0,"max_hp_loss":0,"event_name":"betterStone:BetterStone","floor":2,"gold_loss":0},{"damage_healed":0,"gold_gain":0,"player_choice":"Searched \u00271\u0027 times","damage_taken":0,"relics_obtained":["Oddly Smooth Stone"],"max_hp_gain":0,"max_hp_loss":0,"event_name":"Dead Adventurer","floor":7,"gold_loss":0},{"damage_healed":0,"gold_gain":0,"player_choice":"Became a vampire","damage_taken":0,"max_hp_gain":0,"max_hp_loss":27,"event_name":"Vampires","floor":25,"gold_loss":0,"cards_obtained":["Bite","Bite","Bite","Bite","Bite"]},{"damage_healed":0,"gold_gain":0,"player_choice":"Opened","damage_taken":0,"relics_obtained":["Ice Cream"],"max_hp_gain":0,"max_hp_loss":0,"event_name":"The Mausoleum","floor":27,"gold_loss":0},{"damage_healed":0,"gold_gain":116,"player_choice":"GO ","damage_taken":8,"relics_obtained":[],"max_hp_gain":0,"max_hp_loss":0,"event_name":"betterSkull:BetterSkull","floor":28,"gold_loss":0,"cards_upgraded":[]}],"is_beta":false,"boss_relics":[{"not_picked":["Runic Dome","Black Star"],"picked":"Empty Cage"}],"items_purged_floors":[10,29],"is_endless":false,"potions_floor_spawned":[3,4,12,16,21,22,23,31],"killed_by":"Collector","ascension_level":0}}