{"host":"f0gpob8hq9vgebej","time":1611898799,"event":{"mods":["AchievementEnabler","BaseMod","Minty Spire (QoL Compilation)","Quick Restart","SuperFastMode"],"gold_per_floor":[365,365,383,399,417,417,436,449,449,449,389,407,187,205,205,277,277,290,321,339,339,117,117,148,166,166,166,180,180,3,20,20,94,94,111,122,137,137,137],"floor_reached":38,"language":"KOR","playtime":1443,"items_purged":["Strike_G","Defend_G","Decay"],"score":688,"play_id":"61c07237-fd22-48fc-85a7-8afa1b03a366","local_time":"20210129143959","is_ascension_mode":true,"campfire_choices":[{"data":"Noxious Fumes","floor":6.0,"key":"SMITH"},{"floor":10.0,"key":"REST"},{"floor":15.0,"key":"REST"},{"floor":23.0,"key":"REST"},{"floor":27.0,"key":"REST"},{"data":"Tactician","floor":29.0,"key":"SMITH"},{"floor":32.0,"key":"REST"}],"circlet_count":0,"master_deck":["AscendersBane","Survivor","Neutralize","Parasite","Backflip","Acrobatics","Noxious Fumes+1","Unload","Leg Sweep","Escape Plan","Blade Dance","Deadly Poison","Malaise","Adrenaline","Tactician+1","Heel Hook","Catalyst","Heel Hook","Underhanded Strike","Tools of the Trade","Well Laid Plans","Blade Dance","Bouncing Flask","Burst","Finisher","Blade Dance","Apotheosis","After Image","Acrobatics","Cloak And Dagger+1","Parasite"],"relics":["Ring of the Snake","Snake Skull","The Courier","Pandora\u0027s Box","Red Mask","Bottled Flame","Gremlin Horn","WristBlade"],"acts_visited":["Exordium","TheCity","TheBeyond"],"potions_floor_usage":[],"damage_taken":[{"damage":5.0,"enemies":"Small Slimes","floor":1.0,"turns":5.0},{"damage":0.0,"enemies":"Cultist","floor":3.0,"turns":4.0},{"damage":4.0,"enemies":"Jaw Worm","floor":4.0,"turns":5.0},{"damage":11.0,"enemies":"Red Slaver","floor":5.0,"turns":9.0},{"damage":9.0,"enemies":"Gremlin Gang","floor":7.0,"turns":7.0},{"damage":18.0,"enemies":"Exordium Thugs","floor":8.0,"turns":6.0},{"damage":18.0,"enemies":"Exordium Wildlife","floor":12.0,"turns":5.0},{"damage":0.0,"enemies":"2 Fungi Beasts","floor":14.0,"turns":4.0},{"damage":9.0,"enemies":"Hexaghost","floor":16.0,"turns":8.0},{"damage":11.0,"enemies":"Shell Parasite","floor":18.0,"turns":5.0},{"damage":30.0,"enemies":"Masked Bandits","floor":19.0,"turns":5.0},{"damage":0.0,"enemies":"3 Byrds","floor":20.0,"turns":4.0},{"damage":21.0,"enemies":"Gremlin Leader","floor":24.0,"turns":6.0},{"damage":17.0,"enemies":"Centurion and Healer","floor":25.0,"turns":6.0},{"damage":0.0,"enemies":"Snake Plant","floor":28.0,"turns":1.0},{"damage":17.0,"enemies":"Snecko","floor":31.0,"turns":5.0},{"damage":25.0,"enemies":"Champ","floor":33.0,"turns":8.0},{"damage":17.0,"enemies":"3 Darklings","floor":35.0,"turns":5.0},{"damage":9.0,"enemies":"Orb Walker","floor":36.0,"turns":3.0},{"damage":17.0,"enemies":"Writhing Mass","floor":37.0,"turns":8.0},{"damage":0,"enemies":"Spire Growth","floor":38,"turns":1}],"seed_played":"-5365454965987467640","potions_obtained":[{"floor":5.0,"key":"SneckoOil"},{"floor":7.0,"key":"Block Potion"},{"floor":12.0,"key":"Energy Potion"},{"floor":18.0,"key":"EntropicBrew"},{"floor":20.0,"key":"SteroidPotion"},{"floor":33.0,"key":"SpeedPotion"}],"is_trial":false,"path_per_floor":["M","?","M","M","M","R","M","M","T","R","$","M","$","M","R","B",null,"M","?","M","?","$","R","E","M","T","R","M","R","$","M","R","B",null,"M","M","M","M"],"character_chosen":"THE_SILENT","items_purchased":["Escape Plan","Blade Dance","PowerPotion","Burst","Apotheosis","Energy Potion"],"campfire_rested":5,"item_purchase_floors":[13,13,13,22,30,30],"current_hp_per_floor":[58,58,58,54,43,43,34,16,16,37,37,19,19,19,40,31,60,49,19,19,19,19,40,19,2,2,23,23,23,23,6,27,2,53,36,27,10,10,10],"gold":137,"neow_bonus":"TWO_FIFTY_GOLD","is_daily":false,"chose_seed":false,"campfire_upgraded":2,"win_rate":0.0,"timestamp":1611898799,"path_taken":["M","?","M","M","M","R","M","M","T","R","$","M","$","?","R","BOSS","M","?","M","?","$","R","E","?","T","R","M","R","$","M","R","BOSS","M","?","M","M"],"items_purchased_type":["Card","Card","Potion","Card","Card","Potion"],"build_version":"2020-12-22","purchased_purges":3,"victory":false,"max_hp_per_floor":[70,70,70,70,70,70,70,70,70,70,70,70,70,70,70,70,70,70,70,70,70,70,70,70,70,70,70,70,70,70,70,70,70,70,70,70,70,70,70],"card_choices":[{"not_picked":["All Out Attack","Calculated Gamble"],"picked":"Poisoned Stab","floor":1.0},{"not_picked":["Infinite Blades","Terror"],"picked":"Backflip","floor":3.0},{"not_picked":["Choke","Finisher"],"picked":"Acrobatics","floor":4.0},{"not_picked":["Prepared","Flying Knee"],"picked":"Noxious Fumes","floor":5.0},{"not_picked":["Calculated Gamble","Sucker Punch"],"picked":"Unload","floor":7.0},{"not_picked":["Skewer","Finisher"],"picked":"Leg Sweep","floor":8.0},{"not_picked":["Expertise","Dagger Throw","Slice"],"picked":"SKIP","floor":12.0},{"not_picked":["Caltrops","Dagger Throw"],"picked":"Deadly Poison","floor":14.0},{"not_picked":["Night Terror","Bullet Time"],"picked":"Malaise","floor":16.0},{"not_picked":["Dodge and Roll+1","Sucker Punch"],"picked":"Blade Dance","floor":18.0},{"not_picked":["Dagger Spray","Distraction"],"picked":"Bouncing Flask","floor":20.0},{"not_picked":["Dagger Spray","Deflect"],"picked":"Finisher","floor":24.0},{"not_picked":["Dagger Throw","Concentrate","Choke"],"picked":"SKIP","floor":25.0},{"not_picked":["Setup","Dagger Throw"],"picked":"Blade Dance","floor":28.0},{"not_picked":["Finisher","Masterful Stab","Deflect"],"picked":"SKIP","floor":31.0},{"not_picked":["Bullet Time","Night Terror"],"picked":"After Image","floor":33.0},{"not_picked":["Bane+1","Quick Slash"],"picked":"Acrobatics","floor":35.0},{"not_picked":["Bane","Setup+1"],"picked":"Cloak And Dagger+1","floor":36.0},{"not_picked":["Catalyst+1","Masterful Stab","Riddle With Holes"],"picked":"SKIP","floor":37.0}],"player_experience":285176,"relics_obtained":[{"floor":9.0,"key":"The Courier"},{"floor":19.0,"key":"Red Mask"},{"floor":24.0,"key":"Bottled Flame"},{"floor":26.0,"key":"Gremlin Horn"}],"event_choices":[{"cards_removed":["Poisoned Stab"],"damage_healed":0.0,"max_hp_gain":0.0,"max_hp_loss":0.0,"gold_gain":0.0,"event_name":"WeMeetAgain","player_choice":"Gave Card","floor":2.0,"gold_loss":0.0,"damage_taken":0.0,"relics_obtained":["Snake Skull"]},{"damage_healed":0.0,"max_hp_gain":0.0,"max_hp_loss":0.0,"gold_gain":0.0,"event_name":"Masked Bandits","player_choice":"Fought Bandits","floor":19.0,"gold_loss":0.0,"damage_taken":0.0},{"damage_healed":0.0,"max_hp_gain":0.0,"max_hp_loss":0.0,"gold_gain":0.0,"event_name":"Wheel of Change","player_choice":"Cursed","floor":21.0,"gold_loss":0.0,"damage_taken":0.0,"cards_obtained":["Decay"]}],"is_beta":false,"boss_relics":[{"not_picked":["Tiny House","Black Star"],"picked":"Pandora\u0027s Box"},{"not_picked":["Velvet Choker","Fusion Hammer"],"picked":"WristBlade"}],"items_purged_floors":[11,13,22],"is_endless":false,"potions_floor_spawned":[5,7,12,14,18,20,25,33,36],"killed_by":"Spire Growth","ascension_level":13}}