{"host":"w4b7hmige5bnqipq","time":1611934458,"event":{"mods":["2.2 Compatiblity","BaseMod","Colored Map","DeckTracker","Keyboard Shortcuts","Minty Spire (QoL Compilation)","Permanent Neow","Rare Cards Sparkle","SuperFastMode","everything is the same but u backflip on backflip","slay the spire mod where everything is the same but ironclad has a cowboy hat"],"gold_per_floor":[112,129,145,145,159,159,194,194,220,259,1,1,21,61,61,168,168,191,214,313,313,342,378,404,404,481,513,539,539,574,574,574,680,689,717,717,15,45,65,65,65,65],"floor_reached":41,"language":"KOR","playtime":1792,"items_purged":["Strike_B","Strike_B"],"score":677,"play_id":"6997a4f9-6b1f-4142-a4a4-4c83d4a550a0","local_time":"20210130003418","is_ascension_mode":true,"campfire_choices":[{"data":"Fusion","floor":6.0,"key":"SMITH"},{"floor":8.0,"key":"REST"},{"data":"Blizzard","floor":15.0,"key":"SMITH"},{"floor":25.0,"key":"REST"},{"floor":29.0,"key":"REST"},{"floor":32.0,"key":"REST"},{"data":"Seek","floor":40,"key":"SMITH"}],"circlet_count":0,"master_deck":["Strike_B","Strike_B","Defend_B","Defend_B","Defend_B","Defend_B","Zap","Dualcast","Fusion+1","Sunder+1","Coolheaded+1","Conserve Battery","Streamline","FTL","Blizzard+1","Compile Driver","Hologram","Meteor Strike","Rebound","Cold Snap+1","Creative AI","Skim","Stack+1","Coolheaded+1","Seek+1","CurseOfTheBell","Blizzard","Double Energy","Chill"],"relics":["Cracked Core","Regal Pillow","Orichalcum","CeramicFish","Bronze Scales","Akabeko","Ginger","Nuclear Battery","Blood Vial","HornCleat","Blue Candle","Nilry\u0027s Codex","Calling Bell","Unceasing Top","Kunai","Happy Flower","Prayer Wheel","Mango"],"acts_visited":["Exordium","TheCity","TheBeyond"],"potions_floor_usage":[41,41],"damage_taken":[{"damage":0.0,"enemies":"2 Louse","floor":1.0,"turns":2.0},{"damage":0.0,"enemies":"Cultist","floor":2.0,"turns":4.0},{"damage":3.0,"enemies":"Small Slimes","floor":3.0,"turns":2.0},{"damage":2.0,"enemies":"2 Fungi Beasts","floor":5.0,"turns":3.0},{"damage":25.0,"enemies":"3 Sentries","floor":7.0,"turns":10.0},{"damage":25.0,"enemies":"Gremlin Nob","floor":10.0,"turns":4.0},{"damage":1.0,"enemies":"Exordium Thugs","floor":13.0,"turns":2.0},{"damage":4.0,"enemies":"3 Sentries","floor":14.0,"turns":5.0},{"damage":0.0,"enemies":"Slime Boss","floor":16.0,"turns":6.0},{"damage":2.0,"enemies":"Shell Parasite","floor":18.0,"turns":4.0},{"damage":0.0,"enemies":"2 Thieves","floor":19.0,"turns":2.0},{"damage":14.0,"enemies":"Centurion and Healer","floor":22.0,"turns":4.0},{"damage":15.0,"enemies":"Slavers","floor":23.0,"turns":4.0},{"damage":21.0,"enemies":"3 Cultists","floor":24.0,"turns":5.0},{"damage":43.0,"enemies":"Book of Stabbing","floor":27.0,"turns":5.0},{"damage":11.0,"enemies":"Sentry and Sphere","floor":28.0,"turns":4.0},{"damage":12.0,"enemies":"Slavers","floor":30.0,"turns":5.0},{"damage":10.0,"enemies":"Collector","floor":33.0,"turns":10.0},{"damage":0.0,"enemies":"3 Shapes","floor":35.0,"turns":6.0},{"damage":9,"enemies":"Orb Walker","floor":38,"turns":3},{"damage":8,"enemies":"Sphere and 2 Shapes","floor":39,"turns":8},{"damage":101,"enemies":"Giant Head","floor":41,"turns":9}],"seed_played":"-1909054261674976139","potions_obtained":[{"floor":2.0,"key":"Dexterity Potion"},{"floor":3.0,"key":"ColorlessPotion"},{"floor":7.0,"key":"SpeedPotion"},{"floor":10.0,"key":"SkillPotion"},{"floor":22.0,"key":"Swift Potion"},{"floor":28.0,"key":"Fire Potion"},{"floor":30.0,"key":"Dexterity Potion"},{"floor":33.0,"key":"Explosive Potion"},{"floor":35.0,"key":"Swift Potion"},{"floor":38,"key":"FocusPotion"}],"is_trial":false,"path_per_floor":["M","M","M","?","M","R","E","R","T","E","$","?","M","E","R","B",null,"M","M","?","?","M","E","M","R","T","E","M","R","E","?","R","B",null,"M","?","$","M","M","R","E"],"character_chosen":"DEFECT","items_purchased":["Blizzard","Akabeko","Prayer Wheel","Mango"],"campfire_rested":4,"item_purchase_floors":[11,11,37,37],"current_hp_per_floor":[68,68,65,65,63,63,38,75,75,50,50,50,49,45,45,45,68,66,66,66,66,52,37,18,55,55,14,5,42,32,16,53,45,68,70,70,84,77,71,71,0,0],"gold":65,"neow_bonus":"RANDOM_COMMON_RELIC","is_daily":false,"chose_seed":false,"campfire_upgraded":3,"win_rate":0.0,"timestamp":1611934458,"path_taken":["M","M","M","?","M","R","E","R","T","E","$","?","M","E","R","BOSS","M","M","?","?","M","E","M","R","T","E","M","R","E","?","R","BOSS","M","?","$","M","M","R","E"],"items_purchased_type":["Card","Relic","Relic","Relic"],"build_version":"2020-12-22","purchased_purges":2,"victory":false,"max_hp_per_floor":[75,75,75,75,75,75,75,75,75,75,75,75,75,75,75,75,75,75,75,75,75,75,75,75,75,75,75,75,75,75,75,75,75,75,75,75,89,89,89,89,89,89],"card_choices":[{"not_picked":["Cold Snap","Doom and Gloom"],"picked":"Fusion","floor":1.0},{"not_picked":["Sweeping Beam","Skim"],"picked":"Sunder","floor":2.0},{"not_picked":["Double Energy","BootSequence"],"picked":"Coolheaded","floor":3.0},{"not_picked":["Gash","Compile Driver"],"picked":"Conserve Battery","floor":5.0},{"not_picked":["Steam","Doom and Gloom"],"picked":"Streamline","floor":7.0},{"not_picked":["Ball Lightning","Turbo"],"picked":"FTL","floor":10.0},{"not_picked":["Sunder","Static Discharge"],"picked":"Compile Driver","floor":13.0},{"not_picked":["Gash","Reprogram"],"picked":"Hologram","floor":14.0},{"not_picked":["Multi-Cast","Amplify"],"picked":"Meteor Strike","floor":16.0},{"not_picked":["Storm","Conserve Battery"],"picked":"Aggregate","floor":18.0},{"not_picked":["Beam Cell","Sweeping Beam"],"picked":"Rebound","floor":19.0},{"not_picked":["Static Discharge","Sweeping Beam+1"],"picked":"Cold Snap+1","floor":22.0},{"not_picked":["Go for the Eyes","Capacitor"],"picked":"Creative AI","floor":23.0},{"not_picked":["Barrage","Conserve Battery"],"picked":"Skim","floor":24.0},{"not_picked":["Storm+1","Loop","Reprogram"],"picked":"SKIP","floor":27.0},{"not_picked":["Compile Driver","Scrape"],"picked":"Stack+1","floor":28.0},{"not_picked":["Chaos","Turbo"],"picked":"Coolheaded+1","floor":30.0},{"not_picked":["Electrodynamics","Thunder Strike"],"picked":"Seek","floor":33.0},{"not_picked":["Hologram+1","Rebound+1"],"picked":"Blizzard","floor":35.0},{"not_picked":["Conserve Battery+1","Streamline"],"picked":"Double Energy","floor":38},{"not_picked":["Gash","Go for the Eyes"],"picked":"Chill","floor":38},{"not_picked":["Meteor Strike","Go for the Eyes+1","Storm"],"picked":"SKIP","floor":39},{"not_picked":["Stack","Leap+1","Sweeping Beam"],"picked":"SKIP","floor":39}],"player_experience":664964,"relics_obtained":[{"floor":7.0,"key":"Orichalcum"},{"floor":9.0,"key":"CeramicFish"},{"floor":10.0,"key":"Bronze Scales"},{"floor":14.0,"key":"Ginger"},{"floor":23.0,"key":"Blood Vial"},{"floor":27.0,"key":"HornCleat"},{"floor":30.0,"key":"Blue Candle"},{"floor":31.0,"key":"Nilry\u0027s Codex"},{"floor":34.0,"key":"Unceasing Top"},{"floor":34.0,"key":"Kunai"},{"floor":34.0,"key":"Happy Flower"}],"event_choices":[{"damage_healed":0.0,"max_hp_gain":0.0,"max_hp_loss":0.0,"gold_gain":0.0,"event_name":"Living Wall","player_choice":"Grow","floor":4.0,"gold_loss":0.0,"damage_taken":0.0,"cards_upgraded":["Sunder"]},{"damage_healed":0.0,"max_hp_gain":0.0,"max_hp_loss":0.0,"gold_gain":0.0,"event_name":"Upgrade Shrine","player_choice":"Upgraded","floor":12.0,"gold_loss":0.0,"damage_taken":0.0,"cards_upgraded":["Coolheaded"]},{"damage_healed":0.0,"max_hp_gain":0.0,"max_hp_loss":0.0,"gold_gain":99.0,"event_name":"Nest","player_choice":"Stole From Cult","floor":20.0,"gold_loss":0.0,"damage_taken":0.0},{"damage_healed":0.0,"max_hp_gain":0.0,"max_hp_loss":0.0,"gold_gain":0.0,"event_name":"Ghosts","player_choice":"Ignored","floor":21.0,"gold_loss":0.0,"damage_taken":0.0},{"damage_healed":0.0,"max_hp_gain":0.0,"max_hp_loss":0.0,"gold_gain":0.0,"event_name":"Cursed Tome","player_choice":"Obtained Book","floor":31.0,"gold_loss":0.0,"damage_taken":16.0},{"cards_removed":["Aggregate"],"damage_healed":0,"gold_gain":0,"player_choice":"Removed Skill","damage_taken":0,"max_hp_gain":0,"max_hp_loss":0,"event_name":"Falling","floor":36,"gold_loss":0}],"is_beta":false,"boss_relics":[{"not_picked":["Pandora\u0027s Box","Runic Pyramid"],"picked":"Nuclear Battery"},{"not_picked":["Velvet Choker","Tiny House"],"picked":"Calling Bell"}],"items_purged_floors":[11,37],"is_endless":false,"potions_floor_spawned":[2,3,7,10,22,28,30,33,35,38],"killed_by":"Giant Head","ascension_level":6}}