{"host":"50qwps766cbz6ukm","time":1611925165,"event":{"mods":["BaseMod","Colored Map","Colored Powertips","DeckTracker","Highlight Path","Minty Spire (QoL Compilation)","Quick Restart","Remove Card Discount Mod","StSLib","SuperFastMode","Synergy Search"],"gold_per_floor":[119,294,78,78,78,110,129,129,175,206,206,226,244,255,255,359,359,374,9,9,9,109,138,156,171,171,181,181,200,200,228,228,324,324,342,342,342,362,377,377,405,160,160,186,186,0,0,0,0,0,0],"floor_reached":50,"language":"ENG","playtime":1290,"items_purged":["Doubt","Strike_P","Strike_P","Strike_P","Strike_P","Defend_P","Defend_P","Defend_P","Defend_P","ForeignInfluence+1"],"score":872,"play_id":"4ff70ad5-cc5c-4982-9586-d1a53bcc6190","local_time":"20210129145925","is_ascension_mode":true,"campfire_choices":[{"data":"Vigilance","floor":11,"key":"SMITH"},{"data":"ForeignInfluence","floor":15,"key":"SMITH"},{"data":"Adaptation","floor":30,"key":"SMITH"},{"floor":32,"key":"REST"},{"floor":40,"key":"REST"},{"floor":45,"key":"REST"},{"floor":47,"key":"REST"},{"data":"Consecrate","floor":49,"key":"SMITH"}],"circlet_count":0,"master_deck":["Eruption+1","Vigilance+1","Consecrate+1","FollowUp","LikeWater+1","FlurryOfBlows+1","TalkToTheHand","TalkToTheHand+1","Adaptation+1","LessonLearned","CurseOfTheBell"],"relics":["PureWater","NeowsBlessing","ClockworkSouvenir","TeardropLocket","Akabeko","Lantern","Vajra","Ancient Tea Set","SacredBark","Torii","MutagenicStrength","Nunchaku","Yang","The Courier","Calling Bell","Anchor","Blue Candle","Calipers","White Beast Statue","OrangePellets","Question Card","Art of War","Red Mask"],"acts_visited":["Exordium","TheCity","TheBeyond"],"potions_floor_usage":[33,33,38,39,44,50,50,50],"damage_taken":[{"damage":0,"enemies":"Jaw Worm","floor":1,"turns":1},{"damage":0,"enemies":"Lagavulin","floor":6,"turns":1},{"damage":0,"enemies":"2 Louse","floor":7,"turns":1},{"damage":0,"enemies":"Gremlin Nob","floor":10,"turns":2},{"damage":0,"enemies":"Small Slimes","floor":12,"turns":2},{"damage":0,"enemies":"Gremlin Gang","floor":13,"turns":2},{"damage":0,"enemies":"2 Fungi Beasts","floor":14,"turns":1},{"damage":0,"enemies":"Slime Boss","floor":16,"turns":4},{"damage":4,"enemies":"3 Byrds","floor":18,"turns":4},{"damage":12,"enemies":"Gremlin Leader","floor":23,"turns":3},{"damage":0,"enemies":"Chosen","floor":24,"turns":2},{"damage":7,"enemies":"Shelled Parasite and Fungi","floor":25,"turns":3},{"damage":8,"enemies":"Centurion and Healer","floor":27,"turns":4},{"damage":1,"enemies":"Cultist and Chosen","floor":29,"turns":3},{"damage":24,"enemies":"Book of Stabbing","floor":31,"turns":3},{"damage":46,"enemies":"Champ","floor":33,"turns":7},{"damage":10,"enemies":"3 Shapes","floor":35,"turns":2},{"damage":1,"enemies":"3 Darklings","floor":38,"turns":3},{"damage":15,"enemies":"Sphere and 2 Shapes","floor":39,"turns":3},{"damage":17,"enemies":"Giant Head","floor":41,"turns":10},{"damage":21,"enemies":"Reptomancer","floor":44,"turns":5},{"damage":64,"enemies":"Donu and Deca","floor":50,"turns":3}],"seed_played":"6708883107573293610","potions_obtained":[{"floor":1,"key":"PowerPotion"},{"floor":12,"key":"Weak Potion"},{"floor":13,"key":"EssenceOfSteel"},{"floor":14,"key":"DistilledChaos"},{"floor":33,"key":"LiquidBronze"},{"floor":44,"key":"AttackPotion"}],"is_trial":false,"path_per_floor":["M","?","$","?","?","E","M","T","T","E","R","M","M","M","R","B",null,"M","$","?","?","?","E","M","M","T","M","?","M","R","E","R","B",null,"M","?","?","M","M","R","E","$","T","E","R","?","R","$","R","B"],"character_chosen":"WATCHER","items_purchased":["FollowUp","ClockworkSouvenir","Torii","TalkToTheHand","OrangePellets","SkillPotion","BlessingOfTheForge","ColorlessPotion"],"campfire_rested":4,"item_purchase_floors":[3,3,19,19,42,42,42,42],"current_hp_per_floor":[65,65,65,58,58,58,58,58,58,58,58,58,58,58,58,58,69,65,65,65,65,65,53,53,46,46,38,62,61,61,37,58,12,57,47,47,47,46,31,51,34,34,34,13,33,33,53,53,53,0,0],"gold":0,"neow_bonus":"THREE_ENEMY_KILL","is_daily":false,"chose_seed":false,"campfire_upgraded":4,"win_rate":0.0,"timestamp":1611925165,"path_taken":["M","?","$","?","?","E","M","?","T","E","R","M","M","M","R","BOSS","M","$","?","?","?","E","M","?","T","M","?","M","R","E","R","BOSS","M","?","?","M","M","R","E","$","T","E","R","?","R","?","R","BOSS"],"items_purchased_type":["Card","Relic","Relic","Card","Relic","Potion","Potion","Potion"],"build_version":"2020-12-22","purchased_purges":10,"victory":false,"max_hp_per_floor":[72,72,72,72,72,72,72,72,72,72,72,72,72,72,72,72,72,72,72,72,72,72,72,72,72,72,72,72,72,72,72,72,72,72,72,68,68,68,68,68,68,68,68,68,68,68,68,68,68,68,68],"card_choices":[{"not_picked":["EmptyMind","PathToVictory"],"picked":"Consecrate","floor":1},{"not_picked":["EmptyMind","Protect"],"picked":"LikeWater","floor":6},{"not_picked":["ClearTheMind","EmptyFist"],"picked":"FlurryOfBlows","floor":7},{"not_picked":["FollowUp","CrushJoints","ClearTheMind"],"picked":"SKIP","floor":10},{"not_picked":["WindmillStrike","Wish","SashWhip"],"picked":"SKIP","floor":12},{"not_picked":["ThirdEye","JustLucky"],"picked":"ForeignInfluence","floor":13},{"not_picked":["Prostrate","Wallop","ClearTheMind"],"picked":"SKIP","floor":14},{"not_picked":["FearNoEvil+1","Fasting2","CrushJoints+1"],"picked":"SKIP","floor":18},{"not_picked":["EmptyFist","CutThroughFate+1","Crescendo"],"picked":"SKIP","floor":23},{"not_picked":["FlurryOfBlows","JustLucky"],"picked":"TalkToTheHand","floor":24},{"not_picked":["Vengeance","Blasphemy"],"picked":"Adaptation","floor":25},{"not_picked":["WreathOfFlame","SashWhip","Prostrate"],"picked":"SKIP","floor":27},{"not_picked":["CarveReality","PathToVictory+1","Prostrate"],"picked":"SKIP","floor":29},{"not_picked":["WindmillStrike","CutThroughFate","EmptyFist"],"picked":"SKIP","floor":31},{"not_picked":["Ragnarok","Omniscience"],"picked":"LessonLearned","floor":33},{"not_picked":["Prostrate","Crescendo","Indignation"],"picked":"SKIP","floor":35},{"not_picked":["EmptyBody+1","SashWhip+1","BowlingBash+1"],"picked":"SKIP","floor":38},{"not_picked":["ThirdEye+1","Vengeance","CutThroughFate+1"],"picked":"SKIP","floor":39},{"not_picked":["Conclude+1","BattleHymn+1","Evaluate+1"],"picked":"SKIP","floor":41},{"not_picked":["BowlingBash+1","Halt","SandsOfTime","Ragnarok"],"picked":"SKIP","floor":44}],"player_experience":576375,"relics_obtained":[{"floor":6,"key":"Akabeko"},{"floor":8,"key":"Lantern"},{"floor":9,"key":"Vajra"},{"floor":10,"key":"Ancient Tea Set"},{"floor":23,"key":"Nunchaku"},{"floor":26,"key":"Yang"},{"floor":31,"key":"The Courier"},{"floor":34,"key":"Anchor"},{"floor":34,"key":"Blue Candle"},{"floor":34,"key":"Calipers"},{"floor":41,"key":"White Beast Statue"},{"floor":43,"key":"Question Card"},{"floor":44,"key":"Art of War"}],"event_choices":[{"damage_healed":0,"gold_gain":175,"player_choice":"AGREE","damage_taken":0,"max_hp_gain":0,"max_hp_loss":0,"event_name":"Liars Game","floor":2,"gold_loss":0,"cards_obtained":["Doubt"]},{"damage_healed":0,"gold_gain":0,"player_choice":"Success","damage_taken":7,"relics_obtained":["TeardropLocket"],"max_hp_gain":0,"max_hp_loss":0,"event_name":"Scrap Ooze","floor":4,"gold_loss":0},{"damage_healed":0,"gold_gain":0,"player_choice":"Grow","damage_taken":0,"max_hp_gain":0,"max_hp_loss":0,"event_name":"Living Wall","floor":5,"gold_loss":0,"cards_upgraded":["Eruption"]},{"damage_healed":0,"gold_gain":0,"player_choice":"Inject Mutagens","damage_taken":0,"relics_obtained":["MutagenicStrength"],"max_hp_gain":0,"max_hp_loss":0,"event_name":"Drug Dealer","floor":20,"gold_loss":0},{"damage_healed":0,"gold_gain":0,"player_choice":"Ignored","damage_taken":0,"max_hp_gain":0,"max_hp_loss":0,"event_name":"Ghosts","floor":21,"gold_loss":0},{"damage_healed":0,"gold_gain":100,"player_choice":"Pray","damage_taken":0,"max_hp_gain":0,"max_hp_loss":0,"event_name":"Golden Shrine","floor":22,"gold_loss":0},{"damage_healed":24,"gold_gain":0,"player_choice":"Heal","damage_taken":0,"max_hp_gain":0,"max_hp_loss":0,"event_name":"The Library","floor":28,"gold_loss":0},{"damage_healed":0,"gold_gain":0,"player_choice":"Max HP","damage_taken":0,"max_hp_gain":0,"max_hp_loss":4,"event_name":"Winding Halls","floor":36,"gold_loss":0},{"damage_healed":0,"gold_gain":0,"player_choice":"Memory 1","damage_taken":0,"max_hp_gain":0,"max_hp_loss":0,"event_name":"SensoryStone","floor":37,"gold_loss":0},{"damage_healed":0,"gold_gain":0,"player_choice":"Paid","damage_taken":0,"relics_obtained":["Red Mask"],"max_hp_gain":0,"max_hp_loss":0,"event_name":"Tomb of Lord Red Mask","floor":46,"gold_loss":186}],"is_beta":false,"boss_relics":[{"not_picked":["Runic Pyramid","HolyWater"],"picked":"SacredBark"},{"not_picked":["Coffee Dripper","Sozu"],"picked":"Calling Bell"}],"items_purged_floors":[3,3,3,3,3,3,3,3,3,19],"is_endless":false,"potions_floor_spawned":[1,12,13,14,25,27,29,31,33,44],"killed_by":"Donu and Deca","ascension_level":7}}