{"host":"2js2pxuugveqjuf7","time":1611962968,"event":{"mods":["BaseMod","Colored Map","Minty Spire (QoL Compilation)","Quick Restart","Random Character Button","Relic Stats","StSLib"],"gold_per_floor":[115,290,290,303,31,61,61,90,90,102,129,29,44,74,74,171,171,181,213,228,248,173,203,203,237,285,316,336,336,367,467,467,568,568,585,604,826,129,153,187,187,214,262,294,294,294,55,69,69,69,69,69,10,40,40,40],"floor_reached":55,"language":"ENG","playtime":6052,"items_purged":["Pain","Doubt","Strike_G"],"score":1123,"play_id":"711d7096-8d08-4d9f-b1fb-b93459b6541f","local_time":"20210129172928","is_ascension_mode":true,"campfire_choices":[{"data":"Survivor","floor":7.0,"key":"SMITH"},{"data":"Well Laid Plans","floor":15.0,"key":"SMITH"},{"data":"Ghostly","floor":32.0,"key":"SMITH"},{"data":"Ghostly","floor":41.0,"key":"SMITH"},{"floor":49,"key":"RECALL"},{"data":"Ghostly","floor":52,"key":"SMITH"}],"circlet_count":0,"master_deck":["Strike_G","Strike_G","Strike_G","Defend_G","Defend_G","Defend_G","Defend_G","Defend_G","Survivor+1","Neutralize","Well Laid Plans+1","PiercingWail","Envenom+1","Dagger Spray","Footwork+1","Terror","Riddle With Holes","Doppelganger","Corpse Explosion","Dodge and Roll+1","Cloak And Dagger","Catalyst+1","Bane+1","PiercingWail","Ghostly+1","Ghostly+1","Ghostly+1","Ghostly","Ghostly","Night Terror","Catalyst+1","Riddle With Holes","Doppelganger","Riddle With Holes+1","Blade Dance+1","Blade Dance","Noxious Fumes+1","Envenom+1","Leg Sweep","Bouncing Flask+1","After Image+1","Sadistic Nature+1","Well Laid Plans+1","Noxious Fumes+1","Caltrops+1","Footwork+1"],"relics":["Ring of the Snake","NeowsBlessing","WarpedTongs","Bronze Scales","Frozen Egg 2","Centennial Puzzle","White Beast Statue","Dream Catcher","Snecko Eye","Red Mask","Meat on the Bone","Shuriken","Pen Nib","Tiny Chest","The Courier","Philosopher\u0027s Stone","Kunai","TwistedFunnel","Toy Ornithopter","StrikeDummy","Mercury Hourglass","Regal Pillow","Pear","Bottled Lightning","Mummified Hand","Bag of Marbles"],"acts_visited":["Exordium","TheCity","TheBeyond","TheEnding"],"potions_floor_usage":[],"damage_taken":[{"damage":0.0,"enemies":"Jaw Worm","floor":1.0,"turns":1.0},{"damage":1.0,"enemies":"Cultist","floor":4.0,"turns":1.0},{"damage":0.0,"enemies":"Gremlin Nob","floor":6.0,"turns":2.0},{"damage":17.0,"enemies":"Lagavulin","floor":8.0,"turns":6.0},{"damage":0.0,"enemies":"2 Louse","floor":10.0,"turns":2.0},{"damage":17.0,"enemies":"Gremlin Nob","floor":11.0,"turns":5.0},{"damage":0.0,"enemies":"Blue Slaver","floor":13.0,"turns":4.0},{"damage":2.0,"enemies":"Lagavulin","floor":14.0,"turns":6.0},{"damage":8.0,"enemies":"Hexaghost","floor":16.0,"turns":8.0},{"damage":4.0,"enemies":"Shell Parasite","floor":18.0,"turns":4.0},{"damage":10.0,"enemies":"Masked Bandits","floor":19.0,"turns":2.0},{"damage":1.0,"enemies":"2 Thieves","floor":20.0,"turns":2.0},{"damage":9.0,"enemies":"Snake Plant","floor":21.0,"turns":4.0},{"damage":9.0,"enemies":"Gremlin Leader","floor":23.0,"turns":5.0},{"damage":2.0,"enemies":"Book of Stabbing","floor":25.0,"turns":6.0},{"damage":5.0,"enemies":"Slavers","floor":27.0,"turns":4.0},{"damage":0.0,"enemies":"Centurion and Healer","floor":28.0,"turns":3.0},{"damage":0.0,"enemies":"Gremlin Leader","floor":30.0,"turns":3.0},{"damage":22.0,"enemies":"Champ","floor":33.0,"turns":9.0},{"damage":4.0,"enemies":"Orb Walker","floor":35.0,"turns":4.0},{"damage":10.0,"enemies":"3 Shapes","floor":36.0,"turns":5.0},{"damage":6.0,"enemies":"Nemesis","floor":40.0,"turns":5.0},{"damage":9.0,"enemies":"Giant Head","floor":42.0,"turns":6.0},{"damage":0.0,"enemies":"Nemesis","floor":44.0,"turns":5.0},{"damage":0.0,"enemies":"3 Darklings","floor":48.0,"turns":3.0},{"damage":3,"enemies":"Time Eater","floor":50,"turns":6},{"damage":54,"enemies":"Shield and Spear","floor":54,"turns":3},{"damage":31,"enemies":"The Heart","floor":55,"turns":3}],"seed_played":"-6230628275541367828","potions_obtained":[{"floor":1.0,"key":"DuplicationPotion"},{"floor":11.0,"key":"SneckoOil"},{"floor":13.0,"key":"FairyPotion"},{"floor":14.0,"key":"GamblersBrew"},{"floor":25.0,"key":"Strength Potion"},{"floor":30.0,"key":"SmokeBomb"},{"floor":35.0,"key":"Weak Potion"},{"floor":40.0,"key":"GamblersBrew"},{"floor":44.0,"key":"DuplicationPotion"},{"floor":54,"key":"Weak Potion"}],"is_trial":false,"path_per_floor":["M","?","?","M","$","E","R","E","T","M","E","$","M","E","R","B",null,"M","?","M","M","?","E","?","E","T","E","M","?","E","?","R","B",null,"M","M","?","$","T","E","R","E","T","E","?","T","$","M","R","B",null,"R","$","E","B"],"character_chosen":"THE_SILENT","items_purchased":["Fire Potion","Bronze Scales","Kunai","Blade Dance","Noxious Fumes+1","Envenom+1","Leg Sweep","TwistedFunnel","Mummified Hand","Well Laid Plans+1","Caltrops+1"],"campfire_rested":0,"item_purchase_floors":[5,5,38,38,38,38,38,38,47,47,53],"current_hp_per_floor":[70,70,70,69,69,69,69,52,52,52,35,35,35,33,33,25,70,66,56,55,46,46,37,35,33,33,28,28,28,28,28,28,18,35,31,21,21,21,21,27,27,18,18,28,18,18,18,30,30,27,45,45,45,25,0,0],"gold":40,"neow_bonus":"THREE_ENEMY_KILL","is_daily":false,"chose_seed":false,"campfire_upgraded":5,"win_rate":0.0,"timestamp":1611962968,"path_taken":["M","?","?","?","?","E","R","E","T","M","E","$","M","E","R","BOSS","M","?","M","M","?","E","?","E","T","E","M","?","E","?","R","BOSS","M","M","?","$","?","E","R","E","T","E","?","?","?","M","R","BOSS","R","$","E","BOSS"],"items_purchased_type":["Potion","Relic","Relic","Card","Card","Card","Card","Relic","Relic","Card","Card"],"build_version":"2020-12-22","purchased_purges":3,"victory":false,"max_hp_per_floor":[70,70,70,70,70,70,70,70,70,70,70,70,70,70,70,70,70,70,70,70,70,70,70,35,35,35,35,35,35,35,35,35,35,35,35,35,35,35,35,35,35,35,35,45,45,45,45,45,45,45,45,45,45,45,45,45],"relic_stats":{"Regal Pillow":0,"counters":[28,117],"Pen Nib":[9],"WarpedTongs":[116],"Mercury Hourglass":[68],"Centennial Puzzle":[53],"Dream Catcher":0,"Shuriken":[14],"Mummified Hand":[36],"Bronze Scales":[338],"Snecko Eye":[155,167,147,143],"Tiny Chest":1,"Kunai":[11],"obtain_stats":[{"TwistedFunnel":38,"Regal Pillow":43,"Centennial Puzzle":8,"Dream Catcher":14,"Mummified Hand":47,"Tiny Chest":27,"Philosopher\u0027s Stone":34,"Red Mask":19,"Kunai":38,"Ring of the Snake":0,"Pear":44,"NeowsBlessing":0,"Pen Nib":26,"The Courier":30,"Frozen Egg 2":6,"White Beast Statue":11,"WarpedTongs":3,"Mercury Hourglass":42,"Shuriken":25,"Bronze Scales":5,"Snecko Eye":17,"Bag of Marbles":54,"Bottled Lightning":46,"StrikeDummy":40,"Toy Ornithopter":39,"Meat on the Bone":23},{"TwistedFunnel":21,"Regal Pillow":23,"Centennial Puzzle":4,"Dream Catcher":8,"Mummified Hand":24,"Tiny Chest":16,"Philosopher\u0027s Stone":19,"Red Mask":11,"Kunai":21,"Ring of the Snake":0,"Pear":24,"NeowsBlessing":0,"Pen Nib":15,"The Courier":18,"Frozen Egg 2":3,"White Beast Statue":6,"WarpedTongs":1,"Mercury Hourglass":23,"Shuriken":15,"Bronze Scales":2,"Snecko Eye":9,"Bag of Marbles":27,"Bottled Lightning":24,"StrikeDummy":22,"Toy Ornithopter":21,"Meat on the Bone":14},{"TwistedFunnel":86,"Regal Pillow":97,"Centennial Puzzle":10,"Dream Catcher":27,"Mummified Hand":102,"Tiny Chest":62,"Philosopher\u0027s Stone":77,"Red Mask":41,"Kunai":86,"Ring of the Snake":0,"Pear":102,"NeowsBlessing":0,"Pen Nib":58,"The Courier":68,"Frozen Egg 2":4,"White Beast Statue":17,"WarpedTongs":1,"Mercury Hourglass":97,"Shuriken":58,"Bronze Scales":2,"Snecko Eye":35,"Bag of Marbles":114,"Bottled Lightning":102,"StrikeDummy":91,"Toy Ornithopter":86,"Meat on the Bone":52}],"Toy Ornithopter":0,"Ring of the Snake":[56],"Meat on the Bone":48},"card_choices":[{"not_picked":["Underhanded Strike","Bane"],"picked":"Well Laid Plans","floor":1.0},{"not_picked":["Underhanded Strike","Quick Slash"],"picked":"PiercingWail","floor":4.0},{"not_picked":["Blur","Dagger Throw"],"picked":"Envenom+1","floor":6.0},{"not_picked":["Leg Sweep","Quick Slash"],"picked":"Dagger Spray","floor":8.0},{"not_picked":["Prepared","Accuracy+1"],"picked":"Footwork+1","floor":10.0},{"not_picked":["Escape Plan","Acrobatics"],"picked":"Terror","floor":11.0},{"not_picked":["Deflect","Dagger Throw"],"picked":"Riddle With Holes","floor":13.0},{"not_picked":["Dagger Throw","Footwork+1"],"picked":"Doppelganger","floor":14.0},{"not_picked":["Burst","Unload"],"picked":"Corpse Explosion","floor":16.0},{"not_picked":["PiercingWail+1","Acrobatics"],"picked":"Dodge and Roll+1","floor":18.0},{"not_picked":["Venomology","Dagger Spray"],"picked":"Cloak And Dagger","floor":19.0},{"not_picked":["Outmaneuver+1","Quick Slash+1"],"picked":"Catalyst+1","floor":20.0},{"not_picked":["Prepared+1","Outmaneuver"],"picked":"Bane+1","floor":21.0},{"not_picked":["Cloak And Dagger","Blade Dance"],"picked":"PiercingWail","floor":23.0},{"not_picked":["Acrobatics+1","Slice+1"],"picked":"Night Terror","floor":25.0},{"not_picked":["Eviscerate+1","Distraction"],"picked":"Catalyst+1","floor":27.0},{"not_picked":["Skewer","Outmaneuver+1","Prepared+1"],"picked":"SKIP","floor":28.0},{"not_picked":["Tools of the Trade+1","Setup"],"picked":"Riddle With Holes","floor":30.0},{"not_picked":["Adrenaline","Tools of the Trade+1"],"picked":"Doppelganger","floor":33.0},{"not_picked":["Calculated Gamble","Escape Plan"],"picked":"Riddle With Holes+1","floor":35.0},{"not_picked":["Flying Knee","Backstab"],"picked":"Blade Dance+1","floor":36.0},{"not_picked":["Terror+1","Footwork+1"],"picked":"Bouncing Flask+1","floor":40.0},{"not_picked":["Backflip","Choke+1","Prepared"],"picked":"SKIP","floor":42.0},{"not_picked":["Deadly Poison","Escape Plan+1"],"picked":"After Image+1","floor":44.0},{"not_picked":["Chrysalis","Impatience"],"picked":"Sadistic Nature+1","floor":45.0},{"not_picked":["Backflip+1","Distraction"],"picked":"Noxious Fumes+1","floor":48.0},{"not_picked":["Escape Plan+1","Predator"],"picked":"Footwork+1","floor":54}],"player_experience":314990,"relics_obtained":[{"floor":6.0,"key":"Frozen Egg 2"},{"floor":8.0,"key":"Centennial Puzzle"},{"floor":11.0,"key":"White Beast Statue"},{"floor":14.0,"key":"Dream Catcher"},{"floor":19.0,"key":"Red Mask"},{"floor":23.0,"key":"Meat on the Bone"},{"floor":25.0,"key":"Shuriken"},{"floor":26.0,"key":"Pen Nib"},{"floor":27.0,"key":"Tiny Chest"},{"floor":30.0,"key":"The Courier"},{"floor":39.0,"key":"Toy Ornithopter"},{"floor":40.0,"key":"StrikeDummy"},{"floor":42.0,"key":"Mercury Hourglass"},{"floor":43.0,"key":"Regal Pillow"},{"floor":44.0,"key":"Pear"},{"floor":46.0,"key":"Bottled Lightning"},{"floor":54,"key":"Bag of Marbles"}],"event_choices":[{"damage_healed":0.0,"max_hp_gain":0.0,"max_hp_loss":0.0,"gold_gain":175.0,"event_name":"Liars Game","player_choice":"AGREE","floor":2.0,"gold_loss":0.0,"damage_taken":0.0,"cards_obtained":["Doubt"]},{"damage_healed":0.0,"max_hp_gain":0.0,"max_hp_loss":0.0,"gold_gain":0.0,"event_name":"Accursed Blacksmith","player_choice":"Rummage","floor":3.0,"gold_loss":0.0,"damage_taken":0.0,"relics_obtained":["WarpedTongs"],"cards_obtained":["Pain"]},{"damage_healed":0.0,"max_hp_gain":0.0,"max_hp_loss":0.0,"gold_gain":0.0,"event_name":"Masked Bandits","player_choice":"Fought Bandits","floor":19.0,"gold_loss":0.0,"damage_taken":0.0},{"cards_removed":["Strike_G"],"damage_healed":0.0,"max_hp_gain":0.0,"max_hp_loss":0.0,"gold_gain":0.0,"event_name":"Beggar","player_choice":"Gave Gold","floor":22.0,"gold_loss":75.0,"damage_taken":0.0},{"damage_healed":0.0,"max_hp_gain":0.0,"max_hp_loss":35.0,"gold_gain":0.0,"event_name":"Ghosts","player_choice":"Became a Ghost","floor":24.0,"gold_loss":0.0,"damage_taken":0.0,"cards_obtained":["Ghostly","Ghostly","Ghostly","Ghostly","Ghostly"]},{"damage_healed":0.0,"max_hp_gain":0.0,"max_hp_loss":0.0,"gold_gain":0.0,"event_name":"Vampires","player_choice":"Ignored","floor":29.0,"gold_loss":0.0,"damage_taken":0.0},{"damage_healed":0.0,"max_hp_gain":0.0,"max_hp_loss":0.0,"gold_gain":100.0,"event_name":"Golden Shrine","player_choice":"Pray","floor":31.0,"gold_loss":0.0,"damage_taken":0.0},{"damage_healed":0.0,"max_hp_gain":0.0,"max_hp_loss":0.0,"gold_gain":222.0,"event_name":"Tomb of Lord Red Mask","player_choice":"Wore Mask","floor":37.0,"gold_loss":0.0,"damage_taken":0.0},{"damage_healed":0.0,"max_hp_gain":0.0,"max_hp_loss":0.0,"gold_gain":0.0,"event_name":"SensoryStone","player_choice":"Memory 3","floor":45.0,"gold_loss":0.0,"damage_taken":10.0}],"is_beta":false,"boss_relics":[{"not_picked":["SacredBark","SlaversCollar"],"picked":"Snecko Eye"},{"not_picked":["HoveringKite","Black Star"],"picked":"Philosopher\u0027s Stone"}],"items_purged_floors":[5,12,38],"is_endless":false,"potions_floor_spawned":[1,11,13,14,16,18,19,20,21,23,25,27,28,30,33,35,36,40,42,44,48,54],"killed_by":"The Heart","ascension_level":2}}