{"host":"jlk2k69f9c6o7b3e","time":1611909657,"event":{"mods":["AchievementEnabler","BaseMod","Minty Spire (QoL Compilation)","StSLib"],"gold_per_floor":[111,111,186,186,186,215,215,226,253,283,298,324,239,250,250,250,250],"floor_reached":16,"language":"ZHS","playtime":826,"items_purged":["Regret"],"score":186,"play_id":"8825162d-caf1-45ad-b0ed-513544840e78","local_time":"20210129164057","is_ascension_mode":true,"campfire_choices":[{"data":"Night Terror","floor":7.0,"key":"SMITH"},{"data":"Caltrops","floor":15,"key":"SMITH"}],"circlet_count":0,"master_deck":["Strike_G+1","Strike_G","Strike_G","Strike_G","Strike_G+1","Defend_G","Defend_G","Defend_G","Defend_G","Defend_G","Survivor","Neutralize+1","Escape Plan","Night Terror+1","Caltrops","Dodge and Roll+1","Blade Dance+1","Terror+1","Caltrops+1","Tactician+1"],"relics":["Ring of the Snake","NeowsBlessing","White Beast Statue","Whetstone","Anchor","Toxic Egg 2","Smiling Mask"],"acts_visited":["Exordium"],"potions_floor_usage":[10,11,12,14,16,16,16],"damage_taken":[{"damage":0.0,"enemies":"2 Louse","floor":1.0,"turns":1.0},{"damage":0.0,"enemies":"Lagavulin","floor":6.0,"turns":1.0},{"damage":0,"enemies":"Small Slimes","floor":8,"turns":1},{"damage":29,"enemies":"Gremlin Nob","floor":10,"turns":5},{"damage":4,"enemies":"Cultist","floor":11,"turns":3},{"damage":9,"enemies":"3 Sentries","floor":12,"turns":6},{"damage":0,"enemies":"Blue Slaver","floor":14,"turns":2},{"damage":19,"enemies":"Slime Boss","floor":16,"turns":5}],"seed_played":"1645815130320025640","potions_obtained":[{"floor":1.0,"key":"AttackPotion"},{"floor":6.0,"key":"LiquidBronze"},{"floor":8,"key":"GamblersBrew"},{"floor":10,"key":"PowerPotion"},{"floor":11,"key":"Poison Potion"},{"floor":12,"key":"ColorlessPotion"},{"floor":14,"key":"Poison Potion"}],"is_trial":false,"path_per_floor":["M","?","?","$","?","E","R","M","T","E","M","E","$","M","R","B"],"character_chosen":"THE_SILENT","items_purchased":["Caltrops"],"campfire_rested":0,"item_purchase_floors":[13],"current_hp_per_floor":[63,63,52,52,52,52,52,52,52,23,19,10,10,10,10,0,0],"gold":250,"neow_bonus":"THREE_ENEMY_KILL","is_daily":false,"chose_seed":false,"campfire_upgraded":2,"win_rate":0.0,"timestamp":1611909657,"path_taken":["M","?","?","$","?","E","R","?","T","E","M","E","$","M","R","BOSS"],"items_purchased_type":["Card"],"build_version":"2020-12-22","purchased_purges":1,"victory":false,"max_hp_per_floor":[70,70,70,70,70,70,70,70,70,70,70,70,70,70,70,70,70],"card_choices":[{"not_picked":["Flechettes","Flying Knee"],"picked":"Escape Plan","floor":1.0},{"not_picked":["Cloak And Dagger","Underhanded Strike"],"picked":"Night Terror","floor":6.0},{"not_picked":["Sucker Punch","Flying Knee"],"picked":"Caltrops","floor":8},{"not_picked":["Accuracy","Riddle With Holes"],"picked":"Dodge and Roll+1","floor":10},{"not_picked":["Skewer","PiercingWail+1"],"picked":"Blade Dance+1","floor":11},{"not_picked":["Skewer","Bane"],"picked":"Terror+1","floor":12},{"not_picked":["Poisoned Stab","Crippling Poison+1"],"picked":"Tactician+1","floor":14}],"player_experience":304412,"relics_obtained":[{"floor":6.0,"key":"Whetstone"},{"floor":9,"key":"Anchor"},{"floor":10,"key":"Toxic Egg 2"},{"floor":12,"key":"Smiling Mask"}],"event_choices":[{"damage_healed":0.0,"max_hp_gain":0.0,"max_hp_loss":0.0,"gold_gain":0.0,"event_name":"Big Fish","player_choice":"Box","floor":2.0,"gold_loss":0.0,"damage_taken":0.0,"relics_obtained":["White Beast Statue"],"cards_obtained":["Regret"]},{"damage_healed":0.0,"max_hp_gain":0.0,"max_hp_loss":0.0,"gold_gain":75.0,"event_name":"World of Goop","player_choice":"Gather Gold","floor":3.0,"gold_loss":0.0,"damage_taken":11.0},{"damage_healed":0.0,"max_hp_gain":0.0,"max_hp_loss":0.0,"gold_gain":0.0,"event_name":"Upgrade Shrine","player_choice":"Upgraded","floor":5.0,"gold_loss":0.0,"damage_taken":0.0,"cards_upgraded":["Neutralize"]}],"is_beta":false,"boss_relics":[],"items_purged_floors":[13],"is_endless":false,"potions_floor_spawned":[1,6,8,10,11,12,14],"killed_by":"Slime Boss","ascension_level":6}}