{"host":"idf7jkg8jogr8thm","time":1611957051,"event":{"mods":["AchievementEnabler","BaseMod","Bestiary","Colored Map","Colored Powertips","Minty Spire (QoL Compilation)","StSLib"],"gold_per_floor":[110,80,94,110,31,65,65,85,85,100,100,127,145,158,158,255,255,272,272,286,286,286],"floor_reached":21,"language":"ENG","playtime":1661,"items_purged":[],"score":203,"play_id":"5f0764e1-d988-43ed-935d-5c0d54a9e41c","local_time":"20210129165051","is_ascension_mode":true,"campfire_choices":[{"floor":7,"key":"REST"},{"floor":11,"key":"REST"},{"floor":15,"key":"RECALL"}],"circlet_count":0,"master_deck":["Strike_G","Strike_G","Strike_G","Strike_G","Strike_G","Defend_G","Defend_G","Defend_G","Defend_G","Defend_G","Survivor","Neutralize","Deadly Poison","Crippling Poison","Bouncing Flask","Footwork","Noxious Fumes+1","Bullet Time","Poisoned Stab","Deadly Poison","Deflect","Envenom","Choke","Riddle With Holes","Outmaneuver","A Thousand Cuts","Backstab","Dagger Throw"],"relics":["Ring of the Snake","Dream Catcher","Blue Candle","Philosopher\u0027s Stone"],"acts_visited":["Exordium","TheCity"],"potions_floor_usage":[6,16,16,21],"damage_taken":[{"damage":5,"enemies":"Jaw Worm","floor":1,"turns":6},{"damage":0,"enemies":"Cultist","floor":3,"turns":4},{"damage":5,"enemies":"Small Slimes","floor":4,"turns":3},{"damage":26,"enemies":"3 Sentries","floor":6,"turns":7},{"damage":6,"enemies":"Red Slaver","floor":8,"turns":3},{"damage":10,"enemies":"3 Louse","floor":10,"turns":3},{"damage":7,"enemies":"Lagavulin","floor":12,"turns":7},{"damage":10,"enemies":"Looter","floor":13,"turns":3},{"damage":4,"enemies":"2 Fungi Beasts","floor":14,"turns":3},{"damage":38,"enemies":"The Guardian","floor":16,"turns":11},{"damage":23,"enemies":"Spheric Guardian","floor":18,"turns":4},{"damage":32,"enemies":"Shell Parasite","floor":20,"turns":6},{"damage":19,"enemies":"Cultist and Chosen","floor":21,"turns":4}],"seed_played":"-7689847841093492311","potions_obtained":[{"floor":1,"key":"SpeedPotion"},{"floor":2,"key":"SmokeBomb"},{"floor":2,"key":"LiquidBronze"},{"floor":6,"key":"Weak Potion"},{"floor":12,"key":"Swift Potion"},{"floor":18,"key":"AttackPotion"},{"floor":20,"key":"Strength Potion"}],"is_trial":false,"path_per_floor":["M","?","M","M","$","E","R","M","T","M","R","E","M","M","R","B",null,"M","?","M","M"],"character_chosen":"THE_SILENT","items_purchased":["Noxious Fumes"],"campfire_rested":2,"item_purchase_floors":[5],"current_hp_per_floor":[65,65,65,60,60,34,55,49,49,39,60,53,43,39,39,1,70,47,47,15,0,0],"gold":286,"neow_bonus":"THREE_CARDS","is_daily":false,"chose_seed":false,"campfire_upgraded":0,"win_rate":0.0,"timestamp":1611957051,"path_taken":["M","?","?","M","$","E","R","M","T","M","R","E","M","M","R","BOSS","M","?","?","M"],"items_purchased_type":["Card"],"build_version":"2020-12-22","purchased_purges":0,"victory":false,"max_hp_per_floor":[70,70,70,70,70,70,70,70,70,70,70,70,70,70,70,70,70,70,70,70,70,70],"card_choices":[{"not_picked":["Underhanded Strike","Heel Hook"],"picked":"Deadly Poison","floor":0},{"not_picked":["Slice","Prepared"],"picked":"Crippling Poison","floor":1},{"not_picked":["Dodge and Roll","Dagger Spray"],"picked":"Bouncing Flask","floor":3},{"not_picked":["Underhanded Strike","Well Laid Plans"],"picked":"Footwork","floor":4},{"not_picked":["Tactician","Flying Knee"],"picked":"Bullet Time","floor":6},{"not_picked":["Crippling Poison","Slice"],"picked":"Poisoned Stab","floor":7},{"not_picked":["Backflip","Blade Dance"],"picked":"Deadly Poison","floor":8},{"not_picked":["Footwork","Dagger Throw"],"picked":"Deflect","floor":10},{"not_picked":["Poisoned Stab","PiercingWail"],"picked":"Envenom","floor":11},{"not_picked":["Outmaneuver","Quick Slash"],"picked":"Choke","floor":12},{"not_picked":["Backflip","PiercingWail"],"picked":"Riddle With Holes","floor":13},{"not_picked":["Eviscerate","Skewer"],"picked":"Outmaneuver","floor":14},{"not_picked":["Adrenaline","Malaise"],"picked":"A Thousand Cuts","floor":16},{"not_picked":["Noxious Fumes","Dash+1"],"picked":"Backstab","floor":18},{"not_picked":["Quick Slash","Acrobatics"],"picked":"Dagger Throw","floor":20}],"player_experience":77592,"relics_obtained":[{"floor":6,"key":"Dream Catcher"},{"floor":12,"key":"Blue Candle"}],"event_choices":[{"damage_healed":0,"gold_gain":0,"player_choice":"Bought 2 Potions","damage_taken":0,"max_hp_gain":0,"max_hp_loss":0,"event_name":"The Woman in Blue","floor":2,"gold_loss":0},{"damage_healed":0,"gold_gain":0,"player_choice":"Upgraded","damage_taken":0,"max_hp_gain":0,"max_hp_loss":0,"event_name":"Upgrade Shrine","floor":19,"gold_loss":0,"cards_upgraded":["Noxious Fumes"]}],"is_beta":false,"boss_relics":[{"not_picked":["Snecko Eye","Runic Dome"],"picked":"Philosopher\u0027s Stone"}],"items_purged_floors":[],"is_endless":false,"potions_floor_spawned":[1,6,12,13,18,20],"killed_by":"Cultist and Chosen","ascension_level":1}}