{"host":"sygfylmorsvdndbx","time":1611955081,"event":{"mods":["AchievementEnabler","BaseMod","Highlight Path","Minty Spire (QoL Compilation)","Permanent Neow","Quick Restart","Relic Stats"],"gold_per_floor":[16,16,32,32,32,32,65,80,158,158,170,204,204,218,218,322,322,342,355,158,173,173,173,202,8,33,62,80,99,99,126,138,253,265,288,251,251,95,108,108,108,157,157,174,202,202,130,150,150,150,150,150,0,29,29],"floor_reached":56,"language":"ENG","playtime":8407,"items_purged":["Strike_B"],"score":1658,"play_id":"48a88892-7089-4caa-b101-7397ba83bc45","local_time":"20210129161801","is_ascension_mode":true,"campfire_choices":[{"data":"Apotheosis","floor":6,"key":"SMITH"},{"data":"Defragment","floor":10,"key":"SMITH"},{"data":"Zap","floor":13,"key":"SMITH"},{"data":"Consume","floor":15,"key":"SMITH"},{"data":"Defragment","floor":23,"key":"SMITH"},{"floor":30,"key":"REST"},{"data":"Machine Learning","floor":32,"key":"SMITH"},{"data":"White Noise","floor":40,"key":"SMITH"},{"floor":49,"key":"RECALL"},{"floor":52,"key":"DIG"}],"circlet_count":0,"master_deck":["Strike_B+1","Strike_B","Defend_B+1","Defend_B+1","Defend_B","Defend_B","Zap+1","Dualcast","Apotheosis+1","Consume+1","Defragment+1","Ball Lightning+1","Compile Driver","Coolheaded","Coolheaded","White Noise+1","Machine Learning+1","Genetic Algorithm+1","Recycle+1","Defragment+1","Aggregate","BootSequence","Blizzard","Electrodynamics","Purity","Compile Driver","Aggregate+1","Master of Strategy","Deep Breath","Conserve Battery","Hologram"],"relics":["Cracked Core","Anchor","Toy Ornithopter","StoneCalendar","Runic Pyramid","OrangePellets","War Paint","Membership Card","Oddly Smooth Stone","PreservedInsect","MawBank","Nuclear Battery","FossilizedHelix","Thread and Needle","Bag of Marbles","Kunai","Shovel","Lee\u0027s Waffle","Symbiotic Virus","HornCleat","Whetstone"],"acts_visited":["Exordium","TheCity","TheBeyond","TheEnding"],"potions_floor_usage":[12,21,31,33,42,55],"damage_taken":[{"damage":1,"enemies":"2 Louse","floor":1,"turns":2},{"damage":0,"enemies":"Cultist","floor":3,"turns":4},{"damage":18,"enemies":"3 Sentries","floor":7,"turns":6},{"damage":0,"enemies":"Small Slimes","floor":8,"turns":2},{"damage":0,"enemies":"2 Fungi Beasts","floor":11,"turns":3},{"damage":8,"enemies":"Gremlin Nob","floor":12,"turns":3},{"damage":0,"enemies":"Looter","floor":14,"turns":3},{"damage":0,"enemies":"The Guardian","floor":16,"turns":7},{"damage":0,"enemies":"Spheric Guardian","floor":18,"turns":4},{"damage":0,"enemies":"Shell Parasite","floor":19,"turns":5},{"damage":5,"enemies":"3 Cultists","floor":21,"turns":5},{"damage":26,"enemies":"Gremlin Leader","floor":24,"turns":6},{"damage":21,"enemies":"Slavers","floor":27,"turns":6},{"damage":0,"enemies":"Snecko","floor":28,"turns":5},{"damage":0,"enemies":"Chosen and Byrds","floor":29,"turns":5},{"damage":12,"enemies":"Book of Stabbing","floor":31,"turns":4},{"damage":31,"enemies":"Collector","floor":33,"turns":7},{"damage":0,"enemies":"Orb Walker","floor":35,"turns":4},{"damage":0,"enemies":"3 Darklings","floor":39,"turns":3},{"damage":0,"enemies":"2 Orb Walkers","floor":42,"turns":3},{"damage":0,"enemies":"Maw","floor":44,"turns":7},{"damage":0,"enemies":"Giant Head","floor":45,"turns":6},{"damage":8,"enemies":"Transient","floor":48,"turns":5},{"damage":32,"enemies":"Time Eater","floor":50,"turns":11},{"damage":0,"enemies":"Shield and Spear","floor":54,"turns":4},{"damage":12,"enemies":"The Heart","floor":55,"turns":9}],"seed_played":"-3985915576505171393","potions_obtained":[{"floor":3,"key":"DuplicationPotion"},{"floor":7,"key":"CultistPotion"},{"floor":8,"key":"Block Potion"},{"floor":18,"key":"FairyPotion"},{"floor":27,"key":"AttackPotion"},{"floor":31,"key":"Swift Potion"},{"floor":35,"key":"Weak Potion"},{"floor":42,"key":"SkillPotion"},{"floor":45,"key":"Dexterity Potion"}],"is_trial":false,"path_per_floor":["M","?","M","?","$","R","E","M","T","R","M","E","R","M","R","B",null,"M","M","$","M","?","R","E","$","T","E","M","M","R","E","R","B",null,"M","$","?","$","M","R","?","?","T","M","E","T","$","M","R","B",null,"R","$","E","B",null],"character_chosen":"DEFECT","items_purchased":["Defragment","OrangePellets","Membership Card","Purity","FossilizedHelix","Compile Driver","Lee\u0027s Waffle","HornCleat","Swift Potion"],"campfire_rested":1,"item_purchase_floors":[20,20,25,36,38,38,47,53,53],"current_hp_per_floor":[67,67,67,67,67,67,49,49,49,49,49,46,46,46,46,46,68,68,68,68,68,68,68,42,42,42,21,21,21,43,36,36,10,59,59,59,59,59,59,59,49,54,54,54,54,54,82,74,74,42,72,72,72,72,65],"gold":29,"neow_bonus":"RANDOM_COLORLESS_2","is_daily":false,"chose_seed":false,"campfire_upgraded":7,"win_rate":0.0,"timestamp":1611955081,"path_taken":["M","?","M","?","$","R","E","M","T","R","?","E","R","M","R","BOSS","M","M","$","M","?","R","E","$","T","E","M","M","R","E","R","BOSS","M","$","?","$","M","R","?","?","T","M","E","?","$","M","R","BOSS","R","$","E","BOSS"],"items_purchased_type":["Card","Relic","Relic","Card","Relic","Card","Relic","Relic","Potion"],"build_version":"2020-12-22","purchased_purges":1,"victory":true,"max_hp_per_floor":[75,75,75,75,75,75,75,75,75,75,75,75,75,75,75,75,75,75,75,75,75,75,75,75,75,75,75,75,75,75,75,75,75,75,75,75,75,75,75,75,75,75,75,75,75,75,82,82,82,82,82,82,82,82,82],"relic_stats":{"OrangePellets":[17],"Lee\u0027s Waffle":28,"Shovel":1,"counters":[26,129],"StoneCalendar":[154],"PreservedInsect":233,"Kunai":[9],"Whetstone":["Ball Lightning","Strike_B"],"War Paint":["Defend_B","Defend_B"],"MawBank":60,"obtain_stats":[{"Lee\u0027s Waffle":47,"Oddly Smooth Stone":26,"StoneCalendar":12,"Thread and Needle":42,"PreservedInsect":27,"Whetstone":54,"War Paint":24,"MawBank":31,"Nuclear Battery":34,"OrangePellets":20,"Anchor":4,"Shovel":46,"HornCleat":53,"Bag of Marbles":43,"Membership Card":25,"Kunai":45,"Cracked Core":0,"Symbiotic Virus":52,"Toy Ornithopter":7,"FossilizedHelix":38,"Runic Pyramid":17},{"Lee\u0027s Waffle":22,"Oddly Smooth Stone":12,"StoneCalendar":6,"Thread and Needle":20,"PreservedInsect":13,"Whetstone":25,"War Paint":12,"MawBank":16,"Nuclear Battery":17,"OrangePellets":10,"Anchor":2,"Shovel":22,"HornCleat":24,"Bag of Marbles":20,"Membership Card":12,"Kunai":22,"Cracked Core":0,"Symbiotic Virus":24,"Toy Ornithopter":3,"FossilizedHelix":18,"Runic Pyramid":8},{"Lee\u0027s Waffle":100,"Oddly Smooth Stone":50,"StoneCalendar":20,"Thread and Needle":87,"PreservedInsect":56,"Whetstone":120,"War Paint":50,"MawBank":70,"Nuclear Battery":77,"OrangePellets":39,"Anchor":6,"Shovel":100,"HornCleat":116,"Bag of Marbles":87,"Membership Card":50,"Kunai":100,"Cracked Core":0,"Symbiotic Virus":116,"Toy Ornithopter":12,"FossilizedHelix":81,"Runic Pyramid":30}],"Toy Ornithopter":30},"card_choices":[{"not_picked":["Transmutation","Secret Weapon"],"picked":"Apotheosis","floor":0},{"not_picked":["Blizzard","Steam"],"picked":"Consume","floor":1},{"not_picked":["Stack","Hologram"],"picked":"Defragment","floor":3},{"not_picked":["Go for the Eyes","Compile Driver"],"picked":"Ball Lightning","floor":7},{"not_picked":["Blizzard","Sweeping Beam"],"picked":"Compile Driver","floor":8},{"not_picked":["Go for the Eyes","Steam"],"picked":"Coolheaded","floor":11},{"not_picked":["Thunder Strike","Stack"],"picked":"Coolheaded","floor":12},{"not_picked":["Darkness","Go for the Eyes"],"picked":"White Noise","floor":14},{"not_picked":["Core Surge","Reboot"],"picked":"Machine Learning","floor":16},{"not_picked":["Stack","Scrape"],"picked":"Genetic Algorithm+1","floor":18},{"not_picked":["Conserve Battery","Leap"],"picked":"Recycle+1","floor":19},{"not_picked":["Stack","Darkness+1","Undo+1"],"picked":"SKIP","floor":21},{"not_picked":["Stack","Darkness+1","Undo+1"],"picked":"SKIP","floor":21},{"not_picked":["Coolheaded","Gash","Melter"],"picked":"SKIP","floor":24},{"not_picked":["Coolheaded+1","Sweeping Beam"],"picked":"BootSequence","floor":27},{"not_picked":["Sunder","Leap+1","Thunder Strike"],"picked":"SKIP","floor":28},{"not_picked":["Go for the Eyes","Turbo","Beam Cell+1"],"picked":"SKIP","floor":29},{"not_picked":["Beam Cell+1","Ball Lightning"],"picked":"Blizzard","floor":31},{"not_picked":["Core Surge","All For One"],"picked":"Electrodynamics","floor":33},{"not_picked":["Go for the Eyes","Turbo"],"picked":"Conserve Battery+1","floor":35},{"not_picked":["Compile Driver+1","Sunder"],"picked":"Aggregate+1","floor":39},{"not_picked":["Dramatic Entrance","Forethought"],"picked":"Master of Strategy","floor":41},{"not_picked":["Impatience","Dramatic Entrance"],"picked":"Deep Breath","floor":41},{"not_picked":["Stack","Turbo+1"],"picked":"Conserve Battery","floor":42},{"not_picked":["Heatsinks+1","Compile Driver"],"picked":"Hologram","floor":44},{"not_picked":["Barrage+1","Stack","Cold Snap"],"picked":"SKIP","floor":45},{"not_picked":["Glacier","Chaos","Heatsinks"],"picked":"SKIP","floor":48},{"not_picked":["Rebound","Storm","Stack"],"picked":"SKIP","floor":54}],"player_experience":337834,"relics_obtained":[{"floor":4,"key":"Anchor"},{"floor":7,"key":"Toy Ornithopter"},{"floor":12,"key":"StoneCalendar"},{"floor":24,"key":"War Paint"},{"floor":26,"key":"Oddly Smooth Stone"},{"floor":27,"key":"PreservedInsect"},{"floor":31,"key":"MawBank"},{"floor":42,"key":"Thread and Needle"},{"floor":43,"key":"Bag of Marbles"},{"floor":45,"key":"Kunai"},{"floor":46,"key":"Shovel"},{"floor":52,"key":"Symbiotic Virus"},{"floor":54,"key":"Whetstone"}],"event_choices":[{"cards_removed":["Strike_B"],"damage_healed":0,"gold_gain":0,"player_choice":"Forget","damage_taken":0,"max_hp_gain":0,"max_hp_loss":0,"event_name":"Living Wall","floor":2,"gold_loss":0},{"damage_healed":0,"gold_gain":0,"player_choice":"Relic","damage_taken":0,"max_hp_gain":0,"max_hp_loss":0,"event_name":"Wheel of Change","floor":4,"gold_loss":0},{"damage_healed":0,"gold_gain":0,"player_choice":"Read","damage_taken":0,"max_hp_gain":0,"max_hp_loss":0,"event_name":"The Library","floor":22,"gold_loss":0,"cards_obtained":["Aggregate"]},{"cards_removed":["Conserve Battery"],"damage_healed":0,"gold_gain":0,"player_choice":"Removed Skill","damage_taken":0,"max_hp_gain":0,"max_hp_loss":0,"event_name":"Falling","floor":37,"gold_loss":0},{"damage_healed":0,"gold_gain":0,"player_choice":"Memory 3","damage_taken":10,"max_hp_gain":0,"max_hp_loss":0,"event_name":"SensoryStone","floor":41,"gold_loss":0},{"damage_healed":0,"gold_gain":0,"player_choice":"Fight","damage_taken":0,"max_hp_gain":0,"max_hp_loss":0,"event_name":"Mysterious Sphere","floor":42,"gold_loss":0}],"is_beta":false,"boss_relics":[{"not_picked":["Tiny House","Black Star"],"picked":"Runic Pyramid"},{"not_picked":["Busted Crown","Pandora\u0027s Box"],"picked":"Nuclear Battery"}],"items_purged_floors":[25],"is_endless":false,"potions_floor_spawned":[3,7,8,18,27,28,31,35,42,45,54],"ascension_level":7}}