{"host":"kzfpatocel9exp3u","time":1611932391,"event":{"mods":["BaseMod","Googly Eyes","Minty Spire (QoL Compilation)","StSLib","TestMod","[IsaacMod]以撒尖塔"],"gold_per_floor":[119,119,194,194,194,226,226,260,307,324,324,356,376,388,388,463,463,473,523,539,551,563,598,611,640,640,640,301,1300,1300,1076,1076,1147,1147,1158,1175,1243,1262,1277,1277,1277,1277],"floor_reached":41,"language":"ZHS","playtime":1211,"items_purged":["Strike_R","Strike_R"],"score":1077,"play_id":"30aff770-1b72-43d7-a4eb-4199a9be472f","local_time":"20210129225951","is_ascension_mode":true,"campfire_choices":[{"data":"Carnage","floor":11.0,"key":"SMITH"},{"data":"Fire Breathing","floor":15.0,"key":"SMITH"},{"data":"Entrench","floor":27.0,"key":"SMITH"},{"data":"Shockwave","floor":30.0,"key":"SMITH"},{"data":"Limit Break","floor":32.0,"key":"SMITH"},{"data":"Barricade","floor":40,"key":"SMITH"}],"circlet_count":0,"master_deck":["AscendersBane","Strike_R+1","Strike_R+1","Strike_R+1","Defend_R","Defend_R","Defend_R","Defend_R","Bash","Carnage+1","Shockwave+1","Fire Breathing+1","Double Tap","CurseOfTheBell","Twin Strike","Shrug It Off","Limit Break+1","Entrench+1","Whirlwind+1","testmod-Recap","Barricade+1","Limit Break","Body Slam","Feel No Pain"],"relics":["Burning Blood","HushsDoor","YumHeart","testmod-RealStoneCalender","testmod-InjuryResistance","testmod-Justice","Lantern","testmod-TestBox","Bag of Preparation","Tiny Chest","PillsDrop","Dream Catcher","Shuriken","testmod-BouquetWithThorns","SatanicBible","Happy Flower","Potion Belt","D6","testmod-Hope","SteamSale","Kunai","Membership Card","Whetstone","BookOfRevelations","Runic Dome","Succubus","DeathBook"],"acts_visited":["Exordium","TheCity","TheBeyond"],"potions_floor_usage":[33,33,33],"damage_taken":[{"damage":1.0,"enemies":"2 Louse","floor":1.0,"turns":2.0},{"damage":17.0,"enemies":"Lagavulin","floor":6.0,"turns":6.0},{"damage":2.0,"enemies":"Gremlin Nob","floor":8.0,"turns":3.0},{"damage":0.0,"enemies":"Small Slimes","floor":10.0,"turns":2.0},{"damage":5.0,"enemies":"Lagavulin","floor":12.0,"turns":4.0},{"damage":8.0,"enemies":"Jaw Worm","floor":13.0,"turns":2.0},{"damage":4.0,"enemies":"Blue Slaver","floor":14.0,"turns":2.0},{"damage":18.0,"enemies":"Hexaghost","floor":16.0,"turns":7.0},{"damage":17.0,"enemies":"Shell Parasite","floor":18.0,"turns":5.0},{"damage":22.0,"enemies":"Hiden Room Battle","floor":19.0,"turns":4.0},{"damage":3.0,"enemies":"3 Byrds","floor":20.0,"turns":2.0},{"damage":9.0,"enemies":"3 Cultists","floor":21.0,"turns":4.0},{"damage":10.0,"enemies":"Snake Plant","floor":22.0,"turns":3.0},{"damage":25.0,"enemies":"Slavers","floor":23.0,"turns":4.0},{"damage":7.0,"enemies":"Snecko","floor":24.0,"turns":3.0},{"damage":22.0,"enemies":"Book of Stabbing","floor":25.0,"turns":4.0},{"damage":0,"enemies":"Collector","floor":33,"turns":6},{"damage":0,"enemies":"3 Darklings","floor":35,"turns":2},{"damage":0,"enemies":"3 Shapes","floor":36,"turns":4},{"damage":0,"enemies":"Spire Growth","floor":38,"turns":3},{"damage":26,"enemies":"Sphere and 2 Shapes","floor":39,"turns":4},{"damage":47,"enemies":"Reptomancer","floor":41,"turns":2}],"seed_played":"-4895406734952577835","potions_obtained":[{"floor":6.0,"key":"ColorlessPotion"},{"floor":10.0,"key":"CultistPotion"},{"floor":16.0,"key":"Weak Potion"},{"floor":20.0,"key":"PowerPotion"},{"floor":23.0,"key":"GamblersBrew"},{"floor":24.0,"key":"Strength Potion"},{"floor":35,"key":"Ancient Potion"},{"floor":39,"key":"PowerPotion"}],"is_trial":false,"path_per_floor":["M","$","?","?","T","E","?","E","T","M","R","E","M","M","R","B",null,"M","?","M","M","M","E","M","E","T","R","$","?","R","$","R","B",null,"M","M","T","M","M","R","E"],"character_chosen":"IRONCLAD","items_purchased":["SteamSale","Kunai","Whirlwind","testmod-Recap","Membership Card","Whetstone","BookOfRevelations","Limit Break","Succubus","DeathBook"],"campfire_rested":0,"item_purchase_floors":[28,28,31,31,31,31,31,34,34,34],"current_hp_per_floor":[68,68,58,65,65,54,54,58,58,64,64,65,63,68,68,56,67,71,55,58,55,74,55,54,38,38,63,63,63,63,63,63,69,40,40,40,40,40,40,40,0,0],"gold":1277,"neow_bonus":"ONE_RARE_RELIC","is_daily":false,"chose_seed":false,"campfire_upgraded":6,"win_rate":0.0,"timestamp":1611932391,"path_taken":["M","$","?","?","?","E","?","E","T","M","R","E","M","?","R","BOSS","M","?","M","M","M","E","M","E","T","R","$","?","R","$","R","BOSS","M","M","?","M","?","R","E"],"items_purchased_type":["Relic","Relic","Card","Card","Relic","Relic","Relic","Card","Relic","Relic"],"build_version":"2020-12-22","purchased_purges":2,"victory":false,"max_hp_per_floor":[68,68,68,68,68,68,68,68,68,68,68,68,68,71,71,71,71,71,71,71,71,74,74,69,69,69,69,69,69,69,69,69,69,40,40,40,40,40,40,40,40,40],"card_choices":[{"not_picked":["Sever Soul","Dark Embrace","Thunderclap"],"picked":"SKIP","floor":1.0},{"not_picked":["Armaments","Iron Wave"],"picked":"Carnage","floor":6.0},{"not_picked":["Metallicize","Bomb"],"picked":"Shockwave","floor":8.0},{"not_picked":["Power Through","Rampage"],"picked":"Bomb","floor":10.0},{"not_picked":["Clash","Corruption","Clothesline"],"picked":"SKIP","floor":12.0},{"not_picked":["Wild Strike","Clothesline","Ghostly Armor"],"picked":"SKIP","floor":13.0},{"not_picked":["Searing Blow","Uppercut"],"picked":"Fire Breathing","floor":14.0},{"not_picked":["Corruption","Brutality"],"picked":"Double Tap","floor":16.0},{"not_picked":["Ghostly Armor","Armaments","Headbutt"],"picked":"SKIP","floor":18.0},{"not_picked":["Perfected Strike","Iron Wave"],"picked":"Twin Strike","floor":19.0},{"not_picked":["Pummel","Havoc","Thunderclap"],"picked":"SKIP","floor":20.0},{"not_picked":["Clash","Blood for Blood"],"picked":"Shrug It Off","floor":21.0},{"not_picked":["Shrug It Off","Iron Wave"],"picked":"Limit Break","floor":22.0},{"not_picked":["Headbutt","Twin Strike","Body Slam"],"picked":"SKIP","floor":23.0},{"not_picked":["Body Slam","Twin Strike"],"picked":"Entrench","floor":24.0},{"not_picked":["True Grit","Wild Strike","Havoc"],"picked":"SKIP","floor":25.0},{"not_picked":["Reaper","Limit Break"],"picked":"Barricade","floor":33},{"not_picked":["Uppercut","Feel No Pain"],"picked":"Body Slam","floor":35},{"not_picked":["Rupture+1","Dual Wield+1","Thunderclap+1"],"picked":"SKIP","floor":36},{"not_picked":["Thunderclap","Flex"],"picked":"Feel No Pain","floor":38},{"not_picked":["Rupture","Body Slam","Warcry"],"picked":"SKIP","floor":39}],"player_experience":1309244,"relics_obtained":[{"floor":5.0,"key":"testmod-Justice"},{"floor":6.0,"key":"Lantern"},{"floor":8.0,"key":"Bag of Preparation"},{"floor":9.0,"key":"Tiny Chest"},{"floor":12.0,"key":"PillsDrop"},{"floor":17.0,"key":"Dream Catcher"},{"floor":17.0,"key":"Shuriken"},{"floor":17.0,"key":"testmod-BouquetWithThorns"},{"floor":19.0,"key":"SatanicBible"},{"floor":19.0,"key":"Happy Flower"},{"floor":23.0,"key":"Potion Belt"},{"floor":25.0,"key":"D6"},{"floor":26.0,"key":"testmod-Hope"}],"event_choices":[{"damage_healed":0.0,"max_hp_gain":0.0,"max_hp_loss":0.0,"gold_gain":75.0,"event_name":"World of Goop","player_choice":"Gather Gold","floor":3.0,"gold_loss":0.0,"damage_taken":11.0},{"damage_healed":0.0,"max_hp_gain":0.0,"max_hp_loss":0.0,"gold_gain":0.0,"event_name":"Shining Light","player_choice":"Entered Light","floor":4.0,"gold_loss":0.0,"damage_taken":20.0,"cards_upgraded":["Strike_R","Strike_R"]},{"damage_healed":0.0,"max_hp_gain":0.0,"max_hp_loss":0.0,"gold_gain":0.0,"event_name":"给自己的盒子","player_choice":"Swap Relic","floor":7.0,"relics_lost":["testmod-TestBox"],"gold_loss":0.0,"damage_taken":0.0,"relics_obtained":["testmod-TestBox"]},{"damage_healed":0.0,"max_hp_gain":0.0,"max_hp_loss":0.0,"gold_gain":0.0,"event_name":"HidenRoomEvent","player_choice":"Fight","floor":19.0,"gold_loss":0.0,"damage_taken":0.0},{"damage_healed":0.0,"max_hp_gain":0.0,"max_hp_loss":0.0,"gold_gain":999.0,"event_name":"恩洛斯的盘子","player_choice":"Sell","floor":29.0,"relics_lost":["Calling Bell"],"gold_loss":0.0,"damage_taken":0.0}],"is_beta":false,"boss_relics":[{"not_picked":["Cursed Key","testmod-Fanaticism"],"picked":"Calling Bell"},{"not_picked":[]},{"not_picked":["testmod-SaigiyounoYou","SacredBark"],"picked":"Runic Dome"},{"not_picked":[]}],"items_purged_floors":[28,31],"is_endless":false,"potions_floor_spawned":[6,10,13,16,20,21,23,24,35,39],"killed_by":"Reptomancer","ascension_level":20}}