{"host":"j4g6ia6asvpyu2b0","time":1611926912,"event":{"mods":["BaseMod","Colored Map","Minty Spire (QoL Compilation)","Permanent Neow","Quick Restart","Relic Stats","StSLib","Unceasing Turn Reminder"],"gold_per_floor":[365,365,365,379,379,414,414,449,472,506,460,475,475,495,495,615,615,635,117,117,140,163,203,224,243,243,274,295,167,167,203,203,332,332,357,381,401,415,690,734,759,777,803,803,803],"floor_reached":44,"language":"ENG","playtime":2326,"items_purged":["Strike_R","Strike_R"],"score":811,"play_id":"fd44fe39-e698-4e64-85b8-9c2e5d4998be","local_time":"20210129062832","is_ascension_mode":true,"campfire_choices":[{"data":"Whirlwind","floor":7.0,"key":"SMITH"},{"data":"Bash","floor":13.0,"key":"SMITH"},{"data":"Body Slam","floor":15.0,"key":"SMITH"},{"data":"Metallicize","floor":30,"key":"SMITH"},{"data":"Spot Weakness","floor":32,"key":"SMITH"}],"circlet_count":0,"master_deck":["Strike_R","Strike_R+1","Strike_R","Defend_R","Defend_R","Defend_R","Defend_R+1","Bash+1","Body Slam+1","Berserk+1","Whirlwind+1","Shrug It Off+1","Anger","Pommel Strike","Iron Wave","Spot Weakness+1","Offering","Thunderclap+1","Metallicize+1","Master of Strategy","Offering","True Grit+1","Ghostly Armor","Feed","Iron Wave+1","Cleave+1","Pommel Strike","Sword Boomerang","Fire Breathing+1","Ghostly Armor","Berserk+1","Burning Pact","Body Slam+1","Thunderclap+1","Regret","Dual Wield+1","Shrug It Off","Spot Weakness+1"],"relics":["Burning Blood","Self Forming Clay","Golden Idol","Sundial","Anchor","War Paint","Tiny Chest","Black Star","Membership Card","Magic Flower","Ancient Tea Set","Frozen Egg 2","Mummified Hand","Toy Ornithopter","Bottled Tornado","Regal Pillow","Happy Flower","Runic Dome","Whetstone","Akabeko","Mercury Hourglass","Centennial Puzzle"],"acts_visited":["Exordium","TheCity","TheBeyond"],"potions_floor_usage":[28,33,33,44],"damage_taken":[{"damage":11.0,"enemies":"Cultist","floor":1.0,"turns":4.0},{"damage":4.0,"enemies":"Small Slimes","floor":4.0,"turns":4.0},{"damage":25.0,"enemies":"Gremlin Nob","floor":6.0,"turns":4.0},{"damage":24.0,"enemies":"3 Sentries","floor":8.0,"turns":7.0},{"damage":9.0,"enemies":"Gremlin Nob","floor":10.0,"turns":4.0},{"damage":0.0,"enemies":"2 Louse","floor":12.0,"turns":2.0},{"damage":0.0,"enemies":"Looter","floor":14.0,"turns":2.0},{"damage":19.0,"enemies":"Hexaghost","floor":16.0,"turns":9.0},{"damage":0.0,"enemies":"3 Byrds","floor":18.0,"turns":4.0},{"damage":17.0,"enemies":"2 Thieves","floor":21.0,"turns":3.0},{"damage":13.0,"enemies":"Snake Plant","floor":22.0,"turns":3.0},{"damage":24.0,"enemies":"Gremlin Leader","floor":23.0,"turns":6.0},{"damage":21,"enemies":"Shelled Parasite and Fungi","floor":24,"turns":5},{"damage":12,"enemies":"Sentry and Sphere","floor":25,"turns":3},{"damage":26,"enemies":"Slavers","floor":27,"turns":4},{"damage":8,"enemies":"Snake Plant","floor":28,"turns":5},{"damage":12,"enemies":"Book of Stabbing","floor":31,"turns":2},{"damage":27,"enemies":"Champ","floor":33,"turns":11},{"damage":1,"enemies":"3 Shapes","floor":35,"turns":4},{"damage":17,"enemies":"Orb Walker","floor":37,"turns":4},{"damage":38,"enemies":"Spire Growth","floor":38,"turns":4},{"damage":30,"enemies":"Reptomancer","floor":40,"turns":4},{"damage":14,"enemies":"4 Shapes","floor":41,"turns":1},{"damage":10,"enemies":"Jaw Worm Horde","floor":42,"turns":3},{"damage":45,"enemies":"Nemesis","floor":44,"turns":4}],"seed_played":"6312729836226146436","potions_obtained":[{"floor":8.0,"key":"Block Potion"},{"floor":10.0,"key":"SkillPotion"},{"floor":12.0,"key":"EntropicBrew"},{"floor":18.0,"key":"AttackPotion"},{"floor":23.0,"key":"Dexterity Potion"},{"floor":27,"key":"Block Potion"},{"floor":40,"key":"PowerPotion"},{"floor":41,"key":"Explosive Potion"}],"is_trial":false,"path_per_floor":["M","T","?","M","?","E","R","E","T","E","$","M","R","M","R","B",null,"M","$","?","M","M","E","M","M","T","E","M","$","R","E","R","B",null,"M","T","M","M","?","E","M","M","T","E"],"character_chosen":"IRONCLAD","items_purchased":["Pommel Strike","Membership Card","Metallicize","Magic Flower","Ancient Tea Set","Master of Strategy","Fire Breathing+1","DistilledChaos"],"campfire_rested":0,"item_purchase_floors":[11,19,19,19,19,19,29,29],"current_hp_per_floor":[46,46,46,48,48,29,29,11,11,8,8,14,14,20,20,7,57,63,63,63,55,51,36,24,26,26,14,23,23,23,20,20,23,68,81,81,78,54,54,33,28,32,32,0,0],"gold":803,"neow_bonus":"TWO_FIFTY_GOLD","is_daily":false,"chose_seed":false,"campfire_upgraded":5,"win_rate":0.0,"timestamp":1611926912,"path_taken":["M","?","?","M","?","E","R","E","T","E","$","M","R","M","R","BOSS","M","$","?","M","M","E","?","M","T","E","M","?","R","E","R","BOSS","M","?","M","M","?","E","M","M","T","E"],"items_purchased_type":["Card","Relic","Card","Relic","Relic","Card","Card","Potion"],"build_version":"2020-12-22","purchased_purges":2,"victory":false,"max_hp_per_floor":[80,80,74,74,74,74,74,74,74,74,74,74,74,74,74,74,74,74,74,74,74,74,74,74,77,77,80,80,80,80,80,80,83,83,86,86,89,92,92,92,92,95,95,95,95],"relic_stats":{"Regal Pillow":0,"Happy Flower":[11],"counters":[25,106],"Self Forming Clay":[150],"Golden Idol":161,"Magic Flower":[71],"Whetstone":["Strike_R","Cleave"],"War Paint":["Defend_R","Shrug It Off"],"Burning Blood":189,"Mercury Hourglass":[23],"Centennial Puzzle":[3],"Sundial":[8],"Mummified Hand":[28],"Tiny Chest":1,"Black Star":4,"obtain_stats":[{"Regal Pillow":31,"Happy Flower":31,"Self Forming Clay":2,"Golden Idol":3,"Magic Flower":19,"Whetstone":36,"War Paint":9,"Frozen Egg 2":23,"Bottled Tornado":27,"Ancient Tea Set":19,"Burning Blood":0,"Akabeko":40,"Mercury Hourglass":40,"Runic Dome":34,"Anchor":8,"Centennial Puzzle":43,"Sundial":6,"Mummified Hand":23,"Tiny Chest":10,"Black Star":17,"Membership Card":19,"Toy Ornithopter":27},{"Regal Pillow":17,"Happy Flower":17,"Self Forming Clay":1,"Golden Idol":1,"Magic Flower":9,"Whetstone":19,"War Paint":4,"Frozen Egg 2":12,"Bottled Tornado":15,"Ancient Tea Set":9,"Burning Blood":0,"Akabeko":22,"Mercury Hourglass":22,"Runic Dome":18,"Anchor":4,"Centennial Puzzle":24,"Sundial":3,"Mummified Hand":12,"Tiny Chest":5,"Black Star":8,"Membership Card":9,"Toy Ornithopter":15},{"Regal Pillow":71,"Happy Flower":71,"Self Forming Clay":4,"Golden Idol":4,"Magic Flower":40,"Whetstone":86,"War Paint":19,"Frozen Egg 2":52,"Bottled Tornado":64,"Ancient Tea Set":40,"Burning Blood":0,"Akabeko":98,"Mercury Hourglass":98,"Runic Dome":82,"Anchor":19,"Centennial Puzzle":102,"Sundial":12,"Mummified Hand":52,"Tiny Chest":23,"Black Star":36,"Membership Card":40,"Toy Ornithopter":64}],"Toy Ornithopter":32},"card_choices":[{"not_picked":["Havoc","Second Wind"],"picked":"Body Slam","floor":1.0},{"not_picked":["Armaments","Seeing Red"],"picked":"Berserk","floor":4.0},{"not_picked":["Twin Strike","Hemokinesis"],"picked":"Whirlwind","floor":6.0},{"not_picked":["Iron Wave","Reckless Charge"],"picked":"Shrug It Off","floor":8.0},{"not_picked":["Sword Boomerang","Entrench"],"picked":"Anger","floor":10.0},{"not_picked":["Sentinel","Wild Strike"],"picked":"Iron Wave","floor":12.0},{"not_picked":["Wild Strike","Anger"],"picked":"Spot Weakness","floor":14.0},{"not_picked":["Corruption","Immolate"],"picked":"Offering","floor":16.0},{"not_picked":["Headbutt","Warcry"],"picked":"Thunderclap+1","floor":18.0},{"not_picked":["Havoc","Ghostly Armor"],"picked":"True Grit+1","floor":21.0},{"not_picked":["Sentinel","Perfected Strike"],"picked":"Ghostly Armor","floor":22.0},{"not_picked":["Burning Pact","Sword Boomerang"],"picked":"Feed","floor":23.0},{"not_picked":["Havoc","Twin Strike"],"picked":"Iron Wave+1","floor":24},{"not_picked":["Whirlwind","Rupture+1"],"picked":"Cleave","floor":25},{"not_picked":["Hemokinesis","Warcry"],"picked":"Pommel Strike","floor":27},{"not_picked":["Reckless Charge","Havoc"],"picked":"Sword Boomerang","floor":28},{"not_picked":["Heavy Blade","Wild Strike"],"picked":"Ghostly Armor","floor":31},{"not_picked":["Feed","Brutality+1"],"picked":"Berserk+1","floor":33},{"not_picked":["Headbutt+1","Fire Breathing+1"],"picked":"Burning Pact","floor":35},{"not_picked":["Warcry+1","Ghostly Armor+1"],"picked":"Body Slam+1","floor":37},{"not_picked":["Heavy Blade","Flex"],"picked":"Thunderclap+1","floor":38},{"not_picked":["Flex","Shrug It Off"],"picked":"Dual Wield+1","floor":40},{"not_picked":["Armaments","Pommel Strike+1"],"picked":"Shrug It Off","floor":41},{"not_picked":["Body Slam+1","Armaments"],"picked":"Spot Weakness+1","floor":42}],"player_experience":1077236,"relics_obtained":[{"floor":2.0,"key":"Self Forming Clay"},{"floor":6.0,"key":"Sundial"},{"floor":8.0,"key":"Anchor"},{"floor":9.0,"key":"War Paint"},{"floor":10.0,"key":"Tiny Chest"},{"floor":23.0,"key":"Frozen Egg 2"},{"floor":23.0,"key":"Mummified Hand"},{"floor":27,"key":"Toy Ornithopter"},{"floor":27,"key":"Bottled Tornado"},{"floor":31,"key":"Regal Pillow"},{"floor":31,"key":"Happy Flower"},{"floor":36,"key":"Whetstone"},{"floor":40,"key":"Akabeko"},{"floor":40,"key":"Mercury Hourglass"},{"floor":43,"key":"Centennial Puzzle"}],"event_choices":[{"damage_healed":0.0,"max_hp_gain":0.0,"max_hp_loss":6.0,"gold_gain":0.0,"event_name":"Golden Idol","player_choice":"Lose Max HP","floor":3.0,"gold_loss":0.0,"damage_taken":0.0,"relics_obtained":["Golden Idol"]},{"damage_healed":0.0,"max_hp_gain":0.0,"max_hp_loss":0.0,"gold_gain":0.0,"event_name":"Living Wall","player_choice":"Grow","floor":5.0,"gold_loss":0.0,"damage_taken":0.0,"cards_upgraded":["Berserk"]},{"damage_healed":0.0,"max_hp_gain":0.0,"max_hp_loss":0.0,"gold_gain":0.0,"event_name":"Duplicator","player_choice":"Copied","floor":20.0,"gold_loss":0.0,"damage_taken":0.0,"cards_obtained":["Offering"]},{"damage_healed":0,"gold_gain":275,"player_choice":"Desecrate","damage_taken":0,"max_hp_gain":0,"max_hp_loss":0,"event_name":"Golden Shrine","floor":39,"gold_loss":0,"cards_obtained":["Regret"]}],"is_beta":false,"boss_relics":[{"not_picked":["Runic Cube","Busted Crown"],"picked":"Black Star"},{"not_picked":["Empty Cage","Mark of Pain"],"picked":"Runic Dome"}],"items_purged_floors":[19,29],"is_endless":false,"potions_floor_spawned":[8,10,12,18,23,27,31,40,41],"killed_by":"Nemesis","ascension_level":7}}