{"host":"mm0v83pkg2fvsdgl","time":1611903058,"event":{"mods":["2.2 Compatiblity","Alarm Clock","AlwaysNeverKeys","BaseMod","Beaked The Cultist","Bestiary","Better Altar","Better Match","Better Note","Better Sensory Stone","Better Silent Start","Better Third Choice","Clawfect","Displayed Cursed Tome","Energized Spire","Friendly Minions","Highlight Path","Ironclad Rager","Keyboard Shortcuts","Lotus Mark","Marisa????????","Marked Mod","Mimic Mod","Minty Spire (QoL Compilation)","Permanent Neow","Railgun Mod","Remove Card Discount Mod","Shade Mod","Somnambulant","Spicy Shops","StSLib","Swap Starting Deck Mod","The Construct","The Disciple","The Dragon Tamer","The Hierophant","TheHeartMod","TheVacant","Transform Curses","Unceasing Turn Reminder","Wandering Minibosses"],"gold_per_floor":[212,222,222,222,297,297,331,331,331,20,37,49,64,96,96,194,194,211,0,0,35,52,83,83,111,111,111,138,149,149,85,85,186,186,202,202,86,104,118,118,133,148,183,196,207,207,23,42,42,42,42,42,10,10,10],"floor_reached":54,"language":"ENG","playtime":4641,"items_purged":["Strike_Br","Strike_Br","Defend_Br","Defend_Br","Strike_Br","Strike_Br","Defend_Br","Shame","OldTimer","Defend_Br","PrimeTime"],"score":687,"play_id":"a0717da5-e3d7-40bc-b405-d665a54652f2","local_time":"20210129015058","is_ascension_mode":false,"campfire_choices":[{"data":"SecondHand","floor":6,"key":"SMITH"},{"data":"WindUp","floor":8,"key":"SMITH"},{"floor":15,"key":"REST"},{"data":"OldTimer","floor":27,"key":"SMITH"},{"data":"ExoVibe","floor":30,"key":"SMITH"},{"data":"Flay","floor":32,"key":"SMITH"},{"data":"Bandage Up","floor":40,"key":"SMITH"},{"data":"1","floor":49,"key":"LIFT"},{"data":"2","floor":52,"key":"LIFT"}],"circlet_count":0,"master_deck":["SecondHand+1","PatternShift+1","Goo","WindUp+1","Double Tap+1","Flay+1","HandsUpB+1","WindUp+1","DaylightSavings","HandsUpC+1","OldTimer+1","DevaForm+1","BlueShift","LockedThread+1","LockedCalendar+1","ExoVibe+17","RageCommand","Apotheosis","Bandage Up+1","DaylightSavings","PrimeTime+1","LockedThread+1","LockedThread+1","LockedBlood+1","LockedThread+1","BlueShift","LockedBlood+1","LockedBlood+1","TiringSlam"],"relics":["Chronometer","Orichalcum","TungstenRod","Frozen Egg 2","Matryoshka","Regal Pillow","beaked:SacredDeck","Membership Card","Gremlin Horn","Singing Bowl","Vajra","The Courier","Mummified Hand","Red Mask","Meat on the Bone","Boot","Whetstone","Blood Vial","construct:ClawGrip","Girya","Turnip","War Paint","DollysMirror"],"acts_visited":["Exordium","TheCity","TheBeyond","TheEnding"],"potions_floor_usage":[16,25,28,50,54],"damage_taken":[{"damage":2,"enemies":"Small Slimes","floor":1,"turns":5},{"damage":0,"enemies":"Jaw Worm","floor":2,"turns":4},{"damage":13,"enemies":"Lagavulin","floor":7,"turns":8},{"damage":0,"enemies":"2 Louse","floor":11,"turns":3},{"damage":0,"enemies":"Exordium Wildlife","floor":12,"turns":3},{"damage":0,"enemies":"3 Louse","floor":13,"turns":3},{"damage":21,"enemies":"3 Sentries","floor":14,"turns":6},{"damage":9,"enemies":"The Guardian","floor":16,"turns":7},{"damage":7,"enemies":"Shell Parasite","floor":18,"turns":4},{"damage":0,"enemies":"3 Byrds","floor":21,"turns":6},{"damage":0,"enemies":"3 Byrds","floor":22,"turns":5},{"damage":11,"enemies":"Gremlin Leader","floor":23,"turns":5},{"damage":31,"enemies":"Masked Bandits","floor":25,"turns":5},{"damage":12,"enemies":"Book of Stabbing","floor":28,"turns":4},{"damage":6,"enemies":"3 Cultists","floor":29,"turns":5},{"damage":13,"enemies":"Champ","floor":33,"turns":9},{"damage":9,"enemies":"3 Darklings","floor":35,"turns":7},{"damage":28,"enemies":"3 Shapes","floor":38,"turns":4},{"damage":18,"enemies":"Jaw Worm Horde","floor":39,"turns":5},{"damage":18,"enemies":"Writhing Mass","floor":41,"turns":5},{"damage":10,"enemies":"3 Darklings","floor":42,"turns":5},{"damage":1,"enemies":"Transient","floor":43,"turns":7},{"damage":14,"enemies":"Transient","floor":44,"turns":5},{"damage":1,"enemies":"Maw","floor":45,"turns":7},{"damage":17,"enemies":"Jaw Worm Horde","floor":48,"turns":6},{"damage":122,"enemies":"Donu and Deca","floor":50,"turns":11},{"damage":116,"enemies":"Shield and Spear","floor":54,"turns":5}],"seed_played":"-9108576943986905079","potions_obtained":[{"floor":2,"key":"BlessingOfTheForge"},{"floor":7,"key":"GamblersBrew"},{"floor":11,"key":"FairyPotion"},{"floor":16,"key":"Strength Potion"},{"floor":18,"key":"Swift Potion"},{"floor":29,"key":"DistilledChaos"},{"floor":38,"key":"BlessingOfTheForge"},{"floor":45,"key":"Swift Potion"},{"floor":48,"key":"Regen Potion"}],"is_trial":false,"path_per_floor":["M","M","?","?","?","R","E","R","T","$","M","M","M","E","R","B",null,"M","$","?","MIM","M","E","?","?","T","R","E","M","R","$","R","B",null,"M","?","$","M","M","R","M","M","MIM","M","M","?","$","M","R","B",null,"R","$","E"],"character_chosen":"CHRONO_CLASS","items_purchased":["HandsUpB","Matryoshka","Membership Card","Gremlin Horn","Blood Vial","Apotheosis","Bandage Up","Turnip","War Paint","DollysMirror","TiringSlam"],"campfire_rested":1,"item_purchase_floors":[10,10,19,19,31,37,37,47,47,47,53],"current_hp_per_floor":[63,63,68,47,36,36,23,23,23,23,23,23,23,2,38,29,70,63,63,63,63,63,52,52,23,23,23,23,29,29,29,29,30,72,65,65,65,45,45,45,47,45,52,46,62,62,62,71,71,34,74,74,74,0,0],"gold":10,"neow_bonus":"HUNDRED_GOLD","is_daily":false,"chose_seed":false,"campfire_upgraded":6,"win_rate":0.0,"timestamp":1611903058,"path_taken":["M","M","?","?","?","R","E","R","T","$","?","M","M","E","R","BOSS","M","$","?","?","?","E","?","?","T","R","E","M","R","$","R","BOSS","M","?","$","M","?","R","M","M","MIM","M","M","?","$","?","R","BOSS","R","$","E"],"items_purchased_type":["Card","Relic","Relic","Relic","Relic","Card","Card","Relic","Relic","Relic","Card"],"build_version":"2020-12-22","purchased_purges":11,"victory":false,"max_hp_per_floor":[65,65,70,70,70,70,70,70,70,70,70,70,70,70,70,70,70,70,70,70,70,70,70,70,72,72,72,72,72,72,72,72,72,72,74,74,74,74,74,74,74,74,74,74,74,74,74,74,74,74,74,74,74,74,74],"card_choices":[{"not_picked":["LockedAnchor","Echoward"],"picked":"Goo","floor":1},{"not_picked":["LockedAnchor","Engulf"],"picked":"WindUp","floor":2},{"not_picked":["Parity","LockedAnchor"],"picked":"Flay","floor":7},{"not_picked":["DaylightSavings","LockedUrn+1"],"picked":"WindUp","floor":11},{"not_picked":["AlternateTimeline","LockedWarPaint+1"],"picked":"DaylightSavings","floor":12},{"not_picked":["Parity","LockedTornado+1"],"picked":"HandsUpC","floor":13},{"not_picked":["HandsUpC","WindUp"],"picked":"OldTimer","floor":14},{"not_picked":["MasterKey","Fragmentalize"],"picked":"OldTimer","floor":16},{"not_picked":["LockedAnchor+1","CrunchTime+1","Recurrance"],"picked":"SKIP","floor":18},{"not_picked":["Engulf+1","Echoward+1"],"picked":"BlueShift","floor":21},{"not_picked":["LockedPlans+1","FormalWear+1"],"picked":"PrimeTime","floor":22},{"not_picked":["Engulf","HandsUpC"],"picked":"LockedThread+1","floor":23},{"not_picked":["LockedMedicine+1","CrunchTime+1","HandsUpC"],"picked":"Singing Bowl","floor":25},{"not_picked":["HandsUpC","Echoward"],"picked":"LockedCalendar+1","floor":28},{"not_picked":["LockedScales+1","HandsUpB"],"picked":"ExoVibe","floor":29},{"not_picked":["OldTimer","OracleForm+1"],"picked":"RageCommand","floor":33},{"not_picked":["ReapSow","Tempo+1","Facsimile+1"],"picked":"Singing Bowl","floor":35},{"not_picked":["LockedWhetstone+1","WindUp"],"picked":"DaylightSavings","floor":38},{"not_picked":["LockedPlans+1","Break+1"],"picked":"PrimeTime+1","floor":39},{"not_picked":["LockedTornado+1","LockedMedicine+1"],"picked":"LockedThread+1","floor":41},{"not_picked":["Pendulum","WatchCommand+1"],"picked":"LockedThread+1","floor":42},{"not_picked":["Echoward+1","LockedOrichalcum+1"],"picked":"LockedBlood+1","floor":43},{"not_picked":["Engulf+1","Recurrance+1"],"picked":"LockedThread+1","floor":44},{"not_picked":["Stagnate","SlimeSpray"],"picked":"BlueShift","floor":45},{"not_picked":["Parity","HandsUpC+1"],"picked":"LockedBlood+1","floor":48}],"player_experience":664877,"relics_obtained":[{"floor":7,"key":"TungstenRod"},{"floor":9,"key":"Frozen Egg 2"},{"floor":14,"key":"Regal Pillow"},{"floor":21,"key":"Singing Bowl"},{"floor":21,"key":"Vajra"},{"floor":23,"key":"The Courier"},{"floor":25,"key":"Red Mask"},{"floor":26,"key":"Meat on the Bone"},{"floor":26,"key":"Boot"},{"floor":28,"key":"Whetstone"},{"floor":43,"key":"Girya"}],"event_choices":[{"damage_healed":0,"gold_gain":0,"player_choice":"Donut","damage_taken":0,"max_hp_gain":5,"max_hp_loss":0,"event_name":"Big Fish","floor":3,"gold_loss":0},{"damage_healed":0,"gold_gain":75,"player_choice":"Gold","damage_taken":11,"max_hp_gain":0,"max_hp_loss":0,"event_name":"betterThird:BetterGoop","floor":5,"gold_loss":0},{"cards_removed":["DevaForm"],"damage_healed":0,"gold_gain":0,"player_choice":"Give","damage_taken":0,"max_hp_gain":0,"max_hp_loss":0,"event_name":"betterNote:BetterNote","floor":20,"gold_loss":0,"cards_obtained":["None"]},{"damage_healed":0,"gold_gain":0,"player_choice":"Stole Relic","damage_taken":0,"relics_obtained":["Mummified Hand"],"max_hp_gain":0,"max_hp_loss":0,"event_name":"Addict","floor":24,"gold_loss":0,"cards_obtained":["Shame"]},{"damage_healed":0,"gold_gain":0,"player_choice":"Fought Bandits","damage_taken":0,"max_hp_gain":0,"max_hp_loss":0,"event_name":"Masked Bandits","floor":25,"gold_loss":0},{"damage_healed":0,"gold_gain":0,"player_choice":"Bought 0 Potions","damage_taken":0,"max_hp_gain":0,"max_hp_loss":0,"event_name":"The Woman in Blue","floor":36,"gold_loss":0},{"damage_healed":0,"gold_gain":0,"player_choice":"Got Potions","damage_taken":0,"max_hp_gain":0,"max_hp_loss":0,"event_name":"Lab","floor":46,"gold_loss":0}],"is_beta":false,"boss_relics":[{"not_picked":["energizedSpire:MagnifyingGlass","Velvet Choker"],"picked":"beaked:SacredDeck"},{"not_picked":["Busted Crown","energizedSpire:OgreHead"],"picked":"construct:ClawGrip"}],"items_purged_floors":[10,10,10,10,19,19,19,31,31,31,53],"is_endless":false,"potions_floor_spawned":[2,7,11,16,18,23,29,38,42,45,48],"killed_by":"Shield and Spear","ascension_level":0}}