{"host":"9dfaar78vv55a585","time":1611933160,"event":{"mods":["Arknights The Spire","Aspiration","Astrologer","Bard","Bartender","BaseMod","Beaked The Cultist","Better Third Choice","BetterRewards","Clockwork Mod","Conjunction","Conspire","DeckTracker","Energized Spire","Glutton Mod","GungeonMod","Halation","Hermit","Hubris","Humility","Infinite Spire","KinomotoSakuraMod(????)","LagranYue(???·?)","Mari Mod (Legacy)","Mari\u0027s V1 Patch","Marisa????????","Mathematician","Mimic Mod","Minty Spire (QoL Compilation)","Permanent Neow","Reimu??????","Reliquary","Remilia??????","Replay The Spire","Robot Space Explorer","Shop Mod","Spicy Shops","Spikes Relics","StSLib","SuperFastMode","Td1madao Mod","The Cursed","The Edgeheg","The Exalted","The Judge","The Juggle","The Jungle","The Marked","The Necromancer","The Poker Player","The Problem Sleuth","The Sage","The Servant 0.9.4","The Spell Scribe","The Trickster","The Valiant","The Vixen","The Wild Card","TheFirefly","TheHeartMod","TheVacant","Trackpad","Waifu the Spire","WarShipGirlsR/????R mod","Warlord Emblem","Yuri Mod","egg","??????REMEMod"],"gold_per_floor":[110,124,9,20,20,20,38,38,76,91,91,111,143,143,143,143,143],"floor_reached":16,"language":"ENG","playtime":647,"items_purged":[],"score":102,"play_id":"c3c655fe-76ad-47b4-94cf-de56f2d8da55","local_time":"20210129151240","is_ascension_mode":false,"campfire_choices":[{"data":"RobotSpaceExplorer:LaserBurst","floor":6,"key":"SMITH"},{"floor":8,"key":"REST"},{"data":"RobotSpaceExplorer:Arsenal","floor":11,"key":"SMITH"},{"floor":15,"key":"DIG"}],"circlet_count":0,"master_deck":["RobotSpaceExplorer:Strike","RobotSpaceExplorer:Strike","RobotSpaceExplorer:Strike","RobotSpaceExplorer:Strike","RobotSpaceExplorer:Defend","RobotSpaceExplorer:Defend","RobotSpaceExplorer:Defend","RobotSpaceExplorer:Defend","RobotSpaceExplorer:Scan+1","RobotSpaceExplorer:MiniLasers","Pot Of Greed","RobotSpaceExplorer:Counterblock","RobotSpaceExplorer:LaserBurst+1","Pot Of Greed","RobotSpaceExplorer:MiniDrones","RobotSpaceExplorer:Arsenal+1"],"relics":["RobotSpaceExplorer:RoboCore","REME_ComplimentaryCards","LagranYue:RandomDrawCardRelic","Grinning Jar","DemoMod:GnawedKey","CultistMask","LagranYue:MagicReflectiveArmorRelic","aspiration:DSix","CrustySpines"],"acts_visited":["Exordium"],"potions_floor_usage":[16],"damage_taken":[{"damage":0,"enemies":"Jaw Worm","floor":1,"turns":3},{"damage":0,"enemies":"Cultist","floor":2,"turns":4},{"damage":5,"enemies":"2 Louse","floor":4,"turns":3},{"damage":31,"enemies":"Large Slime","floor":7,"turns":6},{"damage":0,"enemies":"2 Fungi Beasts","floor":9,"turns":8},{"damage":0,"enemies":"2 Fungi Beasts","floor":10,"turns":3},{"damage":8,"enemies":"3 Louse","floor":12,"turns":3},{"damage":17,"enemies":"Lagavulin","floor":13,"turns":8},{"damage":27,"enemies":"The Guardian","floor":16,"turns":9}],"seed_played":"8703620945877335271","potions_obtained":[{"floor":1,"key":"Adrenaline Potion"},{"floor":10,"key":"MagicPotion:ReiMu"},{"floor":13,"key":"Toxic Potion"}],"is_trial":false,"path_per_floor":["M","M","$","M","?","R","M","R","MIM","M","R","M","E","?","R","B"],"character_chosen":"RobotSpaceExplorer","items_purchased":["DemoMod:GnawedKey"],"campfire_rested":1,"item_purchase_floors":[3],"current_hp_per_floor":[75,75,75,70,70,70,39,61,61,61,61,53,36,36,36,9,9],"gold":143,"neow_bonus":"RANDOM_COMMON_RELIC","is_daily":false,"chose_seed":false,"campfire_upgraded":2,"win_rate":0.0,"timestamp":1611933160,"path_taken":["M","M","$","M","?","R","?","R","MIM","M","R","M","E","?","R","BOSS"],"items_purchased_type":["Relic"],"build_version":"2020-12-22","purchased_purges":0,"victory":false,"max_hp_per_floor":[75,75,75,75,75,75,75,75,75,75,75,75,75,75,75,75,75],"card_choices":[{"not_picked":["RobotSpaceExplorer:ToxicBomb","RobotSpaceExplorer:ShockKick"],"picked":"RobotSpaceExplorer:Counterblock","floor":1},{"not_picked":["RobotSpaceExplorer:Probe","RobotSpaceExplorer:SlimeMissile"],"picked":"RobotSpaceExplorer:LaserBurst","floor":2},{"not_picked":["RobotSpaceExplorer:GearShield","RobotSpaceExplorer:Fix","RobotSpaceExplorer:Pulsar"],"picked":"SKIP","floor":4},{"not_picked":["RobotSpaceExplorer:LuckyStrike","RobotSpaceExplorer:SlimeMissile"],"picked":"RobotSpaceExplorer:MiniDrones","floor":7},{"not_picked":["RobotSpaceExplorer:Electropulse","RobotSpaceExplorer:Electroshield"],"picked":"RobotSpaceExplorer:Arsenal","floor":10},{"not_picked":["RobotSpaceExplorer:StarDust","RobotSpaceExplorer:SurgingShield","RobotSpaceExplorer:ImprovisedAttack"],"picked":"SKIP","floor":12},{"not_picked":["RobotSpaceExplorer:SwiftStep","RobotSpaceExplorer:Discharger","RobotSpaceExplorer:FranticSearch"],"picked":"SKIP","floor":13}],"player_experience":114741,"relics_obtained":[{"floor":9,"key":"LagranYue:MagicReflectiveArmorRelic"},{"floor":13,"key":"aspiration:DSix"},{"floor":15,"key":"CrustySpines"}],"event_choices":[{"damage_healed":0,"gold_gain":0,"player_choice":"Trade","damage_taken":0,"relics_obtained":["CultistMask"],"max_hp_gain":0,"max_hp_loss":0,"event_name":"FaceTrader","floor":5,"gold_loss":0}],"is_beta":false,"boss_relics":[],"items_purged_floors":[],"is_endless":false,"potions_floor_spawned":[1,10,13],"killed_by":"The Guardian","ascension_level":0,"is_humility":true}}