{"host":"w7dhjqgqsib0c3vt","time":1611930234,"event":{"mods":["ATMod(°¢èªMod)","BaseMod","Dota2Spire","Downfall","Minty Spire (QoL Compilation)","Shop Mod","Spicy Shops","StSLib"],"gold_per_floor":[99,115,390,404,417,417,486,486,15,15,35,61,61,90,109,209,209,9,27,37,53,53,72,95,95,108,123,123,8,8,30,46,46,46,46,59,69,87,102,119,119,119,133,133,163,163,181,13,30,30],"floor_reached":51,"language":"ZHS","playtime":4909,"items_purged":["Regret","Regret"],"score":1195,"play_id":"14389196-fe23-46b8-b057-dfe323bf5a89","local_time":"20210129222354","is_ascension_mode":false,"campfire_choices":[{"data":"AT_Desolate","floor":1.0,"key":"SMITH"},{"floor":10.0,"key":"RECALL"},{"floor":13.0,"key":"REST"},{"data":"AT_EmpoweredMortalDraw","floor":18.0,"key":"SMITH"},{"data":"bronze:Backtrace","floor":25.0,"key":"SMITH"},{"floor":30.0,"key":"REST"},{"data":"bronze:FollowUp","floor":35.0,"key":"SMITH"},{"data":"bronze:Goto","floor":42.0,"key":"SMITH"}],"circlet_count":0,"master_deck":["bronze:Strike","bronze:Defend","bronze:Defend","bronze:Defend","bronze:Replicate","bronze:Goto+1","AT_Desolate+1","bronze:Backtrace+1","bronze:FollowUp+1","bronze:Turbo","bronze:HardenedForm","bronze:DelayedGuard","bronze:Optimize","bronze:WhirlingStrike","bronze:Shell","bronze:BitShift","bronze:FindAndReplace","AT_EmpoweredMortalDraw+1","bronze:Branch+1","bronze:FineTuning","bronze:FineTuning","bronze:WhirlingStrike+1","bronze:DelayedSlice+1","bronze:NullPointer+1","bronze:Mutator","bronze:DelayedGuard","bronze:Turbo+1","bronze:Mutator","bronze:ClassDefault+1","bronze:Iterate","bronze:DelayedSlice","bronze:BitShift+1"],"relics":["bronze:BronzeCore","AT_ATBox","AT_GuinsooRageblade","Dota2Spire:AghanimScepter","Blue Candle","AT_SpeedBoots","AT_MortalBlade","downfall:HeartBlessingRed","downfall:HeartBlessingGreen","Dota2Spire:MonkeyKingBar","Regal Pillow","Dota2Spire:DivineRapier","Empty Cage","Dota2Spire:LinkenSphere","AT_BladeRuinedKing","Bag of Marbles"],"acts_visited":["Exordium","TheCity","TheBeyond"],"potions_floor_usage":[50,50,50],"damage_taken":[{"damage":12.0,"enemies":"2 Louse","floor":2.0,"turns":3.0},{"damage":2.0,"enemies":"Cultist","floor":4.0,"turns":3.0},{"damage":1.0,"enemies":"Jaw Worm","floor":5.0,"turns":3.0},{"damage":8.0,"enemies":"downfall:FleeingMerchant","floor":9.0,"turns":4.0},{"damage":12.0,"enemies":"Large Slime","floor":11.0,"turns":7.0},{"damage":0.0,"enemies":"Gremlin Nob","floor":12.0,"turns":2.0},{"damage":17.0,"enemies":"3 Sentries","floor":14.0,"turns":3.0},{"damage":5.0,"enemies":"Exordium Thugs","floor":15.0,"turns":4.0},{"damage":39.0,"enemies":"IC_STATUS_ARCHETYPE","floor":16.0,"turns":7.0},{"damage":0.0,"enemies":"Chosen","floor":19.0,"turns":1.0},{"damage":0.0,"enemies":"3 Byrds","floor":20.0,"turns":2.0},{"damage":0.0,"enemies":"Shelled Parasite and Fungi","floor":21.0,"turns":1.0},{"damage":22.0,"enemies":"Snake Plant","floor":23.0,"turns":3.0},{"damage":4.0,"enemies":"3 Cultists","floor":26.0,"turns":4.0},{"damage":0.0,"enemies":"Snecko","floor":27.0,"turns":2.0},{"damage":10.0,"enemies":"downfall:FleeingMerchant","floor":29.0,"turns":4.0},{"damage":0.0,"enemies":"downfall:FleeingMerchant","floor":31.0,"turns":1.0},{"damage":11.0,"enemies":"Centurion and Healer","floor":32.0,"turns":2.0},{"damage":12.0,"enemies":"SI_MIRROR_ARCHETYPE","floor":33.0,"turns":2.0},{"damage":3.0,"enemies":"3 Shapes","floor":36.0,"turns":2.0},{"damage":0.0,"enemies":"Orb Walker","floor":37.0,"turns":1.0},{"damage":0.0,"enemies":"Writhing Mass","floor":38.0,"turns":2.0},{"damage":0.0,"enemies":"Sphere and 2 Shapes","floor":39.0,"turns":1.0},{"damage":0.0,"enemies":"3 Darklings","floor":40.0,"turns":1.0},{"damage":18.0,"enemies":"Spire Growth","floor":43.0,"turns":2.0},{"damage":0.0,"enemies":"Giant Head","floor":45.0,"turns":6.0},{"damage":0.0,"enemies":"Sphere and 2 Shapes","floor":47.0,"turns":1.0},{"damage":0.0,"enemies":"3 Darklings","floor":49.0,"turns":1.0},{"damage":42,"enemies":"WA_ARCHETYPE_DIVINITY","floor":50,"turns":6}],"seed_played":"1354470339073908469","potions_obtained":[{"floor":11.0,"key":"bronze:CleanCodePotion"},{"floor":12.0,"key":"Strength Potion"},{"floor":14.0,"key":"DistilledChaos"},{"floor":16.0,"key":"bronze:FreeFunctionsPotion"},{"floor":21.0,"key":"SpeedPotion"},{"floor":23.0,"key":"PowerPotion"},{"floor":37.0,"key":"Weak Potion"},{"floor":38.0,"key":"Weak Potion"},{"floor":43.0,"key":"LiquidBronze"},{"floor":47.0,"key":"PowerPotion"}],"is_trial":false,"path_per_floor":["R","M","?","M","M","?","T","?","$","R","M","E","R","E","M","B",null,"R","M","M","M","?","M","T","R","M","M","?","$","R","$","M","B",null,"R","M","M","M","M","M","T","R","M","?","E","?","M","$","M","B",null],"character_chosen":"THE_AUTOMATON","items_purchased":["Dota2Spire:AghanimScepter","bronze:Optimize","SteroidPotion","Dota2Spire:DivineRapier","Bag of Marbles","bronze:DelayedSlice"],"campfire_rested":2,"item_purchase_floors":[9,9,9,31,48,48],"current_hp_per_floor":[77,65,65,63,62,67,67,67,59,59,47,47,71,54,49,10,82,82,82,82,82,82,60,60,60,56,56,56,46,82,82,71,59,82,82,79,79,79,79,79,79,79,61,92,92,92,92,92,92,50],"gold":30,"neow_bonus":"TEN_PERCENT_HP_BONUS","is_daily":false,"chose_seed":false,"campfire_upgraded":5,"win_rate":0.0,"timestamp":1611930234,"path_taken":["R","M","?","M","?","?","T","?","$","R","M","E","R","E","M","BOSS","R","M","M","M","?","M","T","R","M","?","?","$","R","?","M","BOSS","R","M","?","M","M","M","T","R","M","?","E","?","M","$","M","BOSS"],"items_purchased_type":["Relic","Card","Potion","Relic","Relic","Card"],"build_version":"2020-12-22","purchased_purges":2,"victory":true,"max_hp_per_floor":[77,77,77,77,77,82,82,82,82,82,82,82,82,82,82,82,82,82,82,82,82,82,82,82,82,82,82,82,82,82,82,82,82,82,82,82,82,82,82,82,82,82,82,92,92,92,92,92,92,92],"card_choices":[{"not_picked":["bronze:FineTuning","bronze:WhirlingStrike"],"picked":"bronze:Backtrace","floor":2.0},{"not_picked":["bronze:DarkDash","bronze:Philosophize"],"picked":"bronze:FollowUp","floor":4.0},{"not_picked":["bronze:Shield","bronze:DelayedGuard"],"picked":"bronze:Turbo","floor":5.0},{"not_picked":["bronze:Overheat","bronze:BuggyMess"],"picked":"bronze:DelayedGuard","floor":9.0},{"not_picked":["bronze:Safeguard","bronze:Allocate"],"picked":"bronze:WhirlingStrike","floor":11.0},{"not_picked":["bronze:Branch","bronze:DelayedGuard"],"picked":"bronze:Break","floor":12.0},{"not_picked":["bronze:Deprecate","bronze:Backtrace"],"picked":"bronze:Shell","floor":14.0},{"not_picked":["bronze:DarkDash","bronze:Branch"],"picked":"bronze:BitShift","floor":15.0},{"not_picked":["bronze:Assembly","bronze:HardenedForm"],"picked":"bronze:FindAndReplace","floor":16.0},{"not_picked":["bronze:MaxOutput","bronze:ChosenStrike"],"picked":"bronze:Branch+1","floor":19.0},{"not_picked":["bronze:Iterate+1","bronze:Frontload+1"],"picked":"bronze:FineTuning","floor":20.0},{"not_picked":["bronze:DelayedSlice","bronze:WhirlingStrike"],"picked":"bronze:FineTuning","floor":21.0},{"not_picked":["bronze:BronzeArmor","bronze:DelayedSlice"],"picked":"bronze:WhirlingStrike+1","floor":23.0},{"not_picked":["bronze:Overheat","bronze:FineTuning"],"picked":"bronze:DelayedSlice+1","floor":26.0},{"not_picked":["bronze:Shield","bronze:DelayedGuard+1"],"picked":"bronze:NullPointer+1","floor":27.0},{"not_picked":["bronze:DelayedGuard","bronze:Flail+1"],"picked":"bronze:Mutator","floor":29.0},{"not_picked":["bronze:Turbo","bronze:Shell","bronze:Frontload"],"picked":"SKIP","floor":31.0},{"not_picked":["bronze:Safeguard","bronze:WildBeam"],"picked":"bronze:DelayedGuard","floor":32.0},{"not_picked":["bronze:Turbo","bronze:ChosenStrike","bronze:Frontload+1"],"picked":"SKIP","floor":36.0},{"not_picked":["bronze:WildBeam","bronze:WhirlingStrike","bronze:BronzeArmor"],"picked":"SKIP","floor":37.0},{"not_picked":["bronze:CutThrough+1","bronze:Safeguard+1"],"picked":"bronze:Turbo+1","floor":38.0},{"not_picked":["bronze:CutThrough","bronze:OilSpill"],"picked":"bronze:Mutator","floor":39.0},{"not_picked":["bronze:Overload+1","bronze:BuggyMess","bronze:CutThrough+1"],"picked":"SKIP","floor":40.0},{"not_picked":["bronze:ItsAFeature","bronze:OilSpill+1"],"picked":"bronze:ClassDefault+1","floor":43.0},{"not_picked":["bronze:Repulsor","bronze:Return","bronze:BitShift"],"picked":"SKIP","floor":45.0},{"not_picked":["bronze:DelayedGuard","bronze:WildBeam"],"picked":"bronze:Iterate","floor":47.0},{"not_picked":["bronze:Fortify","bronze:BugBarrage+1"],"picked":"bronze:BitShift+1","floor":49.0}],"player_experience":648204,"relics_obtained":[{"floor":7.0,"key":"AT_GuinsooRageblade"},{"floor":12.0,"key":"Blue Candle"},{"floor":14.0,"key":"AT_SpeedBoots"},{"floor":24.0,"key":"Regal Pillow"},{"floor":41.0,"key":"Dota2Spire:LinkenSphere"},{"floor":45.0,"key":"AT_BladeRuinedKing"}],"event_choices":[{"damage_healed":0.0,"max_hp_gain":5.0,"max_hp_loss":0.0,"gold_gain":0.0,"event_name":"Big Fish","player_choice":"Donut","floor":6.0,"gold_loss":0.0,"damage_taken":0.0},{"cards_removed":["Pain"],"damage_healed":0.0,"max_hp_gain":0.0,"max_hp_loss":0.0,"gold_gain":0.0,"event_name":"NoteForYourself","player_choice":"Took Card","floor":28.0,"gold_loss":0.0,"damage_taken":0.0,"cards_obtained":["Regret"]},{"cards_removed":["bronze:Strike"],"damage_healed":0.0,"max_hp_gain":0.0,"max_hp_loss":0.0,"gold_gain":0.0,"event_name":"Falling","player_choice":"Removed Attack","floor":46.0,"gold_loss":0.0,"damage_taken":0.0}],"is_beta":false,"boss_relics":[{"not_picked":["Coffee Dripper","bronze:PlatinumCore"],"picked":"AT_MortalBlade"},{"not_picked":["Fusion Hammer","Pandora\u0027s Box"],"picked":"Empty Cage"}],"items_purged_floors":[9,29],"is_endless":false,"potions_floor_spawned":[11,12,14,16,21,23,32,33,37,38,43,47],"ascension_level":0}}