{"host":"awsx6hu75lh7tsqd","time":1611887578,"event":{"mods":["AchievementEnabler","BaseMod","BetterRewards","Colored Map","Evolution","Minty Spire (QoL Compilation)","Shop Mod","StSLib"],"gold_per_floor":[116,127,127,127,146,176,176,193,239,83,83,93,120,149,161,275,287,316,347,359,391,415,454,484,506,518,102,112,112,129,139,139,236,236,252,263,276,295,23,56,56,56,127,127,142,177,197,213,213,213,213,213,16,42,42,42],"floor_reached":55,"language":"ENG","playtime":3223,"items_purged":["Defend_B","Defend_B"],"score":1042,"play_id":"0a82bb29-ba94-4d9b-a5e0-8f5656d7b981","local_time":"20210128193258","is_ascension_mode":true,"campfire_choices":[{"data":"Zap","floor":7,"key":"SMITH"},{"floor":15,"key":"REST"},{"data":"Rainbow","floor":29,"key":"SMITH"},{"floor":32,"key":"REST"},{"floor":42,"key":"REST"},{"floor":44,"key":"RECALL"},{"floor":49,"key":"REST"},{"data":"Blizzard","floor":52,"key":"SMITH"}],"circlet_count":0,"master_deck":["Sweeping Beam","Sweeping Beam+1","Strike_B+1","Defend_B","Defend_B+1","Zap+1","Dualcast","Blizzard+1","Defragment+1","Cold Snap","Coolheaded+1","Coolheaded","Rainbow+1","Melter+1","Glacier","Electrodynamics","Defragment","Capacitor+1","Creative AI","Capacitor","Parasite","Heatsinks+1","Normality","Auto Shields+1","Echo Form+1"],"relics":["Cracked Core","EVO:Axolotl","Mercury Hourglass","War Paint","Blood Vial","MawBank","Black Star","Mummified Hand","Art of War","HornCleat","Matryoshka","Cursed Key","Membership Card","Letter Opener","Strawberry","Potion Belt","Happy Flower","The Courier","Turnip","Frozen Egg 2","Cables","Whetstone","Unceasing Top","Lantern"],"acts_visited":["Exordium","TheCity","TheBeyond","TheEnding"],"potions_floor_usage":[16,16,16,31,33,33,33,45,46,50,50,54,54,55],"damage_taken":[{"damage":1,"enemies":"Cultist","floor":1,"turns":3},{"damage":11,"enemies":"Jaw Worm","floor":2,"turns":2},{"damage":5,"enemies":"2 Louse","floor":5,"turns":2},{"damage":18,"enemies":"3 Sentries","floor":6,"turns":5},{"damage":5,"enemies":"Looter","floor":8,"turns":2},{"damage":0,"enemies":"Large Slime","floor":12,"turns":4},{"damage":3,"enemies":"Lagavulin","floor":13,"turns":5},{"damage":6,"enemies":"Gremlin Gang","floor":14,"turns":2},{"damage":0,"enemies":"Hexaghost","floor":16,"turns":8},{"damage":8,"enemies":"3 Byrds","floor":18,"turns":3},{"damage":20,"enemies":"2 Thieves","floor":19,"turns":4},{"damage":12,"enemies":"Centurion and Healer","floor":21,"turns":6},{"damage":4,"enemies":"Sentry and Sphere","floor":22,"turns":3},{"damage":2,"enemies":"Book of Stabbing","floor":23,"turns":7},{"damage":6,"enemies":"Chosen and Byrds","floor":24,"turns":6},{"damage":11,"enemies":"Cultist and Chosen","floor":25,"turns":5},{"damage":0,"enemies":"3 Cultists","floor":28,"turns":2},{"damage":19,"enemies":"Snake Plant","floor":30,"turns":3},{"damage":3,"enemies":"Cultist and Chosen","floor":31,"turns":4},{"damage":22,"enemies":"Champ","floor":33,"turns":10},{"damage":10,"enemies":"Orb Walker","floor":35,"turns":5},{"damage":37,"enemies":"3 Darklings","floor":36,"turns":4},{"damage":4,"enemies":"Spire Growth","floor":37,"turns":5},{"damage":23,"enemies":"Writhing Mass","floor":38,"turns":6},{"damage":12,"enemies":"Reptomancer","floor":40,"turns":5},{"damage":18,"enemies":"Transient","floor":45,"turns":5},{"damage":34,"enemies":"Nemesis","floor":46,"turns":7},{"damage":5,"enemies":"4 Shapes","floor":47,"turns":3},{"damage":24,"enemies":"Jaw Worm Horde","floor":48,"turns":3},{"damage":29,"enemies":"Donu and Deca","floor":50,"turns":8},{"damage":42,"enemies":"Shield and Spear","floor":54,"turns":5},{"damage":66,"enemies":"The Heart","floor":55,"turns":3}],"seed_played":"1627383561047257987","potions_obtained":[{"floor":5,"key":"PotionOfCapacity"},{"floor":8,"key":"ColorlessPotion"},{"floor":13,"key":"DistilledChaos"},{"floor":16,"key":"LiquidBronze"},{"floor":18,"key":"PowerPotion"},{"floor":21,"key":"Explosive Potion"},{"floor":31,"key":"AttackPotion"},{"floor":35,"key":"SpeedPotion"},{"floor":37,"key":"FairyPotion"},{"floor":45,"key":"Strength Potion"},{"floor":46,"key":"Regen Potion"},{"floor":48,"key":"DistilledChaos"},{"floor":54,"key":"SpeedPotion"}],"is_trial":false,"path_per_floor":["M","M","?","?","M","E","R","M","T","$","?","M","E","M","R","B",null,"M","M","?","M","M","E","M","M","T","$","M","R","M","M","R","B",null,"M","M","M","M","$","E","?","R","T","R","M","E","M","M","R","B",null,"R","$","E","B"],"character_chosen":"DEFECT","items_purchased":["Blizzard","Defragment","War Paint","Matryoshka","Electrodynamics","Membership Card","Letter Opener","Cables","Whetstone","FocusPotion","PowerPotion"],"campfire_rested":4,"item_purchase_floors":[0,0,10,27,27,39,39,53,53,53,53],"current_hp_per_floor":[65,54,54,59,54,36,36,31,31,31,31,33,32,28,52,54,80,72,54,54,44,42,42,38,29,29,29,31,31,14,13,37,17,80,70,35,33,12,12,9,9,35,35,35,19,26,23,1,27,9,87,87,87,45,0,0],"gold":42,"neow_bonus":"","is_daily":false,"chose_seed":false,"campfire_upgraded":3,"win_rate":0.0,"timestamp":1611887578,"path_taken":["M","M","?","?","M","E","R","M","T","$","?","M","E","M","R","BOSS","M","M","?","M","M","E","M","M","T","$","M","R","M","M","R","BOSS","M","M","M","M","$","E","?","R","T","R","M","E","M","M","R","BOSS","R","$","E","BOSS"],"items_purchased_type":["Card","Card","Relic","Relic","Card","Relic","Relic","Relic","Relic","Potion","Potion"],"build_version":"2020-12-22","purchased_purges":2,"victory":false,"max_hp_per_floor":[75,75,75,80,80,80,80,80,80,80,80,80,80,80,80,80,80,80,80,80,80,80,80,80,80,80,80,80,80,80,80,80,80,80,80,80,80,80,80,87,87,87,87,87,87,87,87,87,87,87,87,87,87,87,87,87],"card_choices":[{"not_picked":["Redo","Conserve Battery"],"picked":"Cold Snap","floor":1},{"not_picked":["Beam Cell","Rebound","Leap"],"picked":"SKIP","floor":2},{"not_picked":["Tempest","Streamline","Go for the Eyes"],"picked":"SKIP","floor":5},{"not_picked":["Go for the Eyes","Genetic Algorithm"],"picked":"Coolheaded","floor":6},{"not_picked":["Double Energy","Reinforced Body","Force Field"],"picked":"SKIP","floor":8},{"not_picked":["Sweeping Beam","Self Repair"],"picked":"Coolheaded","floor":12},{"not_picked":["Consume","Aggregate","Doom and Gloom"],"picked":"SKIP","floor":13},{"not_picked":["Leap","Gash","Beam Cell"],"picked":"SKIP","floor":14},{"not_picked":["Hyperbeam","Biased Cognition"],"picked":"Rainbow","floor":16},{"not_picked":["Darkness","FTL+1","Conserve Battery"],"picked":"SKIP","floor":18},{"not_picked":["Genetic Algorithm","Steam Power"],"picked":"Melter+1","floor":19},{"not_picked":["Coolheaded","Beam Cell+1","Force Field"],"picked":"SKIP","floor":21},{"not_picked":["Rip and Tear","Streamline+1"],"picked":"Glacier","floor":22},{"not_picked":["Steam","Meteor Strike","Conserve Battery"],"picked":"SKIP","floor":23},{"not_picked":["Barrage+1","Gash","Ball Lightning"],"picked":"SKIP","floor":24},{"not_picked":["Coolheaded","Storm","Conserve Battery+1"],"picked":"SKIP","floor":25},{"not_picked":["Electrodynamics","Go for the Eyes","Stack"],"picked":"SKIP","floor":28},{"not_picked":["BootSequence","Rebound"],"picked":"Defragment","floor":30},{"not_picked":["Electrodynamics","Cold Snap"],"picked":"Capacitor+1","floor":31},{"not_picked":["Fission","Seek"],"picked":"Creative AI","floor":33},{"not_picked":["Turbo","Rebound"],"picked":"Capacitor","floor":35},{"not_picked":["Fusion","Genetic Algorithm","Capacitor+1"],"picked":"SKIP","floor":36},{"not_picked":["Steam+1","Reprogram+1","Melter"],"picked":"SKIP","floor":37},{"not_picked":["Capacitor+1","Steam"],"picked":"Heatsinks+1","floor":38},{"not_picked":["Hyperbeam","Scrape","Streamline"],"picked":"SKIP","floor":40},{"not_picked":["Sweeping Beam+1","Leap","Stack+1"],"picked":"SKIP","floor":45},{"not_picked":["Undo+1","Compile Driver","Ball Lightning+1"],"picked":"SKIP","floor":46},{"not_picked":["Turbo+1","Chaos","Barrage+1"],"picked":"SKIP","floor":47},{"not_picked":["Genetic Algorithm+1","Go for the Eyes+1"],"picked":"Auto Shields+1","floor":48},{"not_picked":["Turbo+1","Leap+1"],"picked":"Echo Form+1","floor":54}],"player_experience":109263,"relics_obtained":[{"floor":6,"key":"Mercury Hourglass"},{"floor":13,"key":"MawBank"},{"floor":23,"key":"Mummified Hand"},{"floor":23,"key":"Art of War"},{"floor":26,"key":"HornCleat"},{"floor":40,"key":"Strawberry"},{"floor":40,"key":"Potion Belt"},{"floor":43,"key":"Happy Flower"},{"floor":43,"key":"The Courier"},{"floor":46,"key":"Turnip"},{"floor":46,"key":"Frozen Egg 2"},{"floor":54,"key":"Unceasing Top"},{"floor":54,"key":"Lantern"}],"event_choices":[{"damage_healed":0,"gold_gain":0,"player_choice":"Grow","damage_taken":0,"max_hp_gain":0,"max_hp_loss":0,"event_name":"Living Wall","floor":3,"gold_loss":0,"cards_upgraded":["Defragment"]},{"damage_healed":0,"gold_gain":0,"player_choice":"Donut","damage_taken":0,"max_hp_gain":5,"max_hp_loss":0,"event_name":"Big Fish","floor":4,"gold_loss":0},{"damage_healed":0,"gold_gain":0,"player_choice":"Searched \u00272\u0027 times","damage_taken":0,"relics_obtained":["Blood Vial"],"max_hp_gain":0,"max_hp_loss":0,"event_name":"Dead Adventurer","floor":11,"gold_loss":0},{"damage_healed":0,"gold_gain":0,"player_choice":"Ignored","damage_taken":0,"max_hp_gain":0,"max_hp_loss":0,"event_name":"Vampires","floor":20,"gold_loss":0},{"damage_healed":0,"gold_gain":0,"player_choice":"Ignored","damage_taken":0,"max_hp_gain":0,"max_hp_loss":0,"event_name":"Mysterious Sphere","floor":41,"gold_loss":0}],"is_beta":false,"boss_relics":[{"not_picked":["Calling Bell","Empty Cage"],"picked":"Black Star"},{"not_picked":["Snecko Eye","Pandora\u0027s Box"],"picked":"Cursed Key"}],"items_purged_floors":[0,27],"is_endless":false,"potions_floor_spawned":[5,8,13,16,18,21,22,24,28,31,35,37,45,46,48,54],"killed_by":"The Heart","ascension_level":1}}