{"host":"1dhlu4qzehvrzpot","time":1611926089,"event":{"mods":["2.2 Compatiblity","AchievementEnabler","BaseMod","Block Reminder","Minty Spire (QoL Compilation)","Permanent Neow","Quick Restart","Rare Cards Sparkle","Relic Stats","Say the Spire","Slay-I","StSLib","SuperFastMode"],"gold_per_floor":[137,312,367,367,317,317,317,317,317,355,405,430,61,124,124,268,268,306,216,255,295,52,118,42,88,140,208,62,101,101,150,150,150,150],"floor_reached":33,"language":"ENG","playtime":903,"items_purged":["Doubt","Injury"],"score":429,"play_id":"6c42f2ae-b9af-4146-9a3c-130679f1d731","local_time":"20210129141449","is_ascension_mode":true,"campfire_choices":[{"data":"HandOfGreed","floor":6.0,"key":"SMITH"},{"data":"Defragment","floor":15.0,"key":"SMITH"},{"data":"Biased Cognition","floor":30,"key":"SMITH"},{"data":"Seek","floor":32,"key":"SMITH"}],"circlet_count":0,"master_deck":["AscendersBane","Strike_B+1","Strike_B","Strike_B+1","Defend_B","Defend_B","Defend_B","Defend_B","Zap","Dualcast+1","HandOfGreed+1","Undo","Go for the Eyes","Biased Cognition+1","Hologram","Defragment+1","Coolheaded","Seek+1","Hologram+1","Coolheaded","Chill","Capacitor","Echo Form","Cold Snap"],"relics":["Cracked Core","DataDisk","Golden Idol","Regal Pillow","Akabeko","Lee\u0027s Waffle","MealTicket","Coffee Dripper","ClockworkSouvenir","Omamori","Nunchaku","Membership Card"],"acts_visited":["Exordium","TheCity"],"potions_floor_usage":[27,29,29,33],"damage_taken":[{"damage":9.0,"enemies":"2 Louse","floor":1.0,"turns":2.0},{"damage":14.0,"enemies":"Small Slimes","floor":3.0,"turns":4.0},{"damage":17.0,"enemies":"Lagavulin","floor":10.0,"turns":7.0},{"damage":0.0,"enemies":"Jaw Worm","floor":11.0,"turns":3.0},{"damage":0.0,"enemies":"Gremlin Gang","floor":12.0,"turns":2.0},{"damage":8.0,"enemies":"Exordium Thugs","floor":14.0,"turns":5.0},{"damage":34.0,"enemies":"Hexaghost","floor":16.0,"turns":9.0},{"damage":13.0,"enemies":"Shell Parasite","floor":18.0,"turns":3.0},{"damage":14.0,"enemies":"Spheric Guardian","floor":20.0,"turns":4.0},{"damage":7.0,"enemies":"Snake Plant","floor":21.0,"turns":3.0},{"damage":17.0,"enemies":"Gremlin Leader","floor":23.0,"turns":11.0},{"damage":0.0,"enemies":"Centurion and Healer","floor":25.0,"turns":9.0},{"damage":9,"enemies":"Shelled Parasite and Fungi","floor":27,"turns":6},{"damage":21,"enemies":"Snake Plant","floor":29,"turns":5},{"damage":0,"enemies":"Snecko","floor":31,"turns":4},{"damage":42,"enemies":"Champ","floor":33,"turns":9}],"seed_played":"391402671334269148","potions_obtained":[{"floor":10.0,"key":"Weak Potion"},{"floor":11.0,"key":"Explosive Potion"},{"floor":12.0,"key":"CultistPotion"},{"floor":14.0,"key":"Energy Potion"},{"floor":16.0,"key":"Energy Potion"},{"floor":21.0,"key":"LiquidBronze"},{"floor":25.0,"key":"Weak Potion"},{"floor":27,"key":"PowerPotion"},{"floor":31,"key":"SteroidPotion"}],"is_trial":false,"path_per_floor":["M","?","M","?","?","R","?","?","T","E","M","M","$","M","R","B",null,"M","?","M","M","$","E","$","M","T","M","$","M","R","M","R","B"],"character_chosen":"DEFECT","items_purchased":["Lee\u0027s Waffle","MealTicket","ClockworkSouvenir","Capacitor","Membership Card"],"campfire_rested":0,"item_purchase_floors":[13,13,22,24,28],"current_hp_per_floor":[59,59,45,42,42,42,42,27,27,10,10,10,82,74,74,40,72,59,59,45,38,53,36,51,51,51,42,57,36,36,36,36,0,0],"gold":150,"neow_bonus":"RANDOM_COLORLESS_2","is_daily":false,"chose_seed":false,"campfire_upgraded":4,"win_rate":0.0,"timestamp":1611926089,"path_taken":["M","?","M","?","?","R","?","?","T","E","?","M","$","M","R","BOSS","M","?","?","M","$","E","$","M","T","M","?","M","R","M","R","BOSS"],"items_purchased_type":["Relic","Relic","Relic","Card","Relic"],"build_version":"2020-12-22","purchased_purges":2,"victory":false,"max_hp_per_floor":[75,75,75,75,75,75,75,75,75,75,75,75,82,82,82,82,82,82,82,82,82,82,82,82,82,82,82,82,82,82,82,82,82,82],"relic_stats":{"Regal Pillow":0,"Lee\u0027s Waffle":72,"Nunchaku":[3],"counters":[16,86],"Golden Idol":78,"MealTicket":45,"obtain_stats":[{"DataDisk":4,"Regal Pillow":9,"Lee\u0027s Waffle":13,"Nunchaku":26,"Golden Idol":7,"MealTicket":13,"Coffee Dripper":17,"Omamori":23,"Membership Card":28,"Cracked Core":0,"Akabeko":10,"ClockworkSouvenir":22},{"DataDisk":2,"Regal Pillow":2,"Lee\u0027s Waffle":5,"Nunchaku":12,"Golden Idol":2,"MealTicket":5,"Coffee Dripper":7,"Omamori":11,"Membership Card":13,"Cracked Core":0,"Akabeko":3,"ClockworkSouvenir":10},{"DataDisk":6,"Regal Pillow":6,"Lee\u0027s Waffle":18,"Nunchaku":62,"Golden Idol":6,"MealTicket":18,"Coffee Dripper":32,"Omamori":53,"Membership Card":68,"Cracked Core":0,"Akabeko":13,"ClockworkSouvenir":42}]},"card_choices":[{"not_picked":["Chrysalis","Violence"],"picked":"HandOfGreed","floor":0.0},{"not_picked":["Steam Power","Consume"],"picked":"Undo","floor":1.0},{"not_picked":["Coolheaded","Heatsinks"],"picked":"Go for the Eyes","floor":3.0},{"not_picked":["BootSequence","Beam Cell"],"picked":"Biased Cognition","floor":10.0},{"not_picked":["Conserve Battery","Redo"],"picked":"Hologram","floor":11.0},{"not_picked":["Sweeping Beam","Gash"],"picked":"Defragment","floor":12.0},{"not_picked":["Ball Lightning","Blizzard"],"picked":"Coolheaded","floor":14.0},{"not_picked":["Multi-Cast","Amplify"],"picked":"Seek","floor":16.0},{"not_picked":["Steam","Storm+1"],"picked":"Hologram+1","floor":18.0},{"not_picked":["Hologram+1","Chaos"],"picked":"Coolheaded","floor":20.0},{"not_picked":["Ball Lightning","Doom and Gloom","Sweeping Beam"],"picked":"SKIP","floor":21.0},{"not_picked":["Ball Lightning+1","Coolheaded+1"],"picked":"Chill","floor":23.0},{"not_picked":["Storm","Double Energy"],"picked":"Echo Form","floor":25.0},{"not_picked":["Stack","Rebound","Recycle"],"picked":"SKIP","floor":27},{"not_picked":["Hologram+1","Redo"],"picked":"Cold Snap","floor":29},{"not_picked":["Redo","Streamline+1","Blizzard"],"picked":"SKIP","floor":31}],"player_experience":539750,"relics_obtained":[{"floor":9.0,"key":"Regal Pillow"},{"floor":10.0,"key":"Akabeko"},{"floor":23.0,"key":"Omamori"},{"floor":26.0,"key":"Nunchaku"}],"event_choices":[{"damage_healed":0.0,"max_hp_gain":0.0,"max_hp_loss":0.0,"gold_gain":175.0,"event_name":"Liars Game","player_choice":"AGREE","floor":2.0,"gold_loss":0.0,"damage_taken":0.0,"cards_obtained":["Doubt"]},{"damage_healed":0.0,"max_hp_gain":0.0,"max_hp_loss":0.0,"gold_gain":0.0,"event_name":"Scrap Ooze","player_choice":"Success","floor":4.0,"gold_loss":0.0,"damage_taken":3.0,"relics_obtained":["DataDisk"]},{"cards_removed":["Decay"],"damage_healed":0.0,"max_hp_gain":0.0,"max_hp_loss":0.0,"gold_gain":0.0,"event_name":"The Cleric","player_choice":"Card Removal","floor":5.0,"gold_loss":50.0,"damage_taken":0.0},{"damage_healed":0.0,"max_hp_gain":0.0,"max_hp_loss":0.0,"gold_gain":0.0,"event_name":"Golden Idol","player_choice":"Take Wound","floor":7.0,"gold_loss":0.0,"damage_taken":0.0,"relics_obtained":["Golden Idol"],"cards_obtained":["Injury"]},{"damage_healed":0.0,"max_hp_gain":0.0,"max_hp_loss":0.0,"gold_gain":0.0,"event_name":"Shining Light","player_choice":"Entered Light","floor":8.0,"gold_loss":0.0,"damage_taken":15.0,"cards_upgraded":["Strike_B","Strike_B"]},{"cards_removed":["Strike_B"],"damage_healed":0.0,"max_hp_gain":0.0,"max_hp_loss":0.0,"gold_gain":0.0,"event_name":"Designer","player_choice":"Upgrade and Remove","floor":19.0,"gold_loss":90.0,"damage_taken":0.0,"cards_upgraded":["Dualcast"]}],"is_beta":false,"boss_relics":[{"not_picked":["Philosopher\u0027s Stone","SacredBark"],"picked":"Coffee Dripper"}],"items_purged_floors":[13,22],"is_endless":false,"potions_floor_spawned":[10,11,12,14,16,21,25,27,31],"killed_by":"Champ","ascension_level":10}}