{"host":"zsnmfqgcm92hlreo","time":1611957853,"event":{"mods":["AchievementEnabler","BaseMod","Bestiary","Block Reminder","Colored Powertips","Minty Spire (QoL Compilation)","Permanent Neow","Quick Restart","Relic Stats","Weighted Paths"],"gold_per_floor":[119,194,209,220,81,115,131,131,131],"floor_reached":8,"language":"ENG","playtime":593,"items_purged":[],"score":116,"play_id":"195fbc15-09e7-45dd-ac86-668c1facab9a","local_time":"20210129160413","is_ascension_mode":true,"campfire_choices":[],"circlet_count":0,"master_deck":["AscendersBane","Strike_G","Strike_G","Defend_G","Defend_G","Defend_G","Defend_G","Defend_G","Survivor","Neutralize","Dash+1","Calculated Gamble+1","Caltrops+1","Backflip","Deflect","Skewer","Backflip","PiercingWail"],"relics":["Astrolabe","Centennial Puzzle"],"acts_visited":["Exordium"],"potions_floor_usage":[6],"damage_taken":[{"damage":1.0,"enemies":"2 Louse","floor":1.0,"turns":3.0},{"damage":2.0,"enemies":"Jaw Worm","floor":3.0,"turns":4.0},{"damage":0.0,"enemies":"Cultist","floor":4.0,"turns":5.0},{"damage":18,"enemies":"3 Sentries","floor":6,"turns":9},{"damage":0,"enemies":"Looter","floor":7,"turns":5},{"damage":31,"enemies":"Gremlin Nob","floor":8,"turns":4}],"seed_played":"-606935032055735080","potions_obtained":[{"floor":1.0,"key":"CunningPotion"},{"floor":6,"key":"Strength Potion"},{"floor":7,"key":"LiquidBronze"}],"is_trial":false,"path_per_floor":["M","?","M","M","$","E","M","E"],"character_chosen":"THE_SILENT","items_purchased":["Skewer","Backflip"],"campfire_rested":0,"item_purchase_floors":[5,5],"current_hp_per_floor":[58,47,45,45,45,27,27,0,0],"gold":131,"neow_bonus":"BOSS_RELIC","is_daily":false,"chose_seed":false,"campfire_upgraded":0,"win_rate":0.0,"timestamp":1611957853,"path_taken":["M","?","M","M","$","E","M","E"],"items_purchased_type":["Card","Card"],"build_version":"2020-12-22","purchased_purges":0,"victory":false,"max_hp_per_floor":[66,66,66,66,66,66,66,66,66],"relic_stats":{"Centennial Puzzle":[3],"counters":[6,30],"Astrolabe":["Dash","Calculated Gamble","Caltrops"],"obtain_stats":[{"Centennial Puzzle":6,"Astrolabe":0,"Ring of the Snake":0},{"Centennial Puzzle":4,"Astrolabe":0,"Ring of the Snake":0},{"Centennial Puzzle":21,"Astrolabe":0,"Ring of the Snake":0}]},"card_choices":[{"not_picked":["Terror","Underhanded Strike"],"picked":"Backflip","floor":1.0},{"not_picked":["Bane","Deadly Poison","Expertise"],"picked":"SKIP","floor":3.0},{"not_picked":["Reflex","Flying Knee"],"picked":"Deflect","floor":4.0},{"not_picked":["Outmaneuver","Dagger Spray"],"picked":"PiercingWail","floor":6},{"not_picked":["Deadly Poison","Grand Finale","Masterful Stab"],"picked":"SKIP","floor":7}],"player_experience":943648,"relics_obtained":[{"floor":6,"key":"Centennial Puzzle"}],"event_choices":[{"damage_healed":0.0,"max_hp_gain":0.0,"max_hp_loss":0.0,"gold_gain":75.0,"event_name":"World of Goop","player_choice":"Gather Gold","floor":2.0,"gold_loss":0.0,"damage_taken":11.0}],"is_beta":false,"boss_relics":[],"items_purged_floors":[],"is_endless":false,"potions_floor_spawned":[1,6,7],"killed_by":"Gremlin Nob","ascension_level":20}}