{"host":"wvwkddos141hgtsy","time":1611887019,"event":{"mods":["AchievementEnabler","AlwaysNeverKeys","BaseMod","Better Altar","Better Match","Better Note","Better Sensory Stone","Better Skull","Better Third Choice","Better Vampires","BetterRewards","ChefMod","Colored Map","Colored Powertips","Custom Start","Downfall","Googly Eyes","Hermit","Highlight Path","Minty Spire (QoL Compilation)","Relic Stats","StSLib","SuperFastMode","The Cursed","The Hayseed","The Hierophant"],"gold_per_floor":[119,139,139,157,157,157,157],"floor_reached":6,"language":"ENG","playtime":152,"items_purged":[],"score":36,"play_id":"88541f2e-63da-4df1-abd2-421463776748","local_time":"20210128212339","is_ascension_mode":false,"campfire_choices":[],"circlet_count":0,"master_deck":["chefmod:Strike","chefmod:Strike","chefmod:Strike","chefmod:Strike","chefmod:QuickThaw","chefmod:Defend","chefmod:Defend","chefmod:Defend","chefmod:Defend","chefmod:TodaysSpecial","chefmod:NewMenu","Regret","chefmod:Granita"],"relics":["chefmod:TrustyPot","NeowsBlessing","Sundial","Golden Idol"],"acts_visited":["Exordium"],"potions_floor_usage":[],"damage_taken":[{"damage":0,"enemies":"Jaw Worm","floor":1,"turns":1},{"damage":0,"enemies":"2 Louse","floor":2,"turns":1},{"damage":0,"enemies":"Small Slimes","floor":4,"turns":1},{"damage":31,"enemies":"Gremlin Nob","floor":6,"turns":4}],"seed_played":"-3345361334914870747","potions_obtained":[{"floor":4,"key":"SpeedPotion"}],"is_trial":false,"path_per_floor":["M","M","?","M","?","E"],"character_chosen":"THE_CHEF","items_purchased":[],"campfire_rested":0,"item_purchase_floors":[],"current_hp_per_floor":[76,76,76,76,70,39,39],"gold":157,"neow_bonus":"THREE_ENEMY_KILL","is_daily":false,"chose_seed":false,"campfire_upgraded":0,"win_rate":0.0,"timestamp":1611887019,"path_taken":["M","M","?","M","?","E"],"items_purchased_type":[],"build_version":"2020-12-22","purchased_purges":0,"victory":false,"max_hp_per_floor":[76,76,76,76,70,70,70],"relic_stats":{"counters":[4,7],"Sundial":[2],"Golden Idol":0,"obtain_stats":[{"chefmod:TrustyPot":0,"NeowsBlessing":0,"Sundial":3,"Golden Idol":5},{"chefmod:TrustyPot":0,"NeowsBlessing":0,"Sundial":2,"Golden Idol":3},{"chefmod:TrustyPot":0,"NeowsBlessing":0,"Sundial":2,"Golden Idol":3}]},"card_choices":[{"not_picked":["chefmod:FiveAlarmChili","chefmod:BaoBuns","chefmod:HotSoup"],"picked":"SKIP","floor":1},{"not_picked":["chefmod:PotatoGratin","chefmod:ZaruSoba"],"picked":"chefmod:NewMenu","floor":2},{"not_picked":["chefmod:FireUp","chefmod:DinoKale"],"picked":"chefmod:Granita","floor":4}],"player_experience":364829,"relics_obtained":[],"event_choices":[{"damage_healed":0,"gold_gain":0,"player_choice":"Box","damage_taken":0,"relics_obtained":["Sundial"],"max_hp_gain":0,"max_hp_loss":0,"event_name":"Big Fish","floor":3,"gold_loss":0,"cards_obtained":["Regret"]},{"damage_healed":0,"gold_gain":0,"player_choice":"Lose Max HP","damage_taken":0,"relics_obtained":["Golden Idol"],"max_hp_gain":0,"max_hp_loss":6,"event_name":"Golden Idol","floor":5,"gold_loss":0}],"is_beta":false,"boss_relics":[],"items_purged_floors":[],"is_endless":false,"potions_floor_spawned":[4],"killed_by":"Gremlin Nob","ascension_level":0}}