{"host":"2qstd83ou5jzlfqv","time":1611895148,"event":{"mods":["BaseMod","Colored Powertips","Minty Spire (QoL Compilation)","Relic Stats"],"gold_per_floor":[116,128,140,68,68,102,122,150,176,176,176,196,196,223,223,329,329,358,381,404,433,433,433,459,459,485,485,485],"floor_reached":27,"language":"ENG","playtime":1789,"items_purged":[],"score":341,"play_id":"3598d445-4c5b-4510-860b-8abaa0b14d4d","local_time":"20210128203908","is_ascension_mode":true,"campfire_choices":[{"data":"Carnage","floor":11,"key":"SMITH"},{"data":"True Grit","floor":13,"key":"SMITH"},{"floor":15,"key":"REST"},{"data":"Shrug It Off","floor":23,"key":"SMITH"},{"data":"Power Through","floor":25,"key":"SMITH"}],"circlet_count":0,"master_deck":["AscendersBane","Strike_R","Strike_R","Strike_R+1","Strike_R","Defend_R","Defend_R","Defend_R","Defend_R+1","Bash","Shrug It Off+1","Spot Weakness","Iron Wave","Carnage+1","Cleave","True Grit+1","Feel No Pain+1","Offering","Limit Break","Inflame","Havoc+1","Power Through+1","Clothesline+1","Inflame"],"relics":["Black Blood","CeramicFish","Vajra","Pen Nib","Lantern"],"acts_visited":["Exordium","TheCity"],"potions_floor_usage":[8,8,8,16,21,24],"damage_taken":[{"damage":3,"enemies":"Small Slimes","floor":1,"turns":6},{"damage":8,"enemies":"Jaw Worm","floor":2,"turns":5},{"damage":5,"enemies":"Cultist","floor":3,"turns":4},{"damage":19,"enemies":"3 Sentries","floor":6,"turns":8},{"damage":3,"enemies":"Large Slime","floor":7,"turns":6},{"damage":24,"enemies":"Lagavulin","floor":8,"turns":6},{"damage":21,"enemies":"Lots of Slimes","floor":12,"turns":5},{"damage":8,"enemies":"Exordium Thugs","floor":14,"turns":4},{"damage":13,"enemies":"Slime Boss","floor":16,"turns":9},{"damage":13,"enemies":"Spheric Guardian","floor":18,"turns":4},{"damage":27,"enemies":"3 Byrds","floor":19,"turns":7},{"damage":29,"enemies":"Cultist and Chosen","floor":20,"turns":7},{"damage":25,"enemies":"Centurion and Healer","floor":21,"turns":8},{"damage":15,"enemies":"Shelled Parasite and Fungi","floor":24,"turns":4},{"damage":45,"enemies":"Book of Stabbing","floor":27,"turns":6}],"seed_played":"-6954278687053992620","potions_obtained":[{"floor":2,"key":"Block Potion"},{"floor":6,"key":"Fire Potion"},{"floor":7,"key":"Dexterity Potion"},{"floor":12,"key":"Regen Potion"},{"floor":14,"key":"EssenceOfSteel"},{"floor":21,"key":"AttackPotion"}],"is_trial":false,"path_per_floor":["M","M","M","$","?","E","M","E","T","?","R","M","R","M","R","B",null,"M","M","M","M","?","R","M","R","T","E"],"character_chosen":"IRONCLAD","items_purchased":["Carnage"],"campfire_rested":1,"item_purchase_floors":[4],"current_hp_per_floor":[83,81,82,82,64,51,54,36,36,36,36,21,21,19,45,38,76,75,60,43,45,45,45,42,42,42,0,0],"gold":485,"neow_bonus":"TEN_PERCENT_HP_BONUS","is_daily":false,"chose_seed":false,"campfire_upgraded":4,"win_rate":0.0,"timestamp":1611895148,"path_taken":["M","M","M","$","?","E","M","E","T","?","R","M","R","M","R","BOSS","M","?","M","M","?","R","?","R","T","E"],"items_purchased_type":["Card"],"build_version":"2020-12-22","purchased_purges":0,"victory":false,"max_hp_per_floor":[88,88,88,88,88,88,88,88,88,88,88,88,88,88,88,88,88,88,88,88,88,88,88,88,88,88,88,88],"relic_stats":{"counters":[15,89],"CeramicFish":90,"Black Blood":114,"Pen Nib":[7],"obtain_stats":[{"Lantern":26,"CeramicFish":6,"Vajra":8,"Black Blood":17,"Pen Nib":9,"Burning Blood":0},{"Lantern":14,"CeramicFish":4,"Vajra":6,"Black Blood":9,"Pen Nib":6,"Burning Blood":0},{"Lantern":83,"CeramicFish":23,"Vajra":35,"Black Blood":53,"Pen Nib":35,"Burning Blood":0}]},"card_choices":[{"not_picked":["Intimidate","Warcry"],"picked":"Shrug It Off","floor":1},{"not_picked":["Evolve","Warcry"],"picked":"Spot Weakness","floor":2},{"not_picked":["Bloodletting","Sever Soul"],"picked":"Iron Wave","floor":3},{"not_picked":["Anger","Sever Soul"],"picked":"Cleave","floor":6},{"not_picked":["Twin Strike","Iron Wave"],"picked":"True Grit","floor":7},{"not_picked":["Dual Wield","Anger","Bloodletting"],"picked":"SKIP","floor":8},{"not_picked":["Infernal Blade","Armaments"],"picked":"Feel No Pain","floor":12},{"not_picked":["Heavy Blade","Combust"],"picked":"Offering","floor":14},{"not_picked":["Double Tap","Offering"],"picked":"Limit Break","floor":16},{"not_picked":["Perfected Strike","Flex"],"picked":"Inflame","floor":18},{"not_picked":["Sword Boomerang","Clothesline"],"picked":"Havoc+1","floor":19},{"not_picked":["Pommel Strike","Intimidate"],"picked":"Power Through","floor":20},{"not_picked":["True Grit+1","Bloodletting"],"picked":"Clothesline+1","floor":21},{"not_picked":["Reckless Charge","Shrug It Off"],"picked":"Inflame","floor":24}],"player_experience":384075,"relics_obtained":[{"floor":6,"key":"CeramicFish"},{"floor":8,"key":"Vajra"},{"floor":9,"key":"Pen Nib"},{"floor":26,"key":"Lantern"}],"event_choices":[{"damage_healed":0,"gold_gain":0,"player_choice":"Entered Light","damage_taken":18,"max_hp_gain":0,"max_hp_loss":0,"event_name":"Shining Light","floor":5,"gold_loss":0,"cards_upgraded":["Defend_R","Strike_R"]},{"cards_removed":["Strike_R"],"damage_healed":0,"gold_gain":0,"player_choice":"Offered Basic","damage_taken":0,"max_hp_gain":0,"max_hp_loss":0,"event_name":"Bonfire Elementals","floor":10,"gold_loss":0},{"damage_healed":0,"gold_gain":0,"player_choice":"Forge","damage_taken":0,"max_hp_gain":0,"max_hp_loss":0,"event_name":"Accursed Blacksmith","floor":22,"gold_loss":0,"cards_upgraded":["Feel No Pain"]}],"is_beta":false,"boss_relics":[{"not_picked":["Runic Dome","Empty Cage"],"picked":"Black Blood"}],"items_purged_floors":[],"is_endless":false,"potions_floor_spawned":[2,6,7,12,14,21],"killed_by":"Book of Stabbing","ascension_level":10}}