{"host":"x5w0lpd9f3pel4f4","time":1611896627,"event":{"mods":["2.2 Compatiblity","Act Like it!","Arknights The Spire","BaseMod","Beaked The Cultist","Better Altar","Better Note","Better Sensory Stone","Better Skull","Better Third Choice","Better Vampires","BetterRewards","Block Reminder","CapriCore","Card Filter","Colored Map","Colored Powertips","Conspire","Custom Start","Defuse TimeMaze Blight","Displayed Cursed Tome","Downfall","Gremlin Skip","Hallownest","Hubris","Infinite Spire","Koishi","MarisaÅiñ∂âJÅ@ñÇóùçπÅj","Minty Spire (QoL Compilation)","Permanent Neow","Quick Restart","Relic Filter","Relic Sorter","Relic Stats","Replay The Spire","Shop Mod","Spires \u0026 Sneckos","StSLib","Steal the Spire","The Construct","The Fake Hero","Thieving Mod","Treasure Hunter","Waifu the Spire","everything is the same but u backflip on backflip"],"gold_per_floor":[116,66,77,77,77,77,117,136,206,206,94,118,118,152,152,280,280,298,298,298],"floor_reached":19,"language":"ENG","playtime":1717,"items_purged":["ats:Strike C"],"score":175,"play_id":"ddec3233-c843-4f6a-bc49-a7ed658cb622","local_time":"20210129000346","is_ascension_mode":false,"campfire_choices":[{"data":"ats:Emotion Absorption","floor":6,"key":"SMITH"},{"data":"ats:Apocalypse","floor":10,"key":"SMITH"},{"data":"ats:Assault Order","floor":13,"key":"SMITH"},{"data":"ats:Overload","floor":15,"key":"SMITH"}],"circlet_count":0,"master_deck":["ats:Strike G","ats:Strike S","ats:Strike V","ats:Armor Crushing Shot+1","ats:Defend","ats:Defend","ats:Defend","ats:Defend","ats:Emotion Absorption+1","ats:Powerful Strike","ats:Apocalypse+1","ats:Song Of Battle","ats:Assault Order+1","ats:Revitalization+1","ats:Blood Oath","ats:Overload+1","ats:Calcification","beaked:NemesisSlickness","TH:ArmorSpikes","TH:ArmorSpikes","TH:ArmorSpikes"],"relics":["ats:Sanity","Golden Idol","ats:Originium","infinitespire:Satchel","White Beast Statue","Pet Ghost","Replay:Grab Bag","Sozu","beaked:SacredDeck"],"acts_visited":["Exordium","TheCity"],"potions_floor_usage":[7,7,7,12,12,12,12],"damage_taken":[{"damage":5,"enemies":"Jaw Worm","floor":1,"turns":4},{"damage":0,"enemies":"2 Louse","floor":3,"turns":3},{"damage":29,"enemies":"Gremlin Nob","floor":7,"turns":5},{"damage":1,"enemies":"Cultist","floor":8,"turns":3},{"damage":5,"enemies":"Looter","floor":12,"turns":4},{"damage":27,"enemies":"Replay:BlueRogue","floor":14,"turns":7},{"damage":62,"enemies":"Slime Boss","floor":16,"turns":13},{"damage":2,"enemies":"Chosen","floor":18,"turns":6},{"damage":0,"enemies":"conspire:FuzzyDice","floor":19,"turns":1}],"seed_played":"-9169585681575801453","potions_obtained":[{"floor":0,"key":"EntropicBrew"},{"floor":0,"key":"bronze:BurnAndBuffPotion"},{"floor":0,"key":"EntropicBrew"},{"floor":7,"key":"Dexterity Potion"},{"floor":12,"key":"ats:Emergency Sanity Potion"},{"floor":14,"key":"PowerPotion"}],"is_trial":false,"path_per_floor":["M","$","M","?","?","R","E","M","T","R","$","M","R","E","R","B",null,"M","M"],"character_chosen":"DOCTOR_CLASS","items_purchased":["ats:Apocalypse","ats:Revitalization+1"],"campfire_rested":0,"item_purchase_floors":[2,11],"current_hp_per_floor":[67,67,72,67,67,67,38,42,42,42,42,60,60,60,60,60,67,67,67,67],"gold":298,"neow_bonus":"THREE_SMALL_POTIONS","is_daily":false,"chose_seed":false,"campfire_upgraded":4,"win_rate":0.0,"timestamp":1611896626,"path_taken":["M","$","M","?","?","R","E","M","T","R","$","M","R","E","R","BOSS","M","M"],"items_purchased_type":["Card","Card"],"build_version":"2020-12-22","purchased_purges":1,"victory":false,"max_hp_per_floor":[72,72,72,67,67,67,67,67,67,67,67,67,67,67,67,67,67,67,67,67],"relic_stats":{"Sozu":0,"counters":[9,46],"Golden Idol":54,"obtain_stats":[{"Sozu":17,"ats:Originium":7,"Golden Idol":4,"Replay:Grab Bag":17,"infinitespire:Satchel":7,"beaked:SacredDeck":17,"ats:Sanity":0,"White Beast Statue":9,"Pet Ghost":14},{"Sozu":7,"ats:Originium":3,"Golden Idol":2,"Replay:Grab Bag":7,"infinitespire:Satchel":3,"beaked:SacredDeck":7,"ats:Sanity":0,"White Beast Statue":4,"Pet Ghost":6},{"Sozu":39,"ats:Originium":12,"Golden Idol":7,"Replay:Grab Bag":39,"infinitespire:Satchel":12,"beaked:SacredDeck":39,"ats:Sanity":0,"White Beast Statue":15,"Pet Ghost":26}]},"card_choices":[{"not_picked":["ats:Very Hot Blade","ats:Explosion Area Strengthen"],"picked":"ats:Powerful Strike","floor":1},{"not_picked":["ats:Explosion Area Strengthen","ats:Defend Order"],"picked":"ats:Song Of Battle","floor":3},{"not_picked":["TH:PixieDust","TH:BikiniMail"],"picked":"SKIP","floor":7},{"not_picked":["ats:Consecutive Shot Auto","ats:Powerful Strike","ats:Serious Mode"],"picked":"SKIP","floor":7},{"not_picked":["ats:Defend Order","ats:Cat Scratch"],"picked":"ats:Assault Order","floor":8},{"not_picked":["TH:DeckOfManyThings","TH:ElvenBoots"],"picked":"SKIP","floor":9},{"not_picked":["ats:Powerful Strike","ats:Absolute Focus"],"picked":"ats:Blood Oath","floor":12},{"not_picked":["ats:Spore Proliferation","ats:Phantom"],"picked":"ats:Overload","floor":14},{"not_picked":["TH:CopperCoins","TH:EnergyPotion"],"picked":"SKIP","floor":14},{"not_picked":["ats:Ambush","ats:Shadow Assault"],"picked":"ats:Calcification","floor":16},{"not_picked":["ats:Consecutive Shot Auto","ats:Healing Strengthening","ats:Poison Spread"],"picked":"SKIP","floor":18}],"player_experience":255677,"relics_obtained":[{"floor":7,"key":"ats:Originium"},{"floor":7,"key":"infinitespire:Satchel"},{"floor":9,"key":"White Beast Statue"},{"floor":14,"key":"ats:Originium"},{"floor":14,"key":"Pet Ghost"}],"event_choices":[{"damage_healed":0,"gold_gain":0,"player_choice":"Lose Max HP","damage_taken":0,"relics_obtained":["Golden Idol"],"max_hp_gain":0,"max_hp_loss":5,"event_name":"Golden Idol","floor":4,"gold_loss":0}],"is_beta":false,"boss_relics":[{"not_picked":["Calling Bell","Honey Jar"],"picked":"Replay:Grab Bag"},{"not_picked":["Painkiller Herb","Fusion Hammer"],"picked":"Sozu"},{"not_picked":["Astrolabe","construct:ClawGrip"],"picked":"beaked:SacredDeck"}],"items_purged_floors":[11],"is_endless":false,"potions_floor_spawned":[7,12,14,16,18],"killed_by":"conspire:FuzzyDice","ascension_level":0}}