{"host":"f5gffvlv6a66yqkd","time":1611880776,"event":{"mods":["2.2 Compatiblity","BaseMod","Colored Map","Custom Start","DeckTracker","Keyboard Shortcuts","Minty Spire (QoL Compilation)","Permanent Neow","Quick Restart","Relic Stats","StSLib","SuperFastMode"],"gold_per_floor":[112,112,212,223,51,82,101,101,126,151,162,178,196,222,222,297,297,307,333,84,94,94,94,111,111,111,126,126,154,154,54,54,132,132,144,144,159,175,200,234,252,268,268,268,300,314,314,344,344,344,344,344,344,8,8,8],"floor_reached":55,"language":"KOR","playtime":2252,"items_purged":["Strike_B","Defend_B"],"score":2144,"play_id":"cd14a74f-5ed8-488d-84eb-4e4211efc069","local_time":"20210129093936","is_ascension_mode":true,"campfire_choices":[{"data":"Defragment","floor":8.0,"key":"SMITH"},{"data":"Capacitor","floor":15.0,"key":"SMITH"},{"data":"Barrage","floor":23.0,"key":"SMITH"},{"data":"Capacitor","floor":28.0,"key":"SMITH"},{"data":"Dualcast","floor":30.0,"key":"SMITH"},{"floor":32.0,"key":"RECALL"},{"data":"Biased Cognition","floor":44.0,"key":"SMITH"},{"data":"Darkness","floor":47.0,"key":"SMITH"},{"data":"1","floor":49.0,"key":"LIFT"},{"data":"2","floor":53.0,"key":"LIFT"}],"circlet_count":0,"master_deck":["AscendersBane","Defend_B","Defend_B","Zap+1","Dualcast+1","Undo","Barrage+1","Ball Lightning","Capacitor+1","Defragment+1","Genetic Algorithm","Coolheaded","Cold Snap","Glacier","Turbo","Core Surge","Glacier+1","Redo+1","Force Field+1","Capacitor+1","Self Repair","FTL+1","BootSequence","Biased Cognition+1","Flash of Steel","Impatience","Secret Technique","Darkness+1","Compile Driver","White Noise","Thunder Strike"],"relics":["Cracked Core","Tiny Chest","Toy Ornithopter","Meat on the Bone","Bag of Preparation","Astrolabe","Red Mask","ClockworkSouvenir","Girya","Lantern","Runic Dome","CaptainsWheel","Bottled Lightning","Singing Bowl","Torii","Smiling Mask","Membership Card","Pantograph"],"acts_visited":["Exordium","TheCity","TheBeyond","TheEnding"],"potions_floor_usage":[],"damage_taken":[{"damage":4.0,"enemies":"Small Slimes","floor":1.0,"turns":3.0},{"damage":0.0,"enemies":"Cultist","floor":4.0,"turns":4.0},{"damage":0.0,"enemies":"Gremlin Nob","floor":6.0,"turns":3.0},{"damage":3.0,"enemies":"2 Louse","floor":7.0,"turns":3.0},{"damage":22.0,"enemies":"Lagavulin","floor":10.0,"turns":6.0},{"damage":0.0,"enemies":"Blue Slaver","floor":11.0,"turns":4.0},{"damage":0.0,"enemies":"Large Slime","floor":12.0,"turns":4.0},{"damage":6.0,"enemies":"Exordium Wildlife","floor":13.0,"turns":6.0},{"damage":11.0,"enemies":"3 Sentries","floor":14.0,"turns":6.0},{"damage":17.0,"enemies":"Hexaghost","floor":16.0,"turns":11.0},{"damage":3.0,"enemies":"2 Thieves","floor":18.0,"turns":5.0},{"damage":27.0,"enemies":"Masked Bandits","floor":19.0,"turns":8.0},{"damage":0.0,"enemies":"3 Byrds","floor":21.0,"turns":6.0},{"damage":3.0,"enemies":"Sentry and Sphere","floor":24.0,"turns":6.0},{"damage":0.0,"enemies":"Snecko","floor":27.0,"turns":6.0},{"damage":28.0,"enemies":"Book of Stabbing","floor":29.0,"turns":8.0},{"damage":38.0,"enemies":"Champ","floor":33.0,"turns":17.0},{"damage":8.0,"enemies":"3 Shapes","floor":35.0,"turns":7.0},{"damage":6.0,"enemies":"3 Darklings","floor":37.0,"turns":5.0},{"damage":0.0,"enemies":"Transient","floor":38.0,"turns":6.0},{"damage":0.0,"enemies":"Mind Bloom Boss Battle","floor":39.0,"turns":7.0},{"damage":0.0,"enemies":"Giant Head","floor":40.0,"turns":9.0},{"damage":14.0,"enemies":"4 Shapes","floor":41.0,"turns":4.0},{"damage":2.0,"enemies":"Maw","floor":42.0,"turns":7.0},{"damage":22.0,"enemies":"Reptomancer","floor":45.0,"turns":7.0},{"damage":1.0,"enemies":"Jaw Worm Horde","floor":46.0,"turns":4.0},{"damage":0.0,"enemies":"Giant Head","floor":48.0,"turns":7.0},{"damage":0.0,"enemies":"Donu and Deca","floor":50.0,"turns":11.0},{"damage":33.0,"enemies":"Awakened One","floor":51.0,"turns":13.0},{"damage":69,"enemies":"Shield and Spear","floor":55,"turns":5}],"seed_played":"9058452779385161021","potions_obtained":[{"floor":4.0,"key":"Fire Potion"},{"floor":6.0,"key":"EssenceOfSteel"},{"floor":10.0,"key":"Ancient Potion"},{"floor":16.0,"key":"SteroidPotion"},{"floor":19.0,"key":"LiquidMemories"},{"floor":39.0,"key":"Explosive Potion"},{"floor":40.0,"key":"SpeedPotion"},{"floor":42.0,"key":"FearPotion"},{"floor":45.0,"key":"Weak Potion"}],"is_trial":false,"path_per_floor":["M","?","?","M","$","E","M","R","T","E","M","M","M","E","R","B",null,"M","?","$","M","?","R","M","T","T","M","R","E","R","$","R","B",null,"M","?","M","M","?","E","M","M","T","R","E","M","R","E","R","B","B",null,"R","$","E"],"character_chosen":"DEFECT","items_purchased":["Ball Lightning","Capacitor","ClockworkSouvenir","Capacitor","Membership Card","Swift Potion","Pantograph"],"campfire_rested":0,"item_purchase_floors":[5,5,20,20,54,54,54],"current_hp_per_floor":[60,53,53,53,53,53,50,50,50,28,40,40,46,47,47,42,64,61,39,39,39,39,39,36,36,36,43,43,39,39,39,39,20,58,57,47,48,55,62,69,67,71,71,71,56,64,64,71,71,71,52,68,68,68,0,0],"gold":8,"neow_bonus":"UPGRADE_CARD","is_daily":false,"chose_seed":false,"campfire_upgraded":7,"win_rate":0.0,"timestamp":1611880776,"path_taken":["M","?","?","M","$","E","M","R","T","E","M","M","?","E","R","BOSS","M","?","$","M","?","R","M","?","T","M","R","E","R","?","R","BOSS","M","?","M","M","?","E","M","M","T","R","E","M","R","E","R","BOSS","BOSS","R","$","E"],"items_purchased_type":["Card","Card","Relic","Card","Relic","Potion","Relic"],"build_version":"2020-12-22","purchased_purges":2,"victory":false,"max_hp_per_floor":[71,71,71,71,71,71,71,71,71,71,71,71,71,71,71,71,71,71,71,71,71,71,71,71,71,71,71,71,71,71,71,71,71,71,71,71,71,71,71,71,71,71,71,71,71,73,73,73,73,73,73,73,73,73,73,73],"relic_stats":{"Singing Bowl":2,"Torii":8,"counters":[30,198],"Astrolabe":["Glacier","Redo","Force Field"],"Pantograph":0,"Tiny Chest":1,"Bag of Preparation":[42],"Smiling Mask":0,"obtain_stats":[{"Girya":26,"Lantern":29,"Singing Bowl":43,"Torii":45,"Astrolabe":17,"Bag of Preparation":14,"Smiling Mask":48,"ClockworkSouvenir":20,"Runic Dome":34,"CaptainsWheel":39,"Pantograph":54,"Tiny Chest":6,"Red Mask":19,"Bottled Lightning":40,"Membership Card":54,"Cracked Core":0,"Toy Ornithopter":9,"Meat on the Bone":10},{"Girya":14,"Lantern":16,"Singing Bowl":24,"Torii":25,"Astrolabe":10,"Bag of Preparation":9,"Smiling Mask":27,"ClockworkSouvenir":12,"Runic Dome":17,"CaptainsWheel":21,"Pantograph":29,"Tiny Chest":3,"Red Mask":12,"Bottled Lightning":22,"Membership Card":29,"Cracked Core":0,"Toy Ornithopter":4,"Meat on the Bone":5},{"Girya":75,"Lantern":89,"Singing Bowl":151,"Torii":158,"Astrolabe":50,"Bag of Preparation":39,"Smiling Mask":169,"ClockworkSouvenir":63,"Runic Dome":106,"CaptainsWheel":131,"Pantograph":193,"Tiny Chest":10,"Red Mask":63,"Bottled Lightning":140,"Membership Card":193,"Cracked Core":0,"Toy Ornithopter":13,"Meat on the Bone":19}],"Toy Ornithopter":15,"Meat on the Bone":72},"card_choices":[{"not_picked":["Redo","Scrape"],"picked":"Undo","floor":1.0},{"not_picked":["Turbo","Steam"],"picked":"Barrage","floor":4.0},{"not_picked":["Force Field","Melter"],"picked":"Defragment","floor":6.0},{"not_picked":["Ball Lightning","Cold Snap"],"picked":"Genetic Algorithm","floor":7.0},{"not_picked":["Consume","Amplify"],"picked":"Coolheaded","floor":10.0},{"not_picked":["Stack","Lockon"],"picked":"Cold Snap","floor":11.0},{"not_picked":["Sweeping Beam","Capacitor","Gash"],"picked":"SKIP","floor":12.0},{"not_picked":["Gash","Streamline"],"picked":"Glacier","floor":13.0},{"not_picked":["Storm","Genetic Algorithm"],"picked":"Turbo","floor":14.0},{"not_picked":["Thunder Strike","Machine Learning"],"picked":"Core Surge","floor":16.0},{"not_picked":["Sweeping Beam","Steam Power","Leap"],"picked":"SKIP","floor":18.0},{"not_picked":["Coolheaded","Go for the Eyes","Auto Shields"],"picked":"SKIP","floor":21.0},{"not_picked":["Ball Lightning+1","Redo"],"picked":"Self Repair","floor":24.0},{"not_picked":["Beam Cell","Go for the Eyes"],"picked":"FTL+1","floor":27.0},{"not_picked":["Sweeping Beam","Fusion"],"picked":"BootSequence","floor":29.0},{"not_picked":["Core Surge","All For One"],"picked":"Biased Cognition","floor":33.0},{"not_picked":["Sweeping Beam","Conserve Battery+1","Coolheaded"],"picked":"SKIP","floor":35.0},{"not_picked":["Panacea","Good Instincts"],"picked":"Flash of Steel","floor":36.0},{"not_picked":["Metamorphosis","Chrysalis"],"picked":"Impatience","floor":36.0},{"not_picked":["Apotheosis","Mayhem"],"picked":"Secret Technique","floor":36.0},{"not_picked":["Lockon+1","Turbo","Barrage"],"picked":"SKIP","floor":37.0},{"not_picked":["Turbo","Aggregate"],"picked":"Darkness","floor":38.0},{"not_picked":["Rebound","Coolheaded"],"picked":"Compile Driver","floor":39.0},{"not_picked":["Rebound","Coolheaded","Tempest"],"picked":"SKIP","floor":40.0},{"not_picked":["Rebound","Melter","Turbo"],"picked":"SKIP","floor":41.0},{"not_picked":["Steam Power","Static Discharge","Steam"],"picked":"SKIP","floor":42.0},{"not_picked":["Chaos","Skim+1"],"picked":"White Noise","floor":45.0},{"not_picked":["Barrage","Beam Cell","Cold Snap"],"picked":"Singing Bowl","floor":46.0},{"not_picked":["Gash","Streamline"],"picked":"Thunder Strike","floor":48.0}],"player_experience":1631018,"relics_obtained":[{"floor":6.0,"key":"Tiny Chest"},{"floor":9.0,"key":"Toy Ornithopter"},{"floor":10.0,"key":"Meat on the Bone"},{"floor":14.0,"key":"Bag of Preparation"},{"floor":19.0,"key":"Red Mask"},{"floor":26.0,"key":"Girya"},{"floor":29.0,"key":"Lantern"},{"floor":39.0,"key":"CaptainsWheel"},{"floor":40.0,"key":"Bottled Lightning"},{"floor":43.0,"key":"Singing Bowl"},{"floor":45.0,"key":"Torii"},{"floor":48.0,"key":"Smiling Mask"}],"event_choices":[{"cards_removed":["Strike_B"],"damage_healed":0.0,"max_hp_gain":0.0,"max_hp_loss":0.0,"gold_gain":0.0,"event_name":"Golden Wing","player_choice":"Card Removal","floor":2.0,"gold_loss":0.0,"damage_taken":7.0},{"damage_healed":0.0,"max_hp_gain":0.0,"max_hp_loss":0.0,"gold_gain":100.0,"event_name":"Wheel of Change","player_choice":"Gold","floor":3.0,"gold_loss":0.0,"damage_taken":0.0},{"damage_healed":0.0,"max_hp_gain":0.0,"max_hp_loss":0.0,"gold_gain":0.0,"event_name":"Masked Bandits","player_choice":"Fought Bandits","floor":19.0,"gold_loss":0.0,"damage_taken":0.0},{"damage_healed":0.0,"max_hp_gain":0.0,"max_hp_loss":0.0,"gold_gain":0.0,"event_name":"Ghosts","player_choice":"Ignored","floor":22.0,"gold_loss":0.0,"damage_taken":0.0},{"damage_healed":0.0,"max_hp_gain":0.0,"max_hp_loss":0.0,"gold_gain":0.0,"event_name":"SensoryStone","player_choice":"Memory 3","floor":36.0,"gold_loss":0.0,"damage_taken":10.0},{"damage_healed":0.0,"max_hp_gain":0.0,"max_hp_loss":0.0,"gold_gain":0.0,"event_name":"MindBloom","player_choice":"Fight","floor":39.0,"gold_loss":0.0,"damage_taken":0.0}],"is_beta":false,"boss_relics":[{"not_picked":["Tiny House","Ectoplasm"],"picked":"Astrolabe"},{"not_picked":["Philosopher\u0027s Stone","Pandora\u0027s Box"],"picked":"Runic Dome"}],"items_purged_floors":[5,31],"is_endless":false,"potions_floor_spawned":[4,6,10,16,18,19,24,27,39,40,42,45,46],"killed_by":"Shield and Spear","ascension_level":20}}