{"host":"mku5fdaoqz3qihec","time":1611924578,"event":{"mods":["100% Spire Juice","2.2 Compatiblity","AchievementEnabler","Arknights The Spire","BaseMod","CapriCore","Colored Map","Colored Powertips","Hermit","Koishi","Minty Spire (QoL Compilation)","Rare Cards Sparkle","StSLib","SuperFastMode","The Dragon Tamer","The Immortal","The Servant 0.9.4"],"gold_per_floor":[115,56,56,76,90,90,100,130,153,153,187,187,112,128,128,230,230,249,269,284,284,59,59,89,89,89,115,128,128,128,128,138,138,238,238,250,270,60,78,94,94,110,125,150,166,166,166,184,33,33,33],"floor_reached":52,"language":"KOR","playtime":1265,"items_purged":["MokouMod:Strike","MokouMod:Strike","MokouMod:Defend","MokouMod:Defend"],"score":801,"play_id":"9400b5a1-2d1d-44b2-8134-a0dc60585e2a","local_time":"20210129214938","is_ascension_mode":false,"campfire_choices":[{"data":"MokouMod:SearingBlow","floor":6,"key":"SMITH"},{"data":"MokouMod:SearingBlow+2","floor":10,"key":"SMITH"},{"data":"MokouMod:SearingBlow+3","floor":12,"key":"SMITH"},{"data":"MokouMod:Burn","floor":15,"key":"SMITH"},{"data":"MokouMod:SearingBlow+6","floor":26,"key":"SMITH"},{"data":"MokouMod:SearingBlow+10","floor":29,"key":"SMITH"},{"floor":31,"key":"REST"},{"floor":33,"key":"REST"},{"data":"MokouMod:SearingBlow+12","floor":41,"key":"SMITH"},{"data":"MokouMod:SearingBlow+13","floor":47,"key":"SMITH"},{"data":"MokouMod:ResonanceReactor","floor":50,"key":"SMITH"}],"circlet_count":0,"master_deck":["MokouMod:Strike+1","MokouMod:HeatSpark","MokouMod:Singe","MokouMod:SearingBlow+15","MokouMod:FlareStarter","MokouMod:Burn+1","MokouMod:ControlledCombustion","MokouMod:SacredFire","MokouMod:HeatFactory","MokouMod:ResonanceReactor+1","MokouMod:FlareStarter","MokouMod:SearingBlow+15","MokouMod:Geothermal","MokouMod:Sear+1","MokouMod:Afterburner+1"],"relics":["MokouMod:PhoenixFeather","Lizard Tail","Boot","Whetstone","Unceasing Top","Empty Cage","Sundial","Potion Belt","Coffee Dripper","Membership Card","Happy Flower","Anchor"],"acts_visited":["Exordium","TheCity","TheBeyond"],"potions_floor_usage":[14,19,24,34,36,51,51],"damage_taken":[{"damage":9,"enemies":"Small Slimes","floor":1,"turns":4},{"damage":1,"enemies":"Jaw Worm","floor":4,"turns":5},{"damage":4,"enemies":"2 Louse","floor":5,"turns":2},{"damage":7,"enemies":"Looter","floor":7,"turns":4},{"damage":28,"enemies":"Gremlin Nob","floor":11,"turns":5},{"damage":12,"enemies":"Exordium Thugs","floor":14,"turns":4},{"damage":12,"enemies":"The Guardian","floor":16,"turns":9},{"damage":0,"enemies":"Spheric Guardian","floor":18,"turns":2},{"damage":22,"enemies":"2 Thieves","floor":19,"turns":4},{"damage":17,"enemies":"Centurion and Healer","floor":20,"turns":6},{"damage":18,"enemies":"Gremlin Leader","floor":24,"turns":7},{"damage":34,"enemies":"Sentry and Sphere","floor":28,"turns":9},{"damage":8,"enemies":"Shelled Parasite and Fungi","floor":32,"turns":2},{"damage":0,"enemies":"Automaton","floor":34,"turns":3},{"damage":3,"enemies":"3 Shapes","floor":36,"turns":2},{"damage":14,"enemies":"Orb Walker","floor":37,"turns":2},{"damage":0,"enemies":"Transient","floor":39,"turns":5},{"damage":0,"enemies":"Jaw Worm Horde","floor":40,"turns":2},{"damage":0,"enemies":"Maw","floor":42,"turns":3},{"damage":0,"enemies":"Sphere and 2 Shapes","floor":43,"turns":2},{"damage":8,"enemies":"Jaw Worm Horde","floor":45,"turns":2},{"damage":0,"enemies":"3 Darklings","floor":48,"turns":4},{"damage":0,"enemies":"Time Eater","floor":51,"turns":3}],"seed_played":"-8267293637518829306","potions_obtained":[{"floor":5,"key":"SpeedPotion"},{"floor":7,"key":"SpeedPotion"},{"floor":16,"key":"AttackPotion"},{"floor":18,"key":"Weak Potion"},{"floor":32,"key":"DistilledChaos"},{"floor":34,"key":"Block Potion"},{"floor":37,"key":"Ancient Potion"},{"floor":43,"key":"Block Potion"},{"floor":48,"key":"PowerPotion"}],"is_trial":false,"path_per_floor":["M","$","?","M","M","R","M","?","T","R","E","R","$","M","R","B",null,"M","M","M","M","$","?","E","$","R","T","M","R","?","R","M","R","B",null,"M","M","$","M","M","R","M","M","T","M","?","R","M","$","R","B",null],"character_chosen":"MKU","items_purchased":["MokouMod:SearingBlow","MokouMod:ResonanceReactor","MokouMod:FlareStarter","Membership Card","Anchor"],"campfire_rested":2,"item_purchase_floors":[2,22,22,38,49],"current_hp_per_floor":[45,45,45,44,40,40,33,33,33,33,5,5,5,37,37,25,75,75,53,36,36,36,36,18,18,18,18,6,6,6,28,20,42,42,75,72,58,58,58,58,58,58,58,58,50,50,50,50,50,50,50],"gold":33,"neow_bonus":"ONE_RARE_RELIC","is_daily":false,"chose_seed":false,"campfire_upgraded":9,"win_rate":0.0,"timestamp":1611924578,"path_taken":["M","$","?","M","M","R","M","?","T","R","E","R","?","M","R","BOSS","M","M","M","M","$","?","E","$","R","T","M","R","?","R","M","R","BOSS","M","M","$","M","M","R","M","M","T","M","?","R","?","$","R","BOSS"],"items_purchased_type":["Card","Card","Card","Relic","Relic"],"build_version":"2020-12-22","purchased_purges":4,"victory":true,"max_hp_per_floor":[75,75,75,75,75,75,75,75,75,75,75,75,75,75,75,75,75,75,75,75,75,75,75,75,75,75,75,75,75,75,75,75,75,75,75,75,75,75,75,75,75,75,75,75,75,75,75,75,75,75,75],"card_choices":[{"not_picked":["MokouMod:Overheat","MokouMod:IgnitionBlast"],"picked":"MokouMod:Singe","floor":1},{"not_picked":["MokouMod:Burn","MokouMod:HeatTransfer"],"picked":"MokouMod:FlareStarter","floor":4},{"not_picked":["MokouMod:FujiyamaVolcano","MokouMod:UncontrollableSolarReaction"],"picked":"MokouMod:Burn","floor":5},{"not_picked":["MokouMod:Wildfire","MokouMod:BlazingComet","MokouMod:Stoke"],"picked":"SKIP","floor":7},{"not_picked":["MokouMod:IgneousBlow","MokouMod:ImperishableFlame","MokouMod:FujiyamaVolcano"],"picked":"SKIP","floor":11},{"not_picked":["MokouMod:Trailblazer","MokouMod:Singe"],"picked":"MokouMod:ControlledCombustion","floor":14},{"not_picked":["MokouMod:Rekindle","MokouMod:ExplosiveFlame"],"picked":"MokouMod:SacredFire","floor":16},{"not_picked":["MokouMod:ScorchingColumn","MokouMod:FujiyamaVolcano","MokouMod:ResoluteFlare"],"picked":"SKIP","floor":18},{"not_picked":["MokouMod:UncontrollableSolarReaction","MokouMod:FujiyamaVolcano+1","MokouMod:ScorchingColumn"],"picked":"SKIP","floor":19},{"not_picked":["MokouMod:AdaptivePyromancy","MokouMod:ImperishableFlame"],"picked":"MokouMod:HeatFactory","floor":20},{"not_picked":["MokouMod:ImperishableFlame","MokouMod:ProfanedFlare","MokouMod:Combust+1"],"picked":"SKIP","floor":24},{"not_picked":["MokouMod:SearingShot+1","MokouMod:BlazingComet","MokouMod:EternalBurstReactor"],"picked":"SKIP","floor":28},{"not_picked":["MokouMod:TemporalFireSeal","MokouMod:Stoke","MokouMod:CrimsonArmoury"],"picked":"SKIP","floor":32},{"not_picked":["MokouMod:Rebirth","MokouMod:SpontaneousHumanCombustion"],"picked":"MokouMod:Geothermal","floor":34},{"not_picked":["MokouMod:EternalBurstReactor","MokouMod:Singe"],"picked":"MokouMod:Sear+1","floor":36},{"not_picked":["MokouMod:FlickeringFlame+1","MokouMod:CrimsonArmoury","MokouMod:Meltdown+1"],"picked":"SKIP","floor":37},{"not_picked":["MokouMod:ScorchingColumn+1","MokouMod:Refresh+1","MokouMod:ResoluteFlare+1"],"picked":"SKIP","floor":39},{"not_picked":["MokouMod:Cataclysm","MokouMod:IgnitionBlast+1","MokouMod:HeartofFire+1"],"picked":"SKIP","floor":40},{"not_picked":["MokouMod:IllusoryBattlefield","MokouMod:Stoke","MokouMod:ImperishableFlame+1"],"picked":"SKIP","floor":42},{"not_picked":["MokouMod:Firecracker+1","MokouMod:EternalBurstReactor","MokouMod:Cataclysm"],"picked":"SKIP","floor":43},{"not_picked":["MokouMod:EternalBurstReactor","MokouMod:Overheat+1"],"picked":"MokouMod:Afterburner+1","floor":45},{"not_picked":["MokouMod:ScorchingColumn+1","MokouMod:Ember","MokouMod:ImperishableFlame"],"picked":"SKIP","floor":48}],"player_experience":289940,"relics_obtained":[{"floor":9,"key":"Whetstone"},{"floor":11,"key":"Unceasing Top"},{"floor":24,"key":"Sundial"},{"floor":27,"key":"Potion Belt"},{"floor":44,"key":"Happy Flower"}],"event_choices":[{"cards_removed":["MokouMod:Strike"],"damage_healed":0,"gold_gain":0,"player_choice":"Forget","damage_taken":0,"max_hp_gain":0,"max_hp_loss":0,"event_name":"Living Wall","floor":3,"gold_loss":0},{"damage_healed":0,"gold_gain":30,"player_choice":"Searched \u00272\u0027 times","damage_taken":0,"relics_obtained":["Boot"],"max_hp_gain":0,"max_hp_loss":0,"event_name":"Dead Adventurer","floor":8,"gold_loss":0},{"cards_removed":["MokouMod:Defend"],"damage_healed":0,"gold_gain":0,"player_choice":"Elegance","damage_taken":0,"max_hp_gain":0,"max_hp_loss":0,"event_name":"Back to Basics","floor":23,"gold_loss":0},{"damage_healed":0,"gold_gain":0,"player_choice":"Copied","damage_taken":0,"max_hp_gain":0,"max_hp_loss":0,"event_name":"Duplicator","floor":30,"gold_loss":0,"cards_obtained":["MokouMod:SearingBlow"]},{"damage_healed":0,"gold_gain":0,"player_choice":"Upgraded","damage_taken":0,"max_hp_gain":0,"max_hp_loss":0,"event_name":"Upgrade Shrine","floor":46,"gold_loss":0,"cards_upgraded":["MokouMod:SearingBlow"]}],"is_beta":false,"boss_relics":[{"not_picked":["SacredBark","Philosopher\u0027s Stone"],"picked":"Empty Cage"},{"not_picked":["Black Star","Runic Dome"],"picked":"Coffee Dripper"}],"items_purged_floors":[13,22,38,49],"is_endless":false,"potions_floor_spawned":[5,7,16,18,32,34,37,43,48],"ascension_level":0}}