{"host":"w01zow3jg16g8jdh","time":1611929356,"event":{"mods":["AchievementEnabler","BaseMod","DeckTracker","Keyboard Shortcuts","Minty Spire (QoL Compilation)","Permanent Neow","StSLib","SuperFastMode"],"gold_per_floor":[112,187,204,214,234,234,269,286,286,327,327,362,395,419,419,490,490,509,551,551,476,476,507,145,169,169,198,248,281,281,321,321,394,394,408,218,238,263,113,153,153,153,153,153,186,11,11,25,25,25,25,25,25,25,52,52,52],"floor_reached":56,"language":"KOR","playtime":1312,"items_purged":["Strike_G","Defend_G","Defend_G","Strike_G","Strike_G"],"score":2194,"play_id":"e7f056ba-2a64-436a-a3b8-d5267930d441","local_time":"20210129230916","is_ascension_mode":true,"campfire_choices":[{"data":"Glass Knife","floor":6.0,"key":"SMITH"},{"data":"Accuracy","floor":15.0,"key":"SMITH"},{"data":"Blade Dance","floor":30.0,"key":"SMITH"},{"data":"Blade Dance","floor":32.0,"key":"SMITH"},{"data":"Accuracy","floor":41.0,"key":"SMITH"},{"floor":49.0,"key":"RECALL"},{"data":"Acrobatics","floor":53.0,"key":"SMITH"}],"circlet_count":0,"master_deck":["AscendersBane","Strike_G","Strike_G","Defend_G+1","Defend_G","Defend_G","Survivor","Neutralize","Dagger Spray","Accuracy+1","Glass Knife+1","Blade Dance+1","Blade Dance+1","PiercingWail","Infinite Blades","Backflip","Acrobatics+1","Prepared+1","Accuracy+1","Acrobatics+1","Accuracy+1","Tactician+1"],"relics":["Ring of the Snake","Thread and Needle","Bag of Marbles","Bottled Tornado","CeramicFish","FossilizedHelix","Odd Mushroom","HoveringKite","Red Mask","Ornamental Fan","Singing Bowl","Sundial","StrikeDummy","Happy Flower","WristBlade","Unceasing Top","War Paint","Letter Opener","Ninja Scroll","Calipers"],"acts_visited":["Exordium","TheCity","TheBeyond","TheEnding"],"potions_floor_usage":[56,56],"damage_taken":[{"damage":0.0,"enemies":"2 Louse","floor":1.0,"turns":4.0},{"damage":0.0,"enemies":"Jaw Worm","floor":3.0,"turns":4.0},{"damage":0.0,"enemies":"Small Slimes","floor":4.0,"turns":3.0},{"damage":0.0,"enemies":"2 Fungi Beasts","floor":5.0,"turns":4.0},{"damage":9.0,"enemies":"Lagavulin","floor":7.0,"turns":6.0},{"damage":5.0,"enemies":"Red Slaver","floor":8.0,"turns":4.0},{"damage":10.0,"enemies":"3 Sentries","floor":10.0,"turns":4.0},{"damage":4.0,"enemies":"Gremlin Nob","floor":12.0,"turns":3.0},{"damage":0.0,"enemies":"The Mushroom Lair","floor":13.0,"turns":2.0},{"damage":0.0,"enemies":"Looter","floor":14.0,"turns":2.0},{"damage":35.0,"enemies":"The Guardian","floor":16.0,"turns":13.0},{"damage":0.0,"enemies":"2 Thieves","floor":18.0,"turns":3.0},{"damage":9.0,"enemies":"Masked Bandits","floor":19.0,"turns":4.0},{"damage":11.0,"enemies":"Slavers","floor":23.0,"turns":5.0},{"damage":0.0,"enemies":"Chosen","floor":25.0,"turns":3.0},{"damage":0.0,"enemies":"Gremlin Leader","floor":27.0,"turns":5.0},{"damage":8.0,"enemies":"Book of Stabbing","floor":29.0,"turns":4.0},{"damage":0.0,"enemies":"Gremlin Leader","floor":31.0,"turns":4.0},{"damage":0.0,"enemies":"Automaton","floor":33.0,"turns":6.0},{"damage":0.0,"enemies":"3 Shapes","floor":35.0,"turns":7.0},{"damage":0.0,"enemies":"3 Darklings","floor":37.0,"turns":3.0},{"damage":12.0,"enemies":"Mind Bloom Boss Battle","floor":38.0,"turns":4.0},{"damage":11.0,"enemies":"Reptomancer","floor":40.0,"turns":5.0},{"damage":0.0,"enemies":"Nemesis","floor":45.0,"turns":3.0},{"damage":0.0,"enemies":"Transient","floor":48.0,"turns":6.0},{"damage":21.0,"enemies":"Donu and Deca","floor":50.0,"turns":4.0},{"damage":20.0,"enemies":"Time Eater","floor":51.0,"turns":4.0},{"damage":33,"enemies":"Shield and Spear","floor":55,"turns":5},{"damage":39,"enemies":"The Heart","floor":56,"turns":3}],"seed_played":"-8315626717771325088","potions_obtained":[{"floor":1.0,"key":"GamblersBrew"},{"floor":5.0,"key":"SteroidPotion"},{"floor":12.0,"key":"Energy Potion"},{"floor":19.0,"key":"LiquidBronze"},{"floor":23.0,"key":"BlessingOfTheForge"},{"floor":25.0,"key":"FearPotion"},{"floor":33.0,"key":"BlessingOfTheForge"},{"floor":37.0,"key":"Regen Potion"},{"floor":48.0,"key":"Regen Potion"},{"floor":55,"key":"SkillPotion"}],"is_trial":false,"path_per_floor":["M","?","M","M","M","R","E","M","T","E","?","E","?","M","R","B",null,"M","?","?","$","?","E","$","M","T","E","?","E","R","E","R","B",null,"M","$","M","?","$","E","R","?","T","$","E","$","?","M","R","B","B",null,"R","$","E","B"],"character_chosen":"THE_SILENT","items_purchased":["Singing Bowl","Accuracy"],"campfire_rested":0,"item_purchase_floors":[24,36],"current_hp_per_floor":[59,48,48,48,48,48,39,34,34,24,44,40,40,40,40,5,46,46,37,37,37,60,49,49,49,49,51,51,45,45,45,45,47,61,63,63,65,55,55,44,44,46,46,46,48,48,48,50,50,29,21,61,61,61,30,0,0],"gold":52,"neow_bonus":"ONE_RARE_RELIC","is_daily":false,"chose_seed":false,"campfire_upgraded":6,"win_rate":0.0,"timestamp":1611929356,"path_taken":["M","?","M","M","M","R","E","M","T","E","?","E","?","M","R","BOSS","M","?","?","$","?","E","$","?","T","E","?","E","R","E","R","BOSS","M","?","M","?","$","E","R","?","T","?","E","$","?","M","R","BOSS","BOSS","R","$","E","BOSS"],"items_purchased_type":["Relic","Card"],"build_version":"2020-12-22","purchased_purges":5,"victory":false,"max_hp_per_floor":[60,60,60,60,60,60,60,60,60,60,60,60,60,60,60,60,60,60,60,60,60,60,60,60,60,60,62,62,64,64,64,64,66,66,68,68,70,72,72,72,72,74,74,74,76,76,72,74,74,74,74,74,74,74,76,76,76],"card_choices":[{"not_picked":["Footwork","Deflect"],"picked":"Dagger Spray","floor":1.0},{"not_picked":["Dodge and Roll","Heel Hook","Slice"],"picked":"SKIP","floor":3.0},{"not_picked":["Cloak And Dagger","Dagger Spray"],"picked":"Accuracy","floor":4.0},{"not_picked":["Concentrate","Noxious Fumes"],"picked":"Glass Knife","floor":5.0},{"not_picked":["Dagger Spray","Skewer"],"picked":"Blade Dance","floor":7.0},{"not_picked":["Quick Slash","PiercingWail"],"picked":"Blade Dance","floor":8.0},{"not_picked":["Masterful Stab","Predator"],"picked":"PiercingWail","floor":10.0},{"not_picked":["Flechettes","Backstab"],"picked":"Infinite Blades","floor":12.0},{"not_picked":["Eviscerate","Acrobatics"],"picked":"Backflip","floor":13.0},{"not_picked":["Sucker Punch","Dagger Spray"],"picked":"Acrobatics","floor":14.0},{"not_picked":["Flying Knee","PiercingWail","Dagger Spray"],"picked":"SKIP","floor":18.0},{"not_picked":["Slice+1","Quick Slash"],"picked":"Prepared","floor":19.0},{"not_picked":["Dagger Spray","Envenom","Poisoned Stab"],"picked":"SKIP","floor":23.0},{"not_picked":["Backstab","Dagger Spray"],"picked":"Accuracy+1","floor":25.0},{"not_picked":["Dash","Slice","Eviscerate"],"picked":"Singing Bowl","floor":27.0},{"not_picked":["Bane","Dagger Spray","Doppelganger"],"picked":"Singing Bowl","floor":29.0},{"not_picked":["Bullet Time","Flying Knee"],"picked":"Acrobatics+1","floor":31.0},{"not_picked":["Storm of Steel","A Thousand Cuts","Unload"],"picked":"Singing Bowl","floor":33.0},{"not_picked":["Deadly Poison","Distraction","Caltrops"],"picked":"Singing Bowl","floor":35.0},{"not_picked":["Deflect","Flechettes+1","Poisoned Stab"],"picked":"Singing Bowl","floor":37.0},{"not_picked":["Accuracy","Tactician","Leg Sweep"],"picked":"Singing Bowl","floor":38.0},{"not_picked":["Accuracy","Deadly Poison"],"picked":"Tactician+1","floor":40.0},{"not_picked":["Secret Technique","Dramatic Entrance","Finesse"],"picked":"Singing Bowl","floor":42.0},{"not_picked":["Poisoned Stab","Dash","Dagger Spray"],"picked":"Singing Bowl","floor":45.0},{"not_picked":["Tactician","Quick Slash","Deadly Poison+1"],"picked":"Singing Bowl","floor":48.0},{"not_picked":["Unload","Dodge and Roll","Dash"],"picked":"Singing Bowl","floor":55}],"player_experience":337853,"relics_obtained":[{"floor":7.0,"key":"Bag of Marbles"},{"floor":9.0,"key":"Bottled Tornado"},{"floor":10.0,"key":"CeramicFish"},{"floor":12.0,"key":"FossilizedHelix"},{"floor":13.0,"key":"Odd Mushroom"},{"floor":19.0,"key":"Red Mask"},{"floor":23.0,"key":"Ornamental Fan"},{"floor":27.0,"key":"Sundial"},{"floor":29.0,"key":"StrikeDummy"},{"floor":31.0,"key":"Happy Flower"},{"floor":38.0,"key":"Unceasing Top"},{"floor":40.0,"key":"War Paint"},{"floor":43.0,"key":"Letter Opener"},{"floor":45.0,"key":"Ninja Scroll"},{"floor":55,"key":"Calipers"}],"event_choices":[{"damage_healed":0.0,"max_hp_gain":0.0,"max_hp_loss":0.0,"gold_gain":75.0,"event_name":"World of Goop","player_choice":"Gather Gold","floor":2.0,"gold_loss":0.0,"damage_taken":11.0},{"damage_healed":20.0,"max_hp_gain":0.0,"max_hp_loss":0.0,"gold_gain":0.0,"event_name":"Big Fish","player_choice":"Banana","floor":11.0,"gold_loss":0.0,"damage_taken":0.0},{"damage_healed":0.0,"max_hp_gain":0.0,"max_hp_loss":0.0,"gold_gain":0.0,"event_name":"Mushrooms","player_choice":"Fought Mushrooms","floor":13.0,"gold_loss":0.0,"damage_taken":0.0},{"damage_healed":0.0,"max_hp_gain":0.0,"max_hp_loss":0.0,"gold_gain":0.0,"event_name":"Masked Bandits","player_choice":"Fought Bandits","floor":19.0,"gold_loss":0.0,"damage_taken":0.0},{"damage_healed":0.0,"max_hp_gain":0.0,"max_hp_loss":0.0,"gold_gain":0.0,"event_name":"The Mausoleum","player_choice":"Ignored","floor":20.0,"gold_loss":0.0,"damage_taken":0.0},{"damage_healed":23.0,"max_hp_gain":0.0,"max_hp_loss":0.0,"gold_gain":0.0,"event_name":"Wheel of Change","player_choice":"Full Heal","floor":22.0,"gold_loss":0.0,"damage_taken":0.0},{"damage_healed":0.0,"max_hp_gain":0.0,"max_hp_loss":0.0,"gold_gain":50.0,"event_name":"Golden Shrine","player_choice":"Pray","floor":28.0,"gold_loss":0.0,"damage_taken":0.0},{"damage_healed":0.0,"max_hp_gain":0.0,"max_hp_loss":0.0,"gold_gain":0.0,"event_name":"MindBloom","player_choice":"Fight","floor":38.0,"gold_loss":0.0,"damage_taken":0.0},{"damage_healed":0.0,"max_hp_gain":0.0,"max_hp_loss":0.0,"gold_gain":0.0,"event_name":"SensoryStone","player_choice":"Memory 1","floor":42.0,"gold_loss":0.0,"damage_taken":0.0},{"damage_healed":0.0,"max_hp_gain":0.0,"max_hp_loss":4.0,"gold_gain":0.0,"event_name":"Winding Halls","player_choice":"Max HP","floor":47.0,"gold_loss":0.0,"damage_taken":0.0}],"is_beta":false,"boss_relics":[{"not_picked":["SacredBark","Philosopher\u0027s Stone"],"picked":"HoveringKite"},{"not_picked":["Tiny House","Ring of the Serpent"],"picked":"WristBlade"}],"items_purged_floors":[21,24,36,39,46],"is_endless":false,"potions_floor_spawned":[1,5,12,19,23,25,33,37,48,55],"killed_by":"The Heart","ascension_level":20}}