{"host":"oz0i1fpezyhy8r2h","time":1611892664,"event":{"mods":["ATMod(∞¢Ë™Mod)","Act Like it!","Arknights The Spire","BaseMod","KinomotoSakuraMod(ƒæ÷Æ±æ”£)","Minty Spire (QoL Compilation)","Reimu£®≤©¿ˆ¡È√Œ£©","Remilia£®¿Ÿ√◊¿Ú—«£©","StSLib","The Bug Knight","°æ“≈ŒÔø®≈∆°øREMEMod"],"gold_per_floor":[114,130,148,98,116,116,116,116],"floor_reached":7,"language":"ZHS","playtime":2616,"items_purged":[],"score":58,"play_id":"5843e4e1-d342-474e-a36e-cef0f0081ce2","local_time":"20210129115744","is_ascension_mode":true,"campfire_choices":[{"data":"ats:Thermite Blade","floor":6,"key":"SMITH"}],"circlet_count":0,"master_deck":["ats:Strike C","ats:Strike G","ats:Strike S","ats:Strike V","ats:Armor Crushing Shot","ats:Defend","ats:Defend","ats:Defend","ats:Emotion Absorption","ats:Soul Rend","ats:Thermite Blade+1","ats:Guard Mode","REME_ProfessionalPlagiarism"],"relics":["ats:Sanity","AT_ATBox","REME_ComplimentaryCards"],"acts_visited":["Exordium"],"potions_floor_usage":[5],"damage_taken":[{"damage":2,"enemies":"2 Louse","floor":1,"turns":3},{"damage":1,"enemies":"Cultist","floor":2,"turns":3},{"damage":7,"enemies":"Small Slimes","floor":3,"turns":4},{"damage":19,"enemies":"Exordium Thugs","floor":5,"turns":4},{"damage":40,"enemies":"3 Sentries","floor":7,"turns":7}],"seed_played":"2151878582359996817","potions_obtained":[{"floor":1,"key":"GrandPatriotsElixir:ReiMu"},{"floor":3,"key":"ats:Emergency Sanity Potion"}],"is_trial":false,"path_per_floor":["M","M","M","?","M","R","E"],"character_chosen":"DOCTOR_CLASS","items_purchased":[],"campfire_rested":0,"item_purchase_floors":[],"current_hp_per_floor":[47,50,47,47,32,32,0,0],"gold":116,"neow_bonus":"THREE_RARE_CARDS","is_daily":false,"chose_seed":false,"campfire_upgraded":1,"win_rate":0.0,"timestamp":1611892664,"path_taken":["M","M","M","?","M","R","E"],"items_purchased_type":[],"build_version":"2020-12-22","purchased_purges":0,"victory":false,"max_hp_per_floor":[72,72,72,72,72,72,72,72],"card_choices":[{"not_picked":["ats:True Silver Slash","ats:Volcano"],"picked":"ats:Soul Rend","floor":0},{"not_picked":["ats:Consecutive Shot Auto","ats:Demon Strength"],"picked":"ats:Thermite Blade","floor":1},{"not_picked":["ats:Powerful Strike","ats:Literary Storm","ats:Cat Scratch"],"picked":"SKIP","floor":2},{"not_picked":["ats:Flexible Camouflage","ats:Hammer On"],"picked":"ats:Guard Mode","floor":3},{"not_picked":["ats:Part Time Job","ats:Ignite","ats:Thorns"],"picked":"SKIP","floor":5}],"player_experience":182785,"relics_obtained":[],"event_choices":[{"cards_removed":["ats:Defend"],"damage_healed":0,"gold_gain":0,"player_choice":"Card Removal","damage_taken":0,"max_hp_gain":0,"max_hp_loss":0,"event_name":"The Cleric","floor":4,"gold_loss":50}],"is_beta":false,"boss_relics":[],"items_purged_floors":[],"is_endless":false,"potions_floor_spawned":[1,3],"killed_by":"3 Sentries","ascension_level":7}}