{"host":"t7mx8yfj1no5p62f","time":1611920458,"event":{"mods":["BaseMod","Colored Map","Colored Powertips","Minty Spire (QoL Compilation)","Relic Stats","StSLib"],"gold_per_floor":[116,191,202,212,212,212,243,243,243,256,256,256],"floor_reached":11,"language":"ENG","playtime":251,"items_purged":[],"score":146,"play_id":"6a4c56d9-c141-4009-b5c8-6274b6ce4148","local_time":"20210129064058","is_ascension_mode":true,"campfire_choices":[{"data":"Dash","floor":6,"key":"SMITH"},{"floor":8,"key":"REST"}],"circlet_count":0,"master_deck":["AscendersBane","Strike_G","Strike_G","Strike_G","Strike_G","Strike_G","Defend_G","Defend_G","Defend_G","Defend_G+1","Defend_G","Survivor+1","Neutralize","CurseOfTheBell","Endless Agony","Dash+1","All Out Attack+1","Backflip","Blur"],"relics":["Calling Bell","War Paint","Gremlin Horn","StoneCalendar","Bird Faced Urn","Blue Candle"],"acts_visited":["Exordium"],"potions_floor_usage":[7,7],"damage_taken":[{"damage":13,"enemies":"Jaw Worm","floor":1,"turns":7},{"damage":0,"enemies":"Small Slimes","floor":3,"turns":3},{"damage":7,"enemies":"Cultist","floor":4,"turns":4},{"damage":24,"enemies":"Gremlin Nob","floor":7,"turns":4},{"damage":3,"enemies":"2 Fungi Beasts","floor":10,"turns":2},{"damage":16,"enemies":"Lagavulin","floor":11,"turns":7}],"seed_played":"-2177677543839672704","potions_obtained":[{"floor":1,"key":"GamblersBrew"},{"floor":4,"key":"DistilledChaos"}],"is_trial":false,"path_per_floor":["M","?","M","M","?","R","E","R","T","M","E"],"character_chosen":"THE_SILENT","items_purchased":[],"campfire_rested":1,"item_purchase_floors":[],"current_hp_per_floor":[46,35,35,28,28,28,4,23,23,20,4,4],"gold":256,"neow_bonus":"BOSS_RELIC","is_daily":false,"chose_seed":false,"campfire_upgraded":1,"win_rate":0.0,"timestamp":1611920458,"path_taken":["M","?","M","M","?","R","E","R","T","M","E"],"items_purchased_type":[],"build_version":"2020-12-22","purchased_purges":0,"victory":false,"max_hp_per_floor":[66,66,66,66,66,66,66,66,66,66,66,66],"relic_stats":{"Gremlin Horn":[2,2],"counters":[6,26],"Bird Faced Urn":[0],"Blue Candle":[2],"StoneCalendar":[11],"War Paint":["Defend_G","Survivor"],"obtain_stats":[{"Calling Bell":0,"Gremlin Horn":0,"Bird Faced Urn":7,"Blue Candle":9,"StoneCalendar":0,"War Paint":0,"Ring of the Snake":0},{"Calling Bell":0,"Gremlin Horn":0,"Bird Faced Urn":4,"Blue Candle":4,"StoneCalendar":0,"War Paint":0,"Ring of the Snake":0},{"Calling Bell":0,"Gremlin Horn":0,"Bird Faced Urn":18,"Blue Candle":18,"StoneCalendar":0,"War Paint":0,"Ring of the Snake":0}]},"card_choices":[{"not_picked":["Acrobatics","PiercingWail"],"picked":"Endless Agony","floor":1},{"not_picked":["PiercingWail","Escape Plan"],"picked":"Dash","floor":3},{"not_picked":["Setup","Dagger Spray"],"picked":"All Out Attack","floor":4},{"not_picked":["Riddle With Holes","Sucker Punch"],"picked":"Backflip","floor":7},{"not_picked":["Prepared","Reflex"],"picked":"Blur","floor":10}],"player_experience":1883088,"relics_obtained":[{"floor":0,"key":"War Paint"},{"floor":0,"key":"Gremlin Horn"},{"floor":0,"key":"StoneCalendar"},{"floor":7,"key":"Bird Faced Urn"},{"floor":9,"key":"Blue Candle"}],"event_choices":[{"damage_healed":0,"gold_gain":75,"player_choice":"Gather Gold","damage_taken":11,"max_hp_gain":0,"max_hp_loss":0,"event_name":"World of Goop","floor":2,"gold_loss":0},{"damage_healed":0,"gold_gain":0,"player_choice":"Grow","damage_taken":0,"max_hp_gain":0,"max_hp_loss":0,"event_name":"Living Wall","floor":5,"gold_loss":0,"cards_upgraded":["All Out Attack"]}],"is_beta":false,"boss_relics":[],"items_purged_floors":[],"is_endless":false,"potions_floor_spawned":[1,4],"killed_by":"Lagavulin","ascension_level":20}}