{"host":"w3znmyy6nqoc7418","time":1611929845,"event":{"mods":["BaseMod","Minty Spire (QoL Compilation)","Replay The Spire","Shop Mod","StSLib"],"gold_per_floor":[115,115,290,365,51,65,100,127,153,172,172,202,43,59,59,59,59],"floor_reached":16,"language":"ZHS","playtime":261,"items_purged":["Doubt"],"score":141,"play_id":"afd4043c-77f2-40a8-b6be-edf0fc9dffa9","local_time":"20210129221725","is_ascension_mode":true,"campfire_choices":[{"data":"Metallicize","floor":11,"key":"SMITH"},{"data":"Whirlwind","floor":15,"key":"SMITH"}],"circlet_count":0,"master_deck":["Strike_R","Strike_R+1","Strike_R","Strike_R","Strike_R","Defend_R+1","Defend_R","Defend_R","Defend_R","Bash","Pummel","Metallicize+1","Headbutt","Dark Embrace","Whirlwind+1","Flex"],"relics":["Burning Blood","NeowsBlessing","Mummified Hand","Darkstone Periapt","Bag of Preparation","Regal Pillow"],"acts_visited":["Exordium"],"potions_floor_usage":[],"damage_taken":[{"damage":0.0,"enemies":"2 Louse","floor":1.0,"turns":1.0},{"damage":0,"enemies":"Small Slimes","floor":6,"turns":1},{"damage":0,"enemies":"Lagavulin","floor":7,"turns":1},{"damage":12,"enemies":"Jaw Worm","floor":10,"turns":2},{"damage":22,"enemies":"Lots of Slimes","floor":14,"turns":4},{"damage":0,"enemies":"The Guardian","floor":16,"turns":2}],"seed_played":"-2000096229284370198","potions_obtained":[{"floor":1.0,"key":"Weak Potion"},{"floor":14,"key":"Flashbang"}],"is_trial":false,"path_per_floor":["M","?","?","?","$","M","E","T","T","M","R","?","$","M","R","B"],"character_chosen":"IRONCLAD","items_purchased":["Mummified Hand","Dark Embrace","Whirlwind","Flex"],"campfire_rested":0,"item_purchase_floors":[5,13,13,13],"current_hp_per_floor":[80,64,64,56,56,62,68,68,68,62,62,62,62,46,46,46,46],"gold":59,"neow_bonus":"THREE_ENEMY_KILL","is_daily":false,"chose_seed":false,"campfire_upgraded":2,"win_rate":0.0,"timestamp":1611929845,"path_taken":["M","?","?","?","$","?","E","?","T","M","R","?","?","M","R","BOSS"],"items_purchased_type":["Relic","Card","Card","Card"],"build_version":"2020-12-22","purchased_purges":1,"victory":false,"max_hp_per_floor":[80,80,80,80,80,80,80,80,80,80,80,80,80,80,80,80,80],"card_choices":[{"not_picked":["Massacre","Thunderclap"],"picked":"Pummel","floor":1.0},{"not_picked":["Twin Strike","True Grit","Thunderclap"],"picked":"SKIP","floor":6},{"not_picked":["Carnage","Perfected Strike"],"picked":"Metallicize","floor":7},{"not_picked":["Heavy Blade","Pommel Strike"],"picked":"Headbutt","floor":10},{"not_picked":["Dual Wield","ReplayTheSpireMod:Limb From Limb","Flex"],"picked":"SKIP","floor":14}],"player_experience":64343,"relics_obtained":[{"floor":7,"key":"Darkstone Periapt"},{"floor":8,"key":"Bag of Preparation"}],"event_choices":[{"damage_healed":0.0,"max_hp_gain":0.0,"max_hp_loss":0.0,"gold_gain":0.0,"event_name":"Shining Light","player_choice":"Entered Light","floor":2.0,"gold_loss":0.0,"damage_taken":16.0,"cards_upgraded":["Defend_R","Strike_R"]},{"damage_healed":0.0,"max_hp_gain":0.0,"max_hp_loss":0.0,"gold_gain":175.0,"event_name":"Liars Game","player_choice":"AGREE","floor":3.0,"gold_loss":0.0,"damage_taken":0.0,"cards_obtained":["Doubt"]},{"damage_healed":0,"gold_gain":75,"player_choice":"Touch","damage_taken":8,"max_hp_gain":0,"max_hp_loss":0,"event_name":"FaceTrader","floor":4,"gold_loss":0},{"damage_healed":0,"gold_gain":30,"player_choice":"Searched \u00273\u0027 times","damage_taken":0,"relics_obtained":["Regal Pillow"],"max_hp_gain":0,"max_hp_loss":0,"event_name":"Dead Adventurer","floor":12,"gold_loss":0}],"is_beta":false,"boss_relics":[],"items_purged_floors":[5],"is_endless":false,"potions_floor_spawned":[1,14],"killed_by":"The Guardian","ascension_level":3}}