{"host":"hqsnl0mtmp1qafm7","time":1611913839,"event":{"mods":["AchievementEnabler","Aspiration","BaseMod","Better Altar","Better Match","Better Note","Better Sensory Stone","Better Skull","Better Third Choice","Colored Map","Colored Powertips","Conspire","Curses Come First","Downfall","Friendly Minions","Hermit","Highlight Path","Hubris","Ironclad Rager","Minty Spire (QoL Compilation)","Monster B Gone","Permanent Neow","Quick Restart","Rare Cards Sparkle","Reliquary","Replay The Spire","Retaliation","StSLib","The Blue Laboratory","The Runesmith","Wandering Minibosses","egg"],"gold_per_floor":[113,133,0,12,31,57,57,69,93,123,143,93,93,54,54,164,164,179,179,190,210,243,243,61,61,61,61,93,25,25,59,59,181,181,181,181],"floor_reached":35,"language":"ENG","playtime":2900,"items_purged":[],"score":387,"play_id":"61c8c938-5f36-4b66-ad68-8861344ea2f3","local_time":"20210129045039","is_ascension_mode":true,"campfire_choices":[{"data":"Draining Mist","floor":7.0,"key":"SMITH"},{"floor":15.0,"key":"REST"},{"floor":23.0,"key":"REST"},{"floor":25.0,"key":"REST"},{"floor":32,"key":"REST"}],"circlet_count":0,"master_deck":["Strike_G","Strike_G","Strike_G","Strike_G","Strike_G","Defend_G","Defend_G","Defend_G","Defend_G","Defend_G","Survivor","Neutralize","Panacea","Terror","Dodge and Roll","Enlightenment","Draining Mist+1","Poisoned Stab","Dagger Throw","Dagger Throw","Dagger Throw","conspire:SpireCoStock","Toxin Wave","Poison Darts","Bane","ReplayUltimateDefense","Crippling Poison","Choke","Tactician","Blade Dance","Envenom"],"relics":["Ring of the Snake","Tough Bandages","ReplayTheSpireMod:TigerMarble","Replay:WaspNest","reliquary:PorcupineQuills","reliquary:Ember","conspire:Boomerang","MutagenicStrength","reliquary:RedCape"],"acts_visited":["Exordium","TheCity","TheBeyond"],"potions_floor_usage":[31,31],"damage_taken":[{"damage":1.0,"enemies":"2 Louse","floor":1.0,"turns":4.0},{"damage":2.0,"enemies":"Small Slimes","floor":2.0,"turns":4.0},{"damage":0.0,"enemies":"Cultist","floor":4.0,"turns":5.0},{"damage":4.0,"enemies":"Looter","floor":5.0,"turns":5.0},{"damage":52.0,"enemies":"3 Sentries","floor":6.0,"turns":18.0},{"damage":7.0,"enemies":"3 Louse","floor":8.0,"turns":2.0},{"damage":8.0,"enemies":"Lagavulin","floor":10.0,"turns":6.0},{"damage":4.0,"enemies":"2 Fungi Beasts","floor":11.0,"turns":2.0},{"damage":15.0,"enemies":"The Guardian","floor":16.0,"turns":12.0},{"damage":22.0,"enemies":"3 Byrds","floor":18.0,"turns":6.0},{"damage":27.0,"enemies":"2 Thieves","floor":20.0,"turns":4.0},{"damage":23.0,"enemies":"3 Cultists","floor":21.0,"turns":5.0},{"damage":4.0,"enemies":"conspire:HollyBat","floor":22.0,"turns":6.0},{"damage":0.0,"enemies":"Cultist and Chosen","floor":28.0,"turns":6.0},{"damage":3,"enemies":"Snake Plant","floor":31,"turns":1},{"damage":20,"enemies":"conspire:MysteriousRune","floor":33,"turns":8},{"damage":2,"enemies":"Orb Walker","floor":35,"turns":1}],"seed_played":"3870582891180776200","potions_obtained":[{"floor":1.0,"key":"blueLaboratory:ArtistsPotion"},{"floor":4.0,"key":"Block Potion"},{"floor":5.0,"key":"blueLaboratory:FruitPreserves"},{"floor":10.0,"key":"blueLaboratory:StoneskinPotion"},{"floor":16.0,"key":"Energy Potion"},{"floor":20.0,"key":"Strength Potion"},{"floor":21.0,"key":"Fire Potion"},{"floor":33,"key":"blueLaboratory:BottledHope"}],"is_trial":false,"path_per_floor":["M","M","?","M","M","E","R","M","T","E","M","?","?","$","R","B",null,"M","?","M","M","M","R","$","R","T","?","M","$","?","M","R","B",null,"M"],"character_chosen":"THE_SILENT","items_purchased":["Toxin Wave","ReplayUltimateDefense","Tactician"],"campfire_rested":4,"item_purchase_floors":[14,24,29],"current_hp_per_floor":[69,67,73,73,69,17,17,10,10,30,26,26,1,1,23,8,76,54,54,27,8,4,26,26,48,48,48,48,48,48,45,67,47,76,74,74],"gold":181,"neow_bonus":"RANDOM_COLORLESS","is_daily":false,"chose_seed":false,"campfire_upgraded":1,"win_rate":0.0,"timestamp":1611913839,"path_taken":["M","M","?","M","M","E","R","M","T","E","M","?","?","$","R","BOSS","M","?","M","M","M","R","$","R","T","?","M","$","?","M","R","BOSS","M"],"items_purchased_type":["Card","Card","Card"],"build_version":"2020-12-22","purchased_purges":0,"victory":false,"max_hp_per_floor":[70,70,76,76,76,76,76,76,76,76,76,76,76,76,76,76,76,76,76,76,76,76,76,76,76,76,76,76,76,76,76,76,76,76,76,76],"card_choices":[{"not_picked":["Flash of Steel","Survey Options"],"picked":"Panacea","floor":0.0},{"not_picked":["Underhanded Strike","Sneak Up"],"picked":"Terror","floor":1.0},{"not_picked":["Sucker Punch","Finisher"],"picked":"Dodge and Roll","floor":2.0},{"not_picked":["Bane","Slice","Deadly Poison"],"picked":"SKIP","floor":4.0},{"not_picked":["Flechettes","Backflip"],"picked":"Draining Mist","floor":5.0},{"not_picked":["Glass Knife","Slice"],"picked":"Poisoned Stab","floor":6.0},{"not_picked":["Prepared","Eviscerate"],"picked":"Dagger Throw","floor":8.0},{"not_picked":["Noxious Fumes","Fluid Movement"],"picked":"Dagger Throw","floor":10.0},{"not_picked":["Sucker Punch","Bane"],"picked":"Dagger Throw","floor":11.0},{"not_picked":["After Image","ReplayTheSpireMod:From All Sides"],"picked":"Poison Darts","floor":16.0},{"not_picked":["Poisoned Stab","Prepared","Dagger Spray"],"picked":"SKIP","floor":18.0},{"not_picked":["Heel Hook","Dagger Throw"],"picked":"Bane","floor":20.0},{"not_picked":["Doppelganger","Blur","PiercingWail"],"picked":"SKIP","floor":21.0},{"not_picked":["Flying Knee+1","Well Laid Plans","ReplayTheSpireMod:Shiv Toss"],"picked":"SKIP","floor":22.0},{"not_picked":["Backflip","Blade Dance"],"picked":"Choke","floor":28.0},{"not_picked":["Fluid Movement","Deflect"],"picked":"Blade Dance","floor":31},{"not_picked":["Replay:Bag of Tricks","Venomology"],"picked":"Envenom","floor":33}],"player_experience":100812,"relics_obtained":[{"floor":6.0,"key":"Tough Bandages"},{"floor":9.0,"key":"ReplayTheSpireMod:TigerMarble"},{"floor":10.0,"key":"Replay:WaspNest"},{"floor":26.0,"key":"conspire:Boomerang"}],"event_choices":[{"damage_healed":0.0,"max_hp_gain":0.0,"max_hp_loss":0.0,"gold_gain":0.0,"event_name":"betterThird:BetterSerpent","player_choice":"RENOUNCE","floor":3.0,"gold_loss":133.0,"damage_taken":133.0,"cards_obtained":["Enlightenment"]},{"damage_healed":0.0,"max_hp_gain":0.0,"max_hp_loss":0.0,"gold_gain":0.0,"event_name":"conspire:Investor","player_choice":"Invest 1","floor":12.0,"gold_loss":0.0,"damage_taken":0.0},{"damage_healed":0.0,"max_hp_gain":0.0,"max_hp_loss":0.0,"gold_gain":0.0,"event_name":"betterThird:BetterScrap","player_choice":"Relic ","floor":13.0,"gold_loss":0.0,"damage_taken":25.0,"cards_obtained":["Replay:Anticipation"]},{"cards_removed":["conspire:SpireCoStock"],"damage_healed":0.0,"max_hp_gain":0.0,"max_hp_loss":0.0,"gold_gain":0.0,"event_name":"betterNote:BetterNote","player_choice":"Give","floor":19.0,"gold_loss":0.0,"damage_taken":0.0,"cards_obtained":["Injury"]},{"damage_healed":0.0,"max_hp_gain":0.0,"max_hp_loss":0.0,"gold_gain":0.0,"event_name":"The Library","player_choice":"Read","floor":27.0,"gold_loss":0.0,"damage_taken":0.0,"cards_obtained":["Crippling Poison"]},{"damage_healed":0.0,"max_hp_gain":0.0,"max_hp_loss":0.0,"gold_gain":0.0,"event_name":"Drug Dealer","player_choice":"Inject Mutagens","floor":30.0,"gold_loss":0.0,"damage_taken":0.0,"relics_obtained":["MutagenicStrength"]}],"is_beta":false,"boss_relics":[{"not_picked":["hubris:BlackHole","Runic Dome"],"picked":"reliquary:Ember"},{"not_picked":["Velvet Choker","aspiration:FutureDiary"],"picked":"reliquary:RedCape"}],"items_purged_floors":[],"is_endless":false,"potions_floor_spawned":[1,4,5,10,16,20,21,33],"killed_by":"Orb Walker","ascension_level":1}}