{"host":"0uumfqrc8aynrssa","time":1611916227,"event":{"mods":["AchievementEnabler","Act Like it!","Aspiration","Astrologer","BaseMod","Better Altar","Better Match","Better Note","Better Sensory Stone","Better Skull","Better Third Choice","Better Vampires","CapriCore","Colored Map","Colored Powertips","Conspire","Downfall","Energized Spire","Friendly Minions","Gensokyo","GifTheSpireLib","Hallownest","Hermit","Highlight Path","Hubris","Infinite Spire","Koishi","Marisa????????","Marked Mod","Minty Spire (QoL Compilation)","Pale of the Ancients","Permanent Neow","Potionbrewer","Random Character Button","Rare Cards Sparkle","Reimu??????","Relic Sorter","Reliquary","Remilia??????","Robot Space Explorer","Shop Mod","Somnambulant","Spicy Shops","Spikes Relics","Spire Arcade","StSLib","Stuff the Spire","The Animator","The Awakened One except there are too many feathers","The Bug Knight","The Cursed","The Hierophant","The Immortal","The Marked","The Problem Sleuth","The Runesmith","The Servant 0.9.4","TheBandit","TheFirefly","Trackpad","Wandering Minibosses","everything is the same but u backflip on backflip","slay the spire mod where everything is the same but ironclad has a cowboy hat"],"gold_per_floor":[113,113,131,131,20,32,32,45,45,55,74,89,89,101,101,201,201,215,229,246,246,246,246,275,40,66,66,78,98,98,98],"floor_reached":30,"language":"ENG","playtime":1618,"items_purged":["Eruption","Strike_P"],"score":258,"play_id":"3607d0ec-548b-47bc-8f2f-b7d8ca133d8a","local_time":"20210129053027","is_ascension_mode":true,"campfire_choices":[{"data":"PathToVictory","floor":7,"key":"SMITH"},{"data":"MarkedMod:OneThousandNeedles","floor":13,"key":"SMITH"},{"floor":15,"key":"REST"},{"data":"PathToVictory","floor":23,"key":"SMITH"}],"circlet_count":0,"master_deck":["Strike_P","Strike_P","Strike_P","Defend_P","Defend_P","Defend_P","Defend_P","Vigilance","PathToVictory+1","PathToVictory+1","ReachHeaven","MarkedMod:OneThousandNeedles+1","MarkedMod:GentlePulse","JustLucky","MarkedMod:FirstStrike","MarkedMod:ChiBlock","Swivel+1","WindmillStrike","MarkedMod:Acupuncture+1","PathToVictory","LikeWater","champ:Taunt+1","Protect+1"],"relics":["NlothsMask","MerchantsRug"],"acts_visited":["Exordium","TheCity"],"potions_floor_usage":[12,16,16,20,28,28,30,30],"damage_taken":[{"damage":2,"enemies":"Small Slimes","floor":1,"turns":2},{"damage":0,"enemies":"Cultist","floor":3,"turns":2},{"damage":0,"enemies":"2 Louse","floor":6,"turns":2},{"damage":1,"enemies":"2 Fungi Beasts","floor":8,"turns":2},{"damage":3,"enemies":"Red Slaver","floor":10,"turns":3},{"damage":13,"enemies":"Exordium Thugs","floor":11,"turns":3},{"damage":9,"enemies":"2 Fungi Beasts","floor":12,"turns":3},{"damage":0,"enemies":"3 Louse","floor":14,"turns":2},{"damage":19,"enemies":"The Guardian","floor":16,"turns":8},{"damage":0,"enemies":"Spheric Guardian","floor":18,"turns":2},{"damage":0,"enemies":"conspire:FuzzyDice","floor":19,"turns":3},{"damage":28,"enemies":"Shelled Parasite and Fungi","floor":20,"turns":4},{"damage":22,"enemies":"Nightmare","floor":24,"turns":7},{"damage":11,"enemies":"Snake Plant","floor":28,"turns":2},{"damage":8,"enemies":"Snecko","floor":29,"turns":5},{"damage":9,"enemies":"Book of Stabbing","floor":30,"turns":1}],"seed_played":"7001292821525399992","potions_obtained":[{"floor":6,"key":"BottledMiracle"},{"floor":8,"key":"Swift Potion"},{"floor":11,"key":"Strength Potion"},{"floor":12,"key":"hexamod:SoulburnPotion"},{"floor":14,"key":"Weak Potion"},{"floor":16,"key":"champ:CounterPotion"},{"floor":20,"key":"Strength Potion"},{"floor":22,"key":"hexamod:SoulburnPotion"},{"floor":24,"key":"infinitespire:BlackPotion"},{"floor":29,"key":"AttackPotion"}],"is_trial":false,"path_per_floor":["M","?","M","?","$","M","R","M","T","M","M","M","R","M","R","B",null,"M","M","M","AVR","?","R","NM","$","T","?","M","M","E"],"character_chosen":"WATCHER","items_purchased":["ReachHeaven","MerchantsRug","LikeWater"],"campfire_rested":1,"item_purchase_floors":[5,25,25],"current_hp_per_floor":[70,70,70,70,70,70,70,69,69,66,53,44,44,44,65,46,72,72,72,44,44,44,44,22,22,22,22,11,3,0,0],"gold":98,"neow_bonus":"BOSS_RELIC","is_daily":false,"chose_seed":false,"campfire_upgraded":3,"win_rate":0.0,"timestamp":1611916227,"path_taken":["M","?","M","?","$","M","R","M","T","M","M","?","R","M","R","BOSS","M","M","M","AVR","?","R","NM","$","T","?","M","M","E"],"items_purchased_type":["Card","Relic","Card"],"build_version":"2020-12-22","purchased_purges":2,"victory":false,"max_hp_per_floor":[72,72,72,72,72,72,72,72,72,72,72,72,72,72,72,72,72,72,72,72,72,72,72,72,72,72,72,72,72,72,72],"card_choices":[{"not_picked":["CrushJoints","EmptyBody"],"picked":"PathToVictory","floor":1},{"not_picked":["CrushJoints","EmptyBody"],"picked":"PathToVictory","floor":3},{"not_picked":["Halt","Prostrate","Worship"],"picked":"SKIP","floor":6},{"not_picked":["DeusExMachina","ThirdEye"],"picked":"MarkedMod:OneThousandNeedles","floor":8},{"not_picked":["EmptyFist","Weave"],"picked":"MarkedMod:GentlePulse","floor":10},{"not_picked":["Sanctity","FlurryOfBlows","Prostrate"],"picked":"SKIP","floor":11},{"not_picked":["ForeignInfluence","FlurryOfBlows"],"picked":"JustLucky","floor":12},{"not_picked":["Wallop","FlyingSleeves"],"picked":"MarkedMod:FirstStrike","floor":14},{"not_picked":["MasterReality","DevaForm"],"picked":"MarkedMod:ChiBlock","floor":16},{"not_picked":["FollowUp","MarkedMod:FirstStrike"],"picked":"Swivel+1","floor":18},{"not_picked":["WaveOfTheHand","BowlingBash"],"picked":"WindmillStrike","floor":19},{"not_picked":["Tantrum+1","Protect"],"picked":"MarkedMod:Acupuncture+1","floor":20},{"not_picked":["Adaptation","Protect"],"picked":"PathToVictory","floor":24},{"not_picked":["BowlingBash+1","MarkedMod:Acupuncture","MarkedMod:GentlePulse"],"picked":"SKIP","floor":28},{"not_picked":["CarveReality+1","Prostrate+1"],"picked":"Protect+1","floor":29}],"player_experience":931512,"relics_obtained":[],"event_choices":[{"damage_healed":0,"gold_gain":0,"player_choice":"Trade","damage_taken":0,"relics_obtained":["NlothsMask"],"max_hp_gain":0,"max_hp_loss":0,"event_name":"FaceTrader","floor":4,"gold_loss":0},{"damage_healed":0,"gold_gain":0,"player_choice":"Got Potions","damage_taken":0,"max_hp_gain":0,"max_hp_loss":0,"event_name":"Lab","floor":22,"gold_loss":0},{"cards_removed":["Strike_P"],"damage_healed":0,"gold_gain":0,"player_choice":"Take \u0026 Give","damage_taken":0,"max_hp_gain":0,"max_hp_loss":0,"event_name":"betterNote:BetterNote","floor":27,"gold_loss":0,"cards_obtained":["champ:Taunt"]}],"is_beta":false,"boss_relics":[{"not_picked":[]}],"items_purged_floors":[5,21],"is_endless":false,"potions_floor_spawned":[6,8,11,12,14,16,20,24,29],"killed_by":"Book of Stabbing","ascension_level":1}}