{"host":"cj3arb0pxcj913u7","time":1611923280,"event":{"mods":["AchievementEnabler","Act Like it!","Ascension Reborn","BaseMod","Bestiary","Better Third Choice","BetterRewards","Block Reminder","Colored Map","Colored Powertips","Conspire","DeckTracker","Displayed Cursed Tome","Energized Spire","Gold Saver","Googly Eyes","Grow up Mod","Hubris","Infinite Spire","Mimic Mod","Minty Spire (QoL Compilation)","Permanent Neow","Quick Restart","Relic Stats","Replay The Spire","Spicy Shops","Spire Arcade","StS++","StSLib","The Blue Laboratory","TheSurvivalist","Uncapped","??????REMEMod"],"gold_per_floor":[122,141,351,351,369,407,419,451,493,535,554,589,608,608,608,1084,1084,1102,1114,1133,1156,1176,1210,1210,1232,1262,1356,1369,1369,1406,1428,1428,1544,1544,1562,730,744,760,680,717,717,717,833,868,868,868,868,868,0,168,168,168,168],"floor_reached":52,"language":"ENG","playtime":3185,"items_purged":["Parasite","Voices","Pain"],"score":1181,"play_id":"c59ddd50-582d-44de-86ee-7d6098194bc0","local_time":"20210129062800","is_ascension_mode":true,"campfire_choices":[{"floor":15,"key":"RECALL"},{"data":"Double Tap","floor":29,"key":"SMITH"},{"data":"Dual Wield","floor":32,"key":"SMITH"},{"data":"ReplayTheSpireMod:Black Plague","floor":41,"key":"SMITH"},{"data":"Doubt","floor":47,"key":"PURGE"}],"circlet_count":0,"master_deck":["Strike_R+1","Strike_R+1","Strike_R+1","Strike_R+1","Strike_R+1","Defend_R+1","Defend_R+1","Defend_R+1","Defend_R+1","Bash+1","Twin Strike+1","Pummel+1","hubris:Wrath","Cleave+1","Shockwave+1","Wild Strike+1","Perfected Strike+1","Pommel Strike+1","Dual Wield+1","Twin Strike+1","Combust+1","Twin Strike+1","Double Tap+1","Twin Strike+1","Pommel Strike+1","Perfected Strike+1","Sword Boomerang+1","Twin Strike+1","StSpp:TheBiggerTheyAre+1","Searing Blow+2","Life Link+1","Dual Wield+1","Whirlwind+1","Inflame+1","ReplayTheSpireMod:Black Plague+1","Inflame+1","Perfected Strike+1","Decay","Double Tap+1"],"relics":["Burning Blood","REME_ComplimentaryCards","ReplayTheSpireMod:Ring of Collecting","Ring of Searing","StSpp:WoodenPendulum","infinitespire:Golems Mask","ReplayTheSpireMod:Ring of Addiction","Potion Belt","Chameleon Ring","conspire:Boomerang","Molten Egg 2","ReplayTheSpireMod:Ring of Exchange","Pocketwatch","Old Coin","energizedSpire:RedRose","conspire:Dentures","Membership Card","Boot","ReplayTheSpireMod:Ring of Challenge","Anchor","infinitespire:Bottled Soul","Replay:Multitool","Art of War","hubris:GlazedTorus","Replay:Ancient Bell","Replay:Baseball","Paper Frog","StSpp:WoodenStick","Mercury Hourglass","infinitespire:ShieldingShard","Blood Vial","Bottled Lightning","Chemical X","conspire:RoyalGoblet","Juzu Bracelet","Pet Ghost","Ring of Greed","Golden Egg","MealTicket","StSpp:BrokenTotem","Mark of the Bloom","energizedSpire:OgreHead","Torii","Red Mask","StSpp:BoiledEgg","conspire:GlowingRock","Brimstone"],"acts_visited":["Exordium","TheCity","TheBeyond","Exordium"],"potions_floor_usage":[6,10,10,10,10,10,10,10,12,16,44],"damage_taken":[{"damage":7,"enemies":"Jaw Worm","floor":1,"turns":3},{"damage":0,"enemies":"2 Louse","floor":2,"turns":3},{"damage":5,"enemies":"Cultist","floor":5,"turns":2},{"damage":88,"enemies":"Lagavulin","floor":6,"turns":3},{"damage":0,"enemies":"Lots of Slimes","floor":7,"turns":2},{"damage":27,"enemies":"3 Sentries","floor":8,"turns":4},{"damage":2,"enemies":"Exordium Wildlife","floor":9,"turns":3},{"damage":0,"enemies":"Lagavulin","floor":10,"turns":2},{"damage":18,"enemies":"Exordium Wildlife","floor":11,"turns":2},{"damage":9,"enemies":"3 Sentries","floor":12,"turns":3},{"damage":8,"enemies":"Gremlin Gang","floor":13,"turns":4},{"damage":23,"enemies":"Fading Forest","floor":16,"turns":11},{"damage":24,"enemies":"Chosen","floor":18,"turns":2},{"damage":42,"enemies":"3 Byrds","floor":19,"turns":3},{"damage":45,"enemies":"Snake Plant","floor":20,"turns":4},{"damage":26,"enemies":"Cultist and Chosen","floor":21,"turns":3},{"damage":10,"enemies":"Chosen and Byrds","floor":22,"turns":3},{"damage":15,"enemies":"conspire:SneckoGhost","floor":23,"turns":3},{"damage":40,"enemies":"Centurion and Healer","floor":25,"turns":3},{"damage":11,"enemies":"conspire:Head Lice","floor":27,"turns":2},{"damage":7,"enemies":"Snecko","floor":28,"turns":2},{"damage":24,"enemies":"Slavers","floor":30,"turns":3},{"damage":28,"enemies":"Snake Plant","floor":31,"turns":3},{"damage":84,"enemies":"Automaton","floor":33,"turns":5},{"damage":45,"enemies":"3 Shapes","floor":35,"turns":3},{"damage":10,"enemies":"Orb Walker","floor":37,"turns":2},{"damage":16,"enemies":"Spire Growth","floor":38,"turns":2},{"damage":60,"enemies":"4 Shapes","floor":39,"turns":3},{"damage":216,"enemies":"Nightmare","floor":40,"turns":6},{"damage":15,"enemies":"Giant Head","floor":44,"turns":3},{"damage":61,"enemies":"2 Orb Walkers","floor":48,"turns":3},{"damage":233,"enemies":"Awakened One","floor":50,"turns":7},{"damage":104,"enemies":"Donu and Deca","floor":51,"turns":5}],"seed_played":"2498476688047560134","potions_obtained":[{"floor":1,"key":"Dexterity Potion"},{"floor":2,"key":"blueLaboratory:Moonshine"},{"floor":2,"key":"blueLaboratory:BottledHope"},{"floor":5,"key":"blueLaboratory:FrostheartPotion"},{"floor":5,"key":"AttackPotion"},{"floor":7,"key":"PowerPotion"},{"floor":8,"key":"FearPotion"},{"floor":9,"key":"StSpp:ScatteredPotion"},{"floor":9,"key":"SpeedPotion"},{"floor":10,"key":"LifebloodPotion"},{"floor":10,"key":"Energy Potion"},{"floor":11,"key":"Strength Potion"},{"floor":11,"key":"GamblersBrew"},{"floor":12,"key":"blueLaboratory:HorrorPotion"},{"floor":13,"key":"blueLaboratory:PyrophylliteBrew"},{"floor":16,"key":"blueLaboratory:RememoryPotion"},{"floor":19,"key":"blueLaboratory:BottleOfRum"},{"floor":21,"key":"blueLaboratory:SmithPotion"},{"floor":25,"key":"REME_GoldPotion"},{"floor":48,"key":"blueLaboratory:PyrophylliteBrew"}],"is_trial":false,"path_per_floor":["M","M","?","?","M","E","M","E","MIM","E","M","E","M","T","R_BF","B",null,"M","M","M","M","M","E","AVR","M","T","E","M","R","E","M","R","B",null,"M","$","M","M","M","NM","R","?","T","E","?","AVR","R","?","R","B","B",null],"character_chosen":"IRONCLAD","items_purchased":["Mercury Hourglass","infinitespire:ShieldingShard","Blood Vial","Bottled Lightning","Chemical X","conspire:RoyalGoblet"],"campfire_rested":0,"item_purchase_floors":[36,36,36,36,36,36],"current_hp_per_floor":[99,110,120,130,140,68,84,73,87,103,101,108,116,126,136,129,258,250,224,195,185,191,192,202,178,188,193,202,212,204,192,202,134,418,387,397,405,407,365,167,177,429,439,438,448,458,468,417,427,204,110,110,110],"gold":168,"neow_bonus":"RANDOM_EVENT","is_daily":false,"chose_seed":false,"campfire_upgraded":3,"win_rate":0.0,"timestamp":1611923280,"path_taken":["M","M","?","?","M","E","M","E","MIM","E","?","E","?","?","R_BF","BOSS","M","?","M","M","M","E","AVR","M","T","E","M","R","E","M","R","BOSS","M","$","M","M","M","NM","R","?","T","E","?","AVR","R","?","R","BOSS","BOSS"],"items_purchased_type":["Relic","Relic","Relic","Relic","Relic","Relic"],"build_version":"2020-12-22","purchased_purges":3,"victory":false,"max_hp_per_floor":[100,110,120,130,140,150,160,170,180,190,200,210,220,230,240,248,258,268,278,286,296,306,314,324,334,342,352,362,370,380,390,398,408,418,426,433,443,451,461,471,479,429,439,447,457,467,477,485,495,505,513,513,513],"relic_stats":{"Mark of the Bloom":537,"Torii":1,"counters":[33,111],"Juzu Bracelet":1,"Boot":[102],"Burning Blood":174,"Mercury Hourglass":[125],"Blood Vial":8,"MealTicket":0,"Art of War":[2],"Chemical X":[8],"obtain_stats":[{"ReplayTheSpireMod:Ring of Exchange":14,"Golden Egg":43,"Mark of the Bloom":45,"conspire:RoyalGoblet":36,"Torii":48,"StSpp:BoiledEgg":50,"Replay:Multitool":30,"Juzu Bracelet":40,"Boot":24,"Burning Blood":0,"Pet Ghost":43,"Ring of Searing":4,"Old Coin":16,"Blood Vial":36,"conspire:GlowingRock":51,"Chameleon Ring":9,"infinitespire:ShieldingShard":36,"infinitespire:Bottled Soul":27,"infinitespire:Golems Mask":8,"MealTicket":43,"Red Mask":49,"Chemical X":36,"StSpp:WoodenStick":34,"hubris:GlazedTorus":33,"Paper Frog":34,"Potion Belt":9,"energizedSpire:RedRose":17,"conspire:Dentures":23,"ReplayTheSpireMod:Ring of Addiction":9,"StSpp:WoodenPendulum":6,"conspire:Boomerang":10,"Replay:Ancient Bell":34,"energizedSpire:OgreHead":46,"Ring of Greed":43,"Mercury Hourglass":36,"Anchor":26,"Replay:Baseball":34,"Brimstone":52,"ReplayTheSpireMod:Ring of Collecting":4,"Molten Egg 2":12,"StSpp:BrokenTotem":44,"Art of War":31,"Membership Card":24,"Bottled Lightning":36,"ReplayTheSpireMod:Ring of Challenge":26,"REME_ComplimentaryCards":0,"Pocketwatch":14},{"ReplayTheSpireMod:Ring of Exchange":11,"Golden Egg":29,"Mark of the Bloom":30,"conspire:RoyalGoblet":25,"Torii":31,"StSpp:BoiledEgg":32,"Replay:Multitool":22,"Juzu Bracelet":29,"Boot":18,"Burning Blood":0,"Pet Ghost":29,"Ring of Searing":2,"Old Coin":12,"Blood Vial":25,"conspire:GlowingRock":33,"Chameleon Ring":7,"infinitespire:ShieldingShard":25,"infinitespire:Bottled Soul":20,"infinitespire:Golems Mask":6,"MealTicket":29,"Red Mask":31,"Chemical X":25,"StSpp:WoodenStick":24,"hubris:GlazedTorus":24,"Paper Frog":24,"Potion Belt":7,"energizedSpire:RedRose":12,"conspire:Dentures":18,"ReplayTheSpireMod:Ring of Addiction":7,"StSpp:WoodenPendulum":4,"conspire:Boomerang":8,"Replay:Ancient Bell":24,"energizedSpire:OgreHead":30,"Ring of Greed":29,"Mercury Hourglass":25,"Anchor":19,"Replay:Baseball":24,"Brimstone":33,"ReplayTheSpireMod:Ring of Collecting":2,"Molten Egg 2":10,"StSpp:BrokenTotem":30,"Art of War":23,"Membership Card":18,"Bottled Lightning":25,"ReplayTheSpireMod:Ring of Challenge":19,"REME_ComplimentaryCards":0,"Pocketwatch":11},{"ReplayTheSpireMod:Ring of Exchange":31,"Golden Egg":93,"Mark of the Bloom":96,"conspire:RoyalGoblet":81,"Torii":99,"StSpp:BoiledEgg":106,"Replay:Multitool":70,"Juzu Bracelet":93,"Boot":60,"Burning Blood":0,"Pet Ghost":93,"Ring of Searing":6,"Old Coin":42,"Blood Vial":81,"conspire:GlowingRock":111,"Chameleon Ring":20,"infinitespire:ShieldingShard":81,"infinitespire:Bottled Soul":65,"infinitespire:Golems Mask":17,"MealTicket":93,"Red Mask":99,"Chemical X":81,"StSpp:WoodenStick":78,"hubris:GlazedTorus":78,"Paper Frog":78,"Potion Belt":20,"energizedSpire:RedRose":42,"conspire:Dentures":60,"ReplayTheSpireMod:Ring of Addiction":20,"StSpp:WoodenPendulum":11,"conspire:Boomerang":22,"Replay:Ancient Bell":78,"energizedSpire:OgreHead":96,"Ring of Greed":93,"Mercury Hourglass":81,"Anchor":63,"Replay:Baseball":78,"Brimstone":111,"ReplayTheSpireMod:Ring of Collecting":6,"Molten Egg 2":27,"StSpp:BrokenTotem":96,"Art of War":73,"Membership Card":60,"Bottled Lightning":81,"ReplayTheSpireMod:Ring of Challenge":63,"REME_ComplimentaryCards":0,"Pocketwatch":31}],"Pocketwatch":[47]},"card_choices":[{"not_picked":["Warcry","Replay:Undeath\u0027s Touch","Fire Breathing"],"picked":"SKIP","floor":1},{"not_picked":["StSpp:Vengeance","Perfected Strike"],"picked":"Twin Strike","floor":2},{"not_picked":["Shrug It Off","StSpp:Sprint"],"picked":"Cleave","floor":5},{"not_picked":["Ghostly Armor","Sentinel"],"picked":"Shockwave","floor":6},{"not_picked":["Havoc","Clash","StSpp:TheBiggerTheyAre","Anger"],"picked":"Wild Strike","floor":7},{"not_picked":["StSpp:MuscleMemory","Burning Pact","Anger","ReplayTheSpireMod:Strike From Hell"],"picked":"Perfected Strike","floor":8},{"not_picked":["Bloodletting","hubris:CleavingFinish","Burning Pact","Headbutt"],"picked":"Pommel Strike","floor":9},{"not_picked":["Feel No Pain","StSpp:TheBiggerTheyAre","Clash","Berserk"],"picked":"Dual Wield","floor":10},{"not_picked":["Entrench","Run Through","Armaments","Havoc"],"picked":"Twin Strike","floor":11},{"not_picked":["Abandon","StSpp:CounterStrike","Defy Death","hubris:ReadiedAction"],"picked":"Combust","floor":12},{"not_picked":["Infernal Blade","Brutality","Combust","StSpp:TheBiggerTheyAre+1"],"picked":"Twin Strike+1","floor":13},{"not_picked":["Demonic Infusion","Juggernaut","StSpp:BladeOfBlood+1","REME_TheLastStrike+1"],"picked":"Double Tap","floor":16},{"not_picked":["Rampage+1","Heavy Blade+1","Clothesline+1","conspire:ExplosiveBarrier","Disarm+1"],"picked":"SKIP","floor":18},{"not_picked":["Replay:Undeath\u0027s Touch+1","Run Through+1","REME_Scribble","Reckless Charge+1","Havoc"],"picked":"SKIP","floor":19},{"not_picked":["Warcry","StSpp:Jab+1","Rage","hubris:ReadiedAction+1"],"picked":"Twin Strike+1","floor":20},{"not_picked":["conspire:ExplosiveBarrier","Sword Boomerang+1","Warcry+1","Rage"],"picked":"Pommel Strike+1","floor":21},{"not_picked":["Twin Strike+1","REME_FearOfPain+1","Wild Strike+1","StSpp:Succumb+1"],"picked":"Perfected Strike+1","floor":22},{"not_picked":["Immolate+1","Evolve+1","Heavy Blade+1","Body Slam+1"],"picked":"Sword Boomerang+1","floor":23},{"not_picked":["Clash+1","Defy Death","StSpp:Succumb","Run Through+1"],"picked":"Twin Strike+1","floor":25},{"not_picked":["StSpp:Succumb","ReplayTheSpireMod:Strike From Hell+1","Anger+1","ReplayReversal"],"picked":"StSpp:TheBiggerTheyAre+1","floor":27},{"not_picked":["StSpp:MuscleMemory","Sentinel+1","Body Slam+1","Metallicize"],"picked":"Searing Blow+1","floor":28},{"not_picked":["Clash+1","Thunderclap+1","REME_ACTH","Warcry+1","Evolve"],"picked":"SKIP","floor":30},{"not_picked":["Rage","Seeing Red","StSpp:Sprint","Second Wind","hubris:ReadiedAction"],"picked":"SKIP","floor":31},{"not_picked":["Languid","ReplayTheSpireMod:Restless Dread","Looming Evil","Replay:Hysterical Blindness"],"picked":"Voices","floor":34},{"not_picked":["conspire:Blindness","hubris:Envy","hubris:Gluttony","Voices"],"picked":"Parasite","floor":34},{"not_picked":["hubris:Wrath","Languid","hubris:Disease","Decay"],"picked":"ReplayTheSpireMod:IOU","floor":34},{"not_picked":["Intimidate+1","Second Wind+1","REME_FearOfPain+1","conspire:Charge+1"],"picked":"Life Link+1","floor":35},{"not_picked":["Havoc+1","hubris:ReadiedAction","StSpp:Succumb+1","Infernal Blade"],"picked":"Dual Wield+1","floor":37},{"not_picked":["Wild Strike+1","StSpp:TheBiggerTheyAre+1","Reckless Charge+1","Pommel Strike+1"],"picked":"Whirlwind+1","floor":38},{"not_picked":["Iron Wave+1","Bloodletting+1","Dropkick+1","Pommel Strike+1"],"picked":"Inflame+1","floor":39},{"not_picked":["infinitespire:NeuralNetwork","ReplayTheSpireMod:Echoes of Time"],"picked":"ReplayTheSpireMod:Black Plague","floor":40},{"not_picked":["Carnage+1","Wild Strike+1","Seeing Red","Pommel Strike+1"],"picked":"Inflame","floor":40},{"not_picked":["Warcry+1","Burning Pact+1","Rage","Thunderclap+1"],"picked":"Perfected Strike+1","floor":44},{"not_picked":["Feed+1","Hemogenesis+1","StSpp:IntoTheAbyss","REME_Fury"],"picked":"Double Tap","floor":51}],"player_experience":97669,"relics_obtained":[{"floor":4,"key":"ReplayTheSpireMod:Ring of Collecting"},{"floor":4,"key":"Ring of Searing"},{"floor":6,"key":"StSpp:WoodenPendulum"},{"floor":8,"key":"infinitespire:Golems Mask"},{"floor":9,"key":"ReplayTheSpireMod:Ring of Addiction"},{"floor":9,"key":"Potion Belt"},{"floor":9,"key":"Chameleon Ring"},{"floor":10,"key":"conspire:Boomerang"},{"floor":12,"key":"Molten Egg 2"},{"floor":14,"key":"ReplayTheSpireMod:Ring of Exchange"},{"floor":14,"key":"Pocketwatch"},{"floor":16,"key":"Old Coin"},{"floor":23,"key":"conspire:Dentures"},{"floor":26,"key":"ReplayTheSpireMod:Ring of Challenge"},{"floor":26,"key":"Anchor"},{"floor":27,"key":"infinitespire:Bottled Soul"},{"floor":30,"key":"Replay:Multitool"},{"floor":31,"key":"Art of War"},{"floor":33,"key":"hubris:GlazedTorus"},{"floor":40,"key":"Juzu Bracelet"},{"floor":43,"key":"Pet Ghost"},{"floor":43,"key":"Ring of Greed"},{"floor":43,"key":"Golden Egg"},{"floor":43,"key":"MealTicket"},{"floor":44,"key":"StSpp:BrokenTotem"},{"floor":48,"key":"Torii"},{"floor":50,"key":"StSpp:BoiledEgg"},{"floor":51,"key":"conspire:GlowingRock"}],"event_choices":[{"damage_healed":0,"gold_gain":0,"player_choice":"Grow","damage_taken":0,"max_hp_gain":0,"max_hp_loss":0,"event_name":"Living Wall","floor":0,"gold_loss":0,"cards_upgraded":["Bash"]},{"damage_healed":0,"gold_gain":175,"player_choice":"AGREE","damage_taken":141,"max_hp_gain":0,"max_hp_loss":0,"event_name":"betterThird:BetterSerpent","floor":3,"gold_loss":0},{"damage_healed":419,"gold_gain":0,"player_choice":"Heal","damage_taken":0,"max_hp_gain":0,"max_hp_loss":60,"event_name":"The Moai Head","floor":42,"gold_loss":0},{"damage_healed":0,"gold_gain":0,"player_choice":"Upgrade","damage_taken":0,"relics_obtained":["Mark of the Bloom"],"max_hp_gain":0,"max_hp_loss":0,"event_name":"MindBloom","floor":45,"gold_loss":0,"cards_upgraded":["Strike_R","Strike_R","Strike_R","Strike_R","Strike_R","Defend_R","Defend_R","Defend_R","Defend_R","Twin Strike","Pummel","Cleave","Shockwave","Wild Strike","Perfected Strike","Pommel Strike","Twin Strike","Combust","Searing Blow","Inflame"]},{"damage_healed":0,"gold_gain":0,"player_choice":"Fight","damage_taken":0,"max_hp_gain":0,"max_hp_loss":0,"event_name":"Mysterious Sphere","floor":48,"gold_loss":0},{"damage_healed":0,"gold_gain":0,"player_choice":"Paid","damage_taken":0,"relics_obtained":["Red Mask"],"max_hp_gain":0,"max_hp_loss":0,"event_name":"Tomb of Lord Red Mask","floor":49,"gold_loss":868}],"is_beta":false,"boss_relics":[{"not_picked":["StSpp:Magatama","StSpp:CrystalBall"],"picked":"energizedSpire:RedRose"},{"not_picked":["Snecko Eye","Cursed Key"],"picked":"Replay:Ancient Bell"},{"not_picked":["Omamori","Replay:Wax Seal"],"picked":"Replay:Baseball"},{"not_picked":["infinitespire:Midas Blood","Replay:WaspNest"],"picked":"Paper Frog"},{"not_picked":["Charon\u0027s Ashes","Gambling Chip"],"picked":"StSpp:WoodenStick"},{"not_picked":["Philosopher\u0027s Stone","hubris:RunicObelisk"],"picked":"Brimstone"}],"items_purged_floors":[36,36,46],"is_endless":true,"potions_floor_spawned":[2,5,8,10,11,16,19,25,27,28,30,31,33,37,39,40],"ascension_level":0}}