{"host":"0fm1w3v00gid44jl","time":1611943429,"event":{"mods":["AchievementEnabler","BaseMod","Colored Map","Colored Powertips","Displayed Cursed Tome","Downfall","Googly Eyes","Highlight Path","Minty Spire (QoL Compilation)","Permanent Neow","Relic Stats","StSLib","SuperFastMode","slay the spire mod where everything is the same but ironclad has a cowboy hat"],"gold_per_floor":[99,16,34,44,44,44,44,44],"floor_reached":6,"language":"ENG","playtime":388,"items_purged":[],"score":39,"play_id":"beabf4ba-6f81-49dd-9877-94868827d2a1","local_time":"20210129120349","is_ascension_mode":true,"campfire_choices":[{"data":"bronze:Optimize","floor":1,"key":"SMITH"}],"circlet_count":0,"master_deck":["bronze:Strike","bronze:Strike","bronze:Strike","bronze:Defend","bronze:Defend","bronze:Defend","bronze:Replicate","bronze:Goto","Doubt","bronze:ClassDefault","bronze:Optimize+1","bronze:Shell","bronze:Terminator","bronze:Frontload","bronze:DazingPulse","bronze:OilSpill"],"relics":["bronze:BronzeCore"],"acts_visited":["Exordium"],"potions_floor_usage":[],"damage_taken":[{"damage":0,"enemies":"downfall:FleeingMerchant","floor":2,"turns":4},{"damage":1,"enemies":"Cultist","floor":3,"turns":4},{"damage":24,"enemies":"Jaw Worm","floor":4,"turns":5},{"damage":8,"enemies":"Jaw Worm","floor":5,"turns":5},{"damage":15,"enemies":"Lagavulin","floor":6,"turns":4}],"seed_played":"-6394478265255406964","potions_obtained":[{"floor":3,"key":"SkillPotion"},{"floor":5,"key":"GamblersBrew"}],"is_trial":false,"path_per_floor":["R","$","M","M","?","E"],"character_chosen":"THE_AUTOMATON","items_purchased":["bronze:Shell"],"campfire_rested":0,"item_purchase_floors":[2],"current_hp_per_floor":[70,70,69,45,37,22,22,22],"gold":44,"neow_bonus":"TRANSFORM_TWO_CARDS","is_daily":false,"chose_seed":false,"campfire_upgraded":1,"win_rate":0.0,"timestamp":1611943429,"path_taken":["R","$","?","M","?","E"],"items_purchased_type":["Card"],"build_version":"2020-12-22","purchased_purges":0,"victory":false,"max_hp_per_floor":[70,70,70,70,70,70,70,70],"relic_stats":{"counters":[5,22],"obtain_stats":[{"bronze:BronzeCore":0},{"bronze:BronzeCore":0},{"bronze:BronzeCore":0}]},"card_choices":[{"not_picked":["bronze:MaxOutput","bronze:Turbo","bronze:Deprecate"],"picked":"SKIP","floor":2},{"not_picked":["bronze:Allocate","bronze:BugBarrage"],"picked":"bronze:Terminator","floor":3},{"not_picked":["bronze:WildBeam","bronze:Turbo"],"picked":"bronze:Frontload","floor":4},{"not_picked":[],"picked":"bronze:DazingPulse","floor":5},{"not_picked":["bronze:DelayedSlice","bronze:ChildClass"],"picked":"bronze:OilSpill","floor":5}],"player_experience":1505923,"relics_obtained":[],"event_choices":[],"is_beta":false,"boss_relics":[],"items_purged_floors":[],"is_endless":false,"potions_floor_spawned":[3,5],"killed_by":"Lagavulin","ascension_level":3}}