{"host":"lh9qfzqeqctr28d2","time":1611911790,"event":{"mods":["BaseMod","CapriCore","Luminous","Minty Spire (QoL Compilation)","Quick Restart","Relic Stats","Remilia£®¿Ÿ√◊¿Ú—«£©","StSLib","Yakumo Yukari mod"],"gold_per_floor":[113,129,129,129,304,332,348,373,396,396,396,59,76,96,96,96,96],"floor_reached":16,"language":"ZHS","playtime":554,"items_purged":["Doubt"],"score":223,"play_id":"cf4f4625-e1bc-4c07-81c0-cb71d99911d0","local_time":"20210129171630","is_ascension_mode":true,"campfire_choices":[{"data":"RedRainbow","floor":10,"key":"SMITH"},{"floor":15,"key":"REST"}],"circlet_count":0,"master_deck":["AscendersBane","Strike_RM","Strike_RM","Strike_RM","Defend_RM","Defend_RM","Defend_RM","Defend_RM","RedMoon","ScarletShoot","RedRainbow+1","HunterOfTheNight","MillenniumVampire","UnstableMagic","EndlessAdversity","BloodAndWine"],"relics":["ScarletHat","NeowsBlessing","Blood Vial","Boot","White Beast Statue","ScarletDevilRocket","Juzu Bracelet","Singing Bowl"],"acts_visited":["Exordium"],"potions_floor_usage":[8,14,16,16],"damage_taken":[{"damage":0,"enemies":"Jaw Worm","floor":1,"turns":1},{"damage":0,"enemies":"Small Slimes","floor":2,"turns":1},{"damage":0,"enemies":"3 Sentries","floor":6,"turns":2},{"damage":0,"enemies":"2 Louse","floor":7,"turns":3},{"damage":29,"enemies":"Gremlin Nob","floor":8,"turns":5},{"damage":2,"enemies":"Looter","floor":13,"turns":3},{"damage":4,"enemies":"Lots of Slimes","floor":14,"turns":3},{"damage":74,"enemies":"Hexaghost","floor":16,"turns":16}],"seed_played":"-5366690658540257785","potions_obtained":[{"floor":1,"key":"Explosive Potion"},{"floor":6,"key":"SteroidPotion"},{"floor":8,"key":"Weak Potion"},{"floor":14,"key":"DistilledChaos"}],"is_trial":false,"path_per_floor":["M","M","?","?","?","E","M","E","T","R","T","$","M","M","R","B"],"character_chosen":"REMILIA","items_purchased":["Singing Bowl"],"campfire_rested":1,"item_purchase_floors":[12],"current_hp_per_floor":[68,68,61,54,54,56,60,38,38,38,38,38,39,41,64,0,0],"gold":96,"neow_bonus":"THREE_ENEMY_KILL","is_daily":false,"chose_seed":false,"campfire_upgraded":1,"win_rate":0.0,"timestamp":1611911790,"path_taken":["M","M","?","?","?","E","M","E","T","R","?","$","M","M","R","BOSS"],"items_purchased_type":["Relic"],"build_version":"2020-12-22","purchased_purges":1,"victory":false,"max_hp_per_floor":[75,75,75,75,75,75,75,75,75,75,75,75,75,77,77,77,77],"relic_stats":{"Blood Vial":12,"Singing Bowl":2,"counters":[8,34],"Juzu Bracelet":0,"Boot":[9],"obtain_stats":[{"Blood Vial":4,"ScarletDevilRocket":9,"NeowsBlessing":0,"Singing Bowl":12,"Juzu Bracelet":11,"Boot":6,"ScarletHat":0,"White Beast Statue":8},{"Blood Vial":2,"ScarletDevilRocket":5,"NeowsBlessing":0,"Singing Bowl":5,"Juzu Bracelet":5,"Boot":3,"ScarletHat":0,"White Beast Statue":5},{"Blood Vial":2,"ScarletDevilRocket":12,"NeowsBlessing":0,"Singing Bowl":12,"Juzu Bracelet":12,"Boot":4,"ScarletHat":0,"White Beast Statue":12}]},"card_choices":[{"not_picked":["ChainGang","HunterOfTheNight"],"picked":"RedRainbow","floor":1},{"not_picked":["ChainGang","RedRainbow"],"picked":"HunterOfTheNight","floor":1},{"not_picked":["VampireKiss","VampireFantasy"],"picked":"MillenniumVampire","floor":2},{"not_picked":["UltimateOffering","Maim"],"picked":"UnstableMagic","floor":6},{"not_picked":["BadLadyScramble","ScarletDevil"],"picked":"EndlessAdversity","floor":7},{"not_picked":["StarOfDavid","UnstableMagic","BlasphemousPunishment"],"picked":"SKIP","floor":8},{"not_picked":["BlasphemousPunishment","ChainGang"],"picked":"BloodAndWine","floor":13},{"not_picked":["MastersStateliness","HunterOfTheNight","Stigmanizer"],"picked":"Singing Bowl","floor":14}],"player_experience":456831,"relics_obtained":[{"floor":6,"key":"Boot"},{"floor":8,"key":"White Beast Statue"},{"floor":9,"key":"ScarletDevilRocket"},{"floor":11,"key":"Juzu Bracelet"}],"event_choices":[{"cards_removed":["Strike_RM"],"damage_healed":0,"gold_gain":0,"player_choice":"Card Removal","damage_taken":7,"max_hp_gain":0,"max_hp_loss":0,"event_name":"Golden Wing","floor":3,"gold_loss":0},{"damage_healed":0,"gold_gain":0,"player_choice":"Success","damage_taken":7,"relics_obtained":["Blood Vial"],"max_hp_gain":0,"max_hp_loss":0,"event_name":"Scrap Ooze","floor":4,"gold_loss":0},{"damage_healed":0,"gold_gain":175,"player_choice":"AGREE","damage_taken":0,"max_hp_gain":0,"max_hp_loss":0,"event_name":"Liars Game","floor":5,"gold_loss":0,"cards_obtained":["Doubt"]}],"is_beta":false,"boss_relics":[],"items_purged_floors":[12],"is_endless":false,"potions_floor_spawned":[1,6,8,13,14],"killed_by":"Hexaghost","ascension_level":13}}