{"host":"uq4ng344qg9ygyoi","time":1611915495,"event":{"mods":["BaseMod","Minty Spire (QoL Compilation)","Quick Restart","Shop Mod","StSLib","[IsaacMod]ÒÔÈö¼âËþ"],"gold_per_floor":[115,4,32,32,42,70,70,104,131,176,32,47,119,138,138,240,240,251,281,281,49,149,149,146,146,146,177,189,243,243,282,282,412,446,446,446],"floor_reached":35,"language":"ZHS","playtime":1514,"items_purged":["Strike_R","Defend_R","Demon Form","Defend_R"],"score":650,"play_id":"e350a456-41e7-4b25-9fa2-f1effd1b0da5","local_time":"20210129181815","is_ascension_mode":true,"campfire_choices":[{"data":"Double Tap","floor":7.0,"key":"SMITH"},{"floor":15.0,"key":"REST"},{"data":"BettingIsNotGood","floor":23.0,"key":"SMITH"},{"data":"Spot Weakness","floor":25.0,"key":"SMITH"},{"data":"Bash","floor":32,"key":"SMITH"}],"circlet_count":0,"master_deck":["Strike_R+1","Strike_R+1","Strike_R","Strike_R","Defend_R","Bash+1","BettingIsNotGood+1","Shrug It Off","Double Tap+1","Iron Wave","Flex","Battle Trance","Shrug It Off","Shrug It Off","Reaper","Intimidate","Spot Weakness+1","Heavy Blade+1","Flash of Steel","Warcry+1","CurseOfTheBell"],"relics":["Burning Blood","HushsDoor","SteamSale","MerchantsRug","Whetstone","Nunchaku","Ornamental Fan","Torii","Lantern","SlaversCollar","Shuriken","Membership Card","Dream Catcher","PunchingBag","Paper Frog","Smiling Mask","BelialBook","Calling Bell","PreservedInsect","DeadEye","Damocles"],"acts_visited":["Exordium","TheCity","TheBeyond"],"potions_floor_usage":[],"damage_taken":[{"damage":15.0,"enemies":"Cultist","floor":1.0,"turns":5.0},{"damage":10.0,"enemies":"2 Louse","floor":3.0,"turns":5.0},{"damage":0.0,"enemies":"Small Slimes","floor":5.0,"turns":3.0},{"damage":0.0,"enemies":"Gremlin Nob","floor":6.0,"turns":2.0},{"damage":22.0,"enemies":"Lagavulin","floor":8.0,"turns":7.0},{"damage":50.0,"enemies":"Gremlin Nob","floor":10.0,"turns":5.0},{"damage":1.0,"enemies":"Blue Slaver","floor":12.0,"turns":3.0},{"damage":21.0,"enemies":"Lagavulin Event","floor":13.0,"turns":5.0},{"damage":13.0,"enemies":"Lots of Slimes","floor":14.0,"turns":4.0},{"damage":38.0,"enemies":"The Guardian","floor":16.0,"turns":15.0},{"damage":27.0,"enemies":"2 Thieves","floor":18.0,"turns":4.0},{"damage":1.0,"enemies":"Chosen","floor":19.0,"turns":4.0},{"damage":16.0,"enemies":"Slavers","floor":27.0,"turns":6.0},{"damage":3,"enemies":"Centurion and Healer","floor":28,"turns":6},{"damage":32,"enemies":"Gremlin Leader","floor":29,"turns":5},{"damage":23,"enemies":"Snecko","floor":31,"turns":4},{"damage":32,"enemies":"Champ","floor":33,"turns":7},{"damage":1,"enemies":"Orb Walker","floor":35,"turns":2}],"seed_played":"-3021485765858490266","potions_obtained":[{"floor":3.0,"key":"SneckoOil"},{"floor":5.0,"key":"Weak Potion"},{"floor":8.0,"key":"CultistPotion"},{"floor":10.0,"key":"GamblersBrew"},{"floor":16.0,"key":"PowerPotion"},{"floor":19.0,"key":"Weak Potion"},{"floor":28,"key":"Fire Potion"}],"is_trial":false,"path_per_floor":["M","$","M","?","M","E","R","E","T","E","$","M","?","M","R","B",null,"M","M","?","$","?","R","$","R","T","E","M","E","?","M","R","B",null,"M"],"character_chosen":"IRONCLAD","items_purchased":["MerchantsRug","Shrug It Off","Torii","Shuriken","Flash of Steel","Membership Card","Dream Catcher","PunchingBag","FearPotion","BloodPotion","SteroidPotion"],"campfire_rested":1,"item_purchase_floors":[2,11,11,21,21,24,24,24,24,24,24],"current_hp_per_floor":[76,76,72,65,76,82,82,71,71,32,32,37,22,29,55,40,76,65,70,53,53,53,53,53,53,53,63,82,56,87,76,76,69,87,0,0],"gold":446,"neow_bonus":"TEN_PERCENT_HP_BONUS","is_daily":false,"chose_seed":false,"campfire_upgraded":4,"win_rate":0.0,"timestamp":1611915495,"path_taken":["M","$","?","?","M","E","R","E","T","E","$","M","?","?","R","BOSS","M","M","?","$","?","R","$","R","T","E","?","E","?","M","R","BOSS","M"],"items_purchased_type":["Relic","Card","Relic","Relic","Card","Relic","Relic","Relic","Potion","Potion","Potion"],"build_version":"2020-12-22","purchased_purges":4,"victory":false,"max_hp_per_floor":[88,88,88,88,88,88,88,88,88,88,88,88,88,88,88,88,88,88,88,93,93,93,93,93,93,93,93,93,93,93,93,93,93,93,93,93],"card_choices":[{"not_picked":[],"picked":"BettingIsNotGood","floor":0.0},{"not_picked":["Power Through","Headbutt"],"picked":"Shrug It Off","floor":1.0},{"not_picked":["Sword Boomerang","Sever Soul"],"picked":"Double Tap","floor":3.0},{"not_picked":["Heavy Blade","Thunderclap"],"picked":"Iron Wave","floor":5.0},{"not_picked":["Wild Strike","Sever Soul"],"picked":"Flex","floor":6.0},{"not_picked":["Sentinel","Headbutt"],"picked":"Battle Trance","floor":8.0},{"not_picked":["Dropkick","Sword Boomerang"],"picked":"Shrug It Off","floor":10.0},{"not_picked":["Second Wind","Rage","Anger"],"picked":"SKIP","floor":12.0},{"not_picked":["Iron Wave","Whirlwind"],"picked":"Reaper","floor":13.0},{"not_picked":["Sword Boomerang","Shockwave"],"picked":"Intimidate","floor":14.0},{"not_picked":["Barricade","Fiend Fire"],"picked":"Demon Form","floor":16.0},{"not_picked":["Intimidate","Clothesline+1"],"picked":"Spot Weakness","floor":18.0},{"not_picked":["Feel No Pain","Bloodletting"],"picked":"Heavy Blade+1","floor":19.0},{"not_picked":["Headbutt","Power Through","Body Slam+1"],"picked":"SKIP","floor":27},{"not_picked":["Carnage","True Grit"],"picked":"Warcry+1","floor":28},{"not_picked":["Body Slam","Shrug It Off","Evolve"],"picked":"SKIP","floor":29},{"not_picked":["Sword Boomerang","Uppercut","Cleave"],"picked":"SKIP","floor":31}],"player_experience":478572,"relics_obtained":[{"floor":6.0,"key":"Whetstone"},{"floor":8.0,"key":"Nunchaku"},{"floor":9.0,"key":"MawBank"},{"floor":10.0,"key":"Ornamental Fan"},{"floor":13.0,"key":"Lantern"},{"floor":26.0,"key":"Paper Frog"},{"floor":27,"key":"Smiling Mask"},{"floor":29,"key":"BelialBook"},{"floor":34,"key":"PreservedInsect"},{"floor":34,"key":"DeadEye"},{"floor":34,"key":"Damocles"}],"event_choices":[{"cards_removed":["Defend_R"],"damage_healed":0.0,"max_hp_gain":0.0,"max_hp_loss":0.0,"gold_gain":0.0,"event_name":"Golden Wing","player_choice":"Card Removal","floor":4.0,"gold_loss":0.0,"damage_taken":7.0},{"damage_healed":0.0,"max_hp_gain":0.0,"max_hp_loss":0.0,"gold_gain":0.0,"event_name":"Dead Adventurer","player_choice":"Searched \u00271\u0027 times","floor":13.0,"gold_loss":0.0,"damage_taken":0.0},{"damage_healed":0.0,"max_hp_gain":5.0,"max_hp_loss":0.0,"gold_gain":0.0,"event_name":"Forgotten Altar","player_choice":"Shed Blood","floor":20.0,"gold_loss":0.0,"damage_taken":22.0},{"damage_healed":0.0,"max_hp_gain":0.0,"max_hp_loss":0.0,"gold_gain":100.0,"event_name":"Golden Shrine","player_choice":"Pray","floor":22.0,"gold_loss":0.0,"damage_taken":0.0},{"damage_healed":31,"gold_gain":0,"player_choice":"Heal","damage_taken":0,"max_hp_gain":0,"max_hp_loss":0,"event_name":"The Library","floor":30,"gold_loss":0}],"is_beta":false,"boss_relics":[{"not_picked":["Pandora\u0027s Box","Ectoplasm"],"picked":"SlaversCollar"},{"not_picked":[]},{"not_picked":["Sozu","SacredBark"],"picked":"Calling Bell"},{"not_picked":[]}],"items_purged_floors":[2,11,21,24],"is_endless":false,"potions_floor_spawned":[3,5,8,10,16,19,28],"killed_by":"Orb Walker","ascension_level":7}}