{"host":"1tl36azeqm6yhdgj","time":1611946931,"event":{"mods":["AchievementEnabler","BaseMod","Minty Spire (QoL Compilation)","StSLib","The IronCluck","everything is the same but u backflip on backflip"],"gold_per_floor":[119,44,119,139,239,239,266,276,325,342,342,42,69,104,104,178,178,178,178],"floor_reached":18,"language":"ENG","playtime":437,"items_purged":["Strike_R"],"score":386,"play_id":"c6b62930-6406-4edf-bf8c-e1a5ca93fbc2","local_time":"20210129140211","is_ascension_mode":true,"campfire_choices":[{"data":"Thunderclap","floor":6.0,"key":"SMITH"},{"data":"Limit Break","floor":15,"key":"SMITH"}],"circlet_count":0,"master_deck":["AscendersBane","Strike_R","Strike_R","Strike_R","Strike_R","Defend_R","Defend_R","Defend_R","Defend_R","Bash","Cleave","Thunderclap+1","Flex","Metallicize","Limit Break+1","Sadistic Nature","Discovery","Metallicize","Double Tap"],"relics":["Burning Blood","NeowsBlessing","Tiny Chest","Juzu Bracelet","PreservedInsect","SacredBark"],"acts_visited":["Exordium","TheCity"],"potions_floor_usage":[14],"damage_taken":[{"damage":0.0,"enemies":"Jaw Worm","floor":1.0,"turns":1.0},{"damage":0.0,"enemies":"2 Louse","floor":4.0,"turns":1.0},{"damage":0.0,"enemies":"Gremlin Nob","floor":7.0,"turns":1.0},{"damage":1.0,"enemies":"Cultist","floor":8.0,"turns":3.0},{"damage":11.0,"enemies":"Exordium Wildlife","floor":10.0,"turns":5.0},{"damage":25,"enemies":"3 Sentries","floor":14,"turns":5},{"damage":46,"enemies":"The Guardian","floor":16,"turns":14},{"damage":59,"enemies":"Chosen","floor":18,"turns":7}],"seed_played":"6570760878227755537","potions_obtained":[{"floor":7.0,"key":"Fire Potion"},{"floor":8.0,"key":"Fire Potion"}],"is_trial":false,"path_per_floor":["M","$","?","M","?","R","E","M","T","M","?","$","T","E","R","B",null,"M"],"character_chosen":"IRONCLAD","items_purchased":["Sadistic Nature","Discovery"],"campfire_rested":0,"item_purchase_floors":[12,12],"current_hp_per_floor":[74,74,63,69,69,69,75,75,75,70,70,70,70,51,51,11,59,0,0],"gold":178,"neow_bonus":"THREE_ENEMY_KILL","is_daily":false,"chose_seed":false,"campfire_upgraded":2,"win_rate":0.0,"timestamp":1611946931,"path_taken":["M","$","?","M","?","R","E","?","T","M","?","?","?","E","R","BOSS","M"],"items_purchased_type":["Card","Card"],"build_version":"2020-12-22","purchased_purges":1,"victory":false,"max_hp_per_floor":[75,75,75,75,75,75,75,75,75,75,75,75,75,75,75,75,75,75,75],"card_choices":[{"not_picked":["Reckless Charge","Clothesline"],"picked":"Cleave","floor":1.0},{"not_picked":["Anger","Sword Boomerang"],"picked":"Thunderclap","floor":4.0},{"not_picked":["Twin Strike","Metallicize"],"picked":"Flex","floor":7.0},{"not_picked":["Cleave","Wild Strike"],"picked":"Metallicize","floor":8.0},{"not_picked":["Dual Wield","Blood for Blood"],"picked":"Limit Break","floor":10.0},{"not_picked":["Offering","Heavy Blade"],"picked":"Metallicize","floor":14},{"not_picked":["Offering","Demon Form"],"picked":"Double Tap","floor":16}],"player_experience":2105007,"relics_obtained":[{"floor":7.0,"key":"Tiny Chest"},{"floor":13,"key":"Juzu Bracelet"},{"floor":14,"key":"PreservedInsect"}],"event_choices":[{"damage_healed":0.0,"max_hp_gain":0.0,"max_hp_loss":0.0,"gold_gain":75.0,"event_name":"World of Goop","player_choice":"Gather Gold","floor":3.0,"gold_loss":0.0,"damage_taken":11.0},{"damage_healed":0.0,"max_hp_gain":0.0,"max_hp_loss":0.0,"gold_gain":100.0,"event_name":"Wheel of Change","player_choice":"Gold","floor":5.0,"gold_loss":0.0,"damage_taken":0.0},{"damage_healed":0,"gold_gain":0,"player_choice":"Searched \u00270\u0027 times","damage_taken":0,"max_hp_gain":0,"max_hp_loss":0,"event_name":"Dead Adventurer","floor":11,"gold_loss":0}],"is_beta":false,"boss_relics":[{"not_picked":["Fusion Hammer","Ectoplasm"],"picked":"SacredBark"}],"items_purged_floors":[2],"is_endless":false,"potions_floor_spawned":[7,8],"killed_by":"Chosen","ascension_level":20}}