{"host":"64agj841g523yxf2","time":1611942539,"event":{"mods":["Aspiration","BaseMod","ChefMod","Downfall","Hermit","Koishi","Minty Spire (QoL Compilation)","Remilia??????","Replay The Spire","StSLib","SuperFastMode","The Administrix","The Animator","The Bug Knight","The Construct","The Cursed","The Disciple","The Hierophant","The Marked","The Mystic","The Necromancer","The Poker Player","The Senshi","The Servant 0.9.4","Yuyuko"],"gold_per_floor":[99,115,125,125,125,137,137,156,56,56,56,66,66,91,108,208,208,208,219,233,248,248,280,355,355,390,190,29,258,258,268,287,383,383,383,433,451,463,473,473,473,473,473,473,498,516,516,516,532,532,532,567,268,268,268,268,268,268],"floor_reached":56,"language":"ENG","playtime":4758,"items_purged":["Guardian:Strike_Guardian","Guardian:Strike_Guardian"],"score":817,"play_id":"7086e4ab-a53b-4a05-9f28-17ee3d0c386e","local_time":"20210129184859","is_ascension_mode":false,"campfire_choices":[{"floor":1,"key":"RECALL"},{"data":"Guardian:TwinSlam","floor":9,"key":"SMITH"},{"data":"Guardian:CurlUp","floor":11,"key":"SMITH"},{"data":"Guardian:PiercingHide","floor":13,"key":"SMITH"},{"data":"Guardian:Reroute","floor":18,"key":"SMITH"},{"data":"Guardian:TimeBomb","floor":27,"key":"SMITH"},{"floor":30,"key":"REST"},{"floor":35,"key":"DIG"},{"data":"Guardian:Reroute","floor":40,"key":"SMITH"},{"data":"Guardian:StasisField","floor":42,"key":"SMITH"},{"data":"Guardian:StasisStrike","floor":44,"key":"SMITH"},{"floor":54,"key":"REST"}],"circlet_count":0,"master_deck":["Guardian:Defend_Guardian","Guardian:Defend_Guardian","Guardian:CurlUp+1","Guardian:TwinSlam+1","Guardian:StasisStrike+1","Guardian:PiercingHide+1","Guardian:Reroute+1","Guardian:Reroute+1","Guardian:BodySlam+1","Guardian:PrimingBeam+1","Guardian:TemporalStrike","Guardian:TimeBomb+1","Guardian:EvasiveProtocol","Guardian:StasisField+1","Guardian:BaubleBeam","Guardian:CrystalBeam+1","Guardian:TemporalShield+1","Guardian:Gem_Red","Guardian:Incinerate","CommonCold","Guardian:BronzeArmor+1","Guardian:Recover+1"],"relics":["Guardian:ModeShifter","Ornamental Fan","downfall:HeartBlessingRed","aspiration:StickyExplosives_weak","Torii","aspiration:SecretTechniqueScroll","Matryoshka","Vajra","Gambling Chip","downfall:HeartBlessingGreen","downfall:HeartBlessingBlue","Replay:Bottled Snecko","construct:ClawGrip","Durian","Ice Cream","Toxic Egg 2","TungstenRod","StoneCalendar"],"acts_visited":["Exordium","TheCity","TheBeyond","TheEnding"],"potions_floor_usage":[16,20,26,31,55,55,55],"damage_taken":[{"damage":3,"enemies":"Small Slimes","floor":2,"turns":3},{"damage":1,"enemies":"Jaw Worm","floor":3,"turns":4},{"damage":2,"enemies":"2 Louse","floor":6,"turns":3},{"damage":0,"enemies":"Large Slime","floor":8,"turns":5},{"damage":10,"enemies":"Exordium Wildlife","floor":12,"turns":3},{"damage":0,"enemies":"Replay:BlueRogue","floor":14,"turns":4},{"damage":0,"enemies":"3 Louse","floor":15,"turns":2},{"damage":30,"enemies":"IC_STATUS_ARCHETYPE","floor":16,"turns":9},{"damage":0,"enemies":"Shell Parasite","floor":19,"turns":3},{"damage":17,"enemies":"Cultist and Chosen","floor":20,"turns":8},{"damage":1,"enemies":"Centurion and Healer","floor":21,"turns":4},{"damage":2,"enemies":"Centurion and Healer","floor":22,"turns":5},{"damage":2,"enemies":"Book of Stabbing","floor":23,"turns":4},{"damage":0,"enemies":"Gremlin Leader","floor":26,"turns":3},{"damage":0,"enemies":"downfall:FleeingMerchant","floor":28,"turns":4},{"damage":1,"enemies":"Shelled Parasite and Fungi","floor":31,"turns":2},{"damage":2,"enemies":"Cultist and Chosen","floor":32,"turns":4},{"damage":0,"enemies":"WA_ARCHETYPE_CALM","floor":33,"turns":5},{"damage":0,"enemies":"WA_ARCHETYPE_CALM","floor":36,"turns":6},{"damage":1,"enemies":"Orb Walker","floor":37,"turns":3},{"damage":0,"enemies":"3 Shapes","floor":38,"turns":3},{"damage":1,"enemies":"Spire Growth","floor":39,"turns":4},{"damage":9,"enemies":"R_Hoarder","floor":45,"turns":6},{"damage":0,"enemies":"Transient","floor":46,"turns":5},{"damage":0,"enemies":"Maw","floor":49,"turns":6},{"damage":17,"enemies":"DF_ARCHETYPE_ORBS","floor":50,"turns":8},{"damage":44,"enemies":"downfall:CharBossMerchant","floor":52,"turns":8},{"damage":87,"enemies":"downfall:NeowBoss","floor":55,"turns":22},{"damage":29,"enemies":"downfall:NeowBossFinal","floor":56,"turns":3}],"seed_played":"4272716901560437162","potions_obtained":[{"floor":3,"key":"Strength Potion"},{"floor":15,"key":"DistilledChaos"},{"floor":16,"key":"SkillPotion"},{"floor":19,"key":"Guardian:AcceleratePotion"},{"floor":20,"key":"SkillPotion"},{"floor":29,"key":"AttackPotion"},{"floor":31,"key":"ColorlessPotion"}],"is_trial":false,"path_per_floor":["R","M","M","?","?","M","T","M","R","?","R","M","R","E","M","B",null,"R","M","M","M","?","E","T","?","E","R","$","?","R","M","M","B",null,"R","?","M","M","M","R","T","R","?","R","E","M","?","?","M","B",null,"E","$","R","B","B"],"character_chosen":"GUARDIAN","items_purchased":["Guardian:EvasiveProtocol","Guardian:BronzeArmor+1","DistilledChaos","Guardian:Recover+1"],"campfire_rested":2,"item_purchase_floors":[28,53,53,53],"current_hp_per_floor":[88,85,84,84,84,82,82,82,82,75,75,65,65,65,65,35,88,88,88,71,70,68,66,66,66,66,76,76,37,66,65,63,63,98,103,103,102,102,101,101,101,101,101,101,92,92,92,92,92,75,103,59,59,89,2,0,0,0],"gold":268,"neow_bonus":"TEN_PERCENT_HP_BONUS","is_daily":false,"chose_seed":false,"campfire_upgraded":8,"win_rate":0.0,"timestamp":1611942539,"path_taken":["R","M","M","?","?","M","T","M","R","?","R","M","R","E","M","BOSS","R","M","M","M","?","E","T","?","E","R","$","?","R","M","M","BOSS","R","?","M","M","M","R","T","R","?","R","E","M","?","?","M","BOSS","E","$","R","BOSS","BOSS"],"items_purchased_type":["Card","Card","Potion","Card"],"build_version":"2020-12-22","purchased_purges":2,"victory":false,"max_hp_per_floor":[88,88,88,88,88,88,88,88,88,88,88,88,88,88,88,88,88,88,88,88,88,88,88,88,88,88,98,98,98,98,98,98,98,98,103,103,103,103,103,103,103,103,103,103,103,103,103,103,103,103,103,103,103,103,103,103,103,103],"card_choices":[{"not_picked":["Guardian:Reroute","Guardian:VentSteam"],"picked":"Guardian:Gem_Red","floor":2},{"not_picked":["Guardian:VentSteam","Guardian:PrimingBeam"],"picked":"Guardian:Gem_Crimson","floor":3},{"not_picked":["Guardian:ArmoredProtocol","Guardian:Suspension"],"picked":"Guardian:Gem_Crimson","floor":6},{"not_picked":["Guardian:TemporalShield","Guardian:Suspension"],"picked":"Guardian:StasisStrike","floor":8},{"not_picked":["Guardian:Gem_Yellow","Guardian:Gem_Red"],"picked":"Guardian:PiercingHide","floor":12},{"not_picked":["Guardian:Gem_Green","Guardian:Gem_Crimson"],"picked":"Guardian:Reroute","floor":14},{"not_picked":["Guardian:Repulse","Guardian:Suspension"],"picked":"Guardian:Gem_Purple","floor":15},{"not_picked":["Guardian:StasisField","Guardian:HyperBeam_Guardian"],"picked":"Guardian:Gem_Synthetic","floor":16},{"not_picked":["Guardian:ArmoredProtocol","Guardian:TemporalShield"],"picked":"Guardian:Reroute","floor":19},{"not_picked":["Guardian:Gem_Blue","Guardian:Gem_Green"],"picked":"Guardian:BodySlam+1","floor":20},{"not_picked":["Guardian:PrismaticBeam+1","Guardian:Gem_Crimson"],"picked":"Guardian:PrimingBeam+1","floor":21},{"not_picked":["Guardian:Gem_Lightblue","Guardian:Recover"],"picked":"Guardian:TemporalStrike","floor":23},{"not_picked":["Guardian:ChargeCore","Guardian:FastForward"],"picked":"Guardian:TimeBomb","floor":26},{"not_picked":["Guardian:RollAttack","Guardian:Preprogram"],"picked":"Guardian:Gem_Red","floor":28},{"not_picked":["Guardian:Gem_White","Guardian:Preprogram+1"],"picked":"Guardian:Gem_Green","floor":29},{"not_picked":["Guardian:Gem_Green","Guardian:TimeCapacitor+1"],"picked":"Guardian:Gem_White","floor":31},{"not_picked":["Guardian:GuardianWhirl","Guardian:TemporalStrike"],"picked":"Guardian:StasisField","floor":32},{"not_picked":["Guardian:StasisStrike","Guardian:RevengeProtocol"],"picked":"Guardian:BaubleBeam","floor":33},{"not_picked":["Guardian:PrimingBeam+1","Guardian:Reroute"],"picked":"Guardian:CrystalBeam+1","floor":36},{"not_picked":["Guardian:MultiBeam+1","Guardian:Suspension+1"],"picked":"Guardian:TemporalShield+1","floor":37},{"not_picked":["Guardian:TemporalShield","Guardian:GuardianWhirl+1"],"picked":"Guardian:Gem_Red","floor":38},{"not_picked":["Guardian:PrismaticBarrier","Guardian:Planning","Guardian:Clone"],"picked":"SKIP","floor":39},{"not_picked":["Guardian:EvasiveProtocol","Guardian:HyperBeam_Guardian"],"picked":"Guardian:Incinerate","floor":45},{"not_picked":["Guardian:ChargeCore+1","Guardian:Emergency+1","Guardian:Gem_Lightblue"],"picked":"SKIP","floor":46},{"not_picked":["Guardian:DecasProtection+1","Guardian:GuardianWhirl"],"picked":"Guardian:Gem_Fragmented","floor":49},{"not_picked":["Guardian:DonusPower+1","Guardian:Incinerate","Guardian:Gem_Red"],"picked":"SKIP","floor":52}],"player_experience":313553,"relics_obtained":[{"floor":7,"key":"Ornamental Fan"},{"floor":14,"key":"Torii"},{"floor":23,"key":"Matryoshka"},{"floor":24,"key":"Vajra"},{"floor":26,"key":"Gambling Chip"},{"floor":29,"key":"Replay:Bottled Snecko"},{"floor":35,"key":"Durian"},{"floor":36,"key":"Ice Cream"},{"floor":41,"key":"Toxic Egg 2"},{"floor":45,"key":"TungstenRod"},{"floor":52,"key":"StoneCalendar"}],"event_choices":[{"cards_removed":["Guardian:Strike_Guardian"],"damage_healed":0,"gold_gain":0,"player_choice":"Card Removal","damage_taken":0,"max_hp_gain":0,"max_hp_loss":0,"event_name":"The Cleric","floor":5,"gold_loss":0},{"damage_healed":0,"gold_gain":0,"player_choice":"Success","damage_taken":7,"relics_obtained":["aspiration:StickyExplosives_weak"],"max_hp_gain":0,"max_hp_loss":0,"event_name":"Scrap Ooze","floor":10,"gold_loss":0}],"is_beta":false,"boss_relics":[{"not_picked":["Replay:Ancient Bell","aspiration:RunicSpoon"],"picked":"aspiration:SecretTechniqueScroll"},{"not_picked":["aspiration:IroncladSkillbook","Runic Pyramid"],"picked":"construct:ClawGrip"}],"items_purged_floors":[28,53],"is_endless":false,"potions_floor_spawned":[3,15,16,19,20,22,31,37,45],"killed_by":"downfall:NeowBossFinal","ascension_level":0}}