{"host":"7vlopc64487frs6y","time":1611905203,"event":{"mods":["Aspiration","BaseMod","BetterRewards","Colored Map","Good Game Mod","Highlight Path","Minty Spire (QoL Compilation)","Quick Restart","Replay The Spire","Shop Mod","StSLib","TestMod","Unceasing Turn Reminder"],"gold_per_floor":[119,119,44,57,68,86,86,86,112,187,206,156,171,71,71,176,176,191,191,202,220,220,220,135,135,135,149,89,103,103,150,150,246,246,262,272,272,272,322,322,347,361,385,385,403,403,417,431,431,431],"floor_reached":51,"language":"ZHS","playtime":929,"items_purged":["Defend_R","Defend_R"],"score":944,"play_id":"53387ece-4d34-4aac-ab23-0a6e51b4727b","local_time":"20210129152643","is_ascension_mode":false,"campfire_choices":[{"data":"Ragnarok","floor":8,"key":"SMITH"},{"data":"Bash","floor":15,"key":"SMITH"},{"data":"Berserk","floor":23,"key":"SMITH"},{"data":"Flex","floor":25,"key":"SMITH"},{"data":"Strike_R+1","floor":32,"key":"SMITH"},{"data":"Bludgeon","floor":40,"key":"SMITH"},{"data":"Flex","floor":49,"key":"SMITH"}],"circlet_count":0,"master_deck":["Strike_R+1","Strike_R+2","Strike_R","Defend_R","Bash+1","Ragnarok+1","Berserk+1","Flex+1","Bludgeon+1","Headbutt+1","Flex+1"],"relics":["Burning Blood","testmod-TestBox","REME:ComplimentaryCards","testmod-Fanaticism","NeowsBlessing","testmod-TimeTraveler","MutagenicStrength","Meat on the Bone","Garlic","Simple Rune","Magic Flower","testmod-Hope","Centennial Puzzle"],"acts_visited":["Exordium","TheCity","TheBeyond"],"potions_floor_usage":[],"damage_taken":[{"damage":0,"enemies":"2 Louse","floor":1,"turns":1},{"damage":0,"enemies":"Cultist","floor":4,"turns":1},{"damage":0,"enemies":"Small Slimes","floor":5,"turns":1},{"damage":24,"enemies":"Blue Slaver","floor":6,"turns":2},{"damage":32,"enemies":"Exordium Wildlife","floor":11,"turns":2},{"damage":0,"enemies":"Large Slime","floor":13,"turns":2},{"damage":42,"enemies":"Hexaghost","floor":16,"turns":4},{"damage":65,"enemies":"2 Thieves","floor":18,"turns":3},{"damage":20,"enemies":"Chosen","floor":20,"turns":2},{"damage":36,"enemies":"Shelled Parasite and Fungi","floor":21,"turns":2},{"damage":31,"enemies":"Snake Plant","floor":27,"turns":2},{"damage":0,"enemies":"Snecko","floor":29,"turns":2},{"damage":0,"enemies":"Colosseum Slavers","floor":30,"turns":1},{"damage":82,"enemies":"Pondfish","floor":33,"turns":6},{"damage":36,"enemies":"Orb Walker","floor":35,"turns":2},{"damage":16,"enemies":"3 Shapes","floor":36,"turns":2},{"damage":6,"enemies":"Mind Bloom Boss Battle","floor":39,"turns":2},{"damage":0,"enemies":"R_Hoarder","floor":41,"turns":2},{"damage":12,"enemies":"Sphere and 2 Shapes","floor":42,"turns":2},{"damage":44,"enemies":"Jaw Worm Horde","floor":45,"turns":2},{"damage":26,"enemies":"Spire Growth","floor":47,"turns":2},{"damage":28,"enemies":"4 Shapes","floor":48,"turns":1},{"damage":68,"enemies":"Awakened One","floor":50,"turns":4}],"seed_played":"1538716422384679405","potions_obtained":[{"floor":5,"key":"testmod-TestPotion"},{"floor":6,"key":"AttackPotion"},{"floor":11,"key":"Milkshake"}],"is_trial":false,"path_per_floor":["M","?","$","M","M","M","$","R","T","?","M","?","M","$","R","B",null,"M","?","M","M","?","R","?","R","T","M","?","M","?","T","R","B",null,"M","M","?","?","?","R","E","M","T","?","M","?","M","M","R","B",null],"character_chosen":"IRONCLAD","items_purchased":[],"campfire_rested":0,"item_purchase_floors":[],"current_hp_per_floor":[80,80,80,80,80,72,72,72,72,61,50,50,56,56,56,70,80,77,77,67,66,66,66,66,66,66,65,65,71,77,77,77,80,80,59,58,58,58,63,63,72,80,80,80,80,80,80,80,80,80],"gold":431,"neow_bonus":"THREE_ENEMY_KILL","is_daily":false,"chose_seed":false,"campfire_upgraded":7,"win_rate":0.0,"timestamp":1611905203,"path_taken":["M","?","$","?","M","M","$","R","T","?","M","?","M","$","R","BOSS","M","?","M","M","?","R","?","R","T","M","?","?","?","?","R","BOSS","M","M","?","?","?","R","E","M","T","?","M","?","M","?","R","BOSS"],"items_purchased_type":[],"build_version":"2020-12-22","purchased_purges":2,"victory":true,"max_hp_per_floor":[80,80,80,80,80,80,80,80,80,80,80,80,80,80,80,80,80,80,80,80,80,80,80,80,80,80,80,80,80,80,80,80,80,80,80,80,80,80,80,80,80,80,80,80,80,80,80,80,80,80],"card_choices":[{"not_picked":["Warcry","Iron Wave","Massacre"],"picked":"SKIP","floor":1},{"not_picked":["Spot Weakness","Reckless Charge","Bloodletting"],"picked":"SKIP","floor":4},{"not_picked":["Shrug It Off","Second Wind","Clothesline"],"picked":"SKIP","floor":5},{"not_picked":["Uppercut","Sever Soul","Iron Wave"],"picked":"SKIP","floor":6},{"not_picked":["Hemogenesis","Twin Strike","Burning Pact"],"picked":"SKIP","floor":11},{"not_picked":["Anger","ReplayTheSpireMod:Corrosion Curse","Replay:Undeath\u0027s Touch"],"picked":"SKIP","floor":13},{"not_picked":["Brutality","Hemogenesis"],"picked":"Berserk","floor":16},{"not_picked":["Twin Strike+1","ReplayTheSpireMod:Corrosion Curse"],"picked":"Flex","floor":18},{"not_picked":["Rage","Armaments","Combust"],"picked":"SKIP","floor":20},{"not_picked":["Rage","ReplayTheSpireMod:Strike From Hell","Heavy Blade+1"],"picked":"SKIP","floor":21},{"not_picked":["Entrench","Wild Strike","Uppercut"],"picked":"SKIP","floor":27},{"not_picked":["True Grit","Dual Wield","Iron Wave"],"picked":"SKIP","floor":29},{"not_picked":["Impervious","Limit Break"],"picked":"Bludgeon","floor":33},{"not_picked":["ReplayTheSpireMod:Corrosion Curse+1","Entrench+1"],"picked":"Headbutt+1","floor":35},{"not_picked":["Dark Embrace+1","Perfected Strike+1","Feel No Pain+1"],"picked":"SKIP","floor":36},{"not_picked":["Wild Strike","Heavy Blade","Demon Form"],"picked":"SKIP","floor":41},{"not_picked":["Twin Strike","Havoc","Massacre"],"picked":"SKIP","floor":42},{"not_picked":["Armaments","Sever Soul","Rampage"],"picked":"SKIP","floor":45},{"not_picked":["Headbutt+1","Infernal Blade"],"picked":"Flex","floor":47},{"not_picked":["Heavy Blade","Iron Wave","ReplayTheSpireMod:Strike From Hell+1"],"picked":"SKIP","floor":48}],"player_experience":638424,"relics_obtained":[{"floor":26,"key":"Garlic"},{"floor":31,"key":"Simple Rune"},{"floor":39,"key":"Magic Flower"},{"floor":41,"key":"testmod-Hope"},{"floor":43,"key":"Centennial Puzzle"}],"event_choices":[{"damage_healed":0,"gold_gain":75,"player_choice":"Gather Gold","damage_taken":11,"max_hp_gain":0,"max_hp_loss":0,"event_name":"World of Goop","floor":10,"gold_loss":0},{"cards_removed":["Strike_R"],"damage_healed":0,"gold_gain":0,"player_choice":"Card Removal","damage_taken":0,"max_hp_gain":0,"max_hp_loss":0,"event_name":"The Cleric","floor":12,"gold_loss":50},{"damage_healed":0,"gold_gain":0,"player_choice":"Inject Mutagens","damage_taken":0,"relics_obtained":["MutagenicStrength"],"max_hp_gain":0,"max_hp_loss":0,"event_name":"Drug Dealer","floor":19,"gold_loss":0},{"damage_healed":0,"gold_gain":0,"player_choice":"Ignored","damage_taken":0,"max_hp_gain":0,"max_hp_loss":0,"event_name":"The Mausoleum","floor":22,"gold_loss":0},{"damage_healed":0,"gold_gain":0,"player_choice":"Obtained Relic","damage_taken":0,"relics_obtained":["Meat on the Bone"],"max_hp_gain":0,"max_hp_loss":0,"event_name":"Addict","floor":24,"gold_loss":85},{"cards_removed":["Strike_R"],"damage_healed":0,"gold_gain":0,"player_choice":"Single Remove","damage_taken":0,"max_hp_gain":0,"max_hp_loss":0,"event_name":"Designer","floor":28,"gold_loss":60},{"damage_healed":0,"gold_gain":0,"player_choice":"Fight","damage_taken":0,"max_hp_gain":0,"max_hp_loss":0,"event_name":"Colosseum","floor":30,"gold_loss":0},{"damage_healed":0,"gold_gain":0,"player_choice":"Fled From Nobs","damage_taken":0,"max_hp_gain":0,"max_hp_loss":0,"event_name":"Colosseum","floor":30,"gold_loss":0},{"damage_healed":0,"gold_gain":0,"player_choice":"Ignored","damage_taken":0,"max_hp_gain":0,"max_hp_loss":0,"event_name":"Mysterious Sphere","floor":37,"gold_loss":0},{"damage_healed":0,"gold_gain":0,"player_choice":"Fight","damage_taken":0,"max_hp_gain":0,"max_hp_loss":0,"event_name":"MindBloom","floor":39,"gold_loss":0},{"damage_healed":0,"gold_gain":0,"player_choice":"Ignored","damage_taken":0,"max_hp_gain":0,"max_hp_loss":0,"event_name":"给自己的盒子","floor":44,"gold_loss":0},{"cards_removed":["Defend_R"],"damage_healed":0,"gold_gain":0,"player_choice":"Removed Skill","damage_taken":0,"max_hp_gain":0,"max_hp_loss":0,"event_name":"Falling","floor":46,"gold_loss":0}],"is_beta":false,"boss_relics":[{"not_picked":["testmod-PortableAltar","testmod-DreamHouse"],"picked":"testmod-TimeTraveler"},{"not_picked":["aspiration:SilentSkillbook","testmod-BatchProcessingSystem","Black Star"]}],"items_purged_floors":[3,14],"is_endless":false,"potions_floor_spawned":[5,6,11,16,29,30,35,41,42,47],"ascension_level":0}}