{"host":"z2o61o1qvcmvhuul","time":1611882552,"event":{"mods":["BaseMod","Minty Spire (QoL Compilation)","Quick Restart","StSLib","SuperFastMode"],"gold_per_floor":[109,124,139,64,74,74,106,125,125,157,6,32,32,44,44,118,118,131,141,17,32,49,49,59,78,78,78,78],"floor_reached":27,"language":"ZHS","playtime":696,"items_purged":["Defend_P","Strike_P"],"score":478,"play_id":"0a14b8db-2142-465f-9cfc-497ff6152fce","local_time":"20210129090912","is_ascension_mode":true,"campfire_choices":[{"data":"Tantrum","floor":6.0,"key":"SMITH"},{"data":"MasterReality","floor":15.0,"key":"SMITH"},{"floor":23.0,"key":"REST"}],"circlet_count":0,"master_deck":["AscendersBane","Strike_P","Defend_P+1","Defend_P","Defend_P","Eruption","Vigilance+1","ReachHeaven+1","Tantrum+1","LessonLearned","BattleHymn+1","DeusExMachina","MasterReality+1","BattleHymn+1","Pray","Establishment","FearNoEvil+1","WheelKick+1","Prostrate+1","ClearTheMind","Sanctity+1","MentalFortress","Worship"],"relics":["PureWater","NeowsBlessing","Yang","Blue Candle","Regal Pillow","Gambling Chip","Astrolabe","Prayer Wheel"],"acts_visited":["Exordium","TheCity"],"potions_floor_usage":[],"damage_taken":[{"damage":0.0,"enemies":"2 Louse","floor":1.0,"turns":1.0},{"damage":0.0,"enemies":"Cultist","floor":2.0,"turns":1.0},{"damage":0.0,"enemies":"Small Slimes","floor":3.0,"turns":1.0},{"damage":4.0,"enemies":"Looter","floor":5.0,"turns":3.0},{"damage":10.0,"enemies":"3 Sentries","floor":7.0,"turns":3.0},{"damage":4.0,"enemies":"3 Louse","floor":8.0,"turns":3.0},{"damage":10.0,"enemies":"Lagavulin","floor":10.0,"turns":4.0},{"damage":9.0,"enemies":"3 Sentries","floor":12.0,"turns":5.0},{"damage":0.0,"enemies":"Blue Slaver","floor":14.0,"turns":1.0},{"damage":6.0,"enemies":"Hexaghost","floor":16.0,"turns":5.0},{"damage":0.0,"enemies":"Chosen","floor":18.0,"turns":2.0},{"damage":1.0,"enemies":"Shell Parasite","floor":19.0,"turns":2.0},{"damage":8.0,"enemies":"Centurion and Healer","floor":21.0,"turns":4.0},{"damage":35.0,"enemies":"Snake Plant","floor":22.0,"turns":4.0},{"damage":11.0,"enemies":"Chosen and Byrds","floor":24.0,"turns":5.0},{"damage":9.0,"enemies":"Snecko","floor":25.0,"turns":5.0},{"damage":35,"enemies":"Slavers","floor":27,"turns":1}],"seed_played":"6885049739449834683","potions_obtained":[{"floor":3.0,"key":"DistilledChaos"},{"floor":10.0,"key":"Fire Potion"},{"floor":12.0,"key":"SkillPotion"},{"floor":21.0,"key":"Fruit Juice"},{"floor":22.0,"key":"AttackPotion"},{"floor":25.0,"key":"FearPotion"}],"is_trial":false,"path_per_floor":["M","M","M","$","M","R","E","M","T","E","$","E","?","M","R","B",null,"M","M","$","M","M","R","M","M","T","E"],"character_chosen":"WATCHER","items_purchased":["MasterReality","ClearTheMind"],"campfire_rested":1,"item_purchase_floors":[11,20],"current_hp_per_floor":[61,61,61,61,57,57,47,43,43,33,33,24,14,14,14,8,53,53,52,52,49,14,50,39,30,30,0,0],"gold":78,"neow_bonus":"THREE_ENEMY_KILL","is_daily":false,"chose_seed":false,"campfire_upgraded":2,"win_rate":0.0,"timestamp":1611882552,"path_taken":["M","M","M","$","M","R","E","M","T","E","$","E","?","M","R","BOSS","M","?","$","?","M","R","M","M","T","E"],"items_purchased_type":["Card","Card"],"build_version":"2020-12-22","purchased_purges":2,"victory":false,"max_hp_per_floor":[68,68,68,68,68,68,68,68,68,68,68,68,68,68,68,68,68,68,68,68,73,73,73,73,73,73,73,73],"card_choices":[{"not_picked":["Evaluate","Meditate"],"picked":"PathToVictory","floor":1.0},{"not_picked":["CutThroughFate","FollowUp"],"picked":"ReachHeaven","floor":2.0},{"not_picked":["Halt","CrushJoints","ForeignInfluence"],"picked":"SKIP","floor":3.0},{"not_picked":["EmptyBody","ClearTheMind"],"picked":"Tantrum","floor":5.0},{"not_picked":["SashWhip","EmptyBody"],"picked":"LessonLearned","floor":7.0},{"not_picked":["Evaluate","CarveReality"],"picked":"BattleHymn","floor":8.0},{"not_picked":["InnerPeace","ReachHeaven"],"picked":"DeusExMachina","floor":10.0},{"not_picked":["Weave","Brilliance"],"picked":"BattleHymn","floor":12.0},{"not_picked":["ClearTheMind","ThirdEye"],"picked":"Pray","floor":14.0},{"not_picked":["Devotion","Scrawl"],"picked":"Establishment","floor":16.0},{"not_picked":["EmptyBody+1","Consecrate","Prostrate"],"picked":"SKIP","floor":18.0},{"not_picked":["FollowUp","CutThroughFate","ConjureBlade"],"picked":"SKIP","floor":19.0},{"not_picked":["EmptyBody","Study"],"picked":"Sanctity","floor":21.0},{"not_picked":["Protect","FollowUp"],"picked":"MentalFortress","floor":22.0},{"not_picked":["FlyingSleeves","SignatureMove+1","EmptyFist"],"picked":"SKIP","floor":24.0},{"not_picked":["FlyingSleeves","Weave"],"picked":"Worship","floor":25.0}],"player_experience":315475,"relics_obtained":[{"floor":7.0,"key":"Yang"},{"floor":9.0,"key":"Blue Candle"},{"floor":10.0,"key":"Regal Pillow"},{"floor":12.0,"key":"Gambling Chip"},{"floor":26.0,"key":"Prayer Wheel"}],"event_choices":[{"damage_healed":0.0,"max_hp_gain":0.0,"max_hp_loss":0.0,"gold_gain":0.0,"event_name":"Wheel of Change","player_choice":"Damaged","floor":13.0,"gold_loss":0.0,"damage_taken":10.0}],"is_beta":false,"boss_relics":[{"not_picked":["Philosopher\u0027s Stone","Runic Dome"],"picked":"Astrolabe"}],"items_purged_floors":[4,20],"is_endless":false,"potions_floor_spawned":[3,10,12,21,22,25],"killed_by":"Slavers","ascension_level":20}}