{"host":"ejd7fmryc2gtg4h9","time":1611956888,"event":{"mods":["AchievementEnabler","BaseMod","BetterRewards","Colored Map","Colored Powertips","Custom Start","Downfall","Hubris","Minty Spire (QoL Compilation)","Rare Cards Sparkle","StSLib"],"gold_per_floor":[99,116,391,10,25,40,63,92,92,109,124,139,139,139,151,254,254,254,274,274,291,304,204,281,301,314,60,60,78,98,113,129,227,227,227,237,237,237,250,250,250,264,1,11,11,26,26,42,60,60,60,60],"floor_reached":50,"language":"ENG","playtime":4553,"items_purged":["Regret","champ:Defend"],"score":531,"play_id":"3995ee40-3aec-4080-a50f-7a19ae5a9e07","local_time":"20210129164808","is_ascension_mode":false,"campfire_choices":[{"floor":1,"key":"RECALL"},{"data":"champ:Execute","floor":9,"key":"SMITH"},{"floor":13,"key":"REST"},{"data":"champ:DefensiveShout","floor":18,"key":"SMITH"},{"data":"champ:TripleStrike","floor":23,"key":"SMITH"},{"data":"champ:Improvising","floor":28,"key":"SMITH"},{"data":"champ:RisingSlash","floor":35,"key":"SMITH"},{"data":"champ:RisingSlash","floor":40,"key":"SMITH"},{"floor":45,"key":"REST"},{"floor":47,"key":"REST"}],"circlet_count":0,"master_deck":["champ:Strike","champ:Strike","champ:Strike","champ:Defend","champ:Defend","champ:Defend","champ:Execute+1","champ:Taunt+1","champ:FocusedBerserking","champ:TornadoPunch","champ:CrookedStrike","champ:RisingSlash+1","champ:DefensiveShout","champ:Devastate","champ:DefensiveShout+1","champ:RisingSlash+1","champ:GladiatorForm+1","champ:PerfectedStrike","champ:TripleStrike+1","champ:Parry+1","champ:ArenaPreparation+1","champ:Circumvent+1","champ:Endure","champ:FocusedDefense","champ:Improvising+1","champ:FocusedDefense","champ:ShieldSlam+1","champ:SetATrap+1","champ:HeartStrike+1","champ:VampiricStrike","champ:CalledShot+1","champ:RecklessLeap","champ:TornadoPunch","champ:Parry+1","champ:HeartStrike+1","champ:BerserkersShout+1","champ:CheapShot","champ:FanOfKnives+1","champ:EndlessRage+1"],"relics":["champ:ChampionCrown","Kunai","Nunchaku","Boot","hubris:ScarierMask","downfall:HeartBlessingRed","hubris:PeanutButter","Ornamental Fan","Philosopher\u0027s Stone","Sling"],"acts_visited":["Exordium","TheCity","TheBeyond"],"potions_floor_usage":[16,16,50,50,50],"damage_taken":[{"damage":13,"enemies":"2 Louse","floor":2,"turns":3},{"damage":19,"enemies":"downfall:FleeingMerchant","floor":4,"turns":4},{"damage":10,"enemies":"Cultist","floor":5,"turns":3},{"damage":3,"enemies":"Jaw Worm","floor":6,"turns":3},{"damage":39,"enemies":"Lagavulin","floor":8,"turns":5},{"damage":17,"enemies":"2 Fungi Beasts","floor":10,"turns":2},{"damage":6,"enemies":"Red Slaver","floor":11,"turns":3},{"damage":35,"enemies":"Gremlin Gang","floor":12,"turns":5},{"damage":0,"enemies":"2 Fungi Beasts","floor":15,"turns":2},{"damage":116,"enemies":"DF_ARCHETYPE_STREAMLINE","floor":16,"turns":12},{"damage":26,"enemies":"Chosen","floor":19,"turns":4},{"damage":22,"enemies":"Shell Parasite","floor":21,"turns":3},{"damage":35,"enemies":"Chosen and Byrds","floor":22,"turns":4},{"damage":5,"enemies":"Snake Plant","floor":25,"turns":4},{"damage":0,"enemies":"Centurion and Healer","floor":26,"turns":2},{"damage":37,"enemies":"downfall:FleeingMerchant","floor":27,"turns":4},{"damage":0,"enemies":"Snecko","floor":29,"turns":2},{"damage":12,"enemies":"Sentry and Sphere","floor":30,"turns":1},{"damage":22,"enemies":"Chosen and Byrds","floor":31,"turns":3},{"damage":39,"enemies":"Snecko","floor":32,"turns":5},{"damage":12,"enemies":"IC_MUSHROOM_ARCHETYPE","floor":33,"turns":5},{"damage":32,"enemies":"3 Darklings","floor":36,"turns":2},{"damage":37,"enemies":"3 Shapes","floor":39,"turns":2},{"damage":18,"enemies":"Transient","floor":42,"turns":5},{"damage":17,"enemies":"downfall:FleeingMerchant","floor":43,"turns":4},{"damage":30,"enemies":"Writhing Mass","floor":44,"turns":4},{"damage":48,"enemies":"4 Shapes","floor":46,"turns":5},{"damage":29,"enemies":"Transient","floor":48,"turns":5},{"damage":29,"enemies":"3 Darklings","floor":49,"turns":3},{"damage":131,"enemies":"WA_ARCHETYPE_DIVINITY","floor":50,"turns":7}],"seed_played":"8790663829859517412","potions_obtained":[{"floor":5,"key":"Guardian:BlockOnCardUsePotion"},{"floor":10,"key":"SkillPotion"},{"floor":11,"key":"champ:UltimateStancePotion"},{"floor":15,"key":"Regen Potion"},{"floor":16,"key":"Strength Potion"},{"floor":22,"key":"GamblersBrew"},{"floor":39,"key":"Slimebound:ThreeZeroPotion"}],"is_trial":false,"path_per_floor":["R","M","?","$","M","M","T","E","R","M","M","M","R","?","M","B",null,"R","M","?","M","M","R","T","M","M","$","R","M","M","M","M","B",null,"R","M","?","?","M","R","T","M","$","M","R","M","R","M","M","B"],"character_chosen":"THE_CHAMP","items_purchased":["champ:CrookedStrike","Kunai","Ornamental Fan","Sling"],"campfire_rested":3,"item_purchase_floors":[4,4,27,43],"current_hp_per_floor":[99,96,96,92,92,89,89,75,75,68,62,42,71,71,71,9,99,99,98,98,86,76,76,76,71,71,64,64,64,72,75,61,69,99,99,99,99,99,87,87,87,69,72,52,81,48,77,68,59,0,0,0],"gold":60,"neow_bonus":"TEN_PERCENT_HP_BONUS","is_daily":false,"chose_seed":false,"campfire_upgraded":6,"win_rate":0.0,"timestamp":1611956888,"path_taken":["R","M","?","$","M","?","T","E","R","?","M","M","R","?","M","BOSS","R","M","?","M","?","R","T","?","M","$","R","M","M","M","M","BOSS","R","M","?","?","M","R","T","M","$","M","R","M","R","M","M","BOSS"],"items_purchased_type":["Card","Relic","Relic","Relic"],"build_version":"2020-12-22","purchased_purges":2,"victory":false,"max_hp_per_floor":[99,99,99,99,99,99,99,99,99,99,99,99,99,99,99,99,99,99,99,99,99,99,99,99,99,99,99,99,99,99,99,99,99,99,99,99,99,99,99,99,99,99,99,99,99,99,99,99,99,99,99,99],"card_choices":[{"not_picked":["champ:SetATrap","champ:PreemptiveStrike"],"picked":"champ:FocusedBerserking","floor":2},{"not_picked":["champ:Backstep","champ:FanOfKnives"],"picked":"champ:TornadoPunch","floor":4},{"not_picked":["champ:StanceDance","champ:RapidStrikes"],"picked":"champ:RisingSlash","floor":5},{"not_picked":["champ:Lariat","champ:GutPunch"],"picked":"champ:DefensiveShout","floor":6},{"not_picked":["champ:FlashCut","champ:SetATrap"],"picked":"champ:Devastate","floor":8},{"not_picked":["champ:BringItOn","champ:Circumvent"],"picked":"champ:DefensiveShout","floor":10},{"not_picked":["champ:BladeFlurry","champ:Duel"],"picked":"champ:RisingSlash","floor":11},{"not_picked":["champ:CrownThrow","champ:BladeFlurry"],"picked":"champ:GladiatorForm","floor":12},{"not_picked":["champ:Shatter","champ:PreciseThrust"],"picked":"champ:PerfectedStrike","floor":15},{"not_picked":["champ:Improvising","champ:VampiricStrike"],"picked":"champ:TripleStrike","floor":16},{"not_picked":["champ:PreemptiveStrike+1","champ:Backstep"],"picked":"champ:Parry+1","floor":19},{"not_picked":["champ:Shatter+1","champ:FancyFootwork"],"picked":"champ:ArenaPreparation+1","floor":21},{"not_picked":["champ:FocusedBerserking","champ:Backstep+1"],"picked":"champ:Circumvent+1","floor":22},{"not_picked":["champ:StanceDance+1","champ:EnGarde"],"picked":"champ:Endure","floor":25},{"not_picked":["champ:TornadoPunch","champ:ShieldWall"],"picked":"champ:FocusedDefense","floor":26},{"not_picked":["champ:Backstep","champ:BringItOn"],"picked":"champ:Improvising","floor":27},{"not_picked":["champ:Shatter","champ:PreciseThrust"],"picked":"champ:FocusedDefense","floor":29},{"not_picked":["champ:FanOfKnives","champ:StanceDance+1"],"picked":"champ:ShieldSlam+1","floor":30},{"not_picked":["champ:Duel","champ:BladeFlurry"],"picked":"champ:SetATrap+1","floor":31},{"not_picked":["champ:PreciseThrust+1","champ:Shatter"],"picked":"champ:HeartStrike+1","floor":32},{"not_picked":["champ:Devastate","champ:MurderStrike"],"picked":"champ:VampiricStrike","floor":33},{"not_picked":["champ:Duel+1","champ:RecklessLeap+1"],"picked":"champ:CalledShot","floor":36},{"not_picked":["champ:PerfectedStrike","champ:Shatter"],"picked":"champ:TornadoPunch","floor":39},{"not_picked":["champ:TornadoPunch+1","champ:StanceDance"],"picked":"champ:Parry+1","floor":42},{"not_picked":["champ:Endure","champ:Circumvent"],"picked":"champ:HeartStrike+1","floor":43},{"not_picked":["champ:CrownThrow","champ:GutPunch"],"picked":"champ:BerserkersShout+1","floor":44},{"not_picked":["champ:Shatter+1","champ:PreemptiveStrike"],"picked":"champ:CheapShot","floor":46},{"not_picked":["champ:FlashCut","champ:Lariat+1"],"picked":"champ:FanOfKnives+1","floor":48},{"not_picked":["champ:TornadoPunch","champ:PreciseThrust"],"picked":"champ:EndlessRage+1","floor":49}],"player_experience":88676,"relics_obtained":[{"floor":7,"key":"Nunchaku"},{"floor":8,"key":"Boot"},{"floor":24,"key":"hubris:PeanutButter"}],"event_choices":[{"damage_healed":0,"gold_gain":0,"player_choice":"Grow","damage_taken":0,"max_hp_gain":0,"max_hp_loss":0,"event_name":"Living Wall","floor":14,"gold_loss":0,"cards_upgraded":["champ:GladiatorForm"]},{"damage_healed":0,"gold_gain":0,"player_choice":"Forge","damage_taken":0,"max_hp_gain":0,"max_hp_loss":0,"event_name":"Accursed Blacksmith","floor":20,"gold_loss":0,"cards_upgraded":["champ:Taunt"]}],"is_beta":false,"boss_relics":[{"not_picked":["SacredBark","Fusion Hammer"],"picked":"hubris:ScarierMask"},{"not_picked":["Busted Crown","hubris:Stopwatch"],"picked":"Philosopher\u0027s Stone"}],"items_purged_floors":[4,43],"is_endless":false,"potions_floor_spawned":[5,10,11,15,16,22,29,31,32,39],"killed_by":"WA_ARCHETYPE_DIVINITY","ascension_level":0}}