{"host":"50qwps766cbz6ukm","time":1611921774,"event":{"mods":["BaseMod","Colored Map","Colored Powertips","DeckTracker","Highlight Path","Minty Spire (QoL Compilation)","Quick Restart","Remove Card Discount Mod","StSLib","SuperFastMode","Synergy Search"],"gold_per_floor":[113,113,129,129,129,129,140,140,140,153,173,110,129,149,149,149,149],"floor_reached":16,"language":"ENG","playtime":510,"items_purged":["Defend_P","Strike_P","Defend_P","Strike_P","Strike_P"],"score":127,"play_id":"8a08ff47-eddd-4918-a7f5-3b4cdd5a44f3","local_time":"20210129140254","is_ascension_mode":true,"campfire_choices":[{"data":"Eruption","floor":6,"key":"SMITH"},{"data":"Vigilance","floor":8,"key":"SMITH"},{"floor":15,"key":"REST"}],"circlet_count":0,"master_deck":["Strike_P","Defend_P","Defend_P","Eruption+1","Vigilance+1","Evaluate","BattleHymn","FlurryOfBlows","EmptyBody","Adaptation","FlurryOfBlows","ClearTheMind","Protect"],"relics":["PureWater","Bag of Preparation","Pocketwatch","Question Card","Bottled Tornado"],"acts_visited":["Exordium"],"potions_floor_usage":[16],"damage_taken":[{"damage":0,"enemies":"Small Slimes","floor":1,"turns":3},{"damage":5,"enemies":"Jaw Worm","floor":3,"turns":4},{"damage":0,"enemies":"Cultist","floor":7,"turns":2},{"damage":5,"enemies":"Looter","floor":10,"turns":3},{"damage":1,"enemies":"Red Slaver","floor":11,"turns":3},{"damage":25,"enemies":"Lots of Slimes","floor":13,"turns":4},{"damage":0,"enemies":"Exordium Thugs","floor":14,"turns":3},{"damage":44,"enemies":"The Guardian","floor":16,"turns":9}],"seed_played":"-5116600631499250749","potions_obtained":[{"floor":1,"key":"Fire Potion"},{"floor":13,"key":"EssenceOfSteel"}],"is_trial":false,"path_per_floor":["M","?","M","?","?","R","M","R","T","M","M","$","M","M","R","B"],"character_chosen":"WATCHER","items_purchased":["FlurryOfBlows"],"campfire_rested":1,"item_purchase_floors":[12],"current_hp_per_floor":[65,58,53,53,53,53,53,53,53,48,47,47,22,22,43,0,0],"gold":149,"neow_bonus":"RANDOM_COMMON_RELIC","is_daily":false,"chose_seed":false,"campfire_upgraded":2,"win_rate":0.0,"timestamp":1611921774,"path_taken":["M","?","M","?","?","R","?","R","T","M","M","$","M","M","R","BOSS"],"items_purchased_type":["Card"],"build_version":"2020-12-22","purchased_purges":5,"victory":false,"max_hp_per_floor":[72,72,72,72,72,72,72,72,72,72,72,72,72,72,72,72,72],"card_choices":[{"not_picked":["Vengeance","Crescendo"],"picked":"Evaluate","floor":1},{"not_picked":["Halt","WaveOfTheHand"],"picked":"BattleHymn","floor":3},{"not_picked":["Protect","ThirdEye","ForeignInfluence"],"picked":"FlurryOfBlows","floor":7},{"not_picked":["Halt","Wish","Pray"],"picked":"EmptyBody","floor":10},{"not_picked":["ReachHeaven","ClearTheMind","ThirdEye"],"picked":"Adaptation","floor":11},{"not_picked":["Pray","DeceiveReality","CrushJoints"],"picked":"ClearTheMind","floor":13},{"not_picked":["WaveOfTheHand","Crescendo","ReachHeaven"],"picked":"Protect","floor":14}],"player_experience":576375,"relics_obtained":[{"floor":9,"key":"Bottled Tornado"}],"event_choices":[{"damage_healed":0,"gold_gain":0,"player_choice":"Success","damage_taken":7,"relics_obtained":["Pocketwatch"],"max_hp_gain":0,"max_hp_loss":0,"event_name":"Scrap Ooze","floor":2,"gold_loss":0},{"damage_healed":0,"gold_gain":0,"player_choice":"Leave","damage_taken":0,"max_hp_gain":0,"max_hp_loss":0,"event_name":"The Cleric","floor":4,"gold_loss":0},{"damage_healed":0,"gold_gain":0,"player_choice":"Gave Potion","damage_taken":0,"relics_obtained":["Question Card"],"max_hp_gain":0,"max_hp_loss":0,"event_name":"WeMeetAgain","floor":5,"gold_loss":0}],"is_beta":false,"boss_relics":[],"items_purged_floors":[12,12,12,12,12],"is_endless":false,"potions_floor_spawned":[1,13],"killed_by":"The Guardian","ascension_level":7}}