{"host":"9n6i2vl93jt4o42q","time":1611939377,"event":{"mods":["BaseMod","Minty Spire (QoL Compilation)","Relic Stats"],"gold_per_floor":[110,55,66,66,141,141,141,141,141,170,44,44,72,87,87,159,159,171,6,6,23,37,37,70,70,93,93,34,49,84,84,84,156,156,172,191,191,204,204,204,214,243,316,316,330,330,330,346,346,346,346,346],"floor_reached":51,"language":"ENG","playtime":6318,"items_purged":["Strike_R"],"score":1342,"play_id":"9769fcaa-1d66-49a8-91a0-ac5ede3f1e08","local_time":"20210129175617","is_ascension_mode":true,"campfire_choices":[{"data":"Uppercut","floor":6.0,"key":"SMITH"},{"data":"Anger","floor":8.0,"key":"SMITH"},{"data":"Pommel Strike","floor":15.0,"key":"SMITH"},{"data":"Dark Embrace","floor":23.0,"key":"SMITH"},{"data":"Cleave","floor":25.0,"key":"SMITH"},{"data":"Feel No Pain","floor":27.0,"key":"SMITH"},{"data":"Bash","floor":32.0,"key":"SMITH"},{"floor":40.0,"key":"RECALL"},{"floor":44,"key":"REST"},{"floor":46,"key":"REST"},{"floor":49,"key":"REST"}],"circlet_count":0,"master_deck":["AscendersBane","Strike_R","Strike_R","Strike_R","Defend_R","Defend_R","Defend_R","Defend_R","Bash+1","Uppercut+1","Anger+1","Pommel Strike+1","Rage+1","Cleave+1","Feel No Pain+1","Headbutt","Double Tap+1","Warcry+1","Dark Embrace+1","Havoc+1","True Grit+1","Shrug It Off+1","Reaper","Impervious+1","Shrug It Off+1","Wild Strike+1","Shrug It Off+1","Carnage+1","Enlightenment+1","Transmutation+1","Sadistic Nature","Clash+1"],"relics":["Burning Blood","MealTicket","Toxic Egg 2","Lantern","Bronze Scales","Philosopher\u0027s Stone","Enchiridion","Meat on the Bone","PreservedInsect","Bottled Flame","Fusion Hammer","Champion Belt"],"acts_visited":["Exordium","TheCity","TheBeyond"],"potions_floor_usage":[42,51,51],"damage_taken":[{"damage":6.0,"enemies":"2 Louse","floor":1.0,"turns":3.0},{"damage":7.0,"enemies":"Cultist","floor":3.0,"turns":4.0},{"damage":20.0,"enemies":"Lagavulin","floor":10.0,"turns":5.0},{"damage":28.0,"enemies":"Gremlin Nob","floor":13.0,"turns":5.0},{"damage":9.0,"enemies":"Small Slimes","floor":14.0,"turns":2.0},{"damage":5.0,"enemies":"Hexaghost","floor":16.0,"turns":8.0},{"damage":0.0,"enemies":"Chosen","floor":18.0,"turns":3.0},{"damage":13.0,"enemies":"3 Byrds","floor":21.0,"turns":3.0},{"damage":4.0,"enemies":"Centurion and Healer","floor":22.0,"turns":5.0},{"damage":36.0,"enemies":"Gremlin Leader","floor":24.0,"turns":4.0},{"damage":8.0,"enemies":"3 Cultists","floor":29.0,"turns":4.0},{"damage":4.0,"enemies":"Book of Stabbing","floor":30.0,"turns":3.0},{"damage":48.0,"enemies":"Automaton","floor":33.0,"turns":10.0},{"damage":29.0,"enemies":"3 Darklings","floor":35.0,"turns":7.0},{"damage":0.0,"enemies":"Orb Walker","floor":36.0,"turns":3.0},{"damage":16.0,"enemies":"Jaw Worm Horde","floor":38.0,"turns":4.0},{"damage":32.0,"enemies":"Transient","floor":41.0,"turns":6.0},{"damage":52,"enemies":"Giant Head","floor":42,"turns":9},{"damage":22,"enemies":"3 Darklings","floor":45,"turns":8},{"damage":18,"enemies":"Spire Growth","floor":48,"turns":3},{"damage":61,"enemies":"Donu and Deca","floor":50,"turns":8},{"damage":62,"enemies":"Awakened One","floor":51,"turns":3}],"seed_played":"-906840302317182817","potions_obtained":[{"floor":1.0,"key":"Block Potion"},{"floor":10.0,"key":"Weak Potion"},{"floor":14.0,"key":"SteroidPotion"},{"floor":22.0,"key":"Swift Potion"},{"floor":29.0,"key":"BlessingOfTheForge"},{"floor":33.0,"key":"SkillPotion"},{"floor":45,"key":"Dexterity Potion"}],"is_trial":false,"path_per_floor":["M","$","M","?","?","R","?","R","T","E","$","?","E","M","R","B",null,"M","$","?","M","M","R","E","R","T","R","$","M","E","?","R","B",null,"M","M","?","M","?","R","M","E","T","R","M","R","?","M","R","B","B"],"character_chosen":"IRONCLAD","items_purchased":["Anger","Cleave","Warcry+1","Dark Embrace","Havoc+1","Shrug It Off+1"],"campfire_rested":3,"item_purchase_floors":[2,11,19,19,19,28],"current_hp_per_floor":[75,75,74,56,45,45,50,50,50,36,51,51,29,26,26,27,72,78,87,66,59,61,61,31,31,31,31,46,56,58,58,58,28,72,62,74,74,64,64,64,50,34,34,58,49,73,63,51,75,51,0,0],"gold":346,"neow_bonus":"TEN_PERCENT_HP_BONUS","is_daily":false,"chose_seed":false,"campfire_upgraded":7,"win_rate":0.0,"timestamp":1611939377,"path_taken":["M","$","M","?","?","R","?","R","T","E","$","?","E","?","R","BOSS","M","$","?","M","M","R","E","R","T","R","$","M","E","?","R","BOSS","M","M","?","?","?","R","M","E","T","R","M","R","?","M","R","BOSS","BOSS"],"items_purchased_type":["Card","Card","Card","Card","Card","Card"],"build_version":"2020-12-22","purchased_purges":1,"victory":false,"max_hp_per_floor":[82,82,82,82,82,82,87,87,87,87,87,87,87,87,87,87,87,87,87,87,87,87,87,87,87,87,87,87,87,87,87,87,87,87,87,87,87,87,83,83,83,83,83,83,83,83,83,83,83,83,83,83],"relic_stats":{"counters":[22,110],"Bronze Scales":[287],"MealTicket":39,"PreservedInsect":206,"Champion Belt":[10],"obtain_stats":[{"Lantern":10,"Bottled Flame":30,"Bronze Scales":13,"Enchiridion":20,"MealTicket":4,"Philosopher\u0027s Stone":17,"PreservedInsect":26,"Fusion Hammer":34,"Champion Belt":42,"Toxic Egg 2":9,"Burning Blood":0,"Meat on the Bone":24},{"Lantern":3,"Bottled Flame":12,"Bronze Scales":4,"Enchiridion":7,"MealTicket":2,"Philosopher\u0027s Stone":6,"PreservedInsect":10,"Fusion Hammer":13,"Champion Belt":18,"Toxic Egg 2":2,"Burning Blood":0,"Meat on the Bone":10},{"Lantern":12,"Bottled Flame":49,"Bronze Scales":17,"Enchiridion":30,"MealTicket":7,"Philosopher\u0027s Stone":27,"PreservedInsect":42,"Fusion Hammer":59,"Champion Belt":88,"Toxic Egg 2":7,"Burning Blood":0,"Meat on the Bone":42}],"Burning Blood":126,"Meat on the Bone":60},"card_choices":[{"not_picked":["Clothesline","Fire Breathing"],"picked":"Uppercut","floor":1.0},{"not_picked":["Clash","Iron Wave"],"picked":"Pommel Strike","floor":3.0},{"not_picked":["Body Slam","Cleave"],"picked":"Rage+1","floor":10.0},{"not_picked":["Wild Strike","Cleave"],"picked":"Feel No Pain","floor":13.0},{"not_picked":["Perfected Strike","Fire Breathing"],"picked":"Headbutt","floor":14.0},{"not_picked":["Impervious+1","Juggernaut"],"picked":"Double Tap+1","floor":16.0},{"not_picked":["Perfected Strike","Blood for Blood","Carnage"],"picked":"SKIP","floor":18.0},{"not_picked":["Pommel Strike","Havoc+1"],"picked":"True Grit+1","floor":21.0},{"not_picked":["Heavy Blade","Clothesline","Perfected Strike"],"picked":"SKIP","floor":22.0},{"not_picked":["Perfected Strike","Rage+1","Anger"],"picked":"SKIP","floor":24.0},{"not_picked":["Headbutt","Dropkick","Flex+1"],"picked":"SKIP","floor":29.0},{"not_picked":["Double Tap+1","Sword Boomerang"],"picked":"Reaper","floor":30.0},{"not_picked":["Corruption","Double Tap+1"],"picked":"Impervious+1","floor":33.0},{"not_picked":["Wild Strike+1","Sentinel+1"],"picked":"Shrug It Off+1","floor":35.0},{"not_picked":["Armaments+1","Iron Wave"],"picked":"Wild Strike+1","floor":36.0},{"not_picked":["Rage+1","Seeing Red+1"],"picked":"Shrug It Off+1","floor":38.0},{"not_picked":["Thunderclap","Cleave","Twin Strike"],"picked":"SKIP","floor":41.0},{"not_picked":["Rupture","Wild Strike","Evolve+1"],"picked":"SKIP","floor":42},{"not_picked":["Twin Strike+1","Intimidate+1"],"picked":"Carnage+1","floor":45},{"not_picked":["Magnetism","Forethought+1"],"picked":"Enlightenment+1","floor":47},{"not_picked":["Madness+1","Thinking Ahead+1"],"picked":"Transmutation+1","floor":47},{"not_picked":["Enlightenment+1","Swift Strike"],"picked":"Sadistic Nature","floor":47},{"not_picked":["Twin Strike+1","Fire Breathing"],"picked":"Clash+1","floor":48}],"player_experience":2323764,"relics_obtained":[{"floor":9.0,"key":"Toxic Egg 2"},{"floor":10.0,"key":"Lantern"},{"floor":13.0,"key":"Bronze Scales"},{"floor":20.0,"key":"Enchiridion"},{"floor":24.0,"key":"Meat on the Bone"},{"floor":26.0,"key":"PreservedInsect"},{"floor":30.0,"key":"Bottled Flame"},{"floor":42,"key":"Champion Belt"}],"event_choices":[{"damage_healed":0.0,"max_hp_gain":0.0,"max_hp_loss":0.0,"gold_gain":0.0,"event_name":"Scrap Ooze","player_choice":"Success","floor":4.0,"gold_loss":0.0,"damage_taken":18.0,"relics_obtained":["MealTicket"]},{"damage_healed":0.0,"max_hp_gain":0.0,"max_hp_loss":0.0,"gold_gain":75.0,"event_name":"World of Goop","player_choice":"Gather Gold","floor":5.0,"gold_loss":0.0,"damage_taken":11.0},{"damage_healed":0.0,"max_hp_gain":5.0,"max_hp_loss":0.0,"gold_gain":0.0,"event_name":"Big Fish","player_choice":"Donut","floor":7.0,"gold_loss":0.0,"damage_taken":0.0},{"cards_removed":["Strike_R"],"damage_healed":0.0,"max_hp_gain":0.0,"max_hp_loss":0.0,"gold_gain":0.0,"event_name":"Purifier","player_choice":"Purged","floor":12.0,"gold_loss":0.0,"damage_taken":0.0},{"damage_healed":0.0,"max_hp_gain":0.0,"max_hp_loss":0.0,"gold_gain":0.0,"event_name":"Cursed Tome","player_choice":"Obtained Book","floor":20.0,"gold_loss":0.0,"damage_taken":21.0},{"damage_healed":0.0,"max_hp_gain":0.0,"max_hp_loss":0.0,"gold_gain":0.0,"event_name":"The Mausoleum","player_choice":"Ignored","floor":31.0,"gold_loss":0.0,"damage_taken":0.0},{"damage_healed":0.0,"max_hp_gain":0.0,"max_hp_loss":0.0,"gold_gain":0.0,"event_name":"SecretPortal","player_choice":"Ignored","floor":37.0,"gold_loss":0.0,"damage_taken":0.0},{"damage_healed":0.0,"max_hp_gain":0.0,"max_hp_loss":4.0,"gold_gain":0.0,"event_name":"Winding Halls","player_choice":"Max HP","floor":39.0,"gold_loss":0.0,"damage_taken":0.0},{"damage_healed":0,"gold_gain":0,"player_choice":"Memory 3","damage_taken":10,"max_hp_gain":0,"max_hp_loss":0,"event_name":"SensoryStone","floor":47,"gold_loss":0}],"is_beta":false,"boss_relics":[{"not_picked":["Empty Cage","Black Star"],"picked":"Philosopher\u0027s Stone"},{"not_picked":["Velvet Choker","Cursed Key"],"picked":"Fusion Hammer"}],"items_purged_floors":[11],"is_endless":false,"potions_floor_spawned":[1,10,14,22,29,33,36,45],"killed_by":"Awakened One","ascension_level":20}}