{"host":"farxtl2u8hmkbdo2","time":1611947166,"event":{"mods":["A Magickal Journey","BaseMod","Better Altar","Better Note","Better Sensory Stone","Better Skull","Better Third Choice","Challenge The Spire","Colored Map","Colored Powertips","Current Relic Mod","Energized Spire","Fox Events","Gremlin Mod","Hermit","Hubris","Mimic Mod","Minty Spire (QoL Compilation)","Quick Restart","READ ME - Guardian Mod","READ ME - Snecko Mod","Rare Cards Sparkle","StSLib","The Bladedancer","The Bug Knight","The Cursed","The Disciple","The Hierophant","The Marked","The Necromancer","The Runesmith","Transform Curses"],"gold_per_floor":[14,14,114,132,159,164,164,120,120,0,0],"floor_reached":10,"language":"SPA","playtime":799,"items_purged":[],"score":100,"play_id":"96155f70-eb03-4f02-98e5-d1d3e493bb6d","local_time":"20210129160606","is_ascension_mode":true,"campfire_choices":[{"data":"hierophant:PristineSoul","floor":7,"key":"SMITH"}],"circlet_count":0,"master_deck":["hierophant:Strike_Hierophant","hierophant:Strike_Hierophant","hierophant:Strike_Hierophant","hierophant:Punish","hierophant:Defend_Hierophant","hierophant:Defend_Hierophant","hierophant:ChurchCoffers","hierophant:PristineSoul+1","hierophant:Doubloon","hierophant:Dazzle","hierophant:Patience","hierophant:RustyCrate","hierophant:Doubloon","hierophant:Doubloon","hierophant:SolarFlare","hierophant:Doubloon","hierophant:Refuge"],"relics":["hierophant:PropheticMaskRelic","Girya","Question Card"],"acts_visited":["Exordium"],"potions_floor_usage":[],"damage_taken":[{"damage":0,"enemies":"Small Slimes","floor":1,"turns":2},{"damage":3,"enemies":"Cultist","floor":4,"turns":4},{"damage":6,"enemies":"Jaw Worm","floor":5,"turns":6},{"damage":28,"enemies":"3 Sentries","floor":6,"turns":10},{"damage":0,"enemies":"Large Slime","floor":8,"turns":8},{"damage":42,"enemies":"Lagavulin","floor":10,"turns":10}],"seed_played":"-4738046595942572230","potions_obtained":[{"floor":1,"key":"SmokeBomb"},{"floor":6,"key":"SpeedPotion"},{"floor":8,"key":"Dexterity Potion"}],"is_trial":false,"path_per_floor":["M","?","?","M","M","E","R","M","T","E"],"character_chosen":"HIEROPHANT","items_purchased":[],"campfire_rested":0,"item_purchase_floors":[],"current_hp_per_floor":[75,75,75,72,66,38,38,38,38,0,0],"gold":0,"neow_bonus":"REMOVE_TWO","is_daily":false,"chose_seed":false,"campfire_upgraded":1,"win_rate":0.0,"timestamp":1611947166,"path_taken":["M","?","?","M","M","E","R","?","T","E"],"items_purchased_type":[],"build_version":"2020-12-22","purchased_purges":0,"victory":false,"max_hp_per_floor":[75,75,75,75,75,75,75,75,75,75,75],"card_choices":[{"not_picked":["hierophant:Remorse","hierophant:Shelter"],"picked":"hierophant:PristineSoul","floor":1},{"not_picked":["hierophant:PassingBell","hierophant:DisplayOfPower"],"picked":"hierophant:Patience","floor":4},{"not_picked":["hierophant:FieryStrike","hierophant:Prophecy"],"picked":"hierophant:RustyCrate","floor":5},{"not_picked":["hierophant:Encroach","hierophant:OrnateBuckler"],"picked":"hierophant:SolarFlare","floor":6},{"not_picked":["hierophant:RepressedViolence","hierophant:Martyrdom"],"picked":"hierophant:Refuge","floor":8}],"player_experience":1952425,"relics_obtained":[{"floor":6,"key":"Girya"},{"floor":9,"key":"Question Card"}],"event_choices":[{"damage_healed":0,"gold_gain":0,"cards_transformed":["hierophant:Defend_Hierophant"],"player_choice":"Change","damage_taken":0,"max_hp_gain":0,"max_hp_loss":0,"event_name":"Living Wall","floor":2,"gold_loss":0,"cards_obtained":["hierophant:Dazzle"]},{"damage_healed":0,"gold_gain":100,"player_choice":"Pray","damage_taken":0,"max_hp_gain":0,"max_hp_loss":0,"event_name":"Golden Shrine","floor":3,"gold_loss":0}],"is_beta":false,"boss_relics":[],"items_purged_floors":[],"is_endless":false,"potions_floor_spawned":[1,6,8],"killed_by":"Lagavulin","ascension_level":2}}