{"host":"mku5fdaoqz3qihec","time":1611959034,"event":{"mods":["100% Spire Juice","2.2 Compatiblity","AchievementEnabler","Arknights The Spire","BaseMod","CapriCore","Colored Map","Colored Powertips","Hermit","Koishi","Minty Spire (QoL Compilation)","Rare Cards Sparkle","StSLib","SuperFastMode","The Cursed","The Dragon Tamer","The Gatherer","The Immortal","The Servant 0.9.3"],"gold_per_floor":[118,49,49,124,124,153,153,180,60,73,87,87,113,36,36,36,36],"floor_reached":16,"language":"KOR","playtime":272,"items_purged":["Moonworks:Strike","Moonworks:Strike"],"score":131,"play_id":"d8d294a2-4f2e-4f89-8572-0556fff512b3","local_time":"20210130072354","is_ascension_mode":false,"campfire_choices":[{"data":"Moonworks:Defend","floor":7,"key":"PURGE"},{"data":"Moonworks:Strike","floor":12,"key":"PURGE"},{"floor":15,"key":"REST"}],"circlet_count":0,"master_deck":["Moonworks:Defend","Moonworks:Defend","Moonworks:Defend","Moonworks:Ambush","Moonworks:LongDistanceShot","Moonworks:JonathanRush","Moonworks:CloudOfSeagulls","Moonworks:NicePresent","Moonworks:NicePresent","Moonworks:JonathanRush","Moonworks:ScrambledEve"],"relics":["Moonworks:BrokenBomb","Moonworks:Homemark","NeowsBlessing","Peace Pipe","Odd Mushroom","Matryoshka","StrikeDummy"],"acts_visited":["Exordium"],"potions_floor_usage":[13],"damage_taken":[{"damage":0,"enemies":"Small Slimes","floor":1,"turns":1},{"damage":0,"enemies":"3 Sentries","floor":6,"turns":2},{"damage":2,"enemies":"The Mushroom Lair","floor":8,"turns":1},{"damage":10,"enemies":"Jaw Worm","floor":10,"turns":3},{"damage":2,"enemies":"2 Louse","floor":11,"turns":2},{"damage":15,"enemies":"Lagavulin","floor":13,"turns":4},{"damage":37,"enemies":"The Guardian","floor":16,"turns":4}],"seed_played":"2595932595198075007","potions_obtained":[{"floor":8,"key":"Fire Potion"},{"floor":10,"key":"FearPotion"}],"is_trial":false,"path_per_floor":["M","$","?","?","?","E","R","?","T","M","M","R","E","$","R","B"],"character_chosen":"THE_STARBREAKER","items_purchased":["Moonworks:CloudOfSeagulls","Moonworks:JonathanRush","Moonworks:ScrambledEve"],"campfire_rested":1,"item_purchase_floors":[2,14,14],"current_hp_per_floor":[60,60,65,54,47,47,47,45,45,35,33,33,18,18,37,0,0],"gold":36,"neow_bonus":"THREE_ENEMY_KILL","is_daily":false,"chose_seed":false,"campfire_upgraded":0,"win_rate":0.0,"timestamp":1611959034,"path_taken":["M","$","?","?","?","E","R","?","T","M","M","R","E","$","R","BOSS"],"items_purchased_type":["Card","Card","Card"],"build_version":"2020-12-22","purchased_purges":2,"victory":false,"max_hp_per_floor":[60,60,65,65,65,65,65,65,65,65,65,65,65,65,65,65,65],"card_choices":[{"not_picked":["Moonworks:LulusLuckyEgg","Moonworks:SelfDestruct"],"picked":"Moonworks:JonathanRush","floor":1},{"not_picked":["Moonworks:TacticalRetreat","Moonworks:ImOnFire","Moonworks:ForcedRevival"],"picked":"SKIP","floor":6},{"not_picked":["Moonworks:Heat300Percent","Moonworks:ForcedRevival"],"picked":"Moonworks:NicePresent","floor":10},{"not_picked":["Moonworks:ExtendedPhotonRifle","Moonworks:LulusLuckyEgg","Moonworks:EvilMastermind"],"picked":"SKIP","floor":11},{"not_picked":["Moonworks:BigMagnum","Moonworks:ImOnFire"],"picked":"Moonworks:NicePresent","floor":13}],"player_experience":307841,"relics_obtained":[{"floor":6,"key":"Peace Pipe"},{"floor":8,"key":"Odd Mushroom"},{"floor":9,"key":"Matryoshka"},{"floor":13,"key":"StrikeDummy"}],"event_choices":[{"damage_healed":0,"gold_gain":0,"player_choice":"Donut","damage_taken":0,"max_hp_gain":5,"max_hp_loss":0,"event_name":"Big Fish","floor":3,"gold_loss":0},{"damage_healed":0,"gold_gain":75,"player_choice":"Gather Gold","damage_taken":11,"max_hp_gain":0,"max_hp_loss":0,"event_name":"World of Goop","floor":4,"gold_loss":0},{"cards_removed":["Moonworks:Strike"],"damage_healed":0,"gold_gain":0,"player_choice":"Card Removal","damage_taken":7,"max_hp_gain":0,"max_hp_loss":0,"event_name":"Golden Wing","floor":5,"gold_loss":0},{"damage_healed":0,"gold_gain":0,"player_choice":"Fought Mushrooms","damage_taken":0,"max_hp_gain":0,"max_hp_loss":0,"event_name":"Mushrooms","floor":8,"gold_loss":0}],"is_beta":false,"boss_relics":[],"items_purged_floors":[2,14],"is_endless":false,"potions_floor_spawned":[8,10],"killed_by":"The Guardian","ascension_level":0}}