{"host":"d54lcqy5t45er8jx","time":1611910770,"event":{"mods":["2.2 Compatiblity","BaseMod","CapriCore","Defuse TimeMaze Blight","Hermit","Hubris","Infinite Spire","Marisa£¨Ùöéë¡¡Øª×âÞÞ£©","Minty Spire (QoL Compilation)","Rare Cards Sparkle","Relic Stats","StSLib","The Animator","The Cursed","The Immortal","The Servant 0.9.4","WarShipGirlsR/??á´Ò³R mod"],"gold_per_floor":[130,100,131,151,163,163,176,251,300,311,311,311,311,343,343,441,441,465,215,228,245,36,70,70,84,84,84,112,125,125,125,125,125,125],"floor_reached":33,"language":"ENG","playtime":1477,"items_purged":["animator:Strike","animator:Strike","animator:Strike"],"score":269,"play_id":"cdf2d893-f86b-4d8f-a383-36e8386b7138","local_time":"20210129175930","is_ascension_mode":false,"campfire_choices":[{"data":"animator:Hitei","floor":6,"key":"SMITH"},{"data":"animator:Mitsuba","floor":11,"key":"SMITH"},{"data":"animator:ZankiKiguchi","floor":13,"key":"SMITH"},{"data":"animator:Mikaela","floor":15,"key":"SMITH"},{"data":"animator:CrowleyEusford","floor":24,"key":"SMITH"},{"data":"animator:UneriGinkaku","floor":27,"key":"SMITH"},{"data":"animator:IchigoKurosaki","floor":30,"key":"SMITH"},{"data":"animator:Aqua","floor":32,"key":"SMITH"}],"circlet_count":0,"master_deck":["animator:Strike_OwariNoSeraph","animator:Defend_OwariNoSeraph","animator:Defend","animator:Defend","animator:Defend","animator:Shinoa","animator:Mikaela","animator:Cirno","animator:Vanir","animator:Mikaela+1","animator:Mikaela","animator:Yuuichirou","animator:Hitei+1","animator:Mitsuba+1","animator:ZankiKiguchi+1","animator:Vanir","animator:Ainz","animator:CrowleyEusford+1","animator:IchigoKurosaki+1","animator:Shigure","animator:Aqua+1","animator:Mitsurugi","animator:UneriGinkaku+1","animator:YuiTsuruno"],"relics":["animator:LivingPicture","animator:TheMissingPiece","Vajra","Letter Opener","hubris:ScarierMask","Membership Card","animator:HallowedScabbard","Bag of Preparation","Singing Bowl","Frozen Eye"],"acts_visited":["Exordium","TheCity"],"potions_floor_usage":[14,28,28,28,33,33],"damage_taken":[{"damage":0,"enemies":"Jaw Worm","floor":1,"turns":5},{"damage":0,"enemies":"2 Louse","floor":3,"turns":2},{"damage":0,"enemies":"Cultist","floor":4,"turns":3},{"damage":0,"enemies":"Large Slime","floor":5,"turns":7},{"damage":2,"enemies":"Exordium Thugs","floor":7,"turns":5},{"damage":0,"enemies":"Exordium Wildlife","floor":10,"turns":3},{"damage":2,"enemies":"3 Sentries","floor":14,"turns":5},{"damage":37,"enemies":"The Guardian","floor":16,"turns":9},{"damage":2,"enemies":"Shell Parasite","floor":18,"turns":4},{"damage":3,"enemies":"2 Thieves","floor":20,"turns":2},{"damage":0,"enemies":"Sentry and Sphere","floor":21,"turns":2},{"damage":26,"enemies":"Nightmare","floor":23,"turns":6},{"damage":0,"enemies":"Cultist and Chosen","floor":25,"turns":2},{"damage":10,"enemies":"Snake Plant","floor":28,"turns":2},{"damage":1,"enemies":"Shelled Parasite and Fungi","floor":29,"turns":3},{"damage":59,"enemies":"Automaton","floor":33,"turns":6}],"seed_played":"6195979782468235000","potions_obtained":[{"floor":3,"key":"Energy Potion"},{"floor":7,"key":"Weak Potion"},{"floor":14,"key":"animator:FalseLifePotion"},{"floor":16,"key":"Explosive Potion"},{"floor":20,"key":"Energy Potion"},{"floor":21,"key":"EntropicBrew"},{"floor":28,"key":"ColorlessPotion"}],"is_trial":false,"path_per_floor":["M","?","M","M","M","R","M","?","T","M","R","?","R","E","R","B",null,"M","$","M","M","$","NM","R","M","T","R","M","M","R","AVR","R","B"],"character_chosen":"THE_ANIMATOR","items_purchased":["Membership Card","animator:IchigoKurosaki","animator:Shigure","animator:HallowedScabbard","animator:Mitsurugi"],"campfire_rested":0,"item_purchase_floors":[19,19,19,22,22],"current_hp_per_floor":[66,66,66,66,67,67,65,54,54,54,54,54,54,52,52,15,67,65,65,63,65,65,51,51,53,53,53,43,46,46,46,46,0,0],"gold":125,"neow_bonus":"RANDOM_COLORLESS","is_daily":false,"chose_seed":false,"campfire_upgraded":8,"win_rate":0.0,"timestamp":1611910770,"path_taken":["M","?","M","?","M","R","M","?","T","M","R","?","R","E","R","BOSS","M","$","?","M","$","NM","R","M","T","R","M","M","R","AVR","R","BOSS"],"items_purchased_type":["Relic","Card","Card","Relic","Card"],"build_version":"2020-12-22","purchased_purges":3,"victory":false,"max_hp_per_floor":[66,66,66,66,67,67,67,67,67,67,67,67,67,67,67,67,67,67,67,68,68,68,68,68,68,68,68,68,70,70,70,70,70,70],"relic_stats":{"Singing Bowl":2,"counters":[16,66],"Bag of Preparation":[8],"Letter Opener":[10],"obtain_stats":[{"Frozen Eye":31,"Singing Bowl":26,"animator:TheMissingPiece":0,"Vajra":9,"hubris:ScarierMask":17,"animator:LivingPicture":0,"Bag of Preparation":23,"Letter Opener":14,"Membership Card":19,"animator:HallowedScabbard":22},{"Frozen Eye":15,"Singing Bowl":13,"animator:TheMissingPiece":0,"Vajra":5,"hubris:ScarierMask":8,"animator:LivingPicture":0,"Bag of Preparation":12,"Letter Opener":7,"Membership Card":9,"animator:HallowedScabbard":11},{"Frozen Eye":60,"Singing Bowl":55,"animator:TheMissingPiece":0,"Vajra":22,"hubris:ScarierMask":39,"animator:LivingPicture":0,"Bag of Preparation":53,"Letter Opener":30,"Membership Card":43,"animator:HallowedScabbard":47}]},"card_choices":[{"not_picked":["animator:QuestionMark","animator:Kuroyukihime"],"picked":"animator:Cirno","floor":0},{"not_picked":["animator:WinryRockbell","animator:MaesHughes"],"picked":"animator:Vanir","floor":1},{"not_picked":[],"picked":"animator:Mikaela","floor":2},{"not_picked":[],"picked":"animator:Mikaela","floor":2},{"not_picked":["animator:Azekura","animator:Emonzaemon"],"picked":"animator:Yuuichirou","floor":3},{"not_picked":["animator:Lu","animator:ElricAlphonse"],"picked":"animator:Hitei","floor":4},{"not_picked":["animator:Yoichi","animator:Yuuichirou"],"picked":"animator:Mitsuba","floor":5},{"not_picked":["animator:ElricEdward","animator:Togame"],"picked":"animator:ZankiKiguchi","floor":7},{"not_picked":["animator:Sebas","animator:Demiurge"],"picked":"animator:Vanir","floor":10},{"not_picked":["animator:SuzuneAmano","animator:Cocytus","animator:Elsword"],"picked":"SKIP","floor":14},{"not_picked":["animator:Elesis","animator:HomuraAkemi"],"picked":"animator:Ainz","floor":16},{"not_picked":["animator:Yoichi","animator:Mitsuba"],"picked":"animator:CrowleyEusford","floor":18},{"not_picked":["animator:Azekura","animator:ElricEdward"],"picked":"animator:Aqua","floor":20},{"not_picked":["animator:ElricAlphonse","animator:RoyMustang+1","animator:Kazuma"],"picked":"SKIP","floor":21},{"not_picked":["animator:Add","animator:ZankiKiguchi","animator:Elsword"],"picked":"SKIP","floor":23},{"not_picked":["animator:Azekura","animator:Shichika"],"picked":"animator:UneriGinkaku","floor":25},{"not_picked":["animator:Shalltear+1","animator:Mitsuba+1"],"picked":"animator:YuiTsuruno","floor":28},{"not_picked":["animator:Rena+1","animator:Nanami","animator:Emonzaemon"],"picked":"Singing Bowl","floor":29}],"player_experience":935765,"relics_obtained":[{"floor":9,"key":"Vajra"},{"floor":14,"key":"Letter Opener"},{"floor":23,"key":"Bag of Preparation"},{"floor":26,"key":"Singing Bowl"}],"event_choices":[{"damage_healed":0,"gold_gain":75,"player_choice":"Gather Gold","damage_taken":11,"max_hp_gain":0,"max_hp_loss":0,"event_name":"World of Goop","floor":8,"gold_loss":0},{"damage_healed":0,"gold_gain":0,"player_choice":"Bought 0 Potions","damage_taken":0,"max_hp_gain":0,"max_hp_loss":0,"event_name":"The Woman in Blue","floor":12,"gold_loss":0}],"is_beta":false,"boss_relics":[{"not_picked":["Calling Bell","hubris:RunicObelisk"],"picked":"hubris:ScarierMask"}],"items_purged_floors":[19,22,31],"is_endless":true,"potions_floor_spawned":[3,7,14,16,20,21,28],"killed_by":"Automaton","ascension_level":0}}