{"host":"h2977v3ax51ohsow","time":1611912264,"event":{"mods":["Act Like it!","BaseMod","Colored Powertips","Downfall","Koishi","Marisa£®ÏF”Í°°ƒß¿Ì…≥£©","Minty Spire (QoL Compilation)","Remilia£®¿Ÿ√◊¿Ú—«£©","Shop Mod","StSLib","The Bug Knight","The Servant 0.9.4"],"gold_per_floor":[119,134,149,168,7,39,39,114,114,114,147,160,160,171,171,275,275,295,295,295,64,64,64,64,81,105,138,158,158,192,202,202,303,303,313,313,326,16,36,69,69,85,112,152,12,31,31,31,31,31],"floor_reached":51,"language":"ZHS","playtime":3203,"items_purged":["Defend_S"],"score":855,"play_id":"c3623702-a755-482b-89ea-d7bc8e783c2f","local_time":"20210129172424","is_ascension_mode":true,"campfire_choices":[{"floor":7,"key":"REST"},{"floor":13,"key":"REST"},{"floor":15,"key":"REST"},{"floor":23,"key":"REST"},{"floor":29,"key":"REST"},{"floor":32,"key":"REST"},{"floor":41,"key":"REST"},{"floor":49,"key":"REST"}],"circlet_count":0,"master_deck":["Defend_S+1","Defend_S","Defend_S","KidneyShot","Exchange+1","TheWorld","Spin","ReturningBlade","ShatteredReality","DoubleEdge","MurderousAura","Reset","SilverBlades","Sabotage","Ricochet","MurderousAura","Spin","Slimebound:Tackle+1","Slimebound:Tackle+1","Slimebound:Tackle+1","BestPractice","Shame","MoonPhase","StarChef","Gouge+1","Advance+1","BottledTime","MoonPhase","FlawlessForm","Unruled+1","Unruled+1","Manipulate","Luminosity","Defy","Unruled","MoonPhase+1","DoubleEdge+1","InstantArmor+1","RealityMarble","Moondial+1"],"relics":["Uniform","Centennial Puzzle","Ornamental Fan","CaptainsWheel","MealTicket","Fusion Hammer","Nunchaku","Tiny Chest","ScarletDevilRocket","Bronze Scales","War Paint","Philosopher\u0027s Stone","Happy Flower","Toy Ornithopter","MawBank","Bag of Marbles","Mango"],"acts_visited":["Exordium","TheCity","TheBeyond"],"potions_floor_usage":[6,16,20,30,30,33,33,40,46,50,50],"damage_taken":[{"damage":3,"enemies":"2 Louse","floor":1,"turns":3},{"damage":4,"enemies":"Small Slimes","floor":2,"turns":4},{"damage":0,"enemies":"Cultist","floor":3,"turns":4},{"damage":31,"enemies":"Exordium Thugs","floor":4,"turns":3},{"damage":6,"enemies":"Gremlin Nob","floor":6,"turns":4},{"damage":18,"enemies":"Lagavulin","floor":11,"turns":6},{"damage":10,"enemies":"2 Fungi Beasts","floor":12,"turns":3},{"damage":13,"enemies":"Exordium Wildlife","floor":14,"turns":4},{"damage":25,"enemies":"The Guardian","floor":16,"turns":11},{"damage":23,"enemies":"Shell Parasite","floor":18,"turns":5},{"damage":0,"enemies":"2 Thieves","floor":20,"turns":1},{"damage":3,"enemies":"Snake Plant","floor":25,"turns":4},{"damage":42,"enemies":"Gremlin Leader","floor":27,"turns":5},{"damage":13,"enemies":"3 Cultists","floor":28,"turns":3},{"damage":2,"enemies":"Slavers","floor":30,"turns":3},{"damage":2,"enemies":"Shelled Parasite and Fungi","floor":31,"turns":4},{"damage":13,"enemies":"Collector","floor":33,"turns":7},{"damage":7,"enemies":"3 Darklings","floor":35,"turns":4},{"damage":15,"enemies":"3 Shapes","floor":37,"turns":4},{"damage":21,"enemies":"Spire Growth","floor":39,"turns":5},{"damage":13,"enemies":"Reptomancer","floor":40,"turns":6},{"damage":0,"enemies":"Sphere and 2 Shapes","floor":42,"turns":5},{"damage":0,"enemies":"Giant Head","floor":44,"turns":7},{"damage":18,"enemies":"Transient","floor":46,"turns":5},{"damage":20,"enemies":"Donu and Deca","floor":50,"turns":6}],"seed_played":"-7414863848750998364","potions_obtained":[{"floor":4,"key":"Block Potion"},{"floor":6,"key":"bronze:BurnAndBuffPotion"},{"floor":12,"key":"SkillPotion"},{"floor":14,"key":"SmokeBomb"},{"floor":25,"key":"Guardian:BlockOnCardUsePotion"},{"floor":27,"key":"champ:CounterPotion"},{"floor":28,"key":"Strength Potion"},{"floor":30,"key":"Regen Potion"},{"floor":39,"key":"DistilledChaos"},{"floor":40,"key":"DistilledChaos"},{"floor":46,"key":"BlessingOfTheForge"}],"is_trial":false,"path_per_floor":["M","M","M","M","$","E","R","?","T","?","E","M","R","M","R","B",null,"M","?","M","$","?","R","?","M","T","E","M","R","E","M","R","B",null,"M","?","M","$","M","E","R","M","T","E","$","M","T","$","R","B",null],"character_chosen":"THE_SERVANT","items_purchased":["MurderousAura","BestPractice","Nunchaku","Luminosity","Happy Flower","Defy","DistilledChaos","RealityMarble"],"campfire_rested":8,"item_purchase_floors":[5,21,21,38,38,38,45,45],"current_hp_per_floor":[62,58,58,27,27,21,40,29,29,29,11,1,20,7,26,1,65,42,42,42,57,57,65,65,62,62,20,7,26,24,22,41,43,65,58,58,43,58,37,24,43,43,43,43,58,45,59,74,79,69],"gold":31,"neow_bonus":"ONE_RANDOM_RARE_CARD","is_daily":false,"chose_seed":false,"campfire_upgraded":0,"win_rate":0.0,"timestamp":1611912264,"path_taken":["M","M","M","M","$","E","R","?","T","?","E","M","R","M","R","BOSS","M","?","M","$","?","R","?","M","T","E","M","R","E","M","R","BOSS","M","?","?","$","M","E","R","M","T","E","$","M","?","?","R","BOSS"],"items_purchased_type":["Card","Card","Relic","Card","Relic","Card","Potion","Card"],"build_version":"2020-12-22","purchased_purges":1,"victory":true,"max_hp_per_floor":[65,65,65,65,65,65,65,65,65,65,65,65,65,65,65,65,65,65,65,65,65,65,65,65,65,65,65,65,65,65,65,65,65,65,65,65,65,65,65,65,65,65,65,65,65,65,79,79,79,79],"card_choices":[{"not_picked":["Rewind","Hightail"],"picked":"Spin","floor":1},{"not_picked":["Potential","Foresight"],"picked":"ReturningBlade","floor":2},{"not_picked":["Read","Comet"],"picked":"ShatteredReality","floor":3},{"not_picked":["Read","Collapse"],"picked":"DoubleEdge","floor":4},{"not_picked":["Desolation","ShatteredReality"],"picked":"Reset","floor":6},{"not_picked":["Potential","Revamp"],"picked":"SilverBlades","floor":11},{"not_picked":["BottledTime","ShiftingGears"],"picked":"Sabotage","floor":12},{"not_picked":["Spin","Gouge"],"picked":"Ricochet","floor":14},{"not_picked":["SoulSculpture","PendulumOfEternity"],"picked":"MurderousAura","floor":16},{"not_picked":["Ricochet","Alleviate"],"picked":"Spin","floor":18},{"not_picked":["Revamp+1","Rearm"],"picked":"StarChef","floor":25},{"not_picked":["Starlight+1","Reset+1"],"picked":"Gouge+1","floor":27},{"not_picked":["Gouge+1","Comet+1"],"picked":"Advance+1","floor":28},{"not_picked":["Ricochet","Rewind+1"],"picked":"BottledTime","floor":30},{"not_picked":["Unruled","GearUp"],"picked":"MoonPhase","floor":31},{"not_picked":["FloweringNight","TheWorld"],"picked":"FlawlessForm","floor":33},{"not_picked":["Rewind+1","FastForward"],"picked":"Unruled+1","floor":35},{"not_picked":["BottledTime","InstantArmor+1"],"picked":"Manipulate","floor":37},{"not_picked":["DoubleEdge","Sabotage+1"],"picked":"Unruled","floor":39},{"not_picked":["Starlight+1","Replace+1"],"picked":"MoonPhase+1","floor":40},{"not_picked":["Revamp+1","Alleviate"],"picked":"DoubleEdge+1","floor":42},{"not_picked":["Hightail+1","Rearm+1"],"picked":"InstantArmor+1","floor":44},{"not_picked":["FastForward+1","Unruled+1"],"picked":"Moondial+1","floor":46}],"player_experience":111410,"relics_obtained":[{"floor":6,"key":"Centennial Puzzle"},{"floor":9,"key":"Ornamental Fan"},{"floor":11,"key":"MealTicket"},{"floor":26,"key":"ScarletDevilRocket"},{"floor":27,"key":"Bronze Scales"},{"floor":30,"key":"War Paint"},{"floor":40,"key":"Toy Ornithopter"},{"floor":43,"key":"MawBank"},{"floor":44,"key":"Bag of Marbles"},{"floor":47,"key":"Mango"}],"event_choices":[{"damage_healed":0,"gold_gain":75,"player_choice":"Gather Gold","damage_taken":11,"max_hp_gain":0,"max_hp_loss":0,"event_name":"World of Goop","floor":8,"gold_loss":0},{"damage_healed":0,"gold_gain":0,"player_choice":"Gave Potion","damage_taken":0,"relics_obtained":["CaptainsWheel"],"max_hp_gain":0,"max_hp_loss":0,"event_name":"WeMeetAgain","floor":10,"gold_loss":0},{"damage_healed":0,"gold_gain":0,"player_choice":"Stole Relic","damage_taken":0,"relics_obtained":["Tiny Chest"],"max_hp_gain":0,"max_hp_loss":0,"event_name":"Addict","floor":22,"gold_loss":0,"cards_obtained":["Shame"]},{"damage_healed":0,"gold_gain":0,"player_choice":"Read","damage_taken":0,"max_hp_gain":0,"max_hp_loss":0,"event_name":"The Library","floor":24,"gold_loss":0,"cards_obtained":["MoonPhase"]},{"damage_healed":0,"gold_gain":0,"player_choice":"Copied","damage_taken":0,"max_hp_gain":0,"max_hp_loss":0,"event_name":"Duplicator","floor":36,"gold_loss":0,"cards_obtained":["Unruled"]}],"is_beta":false,"boss_relics":[{"not_picked":["SacredBark","Runic Pyramid"],"picked":"Fusion Hammer"},{"not_picked":["Calling Bell","SlaversCollar"],"picked":"Philosopher\u0027s Stone"}],"items_purged_floors":[38],"is_endless":false,"potions_floor_spawned":[4,6,12,14,25,27,28,30,39,40,46],"ascension_level":2}}