{"host":"jfbo3eu2ui08ej1u","time":1611883803,"event":{"mods":["2.2 Compatiblity","AchievementEnabler","Act Like it!","Aspiration","BaseMod","Better Altar","Better Match","Better Note","Better Sensory Stone","Better Skull","Better Third Choice","Block Reminder","Colored Map","Colored Powertips","Conspire","DeckTracker","Displayed Cursed Tome","Energized Spire","Fox Events","GifTheSpireLib","Hubris","Infinite Spire","Marked Mod","Minty Spire (QoL Compilation)","Pale of the Ancients","Poor People Problems","Quick Restart","Relic Filter","Reliquary","Reorder Act Four","Replay The Spire","Shop Mod","Spicy Shops","Spire Arcade","StSLib","Stuff the Spire","The Blue Laboratory","The Disciple","The Forsaken","The Hierophant","The Marked","Uncapped","Unceasing Turn Reminder","Wandering Minibosses"],"gold_per_floor":[117,132,148,163,177,177,187,187,187,187,200,231,231,265,265,265,265],"floor_reached":16,"language":"ENG","playtime":348,"items_purged":[],"score":228,"play_id":"ba7f5dc8-bb79-41d0-8df9-100cc0a521e1","local_time":"20210128203003","is_ascension_mode":true,"campfire_choices":[{"data":"PathToVictory","floor":6.0,"key":"SMITH"},{"data":"SashWhip","floor":8.0,"key":"SMITH"},{"data":"Eruption","floor":10.0,"key":"SMITH"},{"floor":15.0,"key":"REST"}],"circlet_count":0,"master_deck":["AscendersBane","Strike_P","Strike_P","Strike_P","Strike_P","Defend_P","Defend_P","Defend_P","Defend_P","Eruption+1","Vigilance","EmptyFist","Protect+1","FlurryOfBlows","BowlingBash","PathToVictory+1","SashWhip+1","InnerPeace","LessonLearned"],"relics":["PureWater","Darkstone Periapt","Toy Ornithopter","Gremlin Food"],"acts_visited":["Exordium"],"potions_floor_usage":[],"damage_taken":[{"damage":4.0,"enemies":"Jaw Worm","floor":1.0,"turns":4.0},{"damage":2.0,"enemies":"Cultist","floor":2.0,"turns":3.0},{"damage":0.0,"enemies":"Small Slimes","floor":3.0,"turns":3.0},{"damage":0.0,"enemies":"3 Louse","floor":4.0,"turns":4.0},{"damage":7.0,"enemies":"2 Fungi Beasts","floor":5.0,"turns":4.0},{"damage":0.0,"enemies":"Exordium Wildlife","floor":7.0,"turns":1.0},{"damage":3.0,"enemies":"Gremlin Gang","floor":11.0,"turns":3.0},{"damage":12.0,"enemies":"Gremlin Nob","floor":12.0,"turns":3.0},{"damage":32.0,"enemies":"Lagavulin","floor":14.0,"turns":5.0},{"damage":33,"enemies":"Hexaghost","floor":16,"turns":9}],"seed_played":"8510038025345438107","potions_obtained":[{"floor":1.0,"key":"PowerPotion"},{"floor":4.0,"key":"Fire Potion"}],"is_trial":false,"path_per_floor":["M","M","M","M","M","R","M","R","T","R","M","E","?","E","R","B"],"character_chosen":"WATCHER","items_purchased":[],"campfire_rested":1,"item_purchase_floors":[],"current_hp_per_floor":[63,61,61,61,54,54,54,54,54,54,51,39,41,9,31,0,0],"gold":265,"neow_bonus":"TEN_PERCENT_HP_BONUS","is_daily":false,"chose_seed":false,"campfire_upgraded":3,"win_rate":0.0,"timestamp":1611883803,"path_taken":["M","M","M","M","M","R","M","R","T","R","M","E","?","E","R","BOSS"],"items_purchased_type":[],"build_version":"2020-12-22","purchased_purges":0,"victory":false,"max_hp_per_floor":[74,74,74,74,74,74,74,74,74,74,74,74,74,74,74,74,74],"card_choices":[{"not_picked":["Replay:DivineShield","SashWhip"],"picked":"EmptyFist","floor":1.0},{"not_picked":["Replay:AtTheReady","JustLucky"],"picked":"Protect","floor":2.0},{"not_picked":["Crescendo","DevaForm"],"picked":"FlurryOfBlows","floor":3.0},{"not_picked":["EmptyBody","PathToVictory"],"picked":"BowlingBash","floor":4.0},{"not_picked":["ReachHeaven","WaveOfTheHand"],"picked":"PathToVictory","floor":5.0},{"not_picked":["CrushJoints","Consecrate"],"picked":"SashWhip","floor":7.0},{"not_picked":["TalkToTheHand","FollowUp"],"picked":"InnerPeace","floor":11.0},{"not_picked":["Replay:Battleflow","Consecrate"],"picked":"LessonLearned","floor":12.0},{"not_picked":["MarkedMod:Acupuncture","SashWhip","Consecrate"],"picked":"SKIP","floor":14.0}],"player_experience":1250783,"relics_obtained":[{"floor":9.0,"key":"Darkstone Periapt"},{"floor":12.0,"key":"Toy Ornithopter"},{"floor":14.0,"key":"Gremlin Food"}],"event_choices":[{"damage_healed":2.0,"max_hp_gain":0.0,"max_hp_loss":0.0,"gold_gain":0.0,"event_name":"betterSkull:BetterSkull","player_choice":"LEAVE ","floor":13.0,"gold_loss":0.0,"damage_taken":0.0,"cards_upgraded":[],"relics_obtained":[]}],"is_beta":false,"boss_relics":[],"items_purged_floors":[],"is_endless":false,"potions_floor_spawned":[1,4,7],"killed_by":"Hexaghost","ascension_level":20}}