{"host":"sxnl403xm2xmiyj1","time":1611903790,"event":{"mods":["AchievementEnabler","BaseMod","Colored Map","Keyboard Shortcuts","Minty Spire (QoL Compilation)","Quick Restart","StSLib","SuperFastMode"],"gold_per_floor":[114,128,128,128,35,35,75,75,101,122,160,235,284,284,284,421,421,421,391,391],"floor_reached":19,"language":"KOR","playtime":308,"items_purged":[],"score":250,"play_id":"bd63babf-f756-4772-b51c-a488710e5466","local_time":"20210129160310","is_ascension_mode":true,"campfire_choices":[{"data":"Disarm","floor":6.0,"key":"SMITH"},{"data":"Double Tap","floor":8.0,"key":"SMITH"},{"data":"Inflame","floor":15,"key":"SMITH"}],"circlet_count":0,"master_deck":["Strike_R","Strike_R","Strike_R","Strike_R","Strike_R","Defend_R","Defend_R","Defend_R","Defend_R","Bash","Disarm+1","Pommel Strike","Madness","Double Tap+1","Inflame+1","Feed","Dual Wield","Berserk","Dark Embrace+1"],"relics":["Burning Blood","NeowsBlessing","Golden Idol","Lantern","Omamori","Potion Belt","CeramicFish","Ectoplasm"],"acts_visited":["Exordium","TheCity"],"potions_floor_usage":[16,16,16,16,16,16,16],"damage_taken":[{"damage":0.0,"enemies":"Cultist","floor":1.0,"turns":1.0},{"damage":0.0,"enemies":"Jaw Worm","floor":2.0,"turns":1.0},{"damage":0.0,"enemies":"Gremlin Nob","floor":7.0,"turns":1.0},{"damage":0.0,"enemies":"Small Slimes","floor":10.0,"turns":3.0},{"damage":51.0,"enemies":"3 Sentries","floor":11.0,"turns":7.0},{"damage":12.0,"enemies":"Lagavulin","floor":13.0,"turns":7.0},{"damage":9,"enemies":"Hexaghost","floor":16,"turns":9},{"damage":26,"enemies":"3 Byrds","floor":18,"turns":6},{"damage":18,"enemies":"2 Thieves","floor":19,"turns":2}],"seed_played":"-8462152087973392941","potions_obtained":[{"floor":2.0,"key":"SpeedPotion"},{"floor":7.0,"key":"SkillPotion"},{"floor":10.0,"key":"BlessingOfTheForge"},{"floor":11.0,"key":"FearPotion"},{"floor":14,"key":"SteroidPotion"},{"floor":14,"key":"Dexterity Potion"},{"floor":14,"key":"EntropicBrew"},{"floor":16,"key":"SmokeBomb"},{"floor":18,"key":"SpeedPotion"}],"is_trial":false,"path_per_floor":["M","M","?","T","$","R","E","R","T","M","E","?","E","?","R","B",null,"M","M"],"character_chosen":"IRONCLAD","items_purchased":["Madness"],"campfire_rested":0,"item_purchase_floors":[5],"current_hp_per_floor":[80,80,60,60,60,60,66,66,66,72,27,16,10,10,10,7,80,63,45,45],"gold":391,"neow_bonus":"THREE_ENEMY_KILL","is_daily":false,"chose_seed":false,"campfire_upgraded":3,"win_rate":0.0,"timestamp":1611903790,"path_taken":["M","?","?","?","$","R","E","R","T","?","E","?","E","?","R","BOSS","M","M"],"items_purchased_type":["Card"],"build_version":"2020-12-22","purchased_purges":0,"victory":false,"max_hp_per_floor":[80,80,80,80,80,80,80,80,80,80,80,80,80,80,80,80,80,83,83,83],"card_choices":[{"not_picked":["Headbutt","Flex"],"picked":"Disarm","floor":1.0},{"not_picked":["Anger","Armaments"],"picked":"Pommel Strike","floor":2.0},{"not_picked":["Rupture","Warcry"],"picked":"Double Tap","floor":7.0},{"not_picked":["Shrug It Off","Clothesline"],"picked":"Inflame","floor":10.0},{"not_picked":["Heavy Blade","Second Wind"],"picked":"Feed","floor":11.0},{"not_picked":["Armaments","Headbutt"],"picked":"Dual Wield","floor":13},{"not_picked":["Immolate","Barricade"],"picked":"Berserk","floor":16},{"not_picked":["Power Through","Clash+1"],"picked":"Dark Embrace+1","floor":18}],"player_experience":181164,"relics_obtained":[{"floor":7.0,"key":"Lantern"},{"floor":9.0,"key":"Omamori"},{"floor":11.0,"key":"Potion Belt"},{"floor":13,"key":"CeramicFish"}],"event_choices":[{"damage_healed":0.0,"max_hp_gain":0.0,"max_hp_loss":0.0,"gold_gain":0.0,"event_name":"Golden Idol","player_choice":"Take Damage","floor":3.0,"gold_loss":0.0,"damage_taken":20.0,"relics_obtained":["Golden Idol"]},{"damage_healed":0.0,"max_hp_gain":0.0,"max_hp_loss":0.0,"gold_gain":75.0,"event_name":"World of Goop","player_choice":"Gather Gold","floor":12.0,"gold_loss":0.0,"damage_taken":11.0},{"damage_healed":0,"gold_gain":0,"player_choice":"Got Potions","damage_taken":0,"max_hp_gain":0,"max_hp_loss":0,"event_name":"Lab","floor":14,"gold_loss":0}],"is_beta":false,"boss_relics":[{"not_picked":["Astrolabe","Cursed Key"],"picked":"Ectoplasm"}],"items_purged_floors":[],"is_endless":false,"potions_floor_spawned":[2,7,10,11,16,18],"killed_by":"2 Thieves","ascension_level":4}}