{"host":"gfxjwtol062e9znw","time":1611917665,"event":{"mods":["BaseMod","Colored Map","Minty Spire (QoL Compilation)"],"gold_per_floor":[113,113,128,149,169,169,183,183,183,233,233,260,284,38,38,38,38],"floor_reached":16,"language":"ENG","playtime":1036,"items_purged":[],"score":140,"play_id":"469a0444-455b-458a-815d-38301bb9a9f4","local_time":"20210129215425","is_ascension_mode":true,"campfire_choices":[{"data":"Outmaneuver","floor":6,"key":"SMITH"},{"floor":11,"key":"REST"},{"floor":15,"key":"REST"}],"circlet_count":0,"master_deck":["Strike_G","Strike_G","Strike_G","Strike_G","Strike_G","Defend_G","Defend_G","Defend_G","Defend_G","Survivor","Neutralize","Prepared","Backstab","Backflip","Outmaneuver+1","Well Laid Plans","Bullet Time","Deflect","Doppelganger"],"relics":["Velvet Choker","Golden Idol","Mercury Hourglass","CeramicFish","PrismaticShard"],"acts_visited":["Exordium"],"potions_floor_usage":[5,5,10,13,14],"damage_taken":[{"damage":0,"enemies":"Cultist","floor":1,"turns":4},{"damage":0,"enemies":"Small Slimes","floor":3,"turns":4},{"damage":0,"enemies":"Jaw Worm","floor":4,"turns":3},{"damage":16,"enemies":"Gremlin Gang","floor":5,"turns":6},{"damage":1,"enemies":"Looter","floor":7,"turns":3},{"damage":35,"enemies":"Lagavulin","floor":10,"turns":9},{"damage":0,"enemies":"2 Fungi Beasts","floor":12,"turns":3},{"damage":9,"enemies":"Exordium Thugs","floor":13,"turns":4},{"damage":49,"enemies":"Hexaghost","floor":16,"turns":14}],"seed_played":"-7838677855432850403","potions_obtained":[{"floor":3,"key":"CunningPotion"},{"floor":4,"key":"EssenceOfSteel"},{"floor":5,"key":"EssenceOfSteel"},{"floor":10,"key":"ColorlessPotion"}],"is_trial":false,"path_per_floor":["M","?","M","M","M","R","M","?","T","E","R","M","M","$","R","B"],"character_chosen":"THE_SILENT","items_purchased":["PrismaticShard","Fruit Juice"],"campfire_rested":2,"item_purchase_floors":[14,14],"current_hp_per_floor":[63,63,63,63,47,47,46,46,46,11,30,30,21,26,47,0,0],"gold":38,"neow_bonus":"BOSS_RELIC","is_daily":false,"chose_seed":false,"campfire_upgraded":1,"win_rate":0.0,"timestamp":1611917665,"path_taken":["M","?","M","M","M","R","M","?","T","E","R","M","M","?","R","BOSS"],"items_purchased_type":["Relic","Potion"],"build_version":"2020-12-22","purchased_purges":0,"victory":false,"max_hp_per_floor":[70,65,65,65,65,65,65,65,65,65,65,65,65,70,70,70,70],"card_choices":[{"not_picked":["Flying Knee","Dagger Throw"],"picked":"Prepared","floor":1},{"not_picked":["Deflect","Endless Agony"],"picked":"Backstab","floor":3},{"not_picked":["Flying Knee","Accuracy"],"picked":"Backflip","floor":4},{"not_picked":["Dagger Spray","Bane"],"picked":"Outmaneuver","floor":5},{"not_picked":["Tools of the Trade","Sucker Punch","Caltrops"],"picked":"SKIP","floor":7},{"not_picked":["Outmaneuver","Deflect"],"picked":"Bullet Time","floor":10},{"not_picked":["Dagger Throw","Cloak And Dagger"],"picked":"Deflect","floor":12},{"not_picked":["Endless Agony","Dodge and Roll"],"picked":"Doppelganger","floor":13}],"player_experience":27740,"relics_obtained":[{"floor":9,"key":"Mercury Hourglass"},{"floor":10,"key":"CeramicFish"}],"event_choices":[{"damage_healed":0,"gold_gain":0,"player_choice":"Lose Max HP","damage_taken":0,"relics_obtained":["Golden Idol"],"max_hp_gain":0,"max_hp_loss":5,"event_name":"Golden Idol","floor":2,"gold_loss":0},{"damage_healed":0,"gold_gain":0,"cards_transformed":["Defend_G"],"player_choice":"Change","damage_taken":0,"max_hp_gain":0,"max_hp_loss":0,"event_name":"Living Wall","floor":8,"gold_loss":0,"cards_obtained":["Well Laid Plans"]}],"is_beta":false,"boss_relics":[],"items_purged_floors":[],"is_endless":false,"potions_floor_spawned":[3,4,5,10],"killed_by":"Hexaghost","ascension_level":7}}