{"host":"0luxfixkkfk9wck3","time":1611950399,"event":{"mods":["BaseMod","DeckTracker","Downfall","Highlight Path","Minty Spire (QoL Compilation)","StSLib"],"gold_per_floor":[99,119,119,4,22,51,51,51,36,71,71,83,83,97,114,215,215,115,125,37,49,49,49,49,81,181,200,200,214,214,214,224,319,319,319,337,337,337,179,79,161,174,174,191,52,52,65,82,101,101],"floor_reached":51,"language":"ENG","playtime":3907,"items_purged":["downfall:Malfunctioning","sneckomod:Strike"],"score":1038,"play_id":"e6739f57-2368-4762-a50a-0c21cfcf9762","local_time":"20210129135959","is_ascension_mode":true,"campfire_choices":[{"data":"sneckomod:TailWhip","floor":1,"key":"SMITH"},{"floor":13,"key":"REST"},{"floor":28,"key":"REST"},{"floor":30,"key":"REST"},{"floor":40,"key":"REST"},{"floor":46,"key":"REST"}],"circlet_count":0,"master_deck":["sneckomod:Strike+1","sneckomod:Strike","sneckomod:Defend","sneckomod:Defend+1","sneckomod:Defend","sneckomod:TailWhip+1","sneckomod:SnekBite","sneckomod:Unknown","sneckomod:Unknown+1","sneckomod:UnknownUncommonPower","sneckomod:IronFang","sneckomod:QuickBite","sneckomod:SerpentMind","sneckomod:UnknownColorless","sneckomod:Unknown1Cost","sneckomod:SlitherStrike","sneckomod:UnknownBlock","sneckomod:UnknownStrength","sneckomod:UnknownClassTHE_BRONZE_AUTOMATON","sneckomod:UnknownClassTHE_BRONZE_AUTOMATON","sneckomod:UnknownClassTHE_BRONZE_AUTOMATON","Guardian:PiercingHide","sneckomod:UnknownWeak","bronze:BronzeArmor","sneckomod:SlitherStrike","sneckomod:UnknownUncommonPower","bronze:HyperBeam","bronze:HyperBeam","sneckomod:MasterEye+1","bronze:Flail","sneckomod:UnknownDexterity","bronze:Boost","sneckomod:UnknownClassTHE_BRONZE_AUTOMATON+1","bronze:ChildClass","bronze:Shell","Guardian:AncientConstruct","sneckomod:TrashToTreasure","bronze:SpaghettiCode","sneckomod:Unknown2Cost","bronze:Format","bronze:Virus"],"relics":["sneckomod:SneckoSoul","Bronze Scales","Shuriken","Ornamental Fan","sneckomod:SneckoBoss","downfall:HeartBlessingGreen","MutagenicStrength","Calipers","White Beast Statue","Sozu","Guardian:PocketSentry","downfall:HeartBlessingBlue","Singing Bowl","Kunai","ClockworkSouvenir"],"acts_visited":["Exordium","TheCity","TheBeyond"],"potions_floor_usage":[6,12,16,16,25,27,50,50],"damage_taken":[{"damage":2,"enemies":"Jaw Worm","floor":2,"turns":2},{"damage":2,"enemies":"downfall:FleeingMerchant","floor":4,"turns":4},{"damage":0,"enemies":"Small Slimes","floor":5,"turns":3},{"damage":20,"enemies":"3 Sentries","floor":6,"turns":9},{"damage":0,"enemies":"downfall:FleeingMerchant","floor":9,"turns":4},{"damage":30,"enemies":"Gremlin Nob","floor":10,"turns":5},{"damage":0,"enemies":"2 Louse","floor":12,"turns":2},{"damage":14,"enemies":"Red Slaver","floor":14,"turns":3},{"damage":5,"enemies":"Large Slime","floor":15,"turns":3},{"damage":30,"enemies":"IC_STATUS_ARCHETYPE","floor":16,"turns":7},{"damage":19,"enemies":"Shell Parasite","floor":19,"turns":5},{"damage":15,"enemies":"downfall:FleeingMerchant","floor":20,"turns":4},{"damage":0,"enemies":"3 Byrds","floor":21,"turns":3},{"damage":16,"enemies":"Gremlin Leader","floor":25,"turns":5},{"damage":0,"enemies":"Snake Plant","floor":27,"turns":1},{"damage":23,"enemies":"Sentry and Sphere","floor":29,"turns":5},{"damage":0,"enemies":"Chosen and Byrds","floor":32,"turns":4},{"damage":72,"enemies":"WA_ARCHETYPE_CALM","floor":33,"turns":11},{"damage":23,"enemies":"Orb Walker","floor":36,"turns":4},{"damage":14,"enemies":"downfall:FleeingMerchant","floor":39,"turns":4},{"damage":0,"enemies":"3 Shapes","floor":42,"turns":6},{"damage":21,"enemies":"3 Darklings","floor":44,"turns":7},{"damage":0,"enemies":"downfall:FleeingMerchant","floor":45,"turns":3},{"damage":4,"enemies":"4 Shapes","floor":47,"turns":6},{"damage":6,"enemies":"Sphere and 2 Shapes","floor":48,"turns":4},{"damage":8,"enemies":"Spire Growth","floor":49,"turns":4},{"damage":8,"enemies":"SI_POISON_ARCHETYPE","floor":50,"turns":5}],"seed_played":"2967686789387146883","potions_obtained":[{"floor":0,"key":"DuplicationPotion"},{"floor":0,"key":"DuplicationPotion"},{"floor":0,"key":"bronze:BurnAndBuffPotion"},{"floor":6,"key":"Weak Potion"},{"floor":12,"key":"Fruit Juice"},{"floor":16,"key":"LiquidMemories"},{"floor":19,"key":"SneckoOil"},{"floor":21,"key":"sneckomod:MuddlingPotion"},{"floor":27,"key":"PowerPotion"},{"floor":29,"key":"LiquidBronze"},{"floor":32,"key":"Strength Potion"}],"is_trial":false,"path_per_floor":["R","M","?","$","M","E","T","?","$","E","?","M","R","M","M","B",null,"R","M","$","M","?","R","T","E","?","M","R","M","R","?","M","B",null,"R","M","T","?","$","R","T","M","R","M","$","R","M","M","M","B",null],"character_chosen":"THE_SNECKO","items_purchased":["sneckomod:QuickBite","sneckomod:UnknownUncommonPower","Guardian:PocketSentry","Kunai","ClockworkSouvenir"],"campfire_rested":5,"item_purchase_floors":[4,20,39,45,45],"current_hp_per_floor":[81,79,79,77,77,57,57,57,57,27,27,32,60,46,41,31,79,79,60,52,52,52,52,52,36,36,36,64,53,81,105,105,33,87,87,64,64,64,50,94,94,98,98,81,85,123,123,121,117,109],"gold":101,"neow_bonus":"THREE_SMALL_POTIONS","is_daily":false,"chose_seed":false,"campfire_upgraded":1,"win_rate":0.0,"timestamp":1611950399,"path_taken":["R","M","?","$","M","E","T","?","$","E","?","M","R","?","M","BOSS","R","M","$","M","?","R","T","E","?","?","R","M","R","?","M","BOSS","R","M","?","?","?","R","T","M","R","M","$","R","?","M","M","BOSS"],"items_purchased_type":["Card","Card","Relic","Relic","Relic"],"build_version":"2020-12-22","purchased_purges":2,"victory":true,"max_hp_per_floor":[90,90,90,90,90,90,90,90,90,90,90,95,95,95,95,95,95,95,95,95,95,95,95,95,95,95,95,95,95,95,105,105,105,105,105,105,105,105,105,115,115,119,119,123,127,127,131,135,139,139],"card_choices":[{"not_picked":["sneckomod:QuickBite","sneckomod:UnknownBlock"],"picked":"sneckomod:UnknownUncommonPower","floor":2},{"not_picked":["sneckomod:DiceCrush","sneckomod:MixItUp"],"picked":"sneckomod:IronFang","floor":4},{"not_picked":["sneckomod:RainOfDice","sneckomod:UnknownDraw"],"picked":"sneckomod:SerpentMind","floor":5},{"not_picked":["sneckomod:Unknown1Cost","sneckomod:SoulCleanse"],"picked":"sneckomod:UnknownColorless","floor":6},{"not_picked":["sneckomod:QuickMove","sneckomod:SoulRoll"],"picked":"sneckomod:Unknown1Cost","floor":9},{"not_picked":["sneckomod:CheapStock","sneckomod:UnknownDraw"],"picked":"sneckomod:Unknown1Cost","floor":10},{"not_picked":["sneckomod:IronFang","sneckomod:UnknownWeak"],"picked":"sneckomod:SlitherStrike","floor":12},{"not_picked":["sneckomod:Unknown1Cost","sneckomod:Nope"],"picked":"sneckomod:UnknownBlock","floor":14},{"not_picked":["sneckomod:UnknownCommonSkill","sneckomod:SerpentMind"],"picked":"sneckomod:UnknownStrength","floor":15},{"not_picked":["sneckomod:SerpentMind","sneckomod:DangerNoodle"],"picked":"sneckomod:UnknownRarePower","floor":16},{"not_picked":["sneckomod:PureSnecko+1","sneckomod:SnakeSap"],"picked":"sneckomod:UnknownWeak","floor":19},{"not_picked":["bronze:TinkerersToolbox","bronze:Refactor"],"picked":"bronze:BronzeArmor","floor":19},{"not_picked":["sneckomod:ImprovisedGuard+1","sneckomod:QuickBite"],"picked":"sneckomod:SlitherStrike","floor":20},{"not_picked":["bronze:GetLatest","bronze:Allocate"],"picked":"bronze:HyperBeam","floor":21},{"not_picked":["sneckomod:ImprovisedAttack","sneckomod:WideSting+1","sneckomod:RainOfDice"],"picked":"SKIP","floor":21},{"not_picked":["sneckomod:MorePower","sneckomod:QuickBite"],"picked":"sneckomod:MasterEye+1","floor":25},{"not_picked":["bronze:Overload","bronze:BurnOut"],"picked":"bronze:Flail","floor":25},{"not_picked":["sneckomod:UnknownColorless","sneckomod:UnknownUncommonPower"],"picked":"sneckomod:UnknownDexterity","floor":27},{"not_picked":["bronze:Refactor","bronze:DelayedGuard"],"picked":"bronze:InfiniteLoop","floor":27},{"not_picked":["bronze:ForLoop","bronze:ChildClass"],"picked":"bronze:Boost","floor":29},{"not_picked":["sneckomod:QuickBite+1","sneckomod:IronFang"],"picked":"sneckomod:UnknownClassTHE_BRONZE_AUTOMATON+1","floor":29},{"not_picked":["bronze:CloningBeam","bronze:ForLoop"],"picked":"bronze:ChildClass","floor":32},{"not_picked":["sneckomod:UnknownClassGUARDIAN","sneckomod:Nope","sneckomod:MorePower"],"picked":"SKIP","floor":32},{"not_picked":["bronze:CutThrough","bronze:GetLatest"],"picked":"bronze:Shell","floor":33},{"not_picked":["sneckomod:UnknownDraw+1","sneckomod:DefensiveFlair+1"],"picked":"sneckomod:TrashToTreasure","floor":36},{"not_picked":["bronze:BuggyMess","bronze:BronzeOrb"],"picked":"bronze:SpaghettiCode","floor":36},{"not_picked":["sneckomod:UnknownClassTHE_BRONZE_AUTOMATON","sneckomod:UnknownExhaust+1"],"picked":"sneckomod:Unknown2Cost","floor":39},{"not_picked":["bronze:MaxOutput","bronze:NullPointer","bronze:FineTuning"],"picked":"Singing Bowl","floor":42},{"not_picked":["sneckomod:UnknownCommonSkill+1","sneckomod:UnknownDexterity+1","sneckomod:Nope+1"],"picked":"Singing Bowl","floor":42},{"not_picked":["bronze:HyperBeam","bronze:Branch","bronze:Overload"],"picked":"Singing Bowl","floor":44},{"not_picked":["sneckomod:DiceCrush+1","sneckomod:Nope","sneckomod:SoulCleanse+1"],"picked":"Singing Bowl","floor":44},{"not_picked":["Guardian:Gem_Lightblue","Guardian:Gem_Green","Guardian:Gem_Red"],"picked":"Singing Bowl","floor":45},{"not_picked":["bronze:DarkDash","bronze:BronzeOrb"],"picked":"bronze:Virus","floor":45},{"not_picked":["sneckomod:SoulDraw+1","sneckomod:MorePower","sneckomod:WideSting+1"],"picked":"Singing Bowl","floor":45},{"not_picked":["bronze:Format","bronze:ForceShield","bronze:BurnOut"],"picked":"Singing Bowl","floor":47},{"not_picked":["sneckomod:QuickMove+1","sneckomod:SoulRoll","sneckomod:DiceBlock+1"],"picked":"Singing Bowl","floor":47},{"not_picked":["bronze:Deprecate","bronze:NullPointer","bronze:Separator"],"picked":"Singing Bowl","floor":48},{"not_picked":["sneckomod:UnknownCommonSkill+1","sneckomod:UnknownUncommonAttack","sneckomod:DiceBoulder+1"],"picked":"Singing Bowl","floor":48},{"not_picked":["bronze:Safeguard","bronze:Shield","bronze:GetLatest"],"picked":"Singing Bowl","floor":49},{"not_picked":["sneckomod:RainOfDice","sneckomod:Nope+1","sneckomod:WideSting"],"picked":"Singing Bowl","floor":49}],"player_experience":11422558,"relics_obtained":[{"floor":6,"key":"Bronze Scales"},{"floor":7,"key":"Shuriken"},{"floor":10,"key":"Ornamental Fan"},{"floor":24,"key":"Calipers"},{"floor":25,"key":"White Beast Statue"},{"floor":41,"key":"Singing Bowl"}],"event_choices":[{"damage_healed":0,"gold_gain":0,"player_choice":"Fled","damage_taken":0,"max_hp_gain":0,"max_hp_loss":0,"event_name":"Scrap Ooze","floor":8,"gold_loss":0},{"damage_healed":0,"gold_gain":0,"player_choice":"Got Potions","damage_taken":0,"max_hp_gain":0,"max_hp_loss":0,"event_name":"Lab","floor":11,"gold_loss":0},{"damage_healed":0,"gold_gain":0,"player_choice":"Inject Mutagens","damage_taken":0,"relics_obtained":["MutagenicStrength"],"max_hp_gain":0,"max_hp_loss":0,"event_name":"Drug Dealer","floor":22,"gold_loss":0},{"cards_removed":["bronze:InfiniteLoop"],"damage_healed":14,"gold_gain":0,"player_choice":"Offered Rare","damage_taken":0,"max_hp_gain":10,"max_hp_loss":0,"event_name":"Bonfire Elementals","floor":31,"gold_loss":0},{"damage_healed":0,"gold_gain":0,"player_choice":"Ignored","damage_taken":0,"max_hp_gain":0,"max_hp_loss":0,"event_name":"Mysterious Sphere","floor":38,"gold_loss":0}],"is_beta":false,"boss_relics":[{"not_picked":["Coffee Dripper","Runic Pyramid"],"picked":"sneckomod:SneckoBoss"},{"not_picked":["Snecko Eye","sneckomod:SuperSneckoSoul"],"picked":"Sozu"}],"items_purged_floors":[4,45],"is_endless":false,"potions_floor_spawned":[5,6,10,12,16,19,21,27,29,32,33,36,39,42,44,45,47,48,49],"ascension_level":6}}