{"host":"b0z4yg8v8eyrc5up","time":1611946238,"event":{"mods":["ATMod(∞¢Ë™Mod)","Act Like it!","Arknights The Spire","BaseMod","Gensokyo","Hallownest","KomeijiMod","Lobotomy","LobotomyExtend","Marisa£®ÏF”Í°°ƒß¿Ì…≥£©","Minty Spire (QoL Compilation)","Quick Restart","Reimu£®≤©¿ˆ¡È√Œ£©","Relic Stats","Replay The Spire","StSLib","The Animator","The Bug Knight","WarShipGirlsR/’ΩΩ¢…Ÿ≈ÆR mod","Yakumo Yukari mod","Youmu£®ªÍ∆«—˝√Œ£©","Yuyuko"],"gold_per_floor":[138,15,15,15],"floor_reached":3,"language":"ZHS","playtime":358,"items_purged":[],"score":17,"play_id":"2bed75c9-d015-467b-ba93-2c9dc5460a38","local_time":"20210130025038","is_ascension_mode":false,"campfire_choices":[],"circlet_count":0,"master_deck":["AT_purpleEX","AT_purpleEX","AT_purpleEX","AT_purpleEX","Defend_purpleEX","Defend_purpleEX","Defend_purpleEX","Defend_purpleEX","Observe_purple_1","Observe_purple_2","Shallow_ocean_purpleEX","Gensokyo:DepletedGenerator","Gensokyo:TrainingManual","Gensokyo:ScrapIron"],"relics":["Boundary_crack","Memoryfragments_purpleEX","AT_ATBox","Gensokyo:CelestialsFlawlessClothing"],"acts_visited":["Gensokyo:Gensokyo"],"potions_floor_usage":[],"damage_taken":[{"damage":4,"enemies":"Gensokyo:3_Fairies","floor":1,"turns":4},{"damage":131,"enemies":"Gensokyo:Aya","floor":3,"turns":12}],"seed_played":"5545904184937786057","potions_obtained":[],"is_trial":false,"path_per_floor":["M","COS","?"],"character_chosen":"Youkari","items_purchased":[],"campfire_rested":0,"item_purchase_floors":[],"current_hp_per_floor":[51,51,0,0],"gold":15,"neow_bonus":"RANDOM_EVENT","is_daily":false,"chose_seed":false,"campfire_upgraded":0,"win_rate":0.0,"timestamp":1611946238,"path_taken":["M","COS","?"],"items_purchased_type":[],"build_version":"2020-12-22","purchased_purges":0,"victory":false,"max_hp_per_floor":[70,70,70,70],"relic_stats":{"counters":[2,16],"obtain_stats":[{"AT_ATBox":0,"Boundary_crack":0,"Gensokyo:CelestialsFlawlessClothing":0,"Memoryfragments_purpleEX":0},{"AT_ATBox":0,"Boundary_crack":0,"Gensokyo:CelestialsFlawlessClothing":0,"Memoryfragments_purpleEX":0},{"AT_ATBox":0,"Boundary_crack":0,"Gensokyo:CelestialsFlawlessClothing":0,"Memoryfragments_purpleEX":0}]},"card_choices":[{"not_picked":["Boundary_LightAndDark_purple","MeetDecomposer_purple"],"picked":"Shallow_ocean_purpleEX","floor":1}],"player_experience":183575,"relics_obtained":[],"event_choices":[],"is_beta":false,"boss_relics":[],"items_purged_floors":[],"is_endless":false,"potions_floor_spawned":[],"killed_by":"Gensokyo:Aya","ascension_level":0}}