{"host":"8ef2eyqaps3igadt","time":1611920500,"event":{"mods":["AchievementEnabler","Act Like it!","Aspiration","BaseMod","Better Altar","Better Match","Better Skull","Better Third Choice","Better Vampires","BetterRewards","Conspire","Curses Come First","Defuse TimeMaze Blight","Disable Question Mark Monsters","Displayed Cursed Tome","Energized Spire","Fox Events","GifTheSpireLib","Hallownest","Highlight Path","Hubris","Infinite Spire","Marked Mod","Mimic Mod","Minty Spire (QoL Compilation)","Quick Restart","Replay The Spire","Shop Mod","Spicy Shops","Spikes Relics","StS++","StSLib","Stuff the Spire","SuperFastMode","The Marked","Trackpad","Unceasing Turn Reminder","Virulent Crown","Wandering Minibosses"],"gold_per_floor":[110,140,155,155,173,204,204,204,306,321,395,31,0,16,16,116,193,208,220,220,220,220,220,243,49,126,158,189,217,217,240,240,361,438,464,494,556,556,605,647,647,71,148,173,207,207,207,248,248,349,426,439,439,452,529,604,634,634,634,711,711,449,449,449,465,465,535,612,619,619,619,633,639,639,670,670,759,759,759,774,774,793,793,875,952,969,1015,940,942,952,960,969,969,1094,1094,1106,1119,1142,1186,1186,1266,1443,1458,1458,1471,1471,1471,1493,1493,1512,1624,1624,1640,1640,1712,1724,1724,1816,1893,1903,1903,2001,2100,2112,2112,2119,2110,2187,2174,2174],"floor_reached":129,"language":"ENG","playtime":3470,"items_purged":["Regret"],"score":2552,"play_id":"1b952579-ce54-4938-ae9a-00b84a248a26","local_time":"20210129124140","is_ascension_mode":false,"campfire_choices":[{"floor":8.0,"key":"REST"},{"floor":15.0,"key":"REST"},{"floor":23.0,"key":"REST"},{"floor":30.0,"key":"REST"},{"floor":32.0,"key":"DIG"},{"floor":41.0,"key":"REST"},{"floor":47.0,"key":"REST"},{"floor":49.0,"key":"REST"},{"floor":58.0,"key":"REST"},{"data":"ReplayUltimateDefense","floor":63.0,"key":"SMITH"},{"data":"hubris:DuctTapeCard","floor":66.0,"key":"SMITH"},{"data":"infinitespire:Neurotoxin","floor":74.0,"key":"SMITH"},{"data":"Night Terror","floor":79.0,"key":"SMITH"},{"data":"Poison Darts","floor":81.0,"key":"SMITH"},{"floor":83.0,"key":"REST"},{"floor":93.0,"key":"REST"},{"data":"infinitespire:Punishment","floor":100,"key":"SMITH"},{"data":"Neutralize","floor":100,"key":"SMITH"},{"data":"Footwork","floor":109,"key":"SMITH"},{"data":"Venomology","floor":109,"key":"SMITH"},{"data":"Parasite","floor":117,"key":"PURGE"}],"circlet_count":0,"master_deck":["Strike_G+1","Strike_G+1","Strike_G+1","Strike_G+1","Strike_G+1","Defend_G+1","Defend_G+1","Defend_G","Defend_G","Defend_G+1","Survivor+1","Neutralize+1","Sucker Punch+1","Masterful Stab+1","Footwork+1","Outmaneuver","Noxious Fumes+1","Flying Knee+1","Poison Darts+1","Blur","Choke+1","StuffTheSpire:ReptileScales+1","Poisoned Stab+1","Bane+1","infinitespire:Neurotoxin+1","StuffTheSpire:ReptileScales+1","StuffTheSpire:MirrorStance+1","Crippling Poison+1","conspire:PoisonWeapons+1","Caltrops+1","Bouncing Flask+1","StSpp:PoisonousPunch+1","Night Terror+1","ReplayUltimateDefense+1","ReplayTheSpireMod:Scrap Shanks+1","Venomology+1","infinitespire:Punishment+1","A Thousand Cuts+1","StuffTheSpire:BrimstoneBlast+1","Prepared+1","Poisoned Stab"],"relics":["Ring of the Snake","Sizzling Blood","foxEvents:LuckyCharm","hubris:Towel","Vajra","MerchantsRug","Gremlin Horn","betterThird:SlimedRelic","ChewingGum","Replay:Bandana","Blood Vial","The Specimen","Toy Ornithopter","trackpad:SappingStone","GiantMaggot","wanderingMiniBosses:AbyssPearl","hubris:64BitClover","trackpad:PetRock","Rawhide","conspire:TreasureMap","infinitespire:EmpoweringShard","HandDrill","ShockBauble","PreservedInsect","Busted Crown","TwistedFunnel","Philosopher\u0027s Stone","ReplayTheSpireMod:Ninjato","CherryCoatedStake","StuffTheSpire:Experiment12","Medical Kit","StSpp:BrokenTotem","energizedSpire:MagnifyingGlass","aspiration:Stabinomicon","aspiration:RitualStick","infinitespire:Beetle Shell","Torii","hubris:MedicalManual","hubris:EmptyBottle","aspiration:FetidBarrel","Durian","Frozen Egg 2","MiniBlackHole","trackpad:CultistFigurine","hubris:Reverence","Replay:Towering Pillar of Hats","Replay:Rubber Ducky","Replay:Arrowhead","Replay:Wanted Poster","SpikesRelics:DaevaFist","Replay:Mystery Machine","trackpad:FieryHotPepper","Tiny Chest","trackpad:WeightlessShivs","conspire:SpecialSausage","infinitespire:Eraser","conspire:TopHat","hubris:SlimyHat","hubris:TenFootPole","War Paint"],"acts_visited":["Exordium","TheCity","TheBeyond","Exordium","TheCity","TheBeyond","Exordium","TheCity"],"potions_floor_usage":[98,98,99,99,101,101,101,108,118,118,129,129],"damage_taken":[{"damage":0.0,"enemies":"Small Slimes","floor":1.0,"turns":4.0},{"damage":24.0,"enemies":"Colosseum Slavers","floor":2.0,"turns":6.0},{"damage":2.0,"enemies":"2 Louse","floor":3.0,"turns":3.0},{"damage":0.0,"enemies":"Jaw Worm","floor":5.0,"turns":4.0},{"damage":35.0,"enemies":"3 Sentries","floor":6.0,"turns":16.0},{"damage":10.0,"enemies":"Exordium Thugs","floor":10.0,"turns":4.0},{"damage":7.0,"enemies":"2 Fungi Beasts","floor":14.0,"turns":3.0},{"damage":14.0,"enemies":"The Guardian","floor":16.0,"turns":11.0},{"damage":36.0,"enemies":"Shell Parasite","floor":18.0,"turns":7.0},{"damage":16.0,"enemies":"Chosen","floor":19.0,"turns":6.0},{"damage":16.0,"enemies":"Centurion and Healer","floor":24.0,"turns":7.0},{"damage":13.0,"enemies":"Nightmare","floor":27.0,"turns":7.0},{"damage":7.0,"enemies":"3 Cultists","floor":28.0,"turns":6.0},{"damage":2.0,"enemies":"Cultist and Chosen","floor":29.0,"turns":6.0},{"damage":9.0,"enemies":"Shelled Parasite and Fungi","floor":31.0,"turns":4.0},{"damage":64.0,"enemies":"Automaton","floor":33.0,"turns":9.0},{"damage":4.0,"enemies":"3 Darklings","floor":35.0,"turns":5.0},{"damage":20.0,"enemies":"3 Shapes","floor":36.0,"turns":6.0},{"damage":27.0,"enemies":"2 Orb Walkers","floor":37.0,"turns":5.0},{"damage":15.0,"enemies":"conspire:MimicChest","floor":39.0,"turns":8.0},{"damage":20.0,"enemies":"Giant Head","floor":40.0,"turns":10.0},{"damage":0.0,"enemies":"3 Darklings","floor":44.0,"turns":4.0},{"damage":0.0,"enemies":"Jaw Worm Horde","floor":45.0,"turns":3.0},{"damage":16.0,"enemies":"R_Hoarder","floor":48.0,"turns":5.0},{"damage":61.0,"enemies":"Time Eater","floor":50.0,"turns":10.0},{"damage":0.0,"enemies":"Small Slimes","floor":52.0,"turns":2.0},{"damage":13.0,"enemies":"Jaw Worm","floor":54.0,"turns":2.0},{"damage":14.0,"enemies":"Lagavulin","floor":57.0,"turns":3.0},{"damage":0.0,"enemies":"2 Louse","floor":65.0,"turns":1.0},{"damage":28.0,"enemies":"Hexaghost","floor":67.0,"turns":6.0},{"damage":0.0,"enemies":"3 Byrds","floor":69.0,"turns":3.0},{"damage":0.0,"enemies":"2 Thieves","floor":72.0,"turns":3.0},{"damage":1.0,"enemies":"Cultist and Chosen","floor":73.0,"turns":4.0},{"damage":17.0,"enemies":"Book of Stabbing","floor":75.0,"turns":4.0},{"damage":0.0,"enemies":"Snake Plant","floor":77.0,"turns":5.0},{"damage":3.0,"enemies":"Snake Plant","floor":80.0,"turns":2.0},{"damage":29.0,"enemies":"Nightmare","floor":82.0,"turns":5.0},{"damage":6.0,"enemies":"Automaton","floor":84.0,"turns":6.0},{"damage":0.0,"enemies":"3 Darklings","floor":86.0,"turns":3.0},{"damage":4.0,"enemies":"Mind Bloom Boss Battle","floor":87.0,"turns":3.0},{"damage":0.0,"enemies":"Orb Walker","floor":89.0,"turns":3.0},{"damage":0.0,"enemies":"Maw","floor":90.0,"turns":5.0},{"damage":42.0,"enemies":"Nightmare","floor":91.0,"turns":5.0},{"damage":30.0,"enemies":"Spire Growth","floor":92.0,"turns":4.0},{"damage":1.0,"enemies":"Writhing Mass","floor":96.0,"turns":3.0},{"damage":0.0,"enemies":"infinitespire:Three Voidlings","floor":97.0,"turns":2.0},{"damage":14.0,"enemies":"Nightmare_Alpha","floor":97.0,"turns":6.0},{"damage":21,"enemies":"Nemesis","floor":98,"turns":5},{"damage":0,"enemies":"2 Orb Walkers","floor":99,"turns":3},{"damage":77,"enemies":"Awakened One","floor":101,"turns":7},{"damage":0,"enemies":"conspire:RoseBush","floor":103,"turns":2},{"damage":0,"enemies":"Cultist","floor":105,"turns":3},{"damage":0,"enemies":"Lagavulin","floor":108,"turns":2},{"damage":0,"enemies":"Jaw Worm","floor":110,"turns":1},{"damage":0,"enemies":"Looter","floor":111,"turns":3},{"damage":0,"enemies":"Looter","floor":113,"turns":1},{"damage":0,"enemies":"Large Slime","floor":116,"turns":2},{"damage":31,"enemies":"Hexaghost","floor":118,"turns":4},{"damage":0,"enemies":"Shell Parasite","floor":120,"turns":3},{"damage":0,"enemies":"3 Byrds","floor":122,"turns":5},{"damage":0,"enemies":"3 Byrds","floor":124,"turns":3},{"damage":0,"enemies":"Cultist and Chosen","floor":126,"turns":3},{"damage":0,"enemies":"conspire:HollyBat","floor":127,"turns":7},{"damage":89,"enemies":"Nightmare_Alpha","floor":129,"turns":5}],"seed_played":"7457827847904176803","potions_obtained":[{"floor":5.0,"key":"Dexterity Potion"},{"floor":6.0,"key":"Swift Potion"},{"floor":14.0,"key":"Adrenaline Potion"},{"floor":16.0,"key":"Swift Potion"},{"floor":19.0,"key":"Death Potion"},{"floor":27.0,"key":"ColorlessPotion"},{"floor":28.0,"key":"Fruit Juice"},{"floor":31.0,"key":"StSpp:ScatteredPotion"},{"floor":37.0,"key":"CultistPotion"},{"floor":40.0,"key":"Venom Potion"},{"floor":118,"key":"Dexterity Potion"},{"floor":126,"key":"Explosive Potion"}],"is_trial":false,"path_per_floor":["M","?","M","?","M","E","?","R","T","M","?","$","?","M","R","B",null,"M","M","AVR","?","?","R","M","$","T","NM","M","M","R","M","R","B",null,"M","M","?","?","?","E","R","$","T","M","M","?","R","E","R","B",null,"M","AVR","M","?","?","E","R","?","T","?","$","R","?","M","R","B",null,"M","?","?","M","M","R","E","?","MIM","AVR","R","M","R","NM","R","B",null,"M","?","?","M","M","NM","M","R","T","AVR","M","?","E","?","R","B",null,"M","?","M","?","?","E","R","M","MIM","$","M","?","?","M","R","B",null,"M","?","MIM","?","M","?","M","M","T","NM"],"character_chosen":"THE_SILENT","items_purchased":["MerchantsRug","Gremlin Horn","Noxious Fumes","The Specimen","Snake Skull","conspire:TreasureMap","infinitespire:EmpoweringShard","HandDrill","Medical Kit","ReplayUltimateDefense"],"campfire_rested":10,"item_purchase_floors":[12,12,12,25,42,42,42,42,62,62],"current_hp_per_floor":[74,54,56,56,60,29,29,51,51,45,45,45,34,31,53,43,74,42,30,30,30,11,33,23,23,23,26,25,74,79,74,74,16,79,79,63,42,42,33,34,57,57,57,63,69,69,79,67,79,22,79,79,79,70,70,61,53,76,76,76,76,76,76,62,70,70,48,79,79,63,47,55,63,63,52,52,58,58,58,61,61,38,61,64,79,79,84,84,84,84,46,22,47,47,47,52,72,67,83,83,26,84,84,84,84,69,69,80,80,84,84,84,84,84,84,84,81,54,81,81,81,81,81,81,81,81,81,81,0,0],"gold":2174,"neow_bonus":"NOSTALGIA","is_daily":false,"chose_seed":false,"campfire_upgraded":9,"win_rate":0.0,"timestamp":1611920500,"path_taken":["M","?","M","?","M","E","?","R","T","M","?","$","?","M","R","BOSS","M","M","AVR","?","?","R","M","$","T","NM","M","M","R","M","R","BOSS","M","M","?","?","?","E","R","$","T","?","M","?","R","E","R","BOSS","M","AVR","M","?","?","E","R","?","T","?","$","R","?","M","R","BOSS","M","?","?","M","M","R","E","?","MIM","AVR","R","M","R","NM","R","BOSS","M","?","?","M","?","NM","M","R","T","AVR","M","?","E","?","R","BOSS","M","?","M","?","?","E","R","M","MIM","$","M","?","?","M","R","BOSS","M","?","?","?","M","?","M","?","T","NM"],"items_purchased_type":["Relic","Relic","Card","Relic","Relic","Relic","Relic","Relic","Relic","Card"],"build_version":"2020-12-22","purchased_purges":1,"victory":false,"max_hp_per_floor":[74,74,74,74,74,74,74,74,74,74,74,74,74,74,74,74,74,74,74,74,74,74,74,74,74,74,74,74,79,79,79,79,79,79,79,79,79,79,79,79,79,79,79,79,79,79,79,79,79,79,79,79,79,79,79,79,79,79,79,79,79,79,79,79,79,79,79,79,79,79,79,79,79,79,79,79,79,79,79,79,79,79,79,79,79,79,84,84,84,84,84,84,84,84,84,84,84,84,84,84,84,84,84,84,84,84,84,84,84,84,84,84,84,84,84,84,81,81,81,81,81,81,81,81,81,81,81,81,81,81],"card_choices":[{"not_picked":["Outmaneuver","Slice"],"picked":"Sucker Punch","floor":1.0},{"not_picked":["Eviscerate","Sucker Punch"],"picked":"Masterful Stab","floor":2.0},{"not_picked":["Slice","ReplayTheSpireMod:Tripwire"],"picked":"Crippling Poison","floor":3.0},{"not_picked":["Distraction","ShadowRift"],"picked":"StSpp:ChainedTrap","floor":5.0},{"not_picked":["ReplayTheSpireMod:Speed Training","StuffTheSpire:Python"],"picked":"Footwork","floor":6.0},{"not_picked":["StSpp:ChainedTrap","Dagger Throw"],"picked":"Outmaneuver","floor":10.0},{"not_picked":["StuffTheSpire:Injection","Dagger Throw"],"picked":"Flying Knee","floor":14.0},{"not_picked":["aspiration:Lunge","Phantasmal Killer"],"picked":"Poison Darts","floor":16.0},{"not_picked":["Dagger Throw","Quick Slash+1"],"picked":"Blur","floor":18.0},{"not_picked":["Outmaneuver","StSpp:TimeParadox"],"picked":"Choke","floor":19.0},{"not_picked":["Underhanded Strike","Dagger Spray"],"picked":"StuffTheSpire:ReptileScales","floor":24.0},{"not_picked":["ReplayTheSpireMod:Speed Training","StuffTheSpire:Shiver","StuffTheSpire:Sprint+1"],"picked":"SKIP","floor":27.0},{"not_picked":["PiercingWail","StuffTheSpire:Injection"],"picked":"Poisoned Stab","floor":28.0},{"not_picked":["ReplayTheSpireMod:Exploit Weakness+1","Acrobatics","Slice"],"picked":"SKIP","floor":29.0},{"not_picked":["Dagger Spray+1","Backflip"],"picked":"Bane","floor":31.0},{"not_picked":["Atom Bomb","Bullet Time"],"picked":"infinitespire:Neurotoxin","floor":33.0},{"not_picked":["Underhanded Strike","PiercingWail+1","hubris:Counter"],"picked":"SKIP","floor":35.0},{"not_picked":["StSpp:Throw+1","Dagger Throw"],"picked":"StuffTheSpire:ReptileScales","floor":36.0},{"not_picked":["Sneak Up+1","Flechettes"],"picked":"StuffTheSpire:MirrorStance+1","floor":37.0},{"not_picked":["PiercingWail","Quick Slash"],"picked":"Crippling Poison+1","floor":39.0},{"not_picked":["Blade Dance","ReplayTheSpireMod:Scrap Shanks"],"picked":"conspire:PoisonWeapons+1","floor":40.0},{"not_picked":["Reflex","Glass Knife"],"picked":"Caltrops+1","floor":44.0},{"not_picked":["Backflip+1","conspire:PoisonWeapons+1"],"picked":"Bouncing Flask","floor":45.0},{"not_picked":["Sucker Punch+1","StuffTheSpire:ReptileScales+1"],"picked":"StSpp:PoisonousPunch+1","floor":48.0},{"not_picked":["Die Die Die","StSpp:Landslide"],"picked":"Night Terror","floor":50.0},{"not_picked":["Calculated Gamble"],"picked":"SKIP","floor":52.0},{"not_picked":["Flying Knee"],"picked":"SKIP","floor":54.0},{"not_picked":["Deflect"],"picked":"SKIP","floor":57.0},{"not_picked":["Flying Knee"],"picked":"SKIP","floor":65.0},{"not_picked":["StuffTheSpire:ClusterCrunch"],"picked":"SKIP","floor":69.0},{"not_picked":["Backflip"],"picked":"SKIP","floor":72.0},{"not_picked":["Riddle With Holes"],"picked":"SKIP","floor":73.0},{"not_picked":[],"picked":"ReplayTheSpireMod:Scrap Shanks+1","floor":75.0},{"not_picked":["Dagger Spray"],"picked":"SKIP","floor":80.0},{"not_picked":["Calculated Gamble"],"picked":"SKIP","floor":82.0},{"not_picked":[],"picked":"Venomology","floor":84.0},{"not_picked":["hubris:Rewind","ReplayTheSpireMod:Chaos Vortex"],"picked":"infinitespire:Punishment","floor":85.0},{"not_picked":["Outmaneuver+1"],"picked":"SKIP","floor":86.0},{"not_picked":[],"picked":"A Thousand Cuts+1","floor":89.0},{"not_picked":["StSpp:FiercePoison"],"picked":"SKIP","floor":90.0},{"not_picked":["Malaise"],"picked":"SKIP","floor":91.0},{"not_picked":["StuffTheSpire:BumpUp"],"picked":"SKIP","floor":92.0},{"not_picked":["Sucker Punch"],"picked":"SKIP","floor":96.0},{"not_picked":[],"picked":"StuffTheSpire:BrimstoneBlast+1","floor":97},{"not_picked":["Night Terror"],"picked":"SKIP","floor":98},{"not_picked":[],"picked":"Prepared+1","floor":99},{"not_picked":["hubris:TrickCloak"],"picked":"SKIP","floor":103},{"not_picked":["Backstab"],"picked":"SKIP","floor":105},{"not_picked":["StSpp:PoisonousPunch"],"picked":"SKIP","floor":108},{"not_picked":["hubris:TrickCloak"],"picked":"SKIP","floor":110},{"not_picked":["Glass Knife"],"picked":"SKIP","floor":113},{"not_picked":["Expertise"],"picked":"SKIP","floor":116},{"not_picked":["StuffTheSpire:Sprint"],"picked":"SKIP","floor":120},{"not_picked":[],"picked":"Poisoned Stab","floor":122},{"not_picked":["infinitespire:Neurotoxin"],"picked":"SKIP","floor":124},{"not_picked":["infinitespire:Neurotoxin"],"picked":"SKIP","floor":124},{"not_picked":["StuffTheSpire:BumpUp"],"picked":"SKIP","floor":126},{"not_picked":["StuffTheSpire:BumpUp+1"],"picked":"SKIP","floor":127}],"player_experience":15699,"relics_obtained":[{"floor":2.0,"key":"foxEvents:LuckyCharm"},{"floor":6.0,"key":"hubris:DuctTape"},{"floor":9.0,"key":"Vajra"},{"floor":26.0,"key":"Toy Ornithopter"},{"floor":27.0,"key":"trackpad:SappingStone"},{"floor":32.0,"key":"GiantMaggot"},{"floor":36.0,"key":"wanderingMiniBosses:AbyssPearl"},{"floor":37.0,"key":"hubris:64BitClover"},{"floor":39.0,"key":"trackpad:PetRock"},{"floor":40.0,"key":"Rawhide"},{"floor":43.0,"key":"ShockBauble"},{"floor":48.0,"key":"PreservedInsect"},{"floor":57.0,"key":"ReplayTheSpireMod:Ninjato"},{"floor":59.0,"key":"CherryCoatedStake"},{"floor":60.0,"key":"StuffTheSpire:Experiment12"},{"floor":67.0,"key":"StSpp:BrokenTotem"},{"floor":75.0,"key":"infinitespire:Beetle Shell"},{"floor":77.0,"key":"Torii"},{"floor":77.0,"key":"hubris:MedicalManual"},{"floor":82.0,"key":"aspiration:FetidBarrel"},{"floor":87.0,"key":"Durian"},{"floor":89.0,"key":"Frozen Egg 2"},{"floor":91.0,"key":"MiniBlackHole"},{"floor":94.0,"key":"trackpad:CultistFigurine"},{"floor":97,"key":"Replay:Towering Pillar of Hats"},{"floor":98,"key":"Replay:Rubber Ducky"},{"floor":99,"key":"Replay:Arrowhead"},{"floor":107,"key":"SpikesRelics:DaevaFist"},{"floor":108,"key":"Replay:Mystery Machine"},{"floor":110,"key":"trackpad:FieryHotPepper"},{"floor":111,"key":"Tiny Chest"},{"floor":111,"key":"trackpad:WeightlessShivs"},{"floor":122,"key":"conspire:TopHat"},{"floor":122,"key":"hubris:SlimyHat"},{"floor":127,"key":"hubris:TenFootPole"},{"floor":128,"key":"War Paint"}],"event_choices":[{"damage_healed":0.0,"max_hp_gain":0.0,"max_hp_loss":0.0,"gold_gain":0.0,"event_name":"Living Wall","player_choice":"Grow","floor":4.0,"gold_loss":0.0,"damage_taken":0.0,"cards_upgraded":["Crippling Poison"]},{"damage_healed":0.0,"max_hp_gain":0.0,"max_hp_loss":0.0,"gold_gain":74.0,"event_name":"Golden Wing","player_choice":"Gained Gold","floor":11.0,"gold_loss":0.0,"damage_taken":0.0},{"damage_healed":0.0,"max_hp_gain":0.0,"max_hp_loss":0.0,"gold_gain":0.0,"event_name":"betterThird:BetterGoop","player_choice":"Slimed","floor":13.0,"gold_loss":31.0,"damage_taken":11.0},{"damage_healed":0.0,"max_hp_gain":30.0,"max_hp_loss":11.0,"gold_gain":0.0,"event_name":"betterAltar:BetterAltar","player_choice":" Vial ","floor":22.0,"potions_obtained":[],"relics_lost":[],"gold_loss":0.0,"damage_taken":19.0,"relics_obtained":["Blood Vial"]},{"damage_healed":0.0,"max_hp_gain":0.0,"max_hp_loss":0.0,"gold_gain":0.0,"event_name":"Mysterious Sphere","player_choice":"Fight","floor":37.0,"gold_loss":0.0,"damage_taken":0.0},{"damage_healed":0.0,"max_hp_gain":0.0,"max_hp_loss":0.0,"gold_gain":77.0,"event_name":"Golden Wing","player_choice":"Gained Gold","floor":55.0,"gold_loss":0.0,"damage_taken":0.0},{"damage_healed":0.0,"max_hp_gain":0.0,"max_hp_loss":0.0,"gold_gain":75.0,"event_name":"betterThird:BetterGoop","player_choice":"Gold","floor":56.0,"gold_loss":0.0,"damage_taken":11.0},{"damage_healed":76.0,"max_hp_gain":0.0,"max_hp_loss":79.0,"gold_gain":0.0,"event_name":"betterThird:BetterShining","player_choice":"Upgrade","floor":64.0,"gold_loss":0.0,"damage_taken":16.0,"cards_upgraded":["Defend_G","Bouncing Flask"]},{"damage_healed":0.0,"max_hp_gain":0.0,"max_hp_loss":0.0,"gold_gain":0.0,"event_name":"Cursed Tome","player_choice":"Obtained Book","floor":70.0,"gold_loss":0.0,"damage_taken":16.0},{"damage_healed":0.0,"max_hp_gain":0.0,"max_hp_loss":0.0,"gold_gain":0.0,"event_name":"MindBloom","player_choice":"Fight","floor":87.0,"gold_loss":0.0,"damage_taken":0.0},{"damage_healed":0.0,"max_hp_gain":0.0,"max_hp_loss":0.0,"gold_gain":0.0,"event_name":"betterMatch:BetterMatch","player_choice":"3","floor":88.0,"gold_loss":0.0,"damage_taken":0.0,"cards_obtained":[]},{"damage_healed":0,"gold_gain":0,"player_choice":"3","damage_taken":0,"max_hp_gain":0,"max_hp_loss":0,"event_name":"betterMatch:BetterMatch","floor":97,"gold_loss":0,"cards_obtained":["betterMatch:UncommonCard"]},{"damage_healed":0,"gold_gain":0,"player_choice":"Fight","damage_taken":0,"max_hp_gain":0,"max_hp_loss":0,"event_name":"Mysterious Sphere","floor":99,"gold_loss":0},{"damage_healed":84,"gold_gain":0,"player_choice":"Upgrade","damage_taken":17,"max_hp_gain":0,"max_hp_loss":84,"event_name":"betterThird:BetterShining","floor":106,"gold_loss":0,"cards_upgraded":["Defend_G","StuffTheSpire:ReptileScales"]},{"damage_healed":0,"gold_gain":0,"player_choice":"Relic","damage_taken":0,"max_hp_gain":0,"max_hp_loss":0,"event_name":"Wheel of Change","floor":107,"gold_loss":0},{"damage_healed":0,"gold_gain":72,"player_choice":"Gained Gold","damage_taken":0,"max_hp_gain":0,"max_hp_loss":0,"event_name":"Golden Wing","floor":115,"gold_loss":0},{"damage_healed":0,"gold_gain":99,"player_choice":"Steal","damage_taken":0,"max_hp_gain":0,"max_hp_loss":0,"event_name":"betterThird:BetterNest","floor":123,"gold_loss":0}],"is_beta":false,"boss_relics":[{"not_picked":["hubris:BlackHole","hubris:GrandSneckoEye"],"picked":"ChewingGum"},{"not_picked":["ReplayTheSpireMod:DimensionalGlitch","conspire:SlowCooker"],"picked":"energizedSpire:DeadBattery"},{"not_picked":["energizedSpire:HugeHouse","conspire:SeveredTorchhead"],"picked":"Busted Crown"},{"not_picked":["StSpp:FireArrow","Painkiller Herb"],"picked":"energizedSpire:MagnifyingGlass"},{"not_picked":["Abe\u0027s Treasure","energizedSpire:SpiderWeb","StSpp:PileOfSugar"]},{"not_picked":["aspiration:RunicSpoon","Snecko Eye"],"picked":"Replay:Wanted Poster"},{"not_picked":["hubris:Stopwatch","StSpp:PileOfSugar"],"picked":"conspire:SpecialSausage"}],"items_purged_floors":[25],"is_endless":true,"potions_floor_spawned":[5,6,14,16,19,27,28,31,36,37,40,50,52,54,65,75,82,86,87,92,97,97,99,103,113,118,120,126],"killed_by":"Nightmare_Alpha","ascension_level":0}}