{"host":"52m1o8iwwagurbjs","time":1611942958,"event":{"mods":["AchievementEnabler","BaseMod","Bestiary","Colored Powertips","GifTheSpireLib","Minty Spire (QoL Compilation)","Quick Restart","RNG Fix","Relic Stats","StSLib"],"gold_per_floor":[114,38,50,69,87,113,113,138,138,173,173,183,183,193,193,291,291,309,408,14,32,48,48,76,76,76,105,105,121,156,156,156,261,261,261,536,588,588,588],"floor_reached":38,"language":"ENG","playtime":1431,"items_purged":["Strike_G"],"score":500,"play_id":"e26cdb7f-7925-486f-a5f6-eb5c92d754e3","local_time":"20210129125558","is_ascension_mode":true,"campfire_choices":[{"data":"Masterful Stab","floor":7.0,"key":"SMITH"},{"data":"Footwork","floor":11.0,"key":"SMITH"},{"floor":15,"key":"REST"},{"data":"Glass Knife","floor":23,"key":"SMITH"},{"data":"Wraith Form v2","floor":25,"key":"SMITH"},{"data":"After Image","floor":28,"key":"SMITH"},{"data":"Accuracy","floor":32,"key":"SMITH"}],"circlet_count":0,"master_deck":["Defend_G","Defend_G","Defend_G","Defend_G","Defend_G","Survivor+1","Neutralize","Acrobatics","Masterful Stab+1","Slice","Leg Sweep","Cloak And Dagger+1","Terror","Footwork+1","Blade Dance","All Out Attack","Corpse Explosion","Deflect","Glass Knife+1","Distraction+1","Escape Plan+1","Expertise+1","Dagger Spray","Backflip","Wraith Form v2+1","After Image+1","PiercingWail","Wraith Form v2","Accuracy+1","Tools of the Trade","Regret"],"relics":["Ring of the Snake","Blood Vial","Singing Bowl","Strawberry","Pear","War Paint","Astrolabe","Sling","Oddly Smooth Stone","Question Card","Bottled Lightning","Boot","Mercury Hourglass","Empty Cage","Calipers"],"acts_visited":["Exordium","TheCity","TheBeyond"],"potions_floor_usage":[18,24,30,33,35,37],"damage_taken":[{"damage":0.0,"enemies":"Cultist","floor":1.0,"turns":4.0},{"damage":1.0,"enemies":"2 Louse","floor":3.0,"turns":3.0},{"damage":0.0,"enemies":"Small Slimes","floor":4.0,"turns":3.0},{"damage":0.0,"enemies":"2 Fungi Beasts","floor":5.0,"turns":4.0},{"damage":7.0,"enemies":"Gremlin Nob","floor":6.0,"turns":3.0},{"damage":26.0,"enemies":"3 Sentries","floor":8.0,"turns":13.0},{"damage":22.0,"enemies":"Gremlin Nob","floor":10.0,"turns":4.0},{"damage":0.0,"enemies":"Red Slaver","floor":12.0,"turns":3.0},{"damage":2,"enemies":"Exordium Thugs","floor":14,"turns":3},{"damage":44,"enemies":"Slime Boss","floor":16,"turns":14},{"damage":0,"enemies":"Chosen","floor":18,"turns":3},{"damage":1,"enemies":"Shell Parasite","floor":21,"turns":6},{"damage":0,"enemies":"Centurion and Healer","floor":22,"turns":5},{"damage":4,"enemies":"Gremlin Leader","floor":24,"turns":6},{"damage":11,"enemies":"Book of Stabbing","floor":27,"turns":5},{"damage":2,"enemies":"Snake Plant","floor":29,"turns":4},{"damage":1,"enemies":"Gremlin Leader","floor":30,"turns":5},{"damage":44,"enemies":"Champ","floor":33,"turns":16},{"damage":0,"enemies":"3 Darklings","floor":35,"turns":1},{"damage":53,"enemies":"2 Orb Walkers","floor":37,"turns":4},{"damage":0,"enemies":"3 Shapes","floor":38,"turns":1}],"seed_played":"9110686468291397610","potions_obtained":[{"floor":4.0,"key":"FearPotion"},{"floor":5.0,"key":"AttackPotion"},{"floor":8.0,"key":"SmokeBomb"},{"floor":16,"key":"AttackPotion"},{"floor":22,"key":"ColorlessPotion"},{"floor":27,"key":"Regen Potion"},{"floor":29,"key":"LiquidBronze"},{"floor":33,"key":"FearPotion"}],"is_trial":false,"path_per_floor":["M","$","M","M","M","E","R","E","T","E","R","M","?","M","R","B",null,"M","?","$","M","M","R","E","R","T","E","R","M","E","?","R","B",null,"M","?","?","M"],"character_chosen":"THE_SILENT","items_purchased":["Masterful Stab","Dagger Spray","Sling","Oddly Smooth Stone"],"campfire_rested":1,"item_purchase_floors":[2,20,20,20],"current_hp_per_floor":[70,70,69,70,70,63,63,46,56,36,36,38,38,38,64,22,87,89,89,89,88,91,91,87,87,87,78,78,78,79,79,79,52,91,91,91,40,42,42],"gold":588,"neow_bonus":"RANDOM_COMMON_RELIC","is_daily":false,"chose_seed":false,"campfire_upgraded":6,"win_rate":0.0,"timestamp":1611942958,"path_taken":["M","$","M","M","M","E","R","E","T","E","R","M","?","M","R","BOSS","M","?","?","?","?","R","E","R","T","E","R","M","E","?","R","BOSS","M","?","?","M"],"items_purchased_type":["Card","Card","Relic","Relic"],"build_version":"2020-12-22","purchased_purges":1,"victory":false,"max_hp_per_floor":[70,70,70,70,70,70,70,77,87,87,87,87,87,87,87,87,87,89,89,89,89,91,91,91,91,91,91,91,91,91,91,91,91,91,91,91,93,93,93],"relic_stats":{"Blood Vial":22,"Singing Bowl":6,"counters":[21,109],"Astrolabe":["Distraction","Escape Plan","Expertise"],"War Paint":["Cloak And Dagger","Survivor"],"Question Card":5,"Boot":[20],"obtain_stats":[{"Pear":9,"Calipers":37,"Singing Bowl":6,"Astrolabe":17,"Oddly Smooth Stone":20,"War Paint":10,"Sling":20,"Question Card":24,"Boot":27,"Empty Cage":34,"Mercury Hourglass":30,"Blood Vial":0,"Strawberry":8,"Bottled Lightning":26,"Ring of the Snake":0},{"Pear":6,"Calipers":20,"Singing Bowl":5,"Astrolabe":10,"Oddly Smooth Stone":11,"War Paint":7,"Sling":11,"Question Card":14,"Boot":15,"Empty Cage":18,"Mercury Hourglass":17,"Blood Vial":0,"Strawberry":6,"Bottled Lightning":14,"Ring of the Snake":0},{"Pear":30,"Calipers":109,"Singing Bowl":17,"Astrolabe":54,"Oddly Smooth Stone":57,"War Paint":34,"Sling":57,"Question Card":74,"Boot":79,"Empty Cage":104,"Mercury Hourglass":88,"Blood Vial":0,"Strawberry":30,"Bottled Lightning":74,"Ring of the Snake":0}],"Ring of the Snake":[40],"Mercury Hourglass":[78]},"card_choices":[{"not_picked":["Tactician","Dodge and Roll"],"picked":"Acrobatics","floor":1.0},{"not_picked":["Noxious Fumes","Deflect"],"picked":"Slice","floor":3.0},{"not_picked":["Distraction","Skewer"],"picked":"Leg Sweep","floor":4.0},{"not_picked":["Acrobatics","Heel Hook"],"picked":"Cloak And Dagger","floor":5.0},{"not_picked":["Catalyst","Reflex"],"picked":"Terror","floor":6.0},{"not_picked":["Expertise","Backflip"],"picked":"Footwork","floor":8.0},{"not_picked":["Riddle With Holes","Sucker Punch"],"picked":"Blade Dance","floor":10.0},{"not_picked":["Dagger Throw","Poisoned Stab"],"picked":"All Out Attack","floor":12.0},{"not_picked":["Dodge and Roll","Prepared"],"picked":"Deflect","floor":14},{"not_picked":["Venomology","Storm of Steel"],"picked":"Glass Knife","floor":16},{"not_picked":["Outmaneuver","Riddle With Holes+1","Sucker Punch"],"picked":"Singing Bowl","floor":18},{"not_picked":["Cloak And Dagger","Poisoned Stab"],"picked":"Backflip","floor":21},{"not_picked":["Bane","Bouncing Flask+1","Expertise"],"picked":"Singing Bowl","floor":22},{"not_picked":["Acrobatics","Sucker Punch+1"],"picked":"Wraith Form v2","floor":24},{"not_picked":["Dagger Spray","Well Laid Plans","Quick Slash"],"picked":"After Image","floor":27},{"not_picked":["Dagger Throw","Crippling Poison","Dash+1"],"picked":"PiercingWail","floor":29},{"not_picked":["Unload","Bane","PiercingWail"],"picked":"Wraith Form v2","floor":30},{"not_picked":["Malaise","Bullet Time","Phantasmal Killer"],"picked":"Tools of the Trade","floor":33},{"not_picked":["Noxious Fumes+1","Deadly Poison+1","Slice+1","Bane"],"picked":"Singing Bowl","floor":37}],"player_experience":1242211,"relics_obtained":[{"floor":6.0,"key":"Singing Bowl"},{"floor":8.0,"key":"Strawberry"},{"floor":9.0,"key":"Pear"},{"floor":10.0,"key":"War Paint"},{"floor":24,"key":"Question Card"},{"floor":26,"key":"Bottled Lightning"},{"floor":27,"key":"Boot"},{"floor":30,"key":"Mercury Hourglass"},{"floor":37,"key":"Calipers"}],"event_choices":[{"damage_healed":0.0,"max_hp_gain":0.0,"max_hp_loss":0.0,"gold_gain":0.0,"event_name":"Match and Keep!","player_choice":"2 cards matched","floor":13.0,"gold_loss":0.0,"damage_taken":0.0,"cards_obtained":["Corpse Explosion","Masterful Stab"]},{"damage_healed":0,"gold_gain":99,"player_choice":"Stole From Cult","damage_taken":0,"max_hp_gain":0,"max_hp_loss":0,"event_name":"Nest","floor":19,"gold_loss":0},{"damage_healed":0,"gold_gain":0,"player_choice":"Read","damage_taken":0,"max_hp_gain":0,"max_hp_loss":0,"event_name":"The Library","floor":31,"gold_loss":0,"cards_obtained":["Accuracy"]},{"damage_healed":0,"gold_gain":275,"player_choice":"Desecrate","damage_taken":0,"max_hp_gain":0,"max_hp_loss":0,"event_name":"Golden Shrine","floor":36,"gold_loss":0,"cards_obtained":["Regret"]},{"damage_healed":0,"gold_gain":0,"player_choice":"Fight","damage_taken":0,"max_hp_gain":0,"max_hp_loss":0,"event_name":"Mysterious Sphere","floor":37,"gold_loss":0}],"is_beta":false,"boss_relics":[{"not_picked":["Calling Bell","Busted Crown"],"picked":"Astrolabe"},{"not_picked":["SacredBark","Runic Dome"],"picked":"Empty Cage"}],"items_purged_floors":[20],"is_endless":false,"potions_floor_spawned":[4,5,8,16,22,27,29,33],"killed_by":"3 Shapes","ascension_level":1}}