{"host":"oz0i1fpezyhy8r2h","time":1611914486,"event":{"mods":["ATMod(∞¢Ë™Mod)","Act Like it!","Arknights The Spire","BaseMod","KinomotoSakuraMod(ƒæ÷Æ±æ”£)","Minty Spire (QoL Compilation)","Reimu£®≤©¿ˆ¡È√Œ£©","Remilia£®¿Ÿ√◊¿Ú—«£©","StSLib","The Bug Knight","°æ“≈ŒÔø®≈∆°øREMEMod"],"gold_per_floor":[116,134,56,69,87,87,117,147,173,201,201,221,236,267,267,367,367,386,386,386,396,396,426,206,206,206,206,310,374,481,526,526,649,649,744,744,193,336,411,411,447,447,447,549,549,459,514,634,634,684,684,684,148,228,253],"floor_reached":56,"language":"ZHS","playtime":3221,"items_purged":["ClowCardTheShield","Writhe"],"score":1750,"play_id":"6d0a69e0-67b8-41c8-b069-aea769b66d1f","local_time":"20210129180125","is_ascension_mode":true,"campfire_choices":[{"data":"ClowCardTheFly","floor":6.0,"key":"SMITH"},{"floor":11.0,"key":"REST"},{"data":"ClowCardTheShield","floor":15.0,"key":"SMITH"},{"data":"SpellCardSeal","floor":25.0,"key":"SMITH"},{"data":"ClowCardTheBig","floor":32.0,"key":"SMITH"},{"data":"ClowCardTheLight","floor":40.0,"key":"SMITH"},{"data":"ClowCardTheTime","floor":42.0,"key":"SMITH"},{"floor":49.0,"key":"RECALL"},{"floor":52.0,"key":"REST"}],"circlet_count":0,"master_deck":["SakuraCardTheSong+","SakuraCardTheStorm+","SakuraCardTheDash+","ClowCardTheSword","ClowCardTheSword","ClowCardTheSword","ClowCardTheShield+1","SpellCardSeal+1","SpellCardRelease","ClowCardTheFly+1","ClowCardTheTime+1","ClowCardTheFlower+1","ClowCardTheDash+1","ClowCardTheBig+1","ClowCardTheTwin","Madness","Madness","ClowCardTheLight+1","ClowCardTheRain+1","ClowCardTheWindy+1","Dark Shackles","ClowCardTheWave"],"relics":["KSMOD_SealedBook","KSMOD_SealedWand","AT_ATBox","REME_ComplimentaryCards","Blood Vial","Odd Mushroom","KSMOD_RollerSkates","Dream Catcher","AT_BladeRuinedKing","Cursed Key","AT_LudenTempest","AT_MibuBalloonWealth","Shuriken","SlaversCollar","Orrery","Gambling Chip","Girya","Lantern","KSMOD_TeddyBear","Incense Burner","AT_ArchangelStaff"],"acts_visited":["Exordium","TheCity","TheBeyond","TheEnding"],"potions_floor_usage":[],"damage_taken":[{"damage":0.0,"enemies":"Cultist","floor":1.0,"turns":2.0},{"damage":0.0,"enemies":"Jaw Worm","floor":2.0,"turns":4.0},{"damage":0.0,"enemies":"Small Slimes","floor":4.0,"turns":2.0},{"damage":0.0,"enemies":"3 Louse","floor":5.0,"turns":3.0},{"damage":15.0,"enemies":"3 Sentries","floor":7.0,"turns":5.0},{"damage":15.0,"enemies":"The Mushroom Lair","floor":8.0,"turns":3.0},{"damage":11.0,"enemies":"Lagavulin","floor":10.0,"turns":5.0},{"damage":1.0,"enemies":"Looter","floor":12.0,"turns":2.0},{"damage":0.0,"enemies":"Large Slime","floor":13.0,"turns":4.0},{"damage":0.0,"enemies":"Gremlin Nob","floor":14.0,"turns":2.0},{"damage":18.0,"enemies":"Hexaghost","floor":16.0,"turns":5.0},{"damage":4.0,"enemies":"Chosen","floor":18.0,"turns":3.0},{"damage":0.0,"enemies":"2 Thieves","floor":21.0,"turns":5.0},{"damage":0.0,"enemies":"Slavers","floor":23.0,"turns":2.0},{"damage":0.0,"enemies":"Gremlin Leader","floor":28.0,"turns":2.0},{"damage":0.0,"enemies":"Cultist and Chosen","floor":29.0,"turns":3.0},{"damage":7.0,"enemies":"Slavers","floor":30.0,"turns":4.0},{"damage":0.0,"enemies":"Snecko","floor":31.0,"turns":1.0},{"damage":0.0,"enemies":"Automaton","floor":33.0,"turns":2.0},{"damage":8.0,"enemies":"3 Shapes","floor":35.0,"turns":2.0},{"damage":0.0,"enemies":"3 Darklings","floor":38.0,"turns":2.0},{"damage":0.0,"enemies":"Mind Bloom Boss Battle","floor":39.0,"turns":1.0},{"damage":22.0,"enemies":"Writhing Mass","floor":41.0,"turns":2.0},{"damage":0.0,"enemies":"Reptomancer","floor":44.0,"turns":1.0},{"damage":0.0,"enemies":"Giant Head","floor":47.0,"turns":1.0},{"damage":8.0,"enemies":"4 Shapes","floor":48.0,"turns":1.0},{"damage":0.0,"enemies":"Donu and Deca","floor":50.0,"turns":1.0},{"damage":14,"enemies":"Shield and Spear","floor":54,"turns":2},{"damage":8,"enemies":"The Heart","floor":55,"turns":3}],"seed_played":"7990206040470507245","potions_obtained":[{"floor":4.0,"key":"Strength Potion"},{"floor":8.0,"key":"GamblersBrew"},{"floor":10.0,"key":"Weak Potion"},{"floor":12.0,"key":"SteroidPotion"},{"floor":23.0,"key":"DistilledChaos"},{"floor":47.0,"key":"Energy Potion"},{"floor":54,"key":"SmokeBomb"}],"is_trial":false,"path_per_floor":["M","M","$","M","M","R","E","?","T","E","R","M","M","E","R","B",null,"M","?","?","M","?","E","$","R","T","T","E","M","E","M","R","B",null,"M","?","$","M","?","R","M","R","T","E","T","?","E","M","R","B",null,"R","$","E","B",null],"character_chosen":"KINOMOTOSAKURA","items_purchased":["ClowCardTheDash","AT_MibuBalloonWealth","Orrery","Gambling Chip","KSMOD_TeddyBear","Incense Burner","Dark Shackles"],"campfire_rested":2,"item_purchase_floors":[3,24,37,37,53,53,53],"current_hp_per_floor":[49,49,49,49,49,49,34,21,21,12,33,34,36,38,38,22,70,66,70,57,59,59,61,61,61,61,61,63,65,60,62,62,64,75,67,58,58,60,62,62,42,42,42,44,44,44,46,40,40,42,75,75,75,61,55],"gold":253,"neow_bonus":"REMOVE_TWO","is_daily":false,"chose_seed":false,"campfire_upgraded":6,"win_rate":0.0,"timestamp":1611914485,"path_taken":["M","M","$","?","M","R","E","?","T","E","R","M","M","E","R","BOSS","M","?","?","M","?","E","$","R","T","?","E","M","E","M","R","BOSS","M","?","$","M","?","R","M","R","T","E","?","?","E","?","R","BOSS","R","$","E","BOSS"],"items_purchased_type":["Card","Relic","Relic","Relic","Relic","Relic","Card"],"build_version":"2020-12-22","purchased_purges":2,"victory":true,"max_hp_per_floor":[70,70,70,70,70,70,70,70,70,70,70,70,70,70,70,70,70,70,70,75,75,75,75,75,75,75,75,75,75,75,75,75,75,75,75,75,75,75,75,75,75,75,75,75,75,75,75,75,75,75,75,75,75,75,75],"card_choices":[{"not_picked":["ClowCardTheCloud","ClowCardTheMirror","ClowCardTheMaze"],"picked":"SKIP","floor":1.0},{"not_picked":["ClowCardTheErase","ClowCardTheChange","ClowCardTheSweet"],"picked":"SKIP","floor":2.0},{"not_picked":["ClowCardTheGlow","ClowCardTheShadow"],"picked":"ClowCardTheFly","floor":4.0},{"not_picked":["ClowCardTheMist","ClowCardTheBubbles","ClowCardTheIllusion"],"picked":"SKIP","floor":5.0},{"not_picked":["ClowCardTheShot","ClowCardTheFirey","ClowCardTheSilent"],"picked":"SKIP","floor":7.0},{"not_picked":["ClowCardTheSleep","ClowCardTheWave","ClowCardTheLock"],"picked":"SKIP","floor":10.0},{"not_picked":["ClowCardTheWood","ClowCardTheSilent"],"picked":"ClowCardTheStorm","floor":12.0},{"not_picked":["ClowCardTheSand","ClowCardTheSleep","ClowCardTheThunder"],"picked":"SKIP","floor":13.0},{"not_picked":["ClowCardTheCloud","ClowCardTheThunder","ClowCardTheMaze"],"picked":"SKIP","floor":14.0},{"not_picked":["ClowCardTheLight","ClowCardTheReturn"],"picked":"ClowCardTheTime","floor":16.0},{"not_picked":["ClowCardThePower","ClowCardTheVoice"],"picked":"ClowCardTheFlower+1","floor":18.0},{"not_picked":["ClowCardTheEarthy","ClowCardTheChange","ClowCardTheCloud"],"picked":"SKIP","floor":21.0},{"not_picked":["ClowCardTheMist+1","ClowCardTheMove","ClowCardTheChange+1"],"picked":"SKIP","floor":23.0},{"not_picked":["ClowCardTheWave","ClowCardTheLibra+1","ClowCardTheIllusion"],"picked":"SKIP","floor":28.0},{"not_picked":["ClowCardTheDream","ClowCardTheIllusion"],"picked":"ClowCardTheDash","floor":29.0},{"not_picked":["ClowCardTheLibra","ClowCardTheMist","ClowCardTheMirror"],"picked":"SKIP","floor":30.0},{"not_picked":["ClowCardTheArrow","ClowCardTheFreeze+1"],"picked":"ClowCardTheBig","floor":31.0},{"not_picked":["ClowCardTheDark","ClowCardTheReturn"],"picked":"ClowCardTheTwin","floor":33.0},{"not_picked":["ClowCardTheDream+1","ClowCardTheSand","ClowCardTheShadow"],"picked":"SKIP","floor":35.0},{"not_picked":["ClowCardTheVoice","ClowCardTheShadow+1"],"picked":"ClowCardTheLight","floor":37.0},{"not_picked":["ClowCardTheIllusion","ClowCardTheBubbles+1"],"picked":"ClowCardTheSong+1","floor":37.0},{"not_picked":["ClowCardTheDream","ClowCardTheSweet","ClowCardTheSand+1"],"picked":"SKIP","floor":38.0},{"not_picked":["ClowCardTheWave+1","ClowCardTheDark"],"picked":"ClowCardTheRain+1","floor":39.0},{"not_picked":["ClowCardTheShot","ClowCardTheMirror","ClowCardTheShadow"],"picked":"SKIP","floor":41.0},{"not_picked":["ClowCardTheMaze","ClowCardTheRain+1","ClowCardTheCloud"],"picked":"SKIP","floor":44.0},{"not_picked":["ClowCardTheLock+1","ClowCardTheLight"],"picked":"ClowCardTheWindy+1","floor":47.0},{"not_picked":["ClowCardTheChange+1","ClowCardTheShot","ClowCardTheDream+1"],"picked":"SKIP","floor":48.0},{"not_picked":["ClowCardTheGlow+1","ClowCardTheArrow"],"picked":"ClowCardTheWave","floor":54}],"player_experience":195236,"relics_obtained":[{"floor":7.0,"key":"Blood Vial"},{"floor":8.0,"key":"Odd Mushroom"},{"floor":9.0,"key":"KSMOD_RollerSkates"},{"floor":10.0,"key":"Dream Catcher"},{"floor":14.0,"key":"AT_BladeRuinedKing"},{"floor":23.0,"key":"AT_LudenTempest"},{"floor":28.0,"key":"Shuriken"},{"floor":44.0,"key":"Girya"},{"floor":47.0,"key":"Lantern"},{"floor":54,"key":"AT_ArchangelStaff"}],"event_choices":[{"damage_healed":0.0,"max_hp_gain":0.0,"max_hp_loss":0.0,"gold_gain":0.0,"event_name":"Mushrooms","player_choice":"Fought Mushrooms","floor":8.0,"gold_loss":0.0,"damage_taken":0.0},{"damage_healed":23.0,"max_hp_gain":0.0,"max_hp_loss":0.0,"gold_gain":0.0,"event_name":"The Library","player_choice":"Heal","floor":19.0,"gold_loss":0.0,"damage_taken":0.0},{"damage_healed":0.0,"max_hp_gain":5.0,"max_hp_loss":0.0,"gold_gain":0.0,"event_name":"Forgotten Altar","player_choice":"Shed Blood","floor":20.0,"gold_loss":0.0,"damage_taken":18.0},{"damage_healed":0.0,"max_hp_gain":0.0,"max_hp_loss":0.0,"gold_gain":0.0,"event_name":"Ghosts","player_choice":"Ignored","floor":22.0,"gold_loss":0.0,"damage_taken":0.0},{"damage_healed":0.0,"max_hp_gain":0.0,"max_hp_loss":0.0,"gold_gain":0.0,"event_name":"Winding Halls","player_choice":"Embrace Madness","floor":36.0,"gold_loss":0.0,"damage_taken":9.0,"cards_obtained":["Madness","Madness"]},{"damage_healed":0.0,"max_hp_gain":0.0,"max_hp_loss":0.0,"gold_gain":0.0,"event_name":"MindBloom","player_choice":"Fight","floor":39.0,"gold_loss":0.0,"damage_taken":0.0},{"cards_removed":["ClowCardTheShield"],"damage_healed":0.0,"max_hp_gain":0.0,"max_hp_loss":0.0,"gold_gain":0.0,"event_name":"Designer","player_choice":"Upgrade and Remove","floor":46.0,"gold_loss":90.0,"damage_taken":0.0,"cards_upgraded":["ClowCardTheDash"]}],"is_beta":false,"boss_relics":[{"not_picked":["REME_DuelDisc","Astrolabe"],"picked":"Cursed Key"},{"not_picked":["Snecko Eye","SacredBark"],"picked":"SlaversCollar"}],"items_purged_floors":[24,37],"is_endless":false,"potions_floor_spawned":[4,8,10,12,23,28,44,47,54],"ascension_level":4}}