{"host":"uwh382mre4waz4ff","time":1611929632,"event":{"mods":["100% Spire Juice","AchievementEnabler","BaseMod","Better Note","Better Third Choice","BetterRewards","Minty Spire (QoL Compilation)","Quick Restart","Shop Mod","StSLib"],"gold_per_floor":[118,138,150,150,165,74,86,104,104,3,3,3,3,21,21,150,30,54,54,79,79,104,147,168,182,182,216,216,119,119,139,139,267,267,292,313,123,123,146,146,161,179,205,205,241,256,270,570,570,570],"floor_reached":51,"language":"ENG","playtime":3217,"items_purged":["Moonworks:Strike","Pain"],"score":829,"play_id":"e5928022-bcb8-4250-9ad1-7a0dfaad62ef","local_time":"20210129221352","is_ascension_mode":false,"campfire_choices":[{"data":"Moonworks:BackdoorTrade","floor":11,"key":"SMITH"},{"data":"Moonworks:RocketCannon","floor":15,"key":"SMITH"},{"data":"Moonworks:PlushieMaster","floor":30,"key":"SMITH"},{"data":"Moonworks:LuckyCharm","floor":32,"key":"SMITH"},{"data":"Moonworks:SealedMemories","floor":40,"key":"SMITH"},{"data":"Moonworks:Ambush","floor":49,"key":"SMITH"}],"circlet_count":0,"master_deck":["Moonworks:Strike","Moonworks:Defend","Moonworks:Defend","Moonworks:Defend","Moonworks:Defend","Moonworks:Ambush+1","Moonworks:LongDistanceShot","Flash of Steel","Moonworks:FullSpeedAlicianrone","Moonworks:NicePresent","Moonworks:Dinner","Moonworks:BackdoorTrade+1","Moonworks:NicePresent","Moonworks:RocketCannon+1","Moonworks:NicePresent","Moonworks:ReflectiveShell+1","Moonworks:PlushieMaster+1","Moonworks:Dash","Moonworks:WindyEnchantment+1","Moonworks:SealedMemories+1","Moonworks:NicePresent","Moonworks:LuckyCharm+1","Moonworks:MiracleRedBeanIceCream","Moonworks:OutOfAmmo+1","Flash of Steel","Moonworks:StiffCrystal+1","Moonworks:SealedMemories+1","Parasite","Moonworks:AngelHand+1"],"relics":["Moonworks:BrokenBomb","Moonworks:Homemark","Torii","Mercury Hourglass","Strawberry","Frozen Egg 2","Golden Idol","Coffee Dripper","Bottled Tornado","Eternal Feather","Darkstone Periapt","WarpedTongs","Sozu","Pen Nib","Old Coin"],"acts_visited":["Exordium","TheCity","TheBeyond"],"potions_floor_usage":[5,10,10,27,27,33,33],"damage_taken":[{"damage":0,"enemies":"Cultist","floor":1,"turns":2},{"damage":0,"enemies":"Jaw Worm","floor":2,"turns":2},{"damage":0,"enemies":"2 Louse","floor":3,"turns":2},{"damage":1,"enemies":"Gremlin Gang","floor":5,"turns":3},{"damage":30,"enemies":"Lagavulin","floor":6,"turns":4},{"damage":0,"enemies":"Looter","floor":7,"turns":2},{"damage":1,"enemies":"Large Slime","floor":8,"turns":4},{"damage":0,"enemies":"Gremlin Gang","floor":10,"turns":2},{"damage":0,"enemies":"Exordium Wildlife","floor":14,"turns":4},{"damage":0,"enemies":"Slime Boss","floor":16,"turns":4},{"damage":0,"enemies":"Spheric Guardian","floor":18,"turns":2},{"damage":1,"enemies":"Shell Parasite","floor":20,"turns":2},{"damage":0,"enemies":"Snecko","floor":22,"turns":4},{"damage":6,"enemies":"Gremlin Leader","floor":23,"turns":3},{"damage":0,"enemies":"Centurion and Healer","floor":24,"turns":3},{"damage":14,"enemies":"Snake Plant","floor":25,"turns":3},{"damage":8,"enemies":"Book of Stabbing","floor":27,"turns":4},{"damage":6,"enemies":"Chosen and Byrds","floor":29,"turns":4},{"damage":0,"enemies":"Sentry and Sphere","floor":31,"turns":3},{"damage":68,"enemies":"Champ","floor":33,"turns":8},{"damage":17,"enemies":"3 Shapes","floor":35,"turns":3},{"damage":16,"enemies":"Orb Walker","floor":36,"turns":2},{"damage":0,"enemies":"Maw","floor":39,"turns":5},{"damage":0,"enemies":"3 Darklings","floor":41,"turns":3},{"damage":0,"enemies":"Writhing Mass","floor":42,"turns":4},{"damage":0,"enemies":"Nemesis","floor":45,"turns":5},{"damage":0,"enemies":"Sphere and 2 Shapes","floor":46,"turns":3},{"damage":0,"enemies":"Maw","floor":47,"turns":6},{"damage":33,"enemies":"Donu and Deca","floor":50,"turns":5}],"seed_played":"-7636990685054134459","potions_obtained":[{"floor":1,"key":"GamblersBrew"},{"floor":3,"key":"LiquidBronze"},{"floor":8,"key":"PowerPotion"},{"floor":10,"key":"Dexterity Potion"},{"floor":18,"key":"Explosive Potion"},{"floor":22,"key":"LiquidMemories"},{"floor":27,"key":"AttackPotion"},{"floor":33,"key":"Regen Potion"}],"is_trial":false,"path_per_floor":["M","M","M","?","M","E","M","M","T","M","R","?","?","M","R","B",null,"M","?","M","$","M","E","M","M","T","E","?","M","R","M","R","B",null,"M","M","$","?","M","R","M","M","T","?","E","M","M","T","R","B",null],"character_chosen":"THE_STARBREAKER","items_purchased":["Flash of Steel","Moonworks:FullSpeedAlicianrone","Mercury Hourglass","Fruit Juice","Flash of Steel"],"campfire_rested":0,"item_purchase_floors":[0,0,0,0,37],"current_hp_per_floor":[33,33,33,33,32,9,9,13,13,16,16,16,16,21,21,27,62,62,62,61,61,61,55,58,44,44,36,42,41,56,61,68,2,68,56,40,40,34,39,54,59,70,70,70,74,74,74,74,74,46],"gold":570,"neow_bonus":"","is_daily":false,"chose_seed":false,"campfire_upgraded":6,"win_rate":0.0,"timestamp":1611929632,"path_taken":["M","?","M","?","M","E","M","M","T","M","R","?","?","?","R","BOSS","M","?","?","$","M","E","?","M","T","E","?","M","R","M","R","BOSS","M","M","$","?","?","R","M","M","T","?","E","M","M","?","R","BOSS"],"items_purchased_type":["Card","Card","Relic","Potion","Card"],"build_version":"2020-12-22","purchased_purges":2,"victory":true,"max_hp_per_floor":[60,60,60,60,60,67,67,67,67,67,67,62,62,62,62,62,62,62,62,62,62,62,62,62,62,62,62,68,68,68,68,68,68,68,68,68,68,68,68,68,68,74,74,74,74,74,74,74,74,74],"card_choices":[{"not_picked":["Moonworks:SelfDestruct","Moonworks:LulusLuckyEgg"],"picked":"Moonworks:NicePresent","floor":1},{"not_picked":["Moonworks:CloudOfSeagulls","Moonworks:ExtendedPhotonRifle","Moonworks:LulusLuckyEgg"],"picked":"SKIP","floor":2},{"not_picked":["Moonworks:EvilSpyWorkPreparation","Moonworks:DeployBits","Moonworks:ImOnFire"],"picked":"SKIP","floor":3},{"not_picked":["Moonworks:ImOnFire","Moonworks:CloudOfSeagulls"],"picked":"Moonworks:Dinner","floor":5},{"not_picked":["Moonworks:NicePresent","Moonworks:Poppoformation"],"picked":"Moonworks:BackdoorTrade","floor":6},{"not_picked":["Moonworks:JonathanRush","Moonworks:LulusLuckyEgg"],"picked":"Moonworks:NicePresent","floor":7},{"not_picked":["Moonworks:RagingMadness","Moonworks:LulusLuckyEgg","Moonworks:BigMagnum"],"picked":"SKIP","floor":8},{"not_picked":["Moonworks:BigMagnum","Moonworks:ImOnFire","Moonworks:Assault"],"picked":"SKIP","floor":10},{"not_picked":["Moonworks:LulusLuckyEgg","Moonworks:UnluckyCharm"],"picked":"Moonworks:NicePresent","floor":14},{"not_picked":["Moonworks:RocketCannon","Moonworks:WeAreWaruda"],"picked":"Moonworks:ReflectiveShell+1","floor":16},{"not_picked":["Moonworks:EvilSpyWorkPreparation","Moonworks:CloudOfSeagulls","Moonworks:BindingChains"],"picked":"SKIP","floor":18},{"not_picked":["Moonworks:EvilSpyWorkPreparation+1","Moonworks:IndiscriminateFireSupport+1"],"picked":"Moonworks:Dash","floor":20},{"not_picked":["Moonworks:Assault","Moonworks:IndiscriminateFireSupport"],"picked":"Moonworks:NicePresent","floor":22},{"not_picked":["Moonworks:IndiscriminateFireSupport","Moonworks:SakisCookie"],"picked":"Moonworks:WindyEnchantment+1","floor":23},{"not_picked":["Moonworks:BigMagnum","Moonworks:LulusLuckyEgg+1"],"picked":"Moonworks:SealedMemories","floor":24},{"not_picked":["Moonworks:Assault","Moonworks:IndiscriminateFireSupport"],"picked":"Moonworks:NicePresent","floor":25},{"not_picked":["Moonworks:MixPhenomenon","Moonworks:ScrambledEve"],"picked":"Moonworks:LuckyCharm","floor":27},{"not_picked":["Moonworks:HolyNight+1","Moonworks:EvilSpyWorkPreparation"],"picked":"Moonworks:MiracleRedBeanIceCream","floor":29},{"not_picked":["Moonworks:CloudOfSeagulls","Moonworks:LulusLuckyEgg","Moonworks:Heat300Percent"],"picked":"SKIP","floor":31},{"not_picked":["Moonworks:GoAway","Moonworks:ReflectiveShell+1"],"picked":"Moonworks:OutOfAmmo+1","floor":33},{"not_picked":["Moonworks:JonathanRush","Moonworks:Heat300Percent","Moonworks:SakisCookie+1"],"picked":"SKIP","floor":35},{"not_picked":["Moonworks:LulusLuckyEgg","Moonworks:ImmovableObject","Moonworks:SakisCookie"],"picked":"SKIP","floor":36},{"not_picked":["Moonworks:ImmovableObject","Moonworks:CastOff+1"],"picked":"Moonworks:StiffCrystal+1","floor":39},{"not_picked":["Moonworks:ForcedRevival","Moonworks:CompletionReward"],"picked":"Moonworks:SealedMemories+1","floor":41},{"not_picked":["Moonworks:BindingChains+1","Moonworks:LulusLuckyEgg","Moonworks:SakisCookie+1"],"picked":"SKIP","floor":42},{"not_picked":["Moonworks:CloudOfSeagulls+1","Moonworks:IndiscriminateFireSupport+1","Moonworks:ReproductionOfRecords"],"picked":"SKIP","floor":45},{"not_picked":["Moonworks:DeployBits","Moonworks:ReproductionOfRecords"],"picked":"Moonworks:AngelHand+1","floor":46},{"not_picked":["Moonworks:EvilSpyWorkPreparation","Moonworks:ImmovableObject+1","Moonworks:MixPhenomenon"],"picked":"SKIP","floor":47}],"player_experience":113913,"relics_obtained":[{"floor":6,"key":"Strawberry"},{"floor":9,"key":"Frozen Egg 2"},{"floor":23,"key":"Bottled Tornado"},{"floor":26,"key":"Eternal Feather"},{"floor":27,"key":"Darkstone Periapt"},{"floor":45,"key":"Pen Nib"},{"floor":48,"key":"Old Coin"}],"event_choices":[{"cards_removed":["Moonworks:Strike"],"damage_healed":0,"gold_gain":0,"player_choice":"Forget","damage_taken":0,"max_hp_gain":0,"max_hp_loss":0,"event_name":"Living Wall","floor":4,"gold_loss":0},{"damage_healed":0,"gold_gain":0,"player_choice":"Lose Max HP","damage_taken":0,"relics_obtained":["Golden Idol"],"max_hp_gain":0,"max_hp_loss":5,"event_name":"Golden Idol","floor":12,"gold_loss":0},{"damage_healed":0,"gold_gain":0,"cards_transformed":["Moonworks:Strike"],"player_choice":"Transformed","damage_taken":0,"max_hp_gain":0,"max_hp_loss":0,"event_name":"Transmorgrifier","floor":13,"gold_loss":0,"cards_obtained":["Moonworks:RocketCannon"]},{"damage_healed":0,"gold_gain":0,"player_choice":"1 cards matched","damage_taken":0,"max_hp_gain":0,"max_hp_loss":0,"event_name":"Match and Keep!","floor":19,"gold_loss":0,"cards_obtained":["Moonworks:PlushieMaster"]},{"damage_healed":0,"gold_gain":0,"player_choice":"Rummage","damage_taken":0,"relics_obtained":["WarpedTongs"],"max_hp_gain":0,"max_hp_loss":0,"event_name":"Accursed Blacksmith","floor":28,"gold_loss":0,"cards_obtained":["Pain"]},{"damage_healed":0,"gold_gain":0,"player_choice":"Random: Green","damage_taken":0,"max_hp_gain":0,"max_hp_loss":0,"event_name":"betterThird:BetterPortal","floor":38,"gold_loss":0},{"damage_healed":0,"gold_gain":0,"player_choice":"","damage_taken":6,"max_hp_gain":0,"max_hp_loss":0,"event_name":"Knowing Skull","floor":38,"potions_obtained":[],"gold_loss":0,"cards_obtained":[]},{"cards_removed":["Moonworks:NicePresent"],"damage_healed":0,"gold_gain":0,"player_choice":"Removed Skill","damage_taken":0,"max_hp_gain":0,"max_hp_loss":0,"event_name":"Falling","floor":44,"gold_loss":0}],"is_beta":false,"boss_relics":[{"not_picked":["SlaversCollar","Philosopher\u0027s Stone"],"picked":"Coffee Dripper"},{"not_picked":["Moonworks:SBBomb","Tiny House"],"picked":"Sozu"}],"items_purged_floors":[0,37],"is_endless":false,"potions_floor_spawned":[1,3,8,10,18,22,24,27,33,36,45,46],"ascension_level":0}}