{"host":"toh0bbw446wnuexf","time":1611906947,"event":{"mods":["BaseMod","Downfall","Hermit","Minty Spire (QoL Compilation)","Random Character Button","StSLib"],"gold_per_floor":[99,99,99,99,23,23,73,73,73,58,87,98,98,98,118,216,216,116,126,126,137,137,137,137],"floor_reached":22,"language":"ENG","playtime":1423,"items_purged":[],"score":187,"play_id":"da62d7a8-733f-476f-b7de-8961c1c79095","local_time":"20210129205547","is_ascension_mode":true,"campfire_choices":[],"circlet_count":0,"master_deck":["sneckomod:Strike","sneckomod:Strike","sneckomod:Strike","sneckomod:Defend","sneckomod:Defend","sneckomod:Defend","sneckomod:TailWhip","sneckomod:SnekBite","Berserk","Metallicize","expansioncontent:Chronoboost","sneckomod:UnknownStrength"],"relics":["sneckomod:SneckoSoul","downfall:HeartsMalice","Art of War","Potion Belt","Empty Cage","downfall:HeartBlessingGreen"],"acts_visited":["Exordium","TheCity"],"potions_floor_usage":[16,16,16],"damage_taken":[{"damage":0,"enemies":"2 Louse","floor":2,"turns":1},{"damage":0,"enemies":"Jaw Worm","floor":3,"turns":1},{"damage":0,"enemies":"downfall:FleeingMerchant","floor":5,"turns":1},{"damage":0,"enemies":"Cultist","floor":8,"turns":1},{"damage":5,"enemies":"downfall:FleeingMerchant","floor":10,"turns":4},{"damage":23,"enemies":"Gremlin Nob","floor":11,"turns":5},{"damage":21,"enemies":"3 Louse","floor":12,"turns":3},{"damage":14,"enemies":"Blue Slaver","floor":15,"turns":4},{"damage":39,"enemies":"WA_ARCHETYPE_RETAIN","floor":16,"turns":10},{"damage":14,"enemies":"Chosen","floor":19,"turns":8},{"damage":22,"enemies":"Shell Parasite","floor":21,"turns":8},{"damage":55,"enemies":"Centurion and Healer","floor":22,"turns":8}],"seed_played":"-6218220910126159919","potions_obtained":[{"floor":11,"key":"Dexterity Potion"},{"floor":12,"key":"Weak Potion"},{"floor":15,"key":"DistilledChaos"},{"floor":21,"key":"Block Potion"}],"is_trial":false,"path_per_floor":["R","M","M","?","$","R","T","M","R","$","E","M","?","?","M","B",null,"R","M","?","M","M"],"character_chosen":"THE_SNECKO","items_purchased":["sneckomod:UnknownUncommonPower"],"campfire_rested":0,"item_purchase_floors":[5],"current_hp_per_floor":[90,90,90,90,90,90,90,90,90,85,62,41,71,71,57,18,90,90,76,76,54,0,0,0],"gold":137,"neow_bonus":"THREE_ENEMY_KILL","is_daily":false,"chose_seed":false,"campfire_upgraded":0,"win_rate":0.0,"timestamp":1611906947,"path_taken":["R","M","M","?","$","R","T","M","R","$","E","M","?","?","M","BOSS","R","M","?","M","M"],"items_purchased_type":["Card"],"build_version":"2020-12-22","purchased_purges":0,"victory":false,"max_hp_per_floor":[90,90,90,90,90,90,90,90,90,90,90,90,90,90,90,90,90,90,90,90,90,90,90,90],"card_choices":[{"not_picked":["sneckomod:UnknownWeak","sneckomod:UnknownCommonSkill","sneckomod:RainOfDice"],"picked":"SKIP","floor":2},{"not_picked":["sneckomod:UnknownCommonSkill","sneckomod:Memorize","sneckomod:UnknownBlock"],"picked":"SKIP","floor":3},{"not_picked":["sneckomod:ImprovisedAttack","sneckomod:SnekBeam","sneckomod:DiceBlock"],"picked":"SKIP","floor":5},{"not_picked":["sneckomod:DiceCrush","sneckomod:SoulRoll","sneckomod:IronFang"],"picked":"SKIP","floor":8},{"not_picked":["sneckomod:UnknownStrike","sneckomod:WideSting","sneckomod:UnknownDraw"],"picked":"SKIP","floor":10},{"not_picked":["sneckomod:RainOfDice","sneckomod:Unknown0Cost","sneckomod:MasterEye"],"picked":"SKIP","floor":11},{"not_picked":["sneckomod:UnknownWeak","sneckomod:QuickBite"],"picked":"sneckomod:UnknownBoss","floor":12},{"not_picked":["sneckomod:UnknownBlock","sneckomod:UnknownCommonSkill","sneckomod:Cheat"],"picked":"SKIP","floor":15},{"not_picked":["sneckomod:DiceCrush","sneckomod:MixItUp+1","sneckomod:RainOfDice"],"picked":"SKIP","floor":19},{"not_picked":["sneckomod:SoulDraw","sneckomod:ImprovisedAttack","sneckomod:UnknownCommonSkill"],"picked":"SKIP","floor":21}],"player_experience":629544,"relics_obtained":[{"floor":7,"key":"Art of War"},{"floor":11,"key":"Potion Belt"}],"event_choices":[{"damage_healed":30,"gold_gain":0,"player_choice":"Banana","damage_taken":0,"max_hp_gain":0,"max_hp_loss":0,"event_name":"Big Fish","floor":13,"gold_loss":0},{"damage_healed":0,"gold_gain":0,"player_choice":"Read","damage_taken":0,"max_hp_gain":0,"max_hp_loss":0,"event_name":"The Library","floor":20,"gold_loss":0,"cards_obtained":["sneckomod:UnknownStrength"]}],"is_beta":false,"boss_relics":[{"not_picked":["Runic Pyramid","Pandora\u0027s Box"],"picked":"Empty Cage"}],"items_purged_floors":[],"is_endless":false,"potions_floor_spawned":[11,12,15,21],"killed_by":"Centurion and Healer","ascension_level":1}}