{"host":"Jinnai","time":1611904317,"event":{"mods":["BaseMod","Bestiary","Block Reminder","Colored Map","Colored Powertips","Highlight Path","Minty Spire (QoL Compilation)","Quick Restart","Relic Stats","StSLib"],"gold_per_floor":[110,122,134,145,145,145,179,179,179,213,236,236,276,294,294,294,294],"floor_reached":16,"language":"ENG","playtime":707,"items_purged":[],"score":240,"play_id":"1da6ea6f-2770-41e0-b0aa-c27d69c7cd6b","local_time":"20210129021157","is_ascension_mode":true,"campfire_choices":[{"data":"Bane","floor":6,"key":"SMITH"},{"floor":8,"key":"REST"},{"floor":12,"key":"REST"},{"data":"Dagger Spray","floor":15,"key":"SMITH"}],"circlet_count":0,"master_deck":["AscendersBane","Strike_G","Strike_G","Strike_G","Defend_G","Defend_G","Defend_G","Defend_G","Survivor","Neutralize","Leg Sweep+1","Wraith Form v2+1","Setup+1","Bane+1","Slice","Slice","Sucker Punch","Dagger Spray+1","Corpse Explosion","PiercingWail"],"relics":["Astrolabe","Golden Idol","Eternal Feather","InkBottle","Bottled Flame","Boot","Sundial"],"acts_visited":["Exordium"],"potions_floor_usage":[7,13,16],"damage_taken":[{"damage":3,"enemies":"Jaw Worm","floor":1,"turns":11},{"damage":1,"enemies":"Small Slimes","floor":2,"turns":5},{"damage":9,"enemies":"Cultist","floor":3,"turns":8},{"damage":12,"enemies":"Lots of Slimes","floor":4,"turns":8},{"damage":16,"enemies":"Lagavulin","floor":7,"turns":9},{"damage":40,"enemies":"3 Sentries","floor":10,"turns":7},{"damage":7,"enemies":"Gremlin Nob","floor":13,"turns":4},{"damage":0,"enemies":"2 Fungi Beasts","floor":14,"turns":2},{"damage":37,"enemies":"Hexaghost","floor":16,"turns":11}],"seed_played":"-6492097716297931968","potions_obtained":[{"floor":1,"key":"GhostInAJar"},{"floor":3,"key":"Poison Potion"},{"floor":10,"key":"Explosive Potion"}],"is_trial":false,"path_per_floor":["M","M","M","M","?","R","E","R","T","E","T","R","E","M","R","B"],"character_chosen":"THE_SILENT","items_purchased":[],"campfire_rested":2,"item_purchase_floors":[],"current_hp_per_floor":[56,55,46,34,34,34,18,45,45,5,5,32,25,25,37,0,0],"gold":294,"neow_bonus":"BOSS_RELIC","is_daily":false,"chose_seed":false,"campfire_upgraded":2,"win_rate":0.0,"timestamp":1611904317,"path_taken":["M","M","M","M","?","R","E","R","T","E","?","R","E","M","R","BOSS"],"items_purchased_type":[],"build_version":"2020-12-18","purchased_purges":0,"victory":false,"max_hp_per_floor":[66,66,66,66,60,60,60,60,60,60,60,60,60,60,60,60,60],"relic_stats":{"counters":[9,65],"Golden Idol":26,"Sundial":[0],"Astrolabe":["Leg Sweep","Wraith Form v2","Setup"],"Eternal Feather":30,"Boot":[13],"obtain_stats":[{"Bottled Flame":10,"Golden Idol":5,"Sundial":13,"Astrolabe":0,"Eternal Feather":7,"Boot":11,"InkBottle":9,"Ring of the Snake":0},{"Bottled Flame":6,"Golden Idol":4,"Sundial":7,"Astrolabe":0,"Eternal Feather":5,"Boot":6,"InkBottle":5,"Ring of the Snake":0},{"Bottled Flame":48,"Golden Idol":32,"Sundial":52,"Astrolabe":0,"Eternal Feather":41,"Boot":48,"InkBottle":41,"Ring of the Snake":0}],"InkBottle":[7]},"card_choices":[{"not_picked":["PiercingWail","Well Laid Plans"],"picked":"Bane","floor":1},{"not_picked":["Expertise","Underhanded Strike"],"picked":"Slice","floor":2},{"not_picked":["Setup","Cloak And Dagger"],"picked":"Slice","floor":3},{"not_picked":["Finisher","Storm of Steel"],"picked":"Sucker Punch","floor":4},{"not_picked":["Slice","Bane"],"picked":"Dagger Spray","floor":7},{"not_picked":["Dagger Spray","Flechettes"],"picked":"Corpse Explosion","floor":10},{"not_picked":["Cloak And Dagger","Underhanded Strike"],"picked":"PiercingWail","floor":13},{"not_picked":["Underhanded Strike","Riddle With Holes","Sucker Punch"],"picked":"SKIP","floor":14}],"player_experience":1585737,"relics_obtained":[{"floor":7,"key":"Eternal Feather"},{"floor":9,"key":"InkBottle"},{"floor":10,"key":"Bottled Flame"},{"floor":11,"key":"Boot"},{"floor":13,"key":"Sundial"}],"event_choices":[{"damage_healed":0,"gold_gain":0,"player_choice":"Lose Max HP","damage_taken":0,"relics_obtained":["Golden Idol"],"max_hp_gain":0,"max_hp_loss":6,"event_name":"Golden Idol","floor":5,"gold_loss":0}],"is_beta":true,"boss_relics":[],"items_purged_floors":[],"is_endless":false,"potions_floor_spawned":[1,3,10],"killed_by":"Hexaghost","ascension_level":20}}