{"host":"1tl36azeqm6yhdgj","time":1611927376,"event":{"mods":["AchievementEnabler","BaseMod","Minty Spire (QoL Compilation)","StSLib","The IronCluck","everything is the same but u backflip on backflip"],"gold_per_floor":[115,390,403,415,435,435,469,469,542,557,557,591,606,626,626,698,698,698,192,192,4,4,37,49,91,175,197,209,221,148,180,192,204,204],"floor_reached":33,"language":"ENG","playtime":1520,"items_purged":["Regret"],"score":590,"play_id":"3ace200e-6971-4e9c-abc1-27d17faa8904","local_time":"20210129083616","is_ascension_mode":true,"campfire_choices":[{"data":"Flex","floor":6.0,"key":"SMITH"},{"floor":8.0,"key":"REST"},{"floor":11.0,"key":"REST"},{"floor":15.0,"key":"REST"},{"floor":24.0,"key":"REST"},{"floor":28.0,"key":"RECALL"},{"data":"Reaper","floor":32.0,"key":"SMITH"}],"circlet_count":0,"master_deck":["AscendersBane","Strike_R","Strike_R","Strike_R","Defend_R","Defend_R","Defend_R","Defend_R","Bash","Flex+1","Fire Breathing","Rampage","Flame Barrier","Spot Weakness","Barricade+1","Seeing Red","Thunderclap","Juggernaut+1","CurseOfTheBell","The Bomb","Anger","Magnetism+1","Reaper+1","Bludgeon","Burning Pact+1","Feel No Pain+1","Uppercut"],"relics":["Burning Blood","NeowsBlessing","Thread and Needle","Frozen Egg 2","Pen Nib","Calling Bell","Red Skull","Meat on the Bone","Pocketwatch","Bag of Preparation","MawBank","Vajra","Boot"],"acts_visited":["Exordium","TheCity"],"potions_floor_usage":[],"damage_taken":[{"damage":0.0,"enemies":"2 Louse","floor":1.0,"turns":1.0},{"damage":0.0,"enemies":"Cultist","floor":3.0,"turns":1.0},{"damage":0.0,"enemies":"Jaw Worm","floor":4.0,"turns":1.0},{"damage":2.0,"enemies":"3 Louse","floor":5.0,"turns":2.0},{"damage":60.0,"enemies":"Lagavulin","floor":7.0,"turns":8.0},{"damage":2.0,"enemies":"Blue Slaver","floor":10.0,"turns":5.0},{"damage":27.0,"enemies":"3 Sentries","floor":12.0,"turns":5.0},{"damage":3.0,"enemies":"Large Slime","floor":13.0,"turns":5.0},{"damage":2.0,"enemies":"Looter","floor":14.0,"turns":3.0},{"damage":39.0,"enemies":"Slime Boss","floor":16.0,"turns":10.0},{"damage":0.0,"enemies":"Shell Parasite","floor":18.0,"turns":1.0},{"damage":48.0,"enemies":"Gremlin Leader","floor":23.0,"turns":6.0},{"damage":21.0,"enemies":"Book of Stabbing","floor":25.0,"turns":4.0},{"damage":14.0,"enemies":"Spheric Guardian","floor":27.0,"turns":4.0},{"damage":13.0,"enemies":"Cultist and Chosen","floor":31.0,"turns":4.0},{"damage":90,"enemies":"Collector","floor":33,"turns":7}],"seed_played":"-8777186136172846848","potions_obtained":[{"floor":4.0,"key":"Swift Potion"},{"floor":7.0,"key":"Swift Potion"},{"floor":12.0,"key":"SteroidPotion"},{"floor":14.0,"key":"SmokeBomb"},{"floor":23.0,"key":"HeartOfIron"},{"floor":25.0,"key":"Strength Potion"},{"floor":27.0,"key":"Dexterity Potion"}],"is_trial":false,"path_per_floor":["M","?","M","M","M","R","E","R","T","M","R","E","M","M","R","B",null,"M","$","?","$","?","E","R","E","T","M","R","?","?","M","R","B"],"character_chosen":"IRONCLAD","items_purchased":["The Bomb","Bag of Preparation","Explosive Potion","Magnetism+1"],"campfire_rested":4,"item_purchase_floors":[19,19,19,21],"current_hp_per_floor":[74,74,75,75,75,75,21,43,43,47,69,48,51,55,75,42,67,73,73,73,73,73,47,69,68,68,60,60,60,60,68,68,0,0],"gold":204,"neow_bonus":"THREE_ENEMY_KILL","is_daily":false,"chose_seed":false,"campfire_upgraded":2,"win_rate":0.0,"timestamp":1611927376,"path_taken":["M","?","?","?","M","R","E","R","T","M","R","E","M","M","R","BOSS","M","$","?","$","?","E","R","E","T","M","R","?","?","M","R","BOSS"],"items_purchased_type":["Card","Relic","Potion","Card"],"build_version":"2020-12-22","purchased_purges":1,"victory":false,"max_hp_per_floor":[75,75,75,75,75,75,75,75,75,75,75,75,75,75,75,75,75,75,75,75,75,75,75,75,75,75,75,75,75,75,75,75,75,75],"card_choices":[{"not_picked":["Warcry","Armaments"],"picked":"Flex","floor":1.0},{"not_picked":["Entrench","Whirlwind"],"picked":"Fire Breathing","floor":3.0},{"not_picked":["Battle Trance","Pommel Strike"],"picked":"Rampage","floor":4.0},{"not_picked":["Hemokinesis","Havoc","Heavy Blade"],"picked":"SKIP","floor":5.0},{"not_picked":["Heavy Blade","Rampage"],"picked":"Flame Barrier","floor":7.0},{"not_picked":["Flame Barrier","Clash"],"picked":"Spot Weakness","floor":10.0},{"not_picked":["Offering","Warcry"],"picked":"Barricade+1","floor":12.0},{"not_picked":["Clash","Spot Weakness"],"picked":"Seeing Red","floor":13.0},{"not_picked":["Anger","Warcry"],"picked":"Thunderclap","floor":14.0},{"not_picked":["Exhume","Barricade+1"],"picked":"Juggernaut+1","floor":16.0},{"not_picked":["Power Through+1","Offering"],"picked":"Burning Pact+1","floor":23.0},{"not_picked":["Armaments","Iron Wave","Rupture+1"],"picked":"SKIP","floor":25.0},{"not_picked":["Armaments","Combust+1"],"picked":"Feel No Pain+1","floor":27.0},{"not_picked":["Heavy Blade","Wild Strike"],"picked":"Uppercut","floor":31.0}],"player_experience":2093203,"relics_obtained":[{"floor":7.0,"key":"Thread and Needle"},{"floor":9.0,"key":"Frozen Egg 2"},{"floor":12.0,"key":"Pen Nib"},{"floor":17.0,"key":"Red Skull"},{"floor":17.0,"key":"Meat on the Bone"},{"floor":17.0,"key":"Pocketwatch"},{"floor":23.0,"key":"MawBank"},{"floor":25.0,"key":"Vajra"}],"event_choices":[{"damage_healed":0.0,"max_hp_gain":0.0,"max_hp_loss":0.0,"gold_gain":275.0,"event_name":"Golden Shrine","player_choice":"Desecrate","floor":2.0,"gold_loss":0.0,"damage_taken":0.0,"cards_obtained":["Regret"]},{"damage_healed":0.0,"max_hp_gain":0.0,"max_hp_loss":0.0,"gold_gain":0.0,"event_name":"The Library","player_choice":"Read","floor":20.0,"gold_loss":0.0,"damage_taken":0.0,"cards_obtained":["Anger"]},{"damage_healed":0.0,"max_hp_gain":0.0,"max_hp_loss":0.0,"gold_gain":0.0,"cards_transformed":["Strike_R","Strike_R"],"event_name":"Drug Dealer","player_choice":"Became Test Subject","floor":22.0,"gold_loss":0.0,"damage_taken":0.0,"cards_obtained":["Reaper","Bludgeon"]},{"damage_healed":0.0,"max_hp_gain":0.0,"max_hp_loss":0.0,"gold_gain":0.0,"event_name":"Cursed Tome","player_choice":"Ignored","floor":29.0,"gold_loss":0.0,"damage_taken":0.0},{"damage_healed":0.0,"max_hp_gain":0.0,"max_hp_loss":0.0,"gold_gain":0.0,"event_name":"Addict","player_choice":"Obtained Relic","floor":30.0,"gold_loss":85.0,"damage_taken":0.0,"relics_obtained":["Boot"]}],"is_beta":false,"boss_relics":[{"not_picked":["Tiny House","Ectoplasm"],"picked":"Calling Bell"}],"items_purged_floors":[19],"is_endless":false,"potions_floor_spawned":[4,7,12,14,23,25,27],"killed_by":"Collector","ascension_level":20}}