{"host":"wcu170u0llqv9dkc","time":1611879783,"event":{"mods":["2.2 Compatiblity","AchievementEnabler","AlwaysNeverKeys","BaseMod","Bestiary","Better Altar","Better Note","Better Skull","Better Third Choice","Colored Map","Colored Powertips","Curses Come First","Custom Start","Displayed Cursed Tome","Highlight Path","Minty Spire (QoL Compilation)","Permanent Neow","Relic Stats","Reliquary","StSLib","Unknown Chances"],"gold_per_floor":[109,109,39,53,72,100,115,115,160,189,189,200,200,232,232,334,334,351,77,95,95,114,140,150,178,225,258,277,277,290,301,301,401,401,417,417,436,453,463,463,497,512,512,77,105,117,129,158,158,158,158,158,3,31,31,31],"floor_reached":55,"language":"ENG","playtime":3285,"items_purged":["Strike_P","Defend_P"],"score":1079,"play_id":"f37203d5-af12-4bcc-9503-11f8b6872d9e","local_time":"20210128212303","is_ascension_mode":true,"campfire_choices":[{"floor":8.0,"key":"REST"},{"data":"Eruption","floor":11.0,"key":"SMITH"},{"data":"TalkToTheHand","floor":13.0,"key":"SMITH"},{"data":"Ragnarok","floor":15.0,"key":"SMITH"},{"floor":29.0,"key":"REST"},{"floor":32.0,"key":"REST"},{"floor":40,"key":"REST"},{"floor":49,"key":"REST"},{"data":"Establishment","floor":52,"key":"SMITH"}],"circlet_count":0,"master_deck":["Strike_P","Strike_P","Strike_P","Defend_P","Defend_P","Eruption+1","Vigilance","Protect","FearNoEvil","Vault","Crescendo","TalkToTheHand+1","ThirdEye","SandsOfTime","Ragnarok+1","Omniscience","Halt+1","FlurryOfBlows","Collect+1","Apotheosis+1","Adaptation","CutThroughFate","WindmillStrike","Indignation","TalkToTheHand","Evaluate+1","DeceiveReality+1","TalkToTheHand","Establishment+1","Protect+1","EmptyFist","FlurryOfBlows","WaveOfTheHand","Flash of Steel","Wallop","Meditate+1","ReachHeaven+1","FlurryOfBlows+1"],"relics":["PureWater","Regal Pillow","Kunai","MealTicket","Dream Catcher","Vajra","SlaversCollar","Happy Flower","Lantern","reliquary:TuningFork","reliquary:RosewoodLute","reliquary:Boomerang","Sozu","Damaru","Blood Vial","Gremlin Horn","Incense Burner","Orichalcum","reliquary:PartyBalloon","Akabeko"],"acts_visited":["Exordium","TheCity","TheBeyond","TheEnding"],"potions_floor_usage":[39],"damage_taken":[{"damage":1.0,"enemies":"Cultist","floor":1.0,"turns":3.0},{"damage":0.0,"enemies":"2 Louse","floor":4.0,"turns":1.0},{"damage":12.0,"enemies":"Small Slimes","floor":5.0,"turns":2.0},{"damage":23.0,"enemies":"Gremlin Nob","floor":6.0,"turns":5.0},{"damage":7.0,"enemies":"Exordium Thugs","floor":7.0,"turns":6.0},{"damage":23.0,"enemies":"3 Sentries","floor":10.0,"turns":9.0},{"damage":0.0,"enemies":"Gremlin Gang","floor":12.0,"turns":3.0},{"damage":0.0,"enemies":"Gremlin Nob","floor":14.0,"turns":2.0},{"damage":3.0,"enemies":"Hexaghost","floor":16.0,"turns":7.0},{"damage":7.0,"enemies":"3 Byrds","floor":18.0,"turns":4.0},{"damage":0.0,"enemies":"Chosen","floor":20.0,"turns":3.0},{"damage":12.0,"enemies":"3 Cultists","floor":22.0,"turns":6.0},{"damage":18.0,"enemies":"Slavers","floor":23.0,"turns":4.0},{"damage":0.0,"enemies":"Snecko","floor":24.0,"turns":4.0},{"damage":18.0,"enemies":"Gremlin Leader","floor":25.0,"turns":4.0},{"damage":5.0,"enemies":"Slavers","floor":27.0,"turns":3.0},{"damage":0.0,"enemies":"Cultist and Chosen","floor":28.0,"turns":3.0},{"damage":15.0,"enemies":"Snake Plant","floor":30.0,"turns":5.0},{"damage":15.0,"enemies":"Shelled Parasite and Fungi","floor":31.0,"turns":2.0},{"damage":3.0,"enemies":"Champ","floor":33.0,"turns":8.0},{"damage":8.0,"enemies":"3 Darklings","floor":35.0,"turns":8.0},{"damage":0.0,"enemies":"3 Shapes","floor":37.0,"turns":3.0},{"damage":0.0,"enemies":"Transient","floor":38.0,"turns":6.0},{"damage":25,"enemies":"4 Shapes","floor":39,"turns":4},{"damage":31,"enemies":"Nemesis","floor":41,"turns":9},{"damage":6,"enemies":"3 Darklings","floor":42,"turns":6},{"damage":12,"enemies":"Giant Head","floor":45,"turns":6},{"damage":2,"enemies":"Sphere and 2 Shapes","floor":46,"turns":7},{"damage":27,"enemies":"4 Shapes","floor":47,"turns":6},{"damage":0,"enemies":"Nemesis","floor":48,"turns":6},{"damage":14,"enemies":"Time Eater","floor":50,"turns":10},{"damage":48,"enemies":"Shield and Spear","floor":54,"turns":8},{"damage":59,"enemies":"The Heart","floor":55,"turns":2}],"seed_played":"-5662680683731918719","potions_obtained":[{"floor":4.0,"key":"SteroidPotion"},{"floor":6.0,"key":"Explosive Potion"},{"floor":12.0,"key":"BlessingOfTheForge"},{"floor":14.0,"key":"GamblersBrew"},{"floor":16.0,"key":"Fire Potion"},{"floor":20.0,"key":"DuplicationPotion"},{"floor":22.0,"key":"AttackPotion"},{"floor":25.0,"key":"EssenceOfSteel"},{"floor":33.0,"key":"SpeedPotion"}],"is_trial":false,"path_per_floor":["M","?","$","M","M","E","M","R","T","E","R","M","R","E","R","B",null,"M","$","M","?","M","E","M","E","T","E","M","R","M","M","R","B",null,"M","?","M","M","M","R","E","M","T","$","E","M","M","E","R","B",null,"R","$","E","B"],"character_chosen":"WATCHER","items_purchased":["FearNoEvil","FlurryOfBlows","Happy Flower","Gremlin Horn","Flash of Steel","reliquary:PartyBalloon"],"campfire_rested":5,"item_purchase_floors":[3,19,19,44,44,53],"current_hp_per_floor":[71,64,64,64,52,29,22,58,58,35,35,35,35,35,35,32,62,55,70,70,70,58,40,40,22,22,17,17,53,38,23,59,56,68,60,64,64,64,39,72,41,35,35,50,40,40,15,17,53,41,64,64,72,24,0,0],"gold":31,"neow_bonus":"RANDOM_COMMON_RELIC","is_daily":false,"chose_seed":false,"campfire_upgraded":4,"win_rate":0.0,"timestamp":1611879783,"path_taken":["M","?","$","M","M","E","M","R","T","E","R","M","R","E","R","BOSS","M","$","M","?","?","E","?","E","T","E","M","R","M","M","R","BOSS","M","?","M","M","M","R","E","M","T","?","E","?","M","E","R","BOSS","R","$","E","BOSS"],"items_purchased_type":["Card","Card","Relic","Relic","Card","Relic"],"build_version":"2020-12-22","purchased_purges":2,"victory":false,"max_hp_per_floor":[72,72,72,72,72,72,72,72,72,72,72,72,72,72,72,72,72,72,72,72,72,72,72,72,72,72,72,72,72,72,72,72,72,72,72,72,72,72,72,72,72,72,72,72,72,72,72,72,72,72,72,72,72,72,72,72],"relic_stats":{"Sozu":4,"Blood Vial":12,"Regal Pillow":72,"Dream Catcher":4,"Happy Flower":[41],"Gremlin Horn":[6,6],"counters":[33,165],"MealTicket":38,"Kunai":[69],"Orichalcum":[12],"obtain_stats":[{"Regal Pillow":0,"Lantern":23,"reliquary:Boomerang":27,"Happy Flower":19,"Gremlin Horn":44,"reliquary:PartyBalloon":53,"Vajra":14,"Damaru":41,"Incense Burner":45,"reliquary:RosewoodLute":26,"Orichalcum":48,"Akabeko":54,"Sozu":34,"Blood Vial":43,"SlaversCollar":17,"Dream Catcher":10,"MealTicket":9,"reliquary:TuningFork":25,"Kunai":6,"PureWater":0},{"Regal Pillow":0,"Lantern":13,"reliquary:Boomerang":16,"Happy Flower":10,"Gremlin Horn":26,"reliquary:PartyBalloon":31,"Vajra":8,"Damaru":25,"Incense Burner":27,"reliquary:RosewoodLute":15,"Orichalcum":30,"Akabeko":32,"Sozu":20,"Blood Vial":26,"SlaversCollar":9,"Dream Catcher":6,"MealTicket":5,"reliquary:TuningFork":15,"Kunai":4,"PureWater":0},{"Regal Pillow":0,"Lantern":55,"reliquary:Boomerang":66,"Happy Flower":42,"Gremlin Horn":120,"reliquary:PartyBalloon":155,"Vajra":31,"Damaru":114,"Incense Burner":126,"reliquary:RosewoodLute":63,"Orichalcum":145,"Akabeko":163,"Sozu":84,"Blood Vial":120,"SlaversCollar":38,"Dream Catcher":26,"MealTicket":17,"reliquary:TuningFork":63,"Kunai":11,"PureWater":0}]},"card_choices":[{"not_picked":["JustLucky","Evaluate"],"picked":"Protect","floor":1.0},{"not_picked":["Protect","Perseverance"],"picked":"Vault","floor":4.0},{"not_picked":["Halt","Evaluate"],"picked":"Crescendo","floor":5.0},{"not_picked":["Protect","Evaluate","Crescendo"],"picked":"SKIP","floor":6.0},{"not_picked":["Protect","Evaluate","Crescendo"],"picked":"SKIP","floor":6.0},{"not_picked":["ClearTheMind","EmptyMind"],"picked":"TalkToTheHand","floor":7.0},{"not_picked":["Blasphemy","Halt"],"picked":"ThirdEye","floor":10.0},{"not_picked":["CrushJoints","FlyingSleeves"],"picked":"SandsOfTime","floor":12.0},{"not_picked":["PathToVictory","FollowUp"],"picked":"Ragnarok","floor":14.0},{"not_picked":["Wish","Alpha"],"picked":"Omniscience","floor":16.0},{"not_picked":["WreathOfFlame","CrushJoints"],"picked":"Halt+1","floor":18.0},{"not_picked":["SashWhip","Protect"],"picked":"Collect+1","floor":20.0},{"not_picked":["PathToVictory","Worship+1"],"picked":"Adaptation","floor":22.0},{"not_picked":["Pray","Study"],"picked":"CutThroughFate","floor":23.0},{"not_picked":["FollowUp","Nirvana"],"picked":"WindmillStrike","floor":24.0},{"not_picked":["JustLucky","Crescendo+1"],"picked":"Indignation","floor":25.0},{"not_picked":["Nirvana","WaveOfTheHand"],"picked":"TalkToTheHand","floor":27.0},{"not_picked":["JustLucky+1","ForeignInfluence+1","Prostrate"],"picked":"SKIP","floor":28.0},{"not_picked":["JustLucky","BowlingBash+1"],"picked":"Evaluate+1","floor":29.0},{"not_picked":["DevaForm","JustLucky","Pray"],"picked":"SKIP","floor":30.0},{"not_picked":["BowlingBash","WreathOfFlame"],"picked":"DeceiveReality+1","floor":31.0},{"not_picked":["Sanctity","Fasting2"],"picked":"TalkToTheHand","floor":32.0},{"not_picked":["Blasphemy","Omniscience"],"picked":"Establishment","floor":33.0},{"not_picked":["EmptyMind+1","Consecrate"],"picked":"Protect+1","floor":35.0},{"not_picked":["Halt+1","JustLucky"],"picked":"EmptyFist","floor":37.0},{"not_picked":["Meditate+1","EmptyBody"],"picked":"FlurryOfBlows","floor":38.0},{"not_picked":["SashWhip+1","PathToVictory+1","Study"],"picked":"SKIP","floor":39},{"not_picked":["MentalFortress","Devotion"],"picked":"WaveOfTheHand","floor":41},{"not_picked":["JustLucky+1","CrushJoints","EmptyBody+1"],"picked":"SKIP","floor":42},{"not_picked":["Wish","Conclude+1"],"picked":"Wallop","floor":45},{"not_picked":["BowlingBash","Halt"],"picked":"Meditate+1","floor":46},{"not_picked":["WindmillStrike","EmptyBody+1","Halt"],"picked":"SKIP","floor":47},{"not_picked":["FlurryOfBlows","Swivel+1"],"picked":"ReachHeaven+1","floor":48},{"not_picked":["Establishment","LikeWater+1"],"picked":"FlurryOfBlows+1","floor":49},{"not_picked":["LikeWater+1","Collect","FlyingSleeves"],"picked":"SKIP","floor":54}],"player_experience":500562,"relics_obtained":[{"floor":6.0,"key":"Kunai"},{"floor":9.0,"key":"MealTicket"},{"floor":10.0,"key":"Dream Catcher"},{"floor":14.0,"key":"Vajra"},{"floor":23.0,"key":"Lantern"},{"floor":25.0,"key":"reliquary:TuningFork"},{"floor":26.0,"key":"reliquary:RosewoodLute"},{"floor":27.0,"key":"reliquary:Boomerang"},{"floor":41,"key":"Damaru"},{"floor":43,"key":"Blood Vial"},{"floor":45,"key":"Incense Burner"},{"floor":48,"key":"Orichalcum"},{"floor":54,"key":"Akabeko"}],"event_choices":[{"cards_removed":["Defend_P"],"damage_healed":0.0,"max_hp_gain":0.0,"max_hp_loss":0.0,"gold_gain":0.0,"event_name":"Golden Wing","player_choice":"Card Removal","floor":2.0,"gold_loss":0.0,"damage_taken":7.0},{"cards_removed":["TalkToTheHand"],"damage_healed":0.0,"max_hp_gain":0.0,"max_hp_loss":0.0,"gold_gain":0.0,"event_name":"betterNote:BetterNote","player_choice":"Take \u0026 Give","floor":21.0,"gold_loss":0.0,"damage_taken":0.0,"cards_obtained":["Apotheosis"]},{"damage_healed":4.0,"max_hp_gain":0.0,"max_hp_loss":0.0,"gold_gain":0.0,"event_name":"betterSkull:BetterSkull","player_choice":"LEAVE ","floor":36.0,"gold_loss":0.0,"damage_taken":0.0,"cards_upgraded":[],"relics_obtained":[]}],"is_beta":false,"boss_relics":[{"not_picked":["Coffee Dripper","Tiny House"],"picked":"SlaversCollar"},{"not_picked":["reliquary:RedCape","HolyWater"],"picked":"Sozu"}],"items_purged_floors":[19,44],"is_endless":false,"potions_floor_spawned":[4,6,12,14,16,20,22,25,33,35,39,42,46],"killed_by":"The Heart","ascension_level":5}}