{"host":"g01l53quoe6lrer0","time":1611927995,"event":{"mods":["2.2 Compatiblity","AchievementEnabler","BaseMod","Colored Map","Highlight Path","Keyboard Shortcuts","Minty Spire (QoL Compilation)","Permanent Neow","StSLib","SuperFastMode","everything is the same but u backflip on backflip"],"gold_per_floor":[112,126,141,157,8,8,8,8,84,99,99,99,112,132,132,228,228,244,144,162,162,87,87,87,186,186,200,215,215,245,260,260,355,355,375,375,375,85,85,112,112,146,146,146,159,159,172,172,172,172,172],"floor_reached":50,"language":"KOR","playtime":2861,"items_purged":["Decay","Strike_P","Defend_P"],"score":921,"play_id":"6c2513a6-5279-4981-8f7c-9a23e7555f0e","local_time":"20210129224635","is_ascension_mode":true,"campfire_choices":[{"data":"Eruption","floor":6.0,"key":"SMITH"},{"data":"Adaptation","floor":8.0,"key":"SMITH"},{"data":"SandsOfTime","floor":12.0,"key":"SMITH"},{"data":"FlurryOfBlows","floor":15.0,"key":"SMITH"},{"data":"Ghostly","floor":23.0,"key":"SMITH"},{"data":"Ghostly","floor":29.0,"key":"SMITH"},{"data":"Vault","floor":32.0,"key":"SMITH"},{"data":"Ghostly","floor":41.0,"key":"SMITH"},{"data":"Ghostly","floor":44.0,"key":"SMITH"},{"data":"MentalFortress","floor":49,"key":"SMITH"}],"circlet_count":0,"master_deck":["AscendersBane","Strike_P","Strike_P","Strike_P","Eruption+1","Vigilance","FlurryOfBlows+1","Consecrate","SandsOfTime+1","Adaptation+1","Vault+1","Ghostly+1","Ghostly+1","Ghostly","Ghostly+1","Ghostly+1","MentalFortress+1","Thinking Ahead","InnerPeace+1","Adaptation+1"],"relics":["PureWater","Du-Vu Doll","Letter Opener","Empty Cage","Eternal Feather","Bronze Scales","Black Star","Incense Burner","Ancient Tea Set","Nunchaku","InkBottle","The Courier"],"acts_visited":["Exordium","TheCity","TheBeyond"],"potions_floor_usage":[],"damage_taken":[{"damage":3.0,"enemies":"2 Louse","floor":1.0,"turns":3.0},{"damage":0.0,"enemies":"Cultist","floor":2.0,"turns":2.0},{"damage":6.0,"enemies":"Jaw Worm","floor":3.0,"turns":2.0},{"damage":0.0,"enemies":"Looter","floor":4.0,"turns":2.0},{"damage":8.0,"enemies":"Blue Slaver","floor":10.0,"turns":3.0},{"damage":0.0,"enemies":"Exordium Thugs","floor":13.0,"turns":3.0},{"damage":7.0,"enemies":"Looter","floor":14.0,"turns":3.0},{"damage":0.0,"enemies":"Slime Boss","floor":16.0,"turns":4.0},{"damage":22.0,"enemies":"3 Byrds","floor":18.0,"turns":5.0},{"damage":0.0,"enemies":"Shell Parasite","floor":20.0,"turns":3.0},{"damage":0.0,"enemies":"Snake Plant","floor":27.0,"turns":4.0},{"damage":1.0,"enemies":"Snecko","floor":28.0,"turns":5.0},{"damage":1.0,"enemies":"Gremlin Leader","floor":30.0,"turns":5.0},{"damage":2.0,"enemies":"Sentry and Sphere","floor":31.0,"turns":5.0},{"damage":27.0,"enemies":"Collector","floor":33.0,"turns":9.0},{"damage":1.0,"enemies":"Orb Walker","floor":35.0,"turns":4.0},{"damage":5.0,"enemies":"Reptomancer","floor":40.0,"turns":6.0},{"damage":9.0,"enemies":"Nemesis","floor":42.0,"turns":8.0},{"damage":2,"enemies":"3 Shapes","floor":45,"turns":4},{"damage":3,"enemies":"3 Darklings","floor":47,"turns":4},{"damage":0,"enemies":"Awakened One","floor":50,"turns":1}],"seed_played":"6490991499494821743","potions_obtained":[{"floor":3.0,"key":"AttackPotion"},{"floor":4.0,"key":"Regen Potion"},{"floor":16.0,"key":"GamblersBrew"},{"floor":27.0,"key":"ColorlessPotion"},{"floor":28.0,"key":"SneckoOil"},{"floor":31.0,"key":"AttackPotion"},{"floor":33.0,"key":"Energy Potion"},{"floor":45,"key":"EssenceOfSteel"}],"is_trial":false,"path_per_floor":["M","M","M","M","$","R","?","R","T","M","$","R","M","M","R","B",null,"M","$","M","?","?","R","$","?","T","M","M","R","E","M","R","B",null,"M","?","?","$","?","E","R","E","T","R","M","?","M","?","R","B"],"character_chosen":"WATCHER","items_purchased":["Adaptation","Thinking Ahead"],"campfire_rested":0,"item_purchase_floors":[5,38],"current_hp_per_floor":[62,62,56,56,56,56,72,72,72,64,64,64,69,62,62,62,70,48,48,48,36,36,36,36,36,36,36,35,36,35,33,36,9,29,28,28,28,28,28,23,32,23,23,34,32,32,29,29,34,34,34],"gold":172,"neow_bonus":"ONE_RARE_RELIC","is_daily":false,"chose_seed":false,"campfire_upgraded":10,"win_rate":0.0,"timestamp":1611927995,"path_taken":["M","M","M","M","$","R","?","R","T","M","$","R","?","M","R","BOSS","M","$","M","?","?","R","$","?","T","?","M","R","E","M","R","BOSS","M","?","?","$","?","E","R","E","T","R","?","?","M","?","R","BOSS"],"items_purchased_type":["Card","Card"],"build_version":"2020-12-22","purchased_purges":3,"victory":false,"max_hp_per_floor":[72,72,72,72,72,72,72,72,72,72,72,72,72,72,72,72,72,72,72,72,36,36,36,36,36,36,36,36,36,36,36,36,36,36,36,34,34,34,34,34,34,34,34,34,34,34,34,34,34,34,34],"card_choices":[{"not_picked":["Swivel","EmptyMind"],"picked":"FlurryOfBlows","floor":1.0},{"not_picked":["FlurryOfBlows","JustLucky","CutThroughFate"],"picked":"SKIP","floor":2.0},{"not_picked":["SashWhip","JustLucky"],"picked":"Consecrate","floor":3.0},{"not_picked":["Prostrate","JustLucky"],"picked":"SandsOfTime","floor":4.0},{"not_picked":["ClearTheMind","Halt","CrushJoints"],"picked":"SKIP","floor":10.0},{"not_picked":["Study","Halt","SashWhip"],"picked":"SKIP","floor":13.0},{"not_picked":["FollowUp","BowlingBash","CarveReality"],"picked":"SKIP","floor":14.0},{"not_picked":["Ragnarok","Alpha"],"picked":"Vault","floor":16.0},{"not_picked":["Meditate","Vengeance+1","Swivel"],"picked":"SKIP","floor":18.0},{"not_picked":["JustLucky","FollowUp","FlyingSleeves"],"picked":"SKIP","floor":20.0},{"not_picked":["FollowUp","ClearTheMind","SashWhip"],"picked":"SKIP","floor":27.0},{"not_picked":["EmptyFist","WindmillStrike"],"picked":"MentalFortress","floor":28.0},{"not_picked":["WreathOfFlame","FlyingSleeves","PathToVictory"],"picked":"SKIP","floor":30.0},{"not_picked":["Pray","Evaluate","LikeWater+1"],"picked":"SKIP","floor":31.0},{"not_picked":["FlurryOfBlows","MentalFortress","ClearTheMind+1"],"picked":"SKIP","floor":35.0},{"not_picked":["FlurryOfBlows","MentalFortress","ClearTheMind+1"],"picked":"SKIP","floor":35.0},{"not_picked":["Sanctity+1","Wireheading"],"picked":"InnerPeace+1","floor":40.0},{"not_picked":["EmptyFist+1","MentalFortress"],"picked":"Adaptation+1","floor":42.0},{"not_picked":["Crescendo+1","Prostrate","Protect+1"],"picked":"SKIP","floor":45},{"not_picked":["FollowUp+1","Consecrate","Wireheading+1"],"picked":"SKIP","floor":47}],"player_experience":325278,"relics_obtained":[{"floor":9.0,"key":"Letter Opener"},{"floor":26.0,"key":"Eternal Feather"},{"floor":30.0,"key":"Bronze Scales"},{"floor":40.0,"key":"Incense Burner"},{"floor":40.0,"key":"Ancient Tea Set"},{"floor":42.0,"key":"Nunchaku"},{"floor":42.0,"key":"InkBottle"},{"floor":43.0,"key":"The Courier"}],"event_choices":[{"damage_healed":16.0,"max_hp_gain":0.0,"max_hp_loss":0.0,"gold_gain":0.0,"event_name":"Wheel of Change","player_choice":"Full Heal","floor":7.0,"gold_loss":0.0,"damage_taken":0.0},{"damage_healed":0.0,"max_hp_gain":0.0,"max_hp_loss":36.0,"gold_gain":0.0,"event_name":"Ghosts","player_choice":"Became a Ghost","floor":21.0,"gold_loss":0.0,"damage_taken":0.0,"cards_obtained":["Ghostly","Ghostly","Ghostly","Ghostly","Ghostly"]},{"cards_removed":["Defend_P"],"damage_healed":0.0,"max_hp_gain":0.0,"max_hp_loss":0.0,"gold_gain":0.0,"event_name":"Beggar","player_choice":"Gave Gold","floor":22.0,"gold_loss":75.0,"damage_taken":0.0},{"damage_healed":0.0,"max_hp_gain":0.0,"max_hp_loss":0.0,"gold_gain":99.0,"event_name":"Nest","player_choice":"Stole From Cult","floor":25.0,"gold_loss":0.0,"damage_taken":0.0},{"damage_healed":0.0,"max_hp_gain":0.0,"max_hp_loss":2.0,"gold_gain":0.0,"event_name":"Winding Halls","player_choice":"Max HP","floor":36.0,"gold_loss":0.0,"damage_taken":0.0},{"damage_healed":0.0,"max_hp_gain":0.0,"max_hp_loss":0.0,"gold_gain":0.0,"event_name":"Tomb of Lord Red Mask","player_choice":"Ignored","floor":37.0,"gold_loss":0.0,"damage_taken":0.0},{"damage_healed":0.0,"max_hp_gain":0.0,"max_hp_loss":0.0,"gold_gain":0.0,"event_name":"SecretPortal","player_choice":"Ignored","floor":39.0,"gold_loss":0.0,"damage_taken":0.0},{"damage_healed":0,"gold_gain":0,"player_choice":"Memory 1","damage_taken":0,"max_hp_gain":0,"max_hp_loss":0,"event_name":"SensoryStone","floor":46,"gold_loss":0},{"damage_healed":0,"gold_gain":0,"player_choice":"Got Potions","damage_taken":0,"max_hp_gain":0,"max_hp_loss":0,"event_name":"Lab","floor":48,"gold_loss":0}],"is_beta":false,"boss_relics":[{"not_picked":["Busted Crown","SacredBark"],"picked":"Empty Cage"},{"not_picked":["Coffee Dripper","Runic Dome"],"picked":"Black Star"}],"items_purged_floors":[5,19,38],"is_endless":false,"potions_floor_spawned":[3,4,10,16,27,28,31,33,45],"killed_by":"Awakened One","ascension_level":12}}