{"host":"sc0o2qwpf9j16a4i","time":1611946548,"event":{"mods":["AchievementEnabler","BaseMod","BetterRewards","Block Reminder","Colored Map","Colored Powertips","Custom Start","Highlight Path","Minty Spire (QoL Compilation)","Relic Stats"],"gold_per_floor":[114,114,35,53,70,70,95,157,157,217,244,11,11,11,11,86,86,104,104,120,120,120,120,120,120],"floor_reached":24,"language":"ENG","playtime":667,"items_purged":["Strike_G"],"score":750,"play_id":"d0b5ece1-4ac5-419d-8225-d991d9bb4693","local_time":"20210129205548","is_ascension_mode":true,"campfire_choices":[{"floor":6,"key":"REST"},{"data":"Noxious Fumes","floor":15,"key":"SMITH"},{"data":"Calculated Gamble","floor":23,"key":"SMITH"}],"circlet_count":0,"master_deck":["AscendersBane","Strike_G+1","Strike_G+1","Strike_G+1","Strike_G+1","Defend_G+1","Defend_G+1","Defend_G+1","Defend_G+1","Defend_G+1","Survivor","Neutralize","Skewer+1","Footwork","Backflip","Poisoned Stab","Quick Slash","Venomology","Leg Sweep","Masterful Stab","Deadly Poison","Deadly Poison","Dodge and Roll","Noxious Fumes+1","Bane","Burst","Dodge and Roll","Calculated Gamble+1"],"relics":["Ring of the Snake","Shuriken","Membership Card","Bag of Preparation","Centennial Puzzle","Orrery","Bag of Marbles","Mercury Hourglass","Ice Cream","Bottled Tornado","Question Card","Calipers","HornCleat","Runic Pyramid"],"acts_visited":["Exordium","TheCity"],"potions_floor_usage":[4,5,7,10,11,16,16,18,24,24],"damage_taken":[{"damage":0,"enemies":"Jaw Worm","floor":1,"turns":4},{"damage":0,"enemies":"Small Slimes","floor":4,"turns":3},{"damage":0,"enemies":"2 Louse","floor":5,"turns":2},{"damage":6,"enemies":"Gremlin Nob","floor":7,"turns":3},{"damage":1,"enemies":"Gremlin Nob","floor":10,"turns":3},{"damage":0,"enemies":"Lagavulin","floor":11,"turns":6},{"damage":0,"enemies":"Hexaghost","floor":16,"turns":7},{"damage":2,"enemies":"Spheric Guardian","floor":18,"turns":5},{"damage":5,"enemies":"Shell Parasite","floor":20,"turns":5},{"damage":66,"enemies":"Book of Stabbing","floor":24,"turns":9}],"seed_played":"3737207460965308871","potions_obtained":[{"floor":7,"key":"DuplicationPotion"},{"floor":16,"key":"Regen Potion"}],"is_trial":false,"path_per_floor":["M","?","$","M","M","R","E","?","T","?","E","$","?","?","R","B",null,"M","?","M","?","?","R","E"],"character_chosen":"THE_SILENT","items_purchased":["Shuriken","Skewer","Membership Card","Bag of Preparation","Centennial Puzzle","Footwork","Orrery","Fire Potion","DistilledChaos","Bag of Marbles","Calipers","Poison Potion"],"campfire_rested":1,"item_purchase_floors":[0,0,0,0,0,0,0,0,0,3,12,12],"current_hp_per_floor":[23,23,23,23,23,42,36,36,36,35,35,35,35,30,30,30,57,66,66,61,61,61,61,0,0],"gold":120,"neow_bonus":"","is_daily":false,"chose_seed":false,"campfire_upgraded":2,"win_rate":0.0,"timestamp":1611946548,"path_taken":["M","?","$","M","M","R","E","?","T","?","E","?","?","?","R","BOSS","M","?","M","?","?","R","E"],"items_purchased_type":["Relic","Card","Relic","Relic","Relic","Card","Relic","Potion","Potion","Relic","Relic","Potion"],"build_version":"2020-12-22","purchased_purges":1,"victory":false,"max_hp_per_floor":[66,66,66,66,66,66,66,66,66,66,66,66,66,66,66,66,66,66,66,66,66,66,66,66,66],"relic_stats":{"Centennial Puzzle":[15],"counters":[35,169],"Shuriken":[7],"Bag of Preparation":[59],"Question Card":7,"obtain_stats":[{"Ice Cream":9,"Lantern":37,"Calipers":12,"Torii":24,"Singing Bowl":29,"Bag of Preparation":14,"Bottled Tornado":10,"Ancient Tea Set":48,"ClockworkSouvenir":21,"Lizard Tail":47,"Centennial Puzzle":0,"Shovel":41,"HornCleat":14,"Pantograph":49,"WingedGreaves":7,"Fusion Hammer":34,"Ring of the Snake":0,"Runic Pyramid":17,"PreservedInsect":26,"Question Card":43,"Mercury Hourglass":9,"Peace Pipe":12,"Shuriken":0,"Orrery":0,"Art of War":45,"Bag of Marbles":3,"Membership Card":0},{"Ice Cream":29,"Lantern":17,"Calipers":31,"Torii":12,"Singing Bowl":15,"Bag of Preparation":7,"Bottled Tornado":30,"Ancient Tea Set":24,"ClockworkSouvenir":10,"Lizard Tail":23,"Centennial Puzzle":25,"Shovel":19,"HornCleat":31,"Pantograph":24,"WingedGreaves":4,"Fusion Hammer":16,"Ring of the Snake":0,"Runic Pyramid":8,"PreservedInsect":12,"Question Card":20,"Mercury Hourglass":4,"Peace Pipe":6,"Shuriken":25,"Orrery":25,"Art of War":21,"Bag of Marbles":26,"Membership Card":25},{"Ice Cream":134,"Lantern":77,"Calipers":143,"Torii":52,"Singing Bowl":64,"Bag of Preparation":21,"Bottled Tornado":137,"Ancient Tea Set":113,"ClockworkSouvenir":37,"Lizard Tail":107,"Centennial Puzzle":122,"Shovel":85,"HornCleat":143,"Pantograph":113,"WingedGreaves":9,"Fusion Hammer":73,"Ring of the Snake":0,"Runic Pyramid":27,"PreservedInsect":52,"Question Card":90,"Mercury Hourglass":9,"Peace Pipe":18,"Shuriken":122,"Orrery":122,"Art of War":94,"Bag of Marbles":126,"Membership Card":122}],"Ring of the Snake":[70],"Mercury Hourglass":[446]},"card_choices":[{"not_picked":["Setup","Flechettes"],"picked":"Backflip","floor":0},{"not_picked":["Masterful Stab","PiercingWail"],"picked":"Poisoned Stab","floor":0},{"not_picked":["Skewer","Prepared"],"picked":"Quick Slash","floor":0},{"not_picked":["Dagger Spray","Bane"],"picked":"Venomology","floor":0},{"not_picked":["Terror","Underhanded Strike"],"picked":"Leg Sweep","floor":0},{"not_picked":["PiercingWail","Quick Slash"],"picked":"Masterful Stab","floor":1},{"not_picked":["Escape Plan","Slice"],"picked":"Deadly Poison","floor":4},{"not_picked":["Quick Slash","Cloak And Dagger"],"picked":"Deadly Poison","floor":5},{"not_picked":["Bullet Time","Acrobatics"],"picked":"Dodge and Roll","floor":7},{"not_picked":["Crippling Poison","Concentrate"],"picked":"Noxious Fumes","floor":10},{"not_picked":["Choke","Sucker Punch"],"picked":"Bane","floor":11},{"not_picked":["Die Die Die","Doppelganger","Glass Knife"],"picked":"Burst","floor":16},{"not_picked":["Escape Plan","Flying Knee","Dagger Throw"],"picked":"Dodge and Roll","floor":18},{"not_picked":["Dagger Throw","Prepared","Backflip+1","Flying Knee"],"picked":"SKIP","floor":20}],"player_experience":1060898,"relics_obtained":[{"floor":7,"key":"Mercury Hourglass"},{"floor":9,"key":"Ice Cream"},{"floor":10,"key":"Bottled Tornado"},{"floor":11,"key":"Question Card"}],"event_choices":[{"damage_healed":0,"gold_gain":0,"player_choice":"Ignored","damage_taken":0,"max_hp_gain":0,"max_hp_loss":0,"event_name":"Liars Game","floor":2,"gold_loss":0},{"damage_healed":0,"gold_gain":62,"player_choice":"Gained Gold","damage_taken":0,"max_hp_gain":0,"max_hp_loss":0,"event_name":"Golden Wing","floor":8,"gold_loss":0},{"damage_healed":0,"gold_gain":0,"player_choice":"Searched \u00271\u0027 times","damage_taken":0,"max_hp_gain":0,"max_hp_loss":0,"event_name":"Dead Adventurer","floor":10,"gold_loss":0},{"damage_healed":0,"gold_gain":0,"player_choice":"Grow","damage_taken":0,"max_hp_gain":0,"max_hp_loss":0,"event_name":"Living Wall","floor":13,"gold_loss":0,"cards_upgraded":["Skewer"]},{"damage_healed":0,"gold_gain":0,"player_choice":"Success","damage_taken":5,"relics_obtained":["HornCleat"],"max_hp_gain":0,"max_hp_loss":0,"event_name":"Scrap Ooze","floor":14,"gold_loss":0},{"damage_healed":0,"gold_gain":0,"player_choice":"Simplicity","damage_taken":0,"max_hp_gain":0,"max_hp_loss":0,"event_name":"Back to Basics","floor":19,"gold_loss":0,"cards_upgraded":["Strike_G","Strike_G","Strike_G","Strike_G","Defend_G","Defend_G","Defend_G","Defend_G","Defend_G"]},{"damage_healed":0,"gold_gain":0,"player_choice":"Read","damage_taken":0,"max_hp_gain":0,"max_hp_loss":0,"event_name":"The Library","floor":21,"gold_loss":0,"cards_obtained":["Calculated Gamble"]},{"damage_healed":0,"gold_gain":0,"player_choice":"Ignored","damage_taken":0,"max_hp_gain":0,"max_hp_loss":0,"event_name":"The Mausoleum","floor":22,"gold_loss":0}],"is_beta":false,"boss_relics":[{"not_picked":["Runic Dome","SacredBark"],"picked":"Runic Pyramid"}],"items_purged_floors":[12],"is_endless":false,"potions_floor_spawned":[5,7,16],"killed_by":"Book of Stabbing","ascension_level":20}}