{"host":"9tzam4717zt8ei1o","time":1611947092,"event":{"mods":["BaseMod","Colored Map","Keyboard Shortcuts","Minty Spire (QoL Compilation)","Quick Restart","StSLib","SuperFastMode"],"gold_per_floor":[216,173,190,207,207,54,54,54,100,113,152,152,196,196,196,196,196],"floor_reached":16,"language":"KOR","playtime":228,"items_purged":["Strike_R"],"score":216,"play_id":"e373a6fa-8f2e-4634-b663-7de7adf43f64","local_time":"20210130040452","is_ascension_mode":true,"campfire_choices":[{"data":"Body Slam","floor":7,"key":"SMITH"},{"data":"Blood for Blood","floor":12,"key":"SMITH"},{"data":"Pommel Strike","floor":15,"key":"SMITH"}],"circlet_count":0,"master_deck":["AscendersBane","Strike_R","Strike_R","Strike_R","Strike_R","Defend_R+1","Defend_R","Defend_R","Defend_R+1","Bash","Pommel Strike+1","Evolve","Feel No Pain","Body Slam+1","Feel No Pain","Blood for Blood+1","Offering"],"relics":["Burning Blood","Golden Idol","PreservedInsect","War Paint","Matryoshka","Lantern"],"acts_visited":[],"potions_floor_usage":[11,16],"damage_taken":[{"damage":7,"enemies":"Cultist","floor":1,"turns":4},{"damage":18,"enemies":"Small Slimes","floor":3,"turns":5},{"damage":6,"enemies":"Jaw Worm","floor":4,"turns":5},{"damage":14,"enemies":"Looter","floor":10,"turns":4},{"damage":30,"enemies":"Lagavulin","floor":11,"turns":6},{"damage":8,"enemies":"Gremlin Nob","floor":13,"turns":3},{"damage":23,"enemies":"The Guardian","floor":16,"turns":9}],"seed_played":"-5003759920980330010","potions_obtained":[{"floor":4,"key":"LiquidMemories"},{"floor":11,"key":"SteroidPotion"},{"floor":13,"key":"HeartOfIron"}],"is_trial":false,"path_per_floor":["M","$","M","M","?","$","R","?","T","M","E","R","E","?","R","B"],"character_chosen":"IRONCLAD","items_purchased":["Evolve","Feel No Pain"],"campfire_rested":0,"item_purchase_floors":[2,6],"current_hp_per_floor":[67,67,55,55,29,29,29,54,54,46,22,22,20,20,20,0,0],"gold":196,"neow_bonus":"HUNDRED_GOLD","is_daily":false,"chose_seed":false,"campfire_upgraded":3,"win_rate":0.0,"timestamp":1611947092,"path_taken":["M","$","?","M","?","$","R","?","T","M","E","R","E","?","R","BOSS"],"items_purchased_type":["Card","Card"],"build_version":"2020-12-22","purchased_purges":1,"victory":false,"max_hp_per_floor":[75,75,75,75,75,75,75,75,75,75,75,75,75,75,75,75,75],"card_choices":[{"not_picked":["Havoc","Pummel"],"picked":"Pommel Strike","floor":1},{"not_picked":["Anger","Disarm"],"picked":"Feel No Pain","floor":3},{"not_picked":["Twin Strike","Rage"],"picked":"Body Slam","floor":4},{"not_picked":["Headbutt","Intimidate"],"picked":"Blood for Blood","floor":10},{"not_picked":["Clash","True Grit"],"picked":"Offering","floor":11},{"not_picked":["Sword Boomerang","Dropkick","Heavy Blade"],"picked":"SKIP","floor":13}],"player_experience":112113,"relics_obtained":[{"floor":9,"key":"PreservedInsect"},{"floor":11,"key":"War Paint"},{"floor":13,"key":"Matryoshka"}],"event_choices":[{"damage_healed":0,"gold_gain":0,"player_choice":"Take Damage","damage_taken":26,"relics_obtained":["Golden Idol"],"max_hp_gain":0,"max_hp_loss":0,"event_name":"Golden Idol","floor":5,"gold_loss":0},{"damage_healed":25,"gold_gain":0,"player_choice":"Banana","damage_taken":0,"max_hp_gain":0,"max_hp_loss":0,"event_name":"Big Fish","floor":8,"gold_loss":0},{"damage_healed":0,"gold_gain":0,"player_choice":"Searched \u00271\u0027 times","damage_taken":0,"relics_obtained":["Lantern"],"max_hp_gain":0,"max_hp_loss":0,"event_name":"Dead Adventurer","floor":14,"gold_loss":0}],"is_beta":false,"boss_relics":[],"items_purged_floors":[6],"is_endless":false,"potions_floor_spawned":[4,11,13],"killed_by":"The Guardian","ascension_level":20}}