{"host":"491vyvchqhlfizue","time":1611904698,"event":{"mods":["AchievementEnabler","BaseMod","BetterRewards","Colored Map","Conspire","Downfall","Infinite Spire","Minty Spire (QoL Compilation)","Reliquary","Replay The Spire","Shop Mod","Spikes Relics","StSLib","The Forsaken","The Runesmith"],"gold_per_floor":[114,114,4,16,16,42,53,81,81,94,94,269,283,316,316,418,418,432,432,347,447,447,482,482,499,499,499,424,424,458,471,471,574,574,585,605,654,654,512,537,553,581,581,596,622,641,658,678,740,740],"floor_reached":51,"language":"ENG","playtime":5745,"items_purged":["theForsaken:TheForsaken_Strike","theForsaken:TheForsaken_Defend","theForsaken:TheForsaken_Strike","theForsaken:TheForsaken_Defend","Pain","Doubt","theForsaken:TheForsaken_Strike"],"score":1696,"play_id":"8e69ea1a-457f-42b1-85b3-5ddff1535c84","local_time":"20210129021818","is_ascension_mode":true,"campfire_choices":[{"data":"theForsaken:DarkBargain","floor":11.0,"key":"SMITH"},{"data":"theForsaken:NobleSacrifice","floor":15.0,"key":"SMITH"},{"data":"theForsaken:DefensiveStance","floor":15.0,"key":"SMITH"},{"data":"theForsaken:DesperatePlea","floor":24.0,"key":"SMITH"},{"data":"theForsaken:AncientWords","floor":24.0,"key":"SMITH"},{"data":"theForsaken:Eulogy","floor":27.0,"key":"SMITH"},{"data":"theForsaken:QuickAttack","floor":27.0,"key":"SMITH"},{"data":"theForsaken:FatRoll","floor":32.0,"key":"SMITH"},{"data":"theForsaken:FatRoll","floor":32.0,"key":"SMITH"}],"circlet_count":0,"master_deck":["theForsaken:TheForsaken_Strike+1","theForsaken:TheForsaken_Defend","theForsaken:Smite","theForsaken:Penitence","theForsaken:Confusion+1","theForsaken:Eulogy+1","theForsaken:Bolster","theForsaken:NobleSacrifice+1","theForsaken:DefensiveStance+1","theForsaken:AncientWords+1","theForsaken:QuickAttack+1","theForsaken:FatRoll+1","theForsaken:DarkBargain+1","theForsaken:DesperatePlea+1","theForsaken:FatRoll+1","theForsaken:QuickAttack+1","theForsaken:Prudence+1","theForsaken:StoreUp+1","theForsaken:FatRoll+1","infinitespire:Oblivion+1","theForsaken:MagicWeapon+1","Parasite","theForsaken:AncientWords+1"],"relics":["theForsaken:ScalesOfTruth","MerchantsRug","Replay:Rubber Ducky","WarpedTongs","Replay:Ringing Soul","BrokenLever","infinitespire:Eraser","infinitespire:Broken Mirror","Replay:Arrowhead","Black Star","Bird Faced Urn","Bag of Marbles","Replay:Wanted Poster","MutagenicStrength","Molten Egg 2","Gremlin Food","Replay:Baseball","ShockBauble","infinitespire:WardingShard","Runesmith:Locket","Pear","infinitespire:Satchel","conspire:DecoderRing","reliquary:Buckler","Replay:WaspNest","Gambling Chip","Meat on the Bone"],"acts_visited":["Exordium","TheCity","TheBeyond"],"potions_floor_usage":[50],"damage_taken":[{"damage":0.0,"enemies":"Small Slimes","floor":1.0,"turns":3.0},{"damage":0.0,"enemies":"Cultist","floor":4.0,"turns":4.0},{"damage":0.0,"enemies":"Lagavulin","floor":6.0,"turns":6.0},{"damage":0.0,"enemies":"Jaw Worm","floor":7.0,"turns":4.0},{"damage":0.0,"enemies":"Gremlin Nob","floor":8.0,"turns":3.0},{"damage":0.0,"enemies":"2 Fungi Beasts","floor":10.0,"turns":3.0},{"damage":0.0,"enemies":"Looter","floor":13.0,"turns":2.0},{"damage":0.0,"enemies":"Lagavulin","floor":14.0,"turns":7.0},{"damage":0.0,"enemies":"Hexaghost","floor":16.0,"turns":11.0},{"damage":0.0,"enemies":"Shell Parasite","floor":18.0,"turns":4.0},{"damage":0.0,"enemies":"Nightmare","floor":23.0,"turns":6.0},{"damage":0.0,"enemies":"2 Thieves","floor":25.0,"turns":4.0},{"damage":0.0,"enemies":"Book of Stabbing","floor":30.0,"turns":3.0},{"damage":0.0,"enemies":"Shelled Parasite and Fungi","floor":31.0,"turns":4.0},{"damage":0.0,"enemies":"Automaton","floor":33.0,"turns":8.0},{"damage":0.0,"enemies":"Orb Walker","floor":35.0,"turns":3.0},{"damage":3.0,"enemies":"3 Darklings","floor":36.0,"turns":4.0},{"damage":10.0,"enemies":"2 Orb Walkers","floor":37.0,"turns":5.0},{"damage":0.0,"enemies":"R_Hoarder","floor":40.0,"turns":7.0},{"damage":0.0,"enemies":"Spire Growth","floor":41.0,"turns":3.0},{"damage":0.0,"enemies":"Nemesis","floor":42.0,"turns":3.0},{"damage":0.0,"enemies":"Jaw Worm Horde","floor":44.0,"turns":4.0},{"damage":0.0,"enemies":"Nightmare","floor":45.0,"turns":6.0},{"damage":0.0,"enemies":"Writhing Mass","floor":46.0,"turns":5.0},{"damage":0.0,"enemies":"4 Shapes","floor":47.0,"turns":6.0},{"damage":0.0,"enemies":"3 Darklings","floor":48.0,"turns":3.0},{"damage":0,"enemies":"conspire:OrnateMirror","floor":50,"turns":15}],"seed_played":"-116818514469417143","potions_obtained":[{"floor":1.0,"key":"sneckomod:MuddlingPotion"},{"floor":7.0,"key":"SkillPotion"},{"floor":8.0,"key":"SkillPotion"},{"floor":13.0,"key":"Reflective Coating"},{"floor":14.0,"key":"sneckomod:MuddlingPotion"},{"floor":23.0,"key":"PowerPotion"},{"floor":25.0,"key":"Energy Potion"},{"floor":29.0,"key":"Cursed Concoction"},{"floor":29.0,"key":"bronze:BurnAndBuffPotion"},{"floor":37.0,"key":"Block Potion"},{"floor":42.0,"key":"Guardian:BlockOnCardUsePotion"},{"floor":47.0,"key":"Dexterity Potion"}],"is_trial":false,"path_per_floor":["M","?","$","M","?","E","M","E","T","M","R","?","M","E","R","B",null,"M","?","?","AVR","?","NM","R","M","T","R","?","?","E","M","R","B",null,"M","M","?","?","$","E","M","E","T","M","NM","M","M","M","R_BF","B",null],"character_chosen":"THE_FORSAKEN","items_purchased":["BargainBundle","Adrenaline Potion","Dexterity Potion","ColorlessPotion","theForsaken:Confusion+1","theForsaken:Eulogy","MerchantsRug","Replay:Rubber Ducky","theForsaken:Bolster","theForsaken:NobleSacrifice","theForsaken:DefensiveStance"],"campfire_rested":0,"item_purchase_floors":[0,0,0,0,0,0,0,0,0,0,0],"current_hp_per_floor":[61,61,61,64,57,63,66,66,66,69,69,72,72,74,74,80,80,80,80,80,80,80,83,83,83,83,83,83,83,86,86,86,89,89,92,92,92,92,92,102,105,105,105,105,108,111,111,111,111,111],"gold":740,"neow_bonus":"","is_daily":false,"chose_seed":false,"campfire_upgraded":9,"win_rate":0.0,"timestamp":1611904698,"path_taken":["M","?","$","?","?","E","M","E","T","M","R","?","M","E","R","BOSS","M","?","?","AVR","?","NM","R","?","T","R","?","?","E","M","R","BOSS","M","?","?","?","?","E","M","E","T","M","NM","M","?","M","R_BF","BOSS"],"items_purchased_type":["Relic","Potion","Potion","Potion","Card","Card","Relic","Relic","Card","Card","Card"],"build_version":"2020-12-22","purchased_purges":7,"victory":true,"max_hp_per_floor":[65,65,65,65,65,68,71,71,71,74,74,77,77,77,77,80,80,80,80,80,80,80,83,83,83,83,83,83,83,86,86,86,89,89,92,92,92,92,92,102,105,105,105,105,108,111,111,111,111,111],"card_choices":[{"not_picked":["theForsaken:Preservation","theForsaken:PowerUp"],"picked":"theForsaken:AncientWords","floor":1.0},{"not_picked":["theForsaken:ShieldCharge","theForsaken:HealingLight","theForsaken:SolarFlare"],"picked":"SKIP","floor":4.0},{"not_picked":["theForsaken:BlindFaith","theForsaken:NobleSacrifice"],"picked":"theForsaken:QuickAttack","floor":6.0},{"not_picked":["theForsaken:BountifulSunlight","theForsaken:CreepingInfection"],"picked":"theForsaken:FatRoll","floor":7.0},{"not_picked":["theForsaken:RainingSunlight","theForsaken:Backlash","theForsaken:NobleSacrifice"],"picked":"SKIP","floor":8.0},{"not_picked":["theForsaken:Backlash","theForsaken:CleansingLight"],"picked":"theForsaken:DarkBargain","floor":10.0},{"not_picked":["theForsaken:WardingHymn","theForsaken:CorruptedForm","theForsaken:BattleHymn"],"picked":"SKIP","floor":13.0},{"not_picked":["theForsaken:Devotion","theForsaken:WordsOfPestilence","theForsaken:ShieldBash"],"picked":"SKIP","floor":14.0},{"not_picked":["theForsaken:TearsOfSunlight","theForsaken:Mantra"],"picked":"theForsaken:DesperatePlea","floor":16.0},{"not_picked":["theForsaken:Preservation+1","theForsaken:WrathOfGod","theForsaken:ChargeAttack"],"picked":"SKIP","floor":18.0},{"not_picked":["theForsaken:HorrifyingStrike+1","theForsaken:CreepingInfection+1"],"picked":"theForsaken:FatRoll","floor":23.0},{"not_picked":["theForsaken:PanicDive+1","theForsaken:Terrorize","theForsaken:CleansingLight"],"picked":"SKIP","floor":25.0},{"not_picked":["theForsaken:Riposte+1","theForsaken:FatRoll"],"picked":"theForsaken:QuickAttack+1","floor":30.0},{"not_picked":["theForsaken:Thunderbolt+1","theForsaken:NobleSacrifice","theForsaken:Tranquility+1"],"picked":"SKIP","floor":31.0},{"not_picked":["theForsaken:Temperance+1","theForsaken:TearsOfSunlight"],"picked":"theForsaken:Prudence","floor":33.0},{"not_picked":["theForsaken:ShieldCharge+1","theForsaken:DarkBargain+1"],"picked":"theForsaken:StoreUp+1","floor":35.0},{"not_picked":["theForsaken:CreepingInfection+1","theForsaken:ShieldBash+1","theForsaken:RainingSunlight+1"],"picked":"SKIP","floor":36.0},{"not_picked":["theForsaken:ShieldCharge+1","theForsaken:BattleHymn+1","theForsaken:BlindFaith"],"picked":"SKIP","floor":40.0},{"not_picked":["theForsaken:InspiringBlow+1","theForsaken:HorrifyingStrike+1"],"picked":"theForsaken:FatRoll+1","floor":41.0},{"not_picked":["theForsaken:HymnOfPatience+1","theForsaken:Thunderbolt+1","theForsaken:RainingSunlight+1"],"picked":"SKIP","floor":42.0},{"not_picked":["theForsaken:Tranquility","theForsaken:ScorchingSunlight+1","theForsaken:InspiringBlow+1"],"picked":"SKIP","floor":44.0},{"not_picked":["infinitespire:FutureSight","ReplayTheSpireMod:Chaos Vortex"],"picked":"infinitespire:Oblivion","floor":45.0},{"not_picked":["theForsaken:ShieldBash+1","theForsaken:InspiringBlow+1"],"picked":"theForsaken:MagicWeapon+1","floor":45.0},{"not_picked":["theForsaken:PowerUp","theForsaken:Temperance+1"],"picked":"theForsaken:AncientWords+1","floor":46.0},{"not_picked":["theForsaken:FuryStrikes+1","theForsaken:HymnOfPatience","theForsaken:CorruptedWord+1"],"picked":"SKIP","floor":47.0},{"not_picked":["theForsaken:Eulogy","theForsaken:ShieldBash+1","theForsaken:FatRoll+1"],"picked":"SKIP","floor":48.0}],"player_experience":41620,"relics_obtained":[{"floor":6.0,"key":"BrokenLever"},{"floor":8.0,"key":"infinitespire:Eraser"},{"floor":9.0,"key":"infinitespire:Broken Mirror"},{"floor":14.0,"key":"Replay:Arrowhead"},{"floor":23.0,"key":"Molten Egg 2"},{"floor":23.0,"key":"Gremlin Food"},{"floor":26.0,"key":"Replay:Baseball"},{"floor":30.0,"key":"ShockBauble"},{"floor":30.0,"key":"infinitespire:WardingShard"},{"floor":37.0,"key":"Runesmith:Locket"},{"floor":40.0,"key":"Pear"},{"floor":40.0,"key":"infinitespire:Satchel"},{"floor":42.0,"key":"conspire:DecoderRing"},{"floor":42.0,"key":"reliquary:Buckler"},{"floor":43.0,"key":"Replay:WaspNest"},{"floor":45.0,"key":"Gambling Chip"},{"floor":45.0,"key":"Meat on the Bone"}],"event_choices":[{"damage_healed":0.0,"max_hp_gain":0.0,"max_hp_loss":0.0,"gold_gain":0.0,"event_name":"Accursed Blacksmith","player_choice":"Rummage","floor":2.0,"gold_loss":0.0,"damage_taken":0.0,"relics_obtained":["WarpedTongs"],"cards_obtained":["Pain"]},{"damage_healed":0.0,"max_hp_gain":0.0,"max_hp_loss":0.0,"gold_gain":0.0,"event_name":"Scrap Ooze","player_choice":"Success","floor":5.0,"gold_loss":0.0,"damage_taken":7.0,"relics_obtained":["Replay:Ringing Soul"]},{"damage_healed":0.0,"max_hp_gain":0.0,"max_hp_loss":0.0,"gold_gain":175.0,"event_name":"Liars Game","player_choice":"AGREE","floor":12.0,"gold_loss":0.0,"damage_taken":0.0,"cards_obtained":["Doubt"]},{"damage_healed":0.0,"max_hp_gain":0.0,"max_hp_loss":0.0,"gold_gain":0.0,"event_name":"Vampires","player_choice":"Ignored","floor":19.0,"gold_loss":0.0,"damage_taken":0.0},{"damage_healed":0.0,"max_hp_gain":0.0,"max_hp_loss":0.0,"gold_gain":0.0,"event_name":"Addict","player_choice":"Obtained Relic","floor":20.0,"gold_loss":85.0,"damage_taken":0.0,"relics_obtained":["Bird Faced Urn"]},{"damage_healed":0.0,"max_hp_gain":0.0,"max_hp_loss":0.0,"gold_gain":0.0,"event_name":"Drug Dealer","player_choice":"Inject Mutagens","floor":22.0,"gold_loss":0.0,"damage_taken":0.0,"relics_obtained":["MutagenicStrength"]},{"cards_removed":["theForsaken:TheForsaken_Defend"],"damage_healed":0.0,"max_hp_gain":0.0,"max_hp_loss":0.0,"gold_gain":0.0,"event_name":"Beggar","player_choice":"Gave Gold","floor":28.0,"gold_loss":75.0,"damage_taken":0.0},{"damage_healed":0.0,"max_hp_gain":0.0,"max_hp_loss":0.0,"gold_gain":0.0,"event_name":"Lab","player_choice":"Got Potions","floor":29.0,"gold_loss":0.0,"damage_taken":0.0},{"damage_healed":0.0,"max_hp_gain":0.0,"max_hp_loss":0.0,"gold_gain":0.0,"event_name":"Mysterious Sphere","player_choice":"Fight","floor":37.0,"gold_loss":0.0,"damage_taken":0.0},{"damage_healed":0.0,"max_hp_gain":0.0,"max_hp_loss":0.0,"gold_gain":0.0,"event_name":"conspire:Investor","player_choice":"Leave","floor":38.0,"gold_loss":0.0,"damage_taken":0.0}],"is_beta":false,"boss_relics":[{"not_picked":["Runesmith:UraniumAnvil","Cursed Key"],"picked":"Black Star"},{"not_picked":["conspire:SeveredTorchhead","theForsaken:PaleLantern"],"picked":"theForsaken:ScalesOfTruth"}],"items_purged_floors":[0,0,0,0,3,21,39],"is_endless":false,"potions_floor_spawned":[1,7,8,13,14,23,25,30,31,35,37,42,47],"ascension_level":7}}