{"host":"hzswyuuwdl03wwzr","time":1611952603,"event":{"mods":["100% Spire Juice","ATMod(∞¢Ë™Mod)","AchievementEnabler","Act Like it!","BaseMod","Gensokyo","Hallownest","Marisa£®ÏF”Í°°ƒß¿Ì…≥£©","Minty Spire (QoL Compilation)","Reliquary","Remilia_Scarlet Moed£®¿Ÿ√◊¿Ú—«°§Àπø®¿◊Ãÿ£©3.3.5","Replay The Spire","StSLib","The Animator","The Bug Knight","The Cursed","The Servant 0.9.4","Wide Potions","Yakumo Yukari mod","Youmu£®ªÍ∆«—˝√Œ£©","°æπ¶ƒ‹Mod°øªÏ„Á÷Æª∑–ﬁ∏¥≤π∂°","°æ“≈ŒÔø®≈∆°øREMEMod"],"gold_per_floor":[134,148,174,190,140,140,170,181,181,181,215,215,215,19,19,114,164,176,196,196,213,237,237,269,282,308,328,208,223,71,71,71],"floor_reached":31,"language":"ZHS","playtime":1042,"items_purged":[],"score":255,"play_id":"821e59e2-84d5-44c2-82f4-8996d1e8015c","local_time":"20210130043643","is_ascension_mode":false,"campfire_choices":[{"data":"StateErode_purple","floor":6,"key":"SMITH"},{"floor":13,"key":"REST"},{"floor":15,"key":"REST"},{"floor":23,"key":"REST"}],"circlet_count":0,"master_deck":["AT_purpleEX+1","AT_purpleEX+1","AT_purpleEX+1","Defend_purpleEX","Defend_purpleEX","Defend_purpleEX","Observe_purple_1","Observe_purple_2","OpenedBox_purple","StateErode_purple+1","ExternalForce_HighSpeedFlying_purple","Bait_HighSpeedFlying_purple+1","RuleDissolution_purple+1","Fantasy_PerpetualMotionMachine_purple","Boundary_LifeAndDeath_purple","DimensionStaggered_purple","Shallow_ocean_purpleEX+1","CommonSense_AntiCommonSense_purple+1","Fantasy_PerpetualMotionMachine_purple","WeekHit_purple","EighthInstrument_OneDividesIntoTwo_purple+1","Gensokyo:BlemishedSteel","Gensokyo:Shovel","Gensokyo:RustyChest"],"relics":["Boundary_crack","Memoryfragments_purpleEX","AT_ATBox","REME_ComplimentaryCards","AT_ChloranthyRing","reliquary:BallBearing","AT_EbonyIvory","Whetstone","Membership Card","Tiny House","Gensokyo:SongOfSouls","Gremlin Food","Boot","Gensokyo:LionMask"],"acts_visited":["Exordium","Gensokyo:Gensokyoer"],"potions_floor_usage":[27,29,31],"damage_taken":[{"damage":0,"enemies":"Cultist","floor":1,"turns":4},{"damage":7,"enemies":"Small Slimes","floor":2,"turns":3},{"damage":1,"enemies":"2 Louse","floor":4,"turns":4},{"damage":5,"enemies":"2 Fungi Beasts","floor":8,"turns":3},{"damage":25,"enemies":"3 Sentries","floor":11,"turns":5},{"damage":35,"enemies":"The Guardian","floor":16,"turns":7},{"damage":36,"enemies":"Gensokyo:3_Dogs","floor":18,"turns":4},{"damage":5,"enemies":"Gensokyo:AngelMirror","floor":19,"turns":3},{"damage":20,"enemies":"Gensokyo:Wraith","floor":21,"turns":4},{"damage":29,"enemies":"Gensokyo:Tenshi","floor":24,"turns":3},{"damage":0,"enemies":"Gensokyo:3_Gloops","floor":25,"turns":3},{"damage":17,"enemies":"Gensokyo:Slime_Group","floor":27,"turns":4},{"damage":11,"enemies":"Gensokyo:Mirror_and_Dog","floor":29,"turns":3},{"damage":15,"enemies":"Gensokyo:3_Gloops","floor":31,"turns":3}],"seed_played":"7555359977200491489","potions_obtained":[{"floor":4,"key":"Dexterity Potion"},{"floor":8,"key":"Strength Potion"},{"floor":16,"key":"SneckoOil"},{"floor":17,"key":"PowerPotion"},{"floor":25,"key":"Energy Potion"}],"is_trial":false,"path_per_floor":["M","M","T","M","?","R","?","M","T","?","E","?","R","$","R","B",null,"M","M","?","M","T","R","E","M","T","M","?","M","COS","M"],"character_chosen":"Youkari","items_purchased":["Membership Card","Fantasy_PerpetualMotionMachine_purple"],"campfire_rested":3,"item_purchase_floors":[14,14],"current_hp_per_floor":[70,64,64,64,64,64,64,60,60,42,22,8,29,29,50,19,75,44,44,44,29,29,51,27,29,29,17,17,11,11,0,0],"gold":71,"neow_bonus":"TRANSFORM_CARD","is_daily":false,"chose_seed":false,"campfire_upgraded":1,"win_rate":0.0,"timestamp":1611952603,"path_taken":["M","M","?","M","?","R","?","M","T","?","E","?","R","?","R","BOSS","M","M","?","?","?","R","E","M","T","M","?","M","COS","M"],"items_purchased_type":["Relic","Card"],"build_version":"2020-12-22","purchased_purges":0,"victory":false,"max_hp_per_floor":[70,70,70,70,70,70,70,70,70,70,70,70,70,70,70,70,75,75,75,75,75,75,75,75,75,75,75,75,75,75,75,75],"card_choices":[{"not_picked":["DimensionStaggered_purple","Shallow_ocean_purpleEX"],"picked":"StateErode_purple","floor":1},{"not_picked":["MonsterNeedle_purple","MeetDecomposer_purple"],"picked":"ExternalForce_HighSpeedFlying_purple","floor":2},{"not_picked":["StretchesForeverDream_purple","Yakumo_Ran_purple"],"picked":"Bait_HighSpeedFlying_purple","floor":4},{"not_picked":["Nest_LightFlightworm_purple","OmniscientAndOmnipotent_Monster_purple"],"picked":"RuleDissolution_purple","floor":8},{"not_picked":["Boundary_DynamicStaticEquilibrium_purple","MNeedle_purple","SfantasyHide_purple"],"picked":"SKIP","floor":11},{"not_picked":["Theboundaryofcreation_purpleEX","Computing_the_future_purpleEX"],"picked":"Boundary_LifeAndDeath_purple","floor":16},{"not_picked":["ExistenceContinue_purple","Nest_LightFlightworm_purple"],"picked":"DimensionStaggered_purple","floor":17},{"not_picked":["Extrememeaning_purpleEX","DimensionStaggered_purple"],"picked":"Shallow_ocean_purpleEX+1","floor":18},{"not_picked":["Mirror_FormAndEmptin_purple","MeetDecomposer_purple"],"picked":"CommonSense_AntiCommonSense_purple+1","floor":19},{"not_picked":["DimensionStaggered_purple+1","WingOfChimera_purple+1","StateErode_purple"],"picked":"SKIP","floor":21},{"not_picked":["Boundary_LightAndDark_purple","DimensionStaggered_purple","OpenedBox_purple"],"picked":"SKIP","floor":24},{"not_picked":["Realm_recovery_purpleEX","Boundary_DreamRealityDamnation_purple"],"picked":"Fantasy_PerpetualMotionMachine_purple","floor":25},{"not_picked":["DimensionStaggered_purple","WatchEChange_purple"],"picked":"WeekHit_purple","floor":27},{"not_picked":["Umbrella_purple","WingOfChimera_purple+1"],"picked":"EighthInstrument_OneDividesIntoTwo_purple+1","floor":29}],"player_experience":30014,"relics_obtained":[{"floor":3,"key":"AT_ChloranthyRing"},{"floor":9,"key":"AT_EbonyIvory"},{"floor":11,"key":"Whetstone"},{"floor":24,"key":"Gremlin Food"},{"floor":26,"key":"Boot"}],"event_choices":[{"cards_removed":["AT_purpleEX"],"damage_healed":0,"gold_gain":0,"player_choice":"Card Removal","damage_taken":0,"max_hp_gain":0,"max_hp_loss":0,"event_name":"The Cleric","floor":5,"gold_loss":50},{"damage_healed":0,"gold_gain":30,"player_choice":"Searched \u00273\u0027 times","damage_taken":0,"relics_obtained":["reliquary:BallBearing"],"max_hp_gain":0,"max_hp_loss":0,"event_name":"Dead Adventurer","floor":7,"gold_loss":0},{"damage_healed":0,"gold_gain":0,"player_choice":"Entered Light","damage_taken":14,"max_hp_gain":0,"max_hp_loss":0,"event_name":"Shining Light","floor":12,"gold_loss":0,"cards_upgraded":["RuleDissolution_purple","Bait_HighSpeedFlying_purple"]}],"is_beta":false,"boss_relics":[{"not_picked":["Fusion Hammer","REME_ChargedStone"],"picked":"Tiny House"}],"items_purged_floors":[],"is_endless":false,"potions_floor_spawned":[4,8,16,25,27],"killed_by":"Gensokyo:3_Gloops","ascension_level":0}}