{"host":"c1oza4x7xlyuasvd","time":1611901234,"event":{"mods":["ATMod(阿瑾Mod)","BaseMod","Better Vampires","Colored Powertips","Minty Spire (QoL Compilation)","MostiFishMod","StSLib","TestMod","Waifu the Spire","【遗物卡牌】REMEMod"],"gold_per_floor":[110,110,110,125,135,135,135,165,191,191,191,191,191,219,219,324,324,340,360,272,291,691,719,733,747,772,786,786,886,896,896,896,995,995,1012,1030,1154,1233,1233,1233,1465,1540,1594,1738,1813,1945,2021,2213,2213,2370,2370,2370,2388,2703,2896],"floor_reached":56,"language":"ZHS","playtime":2160,"items_purged":["Riddle With Holes","Infinite Blades","Strike_G","AT_WindRun","Defend_G","testmod-BackupPower","Doubt","Defend_G"],"score":2447,"play_id":"ff13d54c-411c-45b2-8083-0239a483f3dd","local_time":"20210129142032","is_ascension_mode":true,"campfire_choices":[{"data":"AT_BreakingExtremeWeapon","floor":6,"key":"SMITH"},{"data":"Acrobatics","floor":13,"key":"SMITH"},{"floor":15,"key":"RECALL"},{"data":"Concentrate","floor":28,"key":"SMITH"},{"data":"Expertise","floor":32,"key":"SMITH"},{"floor":40,"key":"DIG"},{"data":"1","floor":49,"key":"LIFT"},{"data":"2","floor":52,"key":"LIFT"}],"circlet_count":34,"master_deck":["AscendersBane","Strike_G+1","Strike_G","Strike_G","Strike_G","Defend_G","Defend_G","Survivor","Neutralize","AT_BreakingExtremeWeapon+1","Vault","A Thousand Cuts","MostiFishMod:VineMother","Infinite Blades","Endless Agony+1","AT_ThistleTea","REME_FirmDetermination","Reflex+1","Expertise+1","Concentrate+1","Acrobatics+1","MostiFishMod:Confrontation","Master of Strategy+1","Escape Plan","Cloak And Dagger","AT_EssenceShift","MostiFishMod:LethalBlade+1","Tactician+1","AT_Desolate","Reflex+1","Phantasmal Killer","Prepared+1","REME_Flogging+1","Calculated Gamble+1","Tools of the Trade+1","Well Laid Plans+1"],"relics":["Ring of the Snake","AT_ATBox","DaveBox","REME_ComplimentaryCards","testmod-SaigiyounoYou","DiscerningMonocle","AT_SeraphEmbrace","SynthV:TestCard","Orrery","testmod-Maize","Mercury Hourglass","AT_EbonyIvory","testmod-BalancedPeriapt","testmod-Register","Strawberry","Dodecahedron","REME_HourglassOfDeath","Question Card","TakeMeEscape","Thread and Needle","AT_ChloranthyRing","AT_RabadonDeathcap","Philosopher\u0027s Stone","Membership Card","AT_ImmortalShieldbow","MealTicket","The Courier","Regal Pillow","Ginger","Bottled Flame","ChiXiaoBlade","BrkXgEgg","REME_ArchaeologicalTools","Toxic Egg 2","testmod-TurbochargingSystem","Centennial Puzzle","StoneCalendar","Ancient Tea Set","Lizard Tail","Kunai","AT_MibuBalloonWealth","Pantograph","Prayer Wheel","FossilizedHelix","testmod-Justice","AT_RedNoBalance","AT_GuinsooRageblade","testmod-FatalChain","MostiFishMod:Haymaker","Ornamental Fan","AT_SunfireAegis","AT_SpeedBoots","AT_SilvercatRing","Bag of Preparation","AT_TheCollector","Shuriken","HornCleat","testmod-Hope","Sundial","Girya","WingedGreaves","Molten Egg 2","testmod-AssaultLearning","Matryoshka","testmod-LifeArmor","Bronze Scales","testmod-Fortitude","Toy Ornithopter","Bag of Marbles","White Beast Statue","testmod-RealStoneCalender","Juzu Bracelet","Dream Catcher","testmod-TheFather","testmod-InfectionSource","ImprovedEquipment","Vajra","CeramicFish","Whetstone","Boot","PreservedInsect","testmod-Acrobat","REME_LimitBreaker","AT_Kusabimaru","REME_PoisonedDagger","Oddly Smooth Stone","Akabeko","Calipers","Frozen Egg 2","REME_HandOfSuture","DaCapo","Potion Belt","Happy Flower","Omamori","testmod-ThousandKnives","testmod-IndustrialRevolution","testmod-InjuryResistance","testmod-BouquetWithThorns","CaptainsWheel","testmod-Antiphasic","Blue Candle","Art of War","Snake Skull","Paper Crane","AT_BellDemon","SynthV:C4","Lantern","CombinedTypeHook","Blood Vial","DianDianMeat","Pen Nib","Orichalcum","War Paint","Anchor","Eternal Feather","Nunchaku","AT_BladeRuinedKing","Tingsha","Meat on the Bone","REME_PuzzleBoxRelic","testmod-OneHitWonder","Du-Vu Doll","AT_BellowingDragoncrestRing","Pear","Ninja Scroll","Singing Bowl","testmod-Alchemist","AT_TimeSand","InkBottle","AT_DeathDance","Bottled Lightning","Darkstone Periapt","Letter Opener","Shovel","Bottled Tornado","StrikeDummy","Gremlin Horn","Mummified Hand","AT_ForceNature","REME_IWantAll","ArrowTower","Ice Cream","testmod-HeartOfStrike","SentryEyes","testmod-Nyarlathotep","testmod-ArcanaOfDestiny","Bird Faced Urn","ThornShield","Unceasing Top","BionicSphere","testmod-RainbowHikingShoes","AT_LudenTempest","testmod-Brilliant","HollowDreamFlower","testmod-CasingShield","testmod-CyclicPeriapt","testmod-BlackFramedGlasses","testmod-ConstraintPeriapt","OriginationStaff","Incense Burner","Mango","Torii","testmod-EqualTreatment","Turnip","The Specimen","testmod-ObsoleteBoomerang","Pocketwatch","Gambling Chip","AT_GoldPhoenixTree","DianPoetry","testmod-Déjàvu","testmod-CrystalShield","TungstenRod","Tough Bandages","testmod-Muramasa","testmod-IntensifyImprint","AT_Manta","testmod-Laevatain","Circlet","Frozen Eye","Chemical X"],"acts_visited":["Exordium","TheCity","TheBeyond","TheEnding"],"potions_floor_usage":[16,29,35,55],"damage_taken":[{"damage":13,"enemies":"Jaw Worm","floor":1,"turns":6},{"damage":11,"enemies":"Cultist","floor":4,"turns":4},{"damage":12,"enemies":"Small Slimes","floor":5,"turns":3},{"damage":35,"enemies":"Lagavulin","floor":8,"turns":4},{"damage":6,"enemies":"3 Sentries","floor":14,"turns":4},{"damage":36,"enemies":"The Guardian","floor":16,"turns":7},{"damage":0,"enemies":"Spheric Guardian","floor":18,"turns":2},{"damage":0,"enemies":"2 Thieves","floor":19,"turns":2},{"damage":0,"enemies":"Snake Plant","floor":21,"turns":3},{"damage":0,"enemies":"Book of Stabbing","floor":23,"turns":4},{"damage":0,"enemies":"Shelled Parasite and Fungi","floor":24,"turns":3},{"damage":0,"enemies":"Snecko","floor":25,"turns":3},{"damage":0,"enemies":"Snake Plant","floor":27,"turns":2},{"damage":0,"enemies":"Colosseum Slavers","floor":29,"turns":3},{"damage":0,"enemies":"Colosseum Nobs","floor":29,"turns":1},{"damage":0,"enemies":"3 Cultists","floor":30,"turns":3},{"damage":0,"enemies":"Champ","floor":33,"turns":5},{"damage":16,"enemies":"3 Darklings","floor":35,"turns":3},{"damage":0,"enemies":"3 Shapes","floor":37,"turns":1},{"damage":0,"enemies":"Spire Growth","floor":38,"turns":1},{"damage":0,"enemies":"Reptomancer","floor":41,"turns":1},{"damage":0,"enemies":"Writhing Mass","floor":42,"turns":1},{"damage":0,"enemies":"4 Shapes","floor":44,"turns":1},{"damage":0,"enemies":"Maw","floor":45,"turns":1},{"damage":0,"enemies":"2 Orb Walkers","floor":46,"turns":1},{"damage":0,"enemies":"Spire Growth","floor":47,"turns":1},{"damage":0,"enemies":"Giant Head","floor":48,"turns":1},{"damage":0,"enemies":"Time Eater","floor":50,"turns":1},{"damage":0,"enemies":"Shield and Spear","floor":54,"turns":1},{"damage":0,"enemies":"The Heart","floor":55,"turns":1}],"seed_played":"1199634152758691203","potions_obtained":[{"floor":29,"key":"Regen Potion"},{"floor":35,"key":"testmod-SpacePotion"},{"floor":37,"key":"SkillPotion"},{"floor":38,"key":"Weak Potion"},{"floor":42,"key":"testmod-SpacePotion"},{"floor":45,"key":"REME_GoldPotion"},{"floor":46,"key":"Swift Potion"},{"floor":47,"key":"Weak Potion"},{"floor":48,"key":"DistilledChaos"}],"is_trial":false,"path_per_floor":["M","?","$","M","M","R","$","E","T","?","$","$","R","E","R","B",null,"M","M","$","M","?","E","M","M","T","M","R","?","M","?","R","B",null,"M","$","M","M","$","R","E","M","T","M","M","?","M","E","R","B",null,"R","$","E","B",null],"character_chosen":"THE_SILENT","items_purchased":["Orrery","testmod-Maize","Mercury Hourglass","REME_FirmDetermination","Reflex","Expertise","CultistPotion","PowerPotion","AT_EbonyIvory","testmod-BalancedPeriapt","testmod-Register","Acrobatics","Dodecahedron","REME_HourglassOfDeath","Question Card","testmod-BackupPower","TakeMeEscape","Thread and Needle","AT_ChloranthyRing","Master of Strategy","Membership Card","AT_ImmortalShieldbow","MealTicket","testmod-EscapePotion","BrkXgEgg","REME_ArchaeologicalTools","Toxic Egg 2","testmod-TurbochargingSystem","Centennial Puzzle","StoneCalendar","Ancient Tea Set","Lizard Tail","Kunai","AT_MibuBalloonWealth","Pantograph","Prayer Wheel","FossilizedHelix","testmod-Justice","AT_SilverBalance","AT_GuinsooRageblade","testmod-FatalChain","MostiFishMod:Haymaker","Ornamental Fan","AT_SunfireAegis","AT_SpeedBoots","AT_SilvercatRing","Bag of Preparation","AT_TheCollector","Shuriken","HornCleat","testmod-Hope","Sundial","Girya","WingedGreaves","Molten Egg 2","testmod-AssaultLearning","Matryoshka","testmod-LifeArmor","Bronze Scales","testmod-Fortitude","Toy Ornithopter","Bag of Marbles","White Beast Statue","testmod-RealStoneCalender","Juzu Bracelet","Dream Catcher","testmod-TheFather","testmod-InfectionSource","ImprovedEquipment","Vajra","CeramicFish","Whetstone","Boot","PreservedInsect","testmod-Acrobat","REME_LimitBreaker","AT_Kusabimaru","REME_PoisonedDagger","Oddly Smooth Stone","Akabeko","Calipers","Frozen Egg 2","REME_HandOfSuture","DaCapo","Potion Belt","Happy Flower","Omamori","testmod-ThousandKnives","testmod-IndustrialRevolution","testmod-InjuryResistance","testmod-BouquetWithThorns","CaptainsWheel","testmod-Antiphasic","Blue Candle","Art of War","Snake Skull","Paper Crane","AT_BellDemon","FairyPotion","SynthV:C4","Lantern","CombinedTypeHook","Blood Vial","DianDianMeat","Pen Nib","Orichalcum","War Paint","Anchor","Eternal Feather","Nunchaku","AT_BladeRuinedKing","Tingsha","Meat on the Bone","REME_PuzzleBoxRelic","testmod-OneHitWonder","Du-Vu Doll","AT_BellowingDragoncrestRing","Pear","Ninja Scroll","Singing Bowl","testmod-Alchemist","AT_TimeSand","InkBottle","AT_DeathDance","Bottled Lightning","Darkstone Periapt","Letter Opener","Shovel","Bottled Tornado","StrikeDummy","Gremlin Horn","Mummified Hand","AT_ForceNature","REME_IWantAll","ArrowTower","Ice Cream","testmod-HeartOfStrike","SentryEyes","testmod-Nyarlathotep","testmod-ArcanaOfDestiny","Bird Faced Urn","ThornShield","Unceasing Top","BionicSphere","testmod-RainbowHikingShoes","AT_LudenTempest","testmod-Brilliant","HollowDreamFlower","testmod-CasingShield","testmod-CyclicPeriapt","testmod-BlackFramedGlasses","testmod-ConstraintPeriapt","OriginationStaff","Incense Burner","Mango","Torii","testmod-EqualTreatment","Turnip","The Specimen","testmod-ObsoleteBoomerang","Pocketwatch","Gambling Chip","REME_Flogging+1","AT_GoldPhoenixTree","DianPoetry","testmod-Déjàvu","testmod-CrystalShield","TungstenRod","Tough Bandages","testmod-Muramasa","testmod-IntensifyImprint","AT_Manta","testmod-Laevatain","Frozen Eye","Ancient Potion","DuplicationPotion","Chemical X","Circlet","Circlet","Circlet","Circlet","Circlet","Circlet","Circlet","Circlet","Circlet","Circlet","Circlet","Circlet","Circlet","Circlet","Circlet","Circlet","Circlet","Circlet","Circlet","Circlet","Circlet","Circlet","Circlet","Circlet","Circlet","Circlet","Circlet","Tools of the Trade+1","Well Laid Plans+1"],"campfire_rested":0,"item_purchase_floors":[3,3,3,3,3,3,3,3,7,7,7,7,11,11,11,11,12,12,12,12,20,20,20,20,36,36,36,36,36,36,36,36,36,36,36,36,36,36,36,36,36,36,36,36,36,36,36,36,36,36,36,36,36,36,36,36,36,36,36,36,36,36,36,36,36,36,36,36,36,36,36,36,36,36,36,36,36,36,36,36,36,36,36,36,36,36,36,36,36,36,36,36,36,36,36,36,36,36,36,36,36,36,36,36,36,36,36,36,36,36,36,36,36,36,36,36,36,36,36,36,36,36,36,36,36,36,36,36,36,36,36,36,36,36,36,36,36,36,36,36,36,36,36,36,36,36,36,36,36,36,36,36,36,36,36,36,36,36,36,36,36,36,36,36,36,36,36,36,36,36,36,36,36,39,39,39,53,53,53,53,53,53,53,53,53,53,53,53,53,53,53,53,53,53,53,53,53,53,53,53,53,53,53,53,53,53],"current_hp_per_floor":[56,56,56,57,50,50,50,47,47,47,47,47,47,49,49,42,63,66,70,70,70,70,70,70,70,70,70,70,70,70,52,52,70,70,70,70,54,65,70,70,70,70,70,70,70,70,70,70,70,70,70,70,70,70,70],"gold":2896,"neow_bonus":"RANDOM_COMMON_RELIC","is_daily":false,"chose_seed":false,"campfire_upgraded":4,"win_rate":0.0,"timestamp":1611901232,"path_taken":["M","?","$","M","?","R","$","E","T","?","?","$","R","E","R","BOSS","M","M","$","M","?","E","M","M","T","M","R","?","M","?","R","BOSS","M","$","M","M","$","R","E","M","T","M","M","?","M","E","R","BOSS","R","$","E","BOSS"],"items_purchased_type":["Relic","Relic","Relic","Card","Card","Card","Potion","Potion","Relic","Relic","Relic","Card","Relic","Relic","Relic","Card","Relic","Relic","Relic","Card","Relic","Relic","Relic","Potion","Relic","Relic","Relic","Relic","Relic","Relic","Relic","Relic","Relic","Relic","Relic","Relic","Relic","Relic","Relic","Relic","Relic","Relic","Relic","Relic","Relic","Relic","Relic","Relic","Relic","Relic","Relic","Relic","Relic","Relic","Relic","Relic","Relic","Relic","Relic","Relic","Relic","Relic","Relic","Relic","Relic","Relic","Relic","Relic","Relic","Relic","Relic","Relic","Relic","Relic","Relic","Relic","Relic","Relic","Relic","Relic","Relic","Relic","Relic","Relic","Relic","Relic","Relic","Relic","Relic","Relic","Relic","Relic","Relic","Relic","Relic","Relic","Relic","Relic","Potion","Relic","Relic","Relic","Relic","Relic","Relic","Relic","Relic","Relic","Relic","Relic","Relic","Relic","Relic","Relic","Relic","Relic","Relic","Relic","Relic","Relic","Relic","Relic","Relic","Relic","Relic","Relic","Relic","Relic","Relic","Relic","Relic","Relic","Relic","Relic","Relic","Relic","Relic","Relic","Relic","Relic","Relic","Relic","Relic","Relic","Relic","Relic","Relic","Relic","Relic","Relic","Relic","Relic","Relic","Relic","Relic","Relic","Relic","Relic","Relic","Relic","Relic","Relic","Card","Relic","Relic","Relic","Relic","Relic","Relic","Relic","Relic","Relic","Relic","Relic","Potion","Potion","Relic","Undefined","Undefined","Undefined","Undefined","Undefined","Undefined","Undefined","Undefined","Undefined","Undefined","Undefined","Undefined","Undefined","Undefined","Undefined","Undefined","Undefined","Undefined","Undefined","Undefined","Undefined","Undefined","Undefined","Undefined","Undefined","Undefined","Undefined","Card","Card"],"build_version":"2020-12-22","purchased_purges":8,"victory":true,"max_hp_per_floor":[70,70,70,70,70,70,70,70,70,70,70,70,70,70,70,70,70,70,70,70,70,70,70,70,70,70,70,70,70,70,70,70,70,70,70,70,70,70,70,70,70,70,70,70,70,70,70,70,70,70,70,70,70,70,70],"card_choices":[{"not_picked":["Underhanded Strike","AT_WomanClash"],"picked":"Riddle With Holes","floor":1},{"not_picked":["Deflect","Footwork","Eviscerate","Crippling Poison"],"picked":"MostiFishMod:VineMother","floor":3},{"not_picked":["Accuracy","Blur","Underhanded Strike","Sucker Punch"],"picked":"Infinite Blades","floor":3},{"not_picked":["Poisoned Stab","Setup","Flechettes","Crippling Poison"],"picked":"Infinite Blades","floor":3},{"not_picked":["PiercingWail","MostiFishMod:GrandStart","AT_ShadowStep","AT_WindFlip"],"picked":"Endless Agony","floor":3},{"not_picked":["Masterful Stab","Heel Hook","AT_WomanClash","Endless Agony"],"picked":"AT_ThistleTea","floor":3},{"not_picked":["Underhanded Strike","Reflex","Choke","Footwork"],"picked":"AT_WindRun","floor":4},{"not_picked":["Deadly Poison","Underhanded Strike","Predator","Outmaneuver"],"picked":"Concentrate","floor":5},{"not_picked":["Deadly Poison","REME_ShadowStrike","Skewer","Riddle With Holes"],"picked":"MostiFishMod:Confrontation","floor":8},{"not_picked":["Poisoned Stab","Dagger Throw","Crippling Poison","Deflect","Masterful Stab"],"picked":"Escape Plan","floor":14},{"not_picked":["Deflect","Prepared","Dagger Spray","All Out Attack","Bane"],"picked":"Cloak And Dagger","floor":18},{"not_picked":["Backflip","MostiFishMod:PerfectParry+1","Poisoned Stab","Acrobatics","PiercingWail","Underhanded Strike"],"picked":"SKIP","floor":19},{"not_picked":["MostiFishMod:PerfectParry","Blade Dance","Dodge and Roll","Eviscerate","AT_KneejerkReflex"],"picked":"AT_EssenceShift","floor":21},{"not_picked":["Backflip","Bouncing Flask","Slice","Backstab","Riddle With Holes"],"picked":"MostiFishMod:LethalBlade","floor":23},{"not_picked":["Accuracy","Outmaneuver","Acrobatics","Footwork","AT_TwilightShroud","MostiFishMod:PreservedThorns"],"picked":"SKIP","floor":24},{"not_picked":["Heel Hook","Acrobatics","Outmaneuver","Slice","MostiFishMod:PoisonShield"],"picked":"Tactician","floor":25},{"not_picked":["Poisoned Stab","Prepared","AT_WindRun","Dagger Spray","Concentrate","Blade Dance"],"picked":"SKIP","floor":27},{"not_picked":["Poisoned Stab","Flechettes","AT_ShadowStep+1","Sucker Punch","Predator"],"picked":"AT_Desolate","floor":29},{"not_picked":["Infinite Blades","Underhanded Strike","Acrobatics","Escape Plan","Distraction"],"picked":"Reflex+1","floor":30},{"not_picked":["MostiFishMod:Confrontation","Adrenaline","AT_EssenceShift","Grand Finale","REME_SpectralBlade"],"picked":"Phantasmal Killer","floor":33},{"not_picked":["Bane+1","Eviscerate","Dagger Spray","Acrobatics","Outmaneuver"],"picked":"Prepared+1","floor":35},{"not_picked":["Bane+1","Deadly Poison+1","Backflip+1","Outmaneuver+1","Phantasmal Killer+1","AT_ShadowStep+1"],"picked":"Singing Bowl","floor":37},{"not_picked":["MostiFishMod:PerfectParry+1","Caltrops+1","Sucker Punch+1","Predator+1","AT_WindFlip+1","Quick Slash+1"],"picked":"Singing Bowl","floor":37},{"not_picked":["Acrobatics+1","AT_WindFlip+1","Finisher+1","Dodge and Roll+1","Backflip+1"],"picked":"Calculated Gamble+1","floor":38},{"not_picked":["Slice+1","AT_WomanClash+1","AT_WindRun+1","MostiFishMod:HiddenBlade+1","Backflip+1","AT_ArcaneSupremacy+1"],"picked":"Singing Bowl","floor":38},{"not_picked":["Skewer+1","AT_ArcaneSupremacy+1","Flechettes+1","Reflex+1","MostiFishMod:PerfectParry+1","AT_WindFlip+1"],"picked":"Singing Bowl","floor":41},{"not_picked":["Accuracy+1","AT_TinkerSharpsword+1","Backstab+1","Quick Slash+1","Dash+1","Prepared+1"],"picked":"Singing Bowl","floor":42},{"not_picked":["Backflip+1","Poisoned Stab+1","Crippling Poison+1","Outmaneuver+1","Prepared+1","Deflect+1"],"picked":"Singing Bowl","floor":42},{"not_picked":["Bouncing Flask+1","Dodge and Roll+1","Backflip+1","Dagger Throw+1","AT_FocusSwordFire+1","Dagger Spray+1"],"picked":"Singing Bowl","floor":44},{"not_picked":["Cloak And Dagger+1","MostiFishMod:FrostNova+1","Infinite Blades+1","AT_WindFlip+1","MostiFishMod:Neurotoxin+1","Backflip+1"],"picked":"Singing Bowl","floor":44},{"not_picked":["MostiFishMod:ThornCasing+1","Deadly Poison+1","Dodge and Roll+1","Flying Knee+1","MostiFishMod:PerfectParry+1","AT_TinkerSharpsword+1"],"picked":"Singing Bowl","floor":45},{"not_picked":["Deflect+1","Dodge and Roll+1","REME_GreenPollution+1","All Out Attack+1","MostiFishMod:Neurotoxin+1","Deadly Poison+1"],"picked":"Singing Bowl","floor":45},{"not_picked":["Acrobatics+1","Skewer+1","Crippling Poison+1","Accuracy+1","Backflip+1","Setup+1"],"picked":"Singing Bowl","floor":46},{"not_picked":["AT_TinkerSharpsword+1","Sucker Punch+1","Backflip+1","Underhanded Strike+1","Leg Sweep+1","Corpse Explosion+1"],"picked":"Singing Bowl","floor":47},{"not_picked":["Distraction+1","Calculated Gamble+1","Outmaneuver+1","Acrobatics+1","Backflip+1","Endless Agony+1"],"picked":"Singing Bowl","floor":47},{"not_picked":["Noxious Fumes+1","Quick Slash+1","Acrobatics+1","Deadly Poison+1","Concentrate+1","Deflect+1"],"picked":"Singing Bowl","floor":48},{"not_picked":["MostiFishMod:PoisonShield+1","Setup+1","AT_WindFlip+1","Slice+1","Endless Agony+1","Outmaneuver+1"],"picked":"Singing Bowl","floor":54}],"player_experience":205066,"relics_obtained":[{"floor":1,"key":"SynthV:TestCard"},{"floor":8,"key":"Strawberry"},{"floor":14,"key":"AT_RabadonDeathcap"},{"floor":23,"key":"The Courier"},{"floor":26,"key":"Regal Pillow"},{"floor":29,"key":"Ginger"},{"floor":29,"key":"Bottled Flame"},{"floor":37,"key":"Circlet"},{"floor":42,"key":"Circlet"},{"floor":45,"key":"Circlet"},{"floor":48,"key":"Circlet"},{"floor":48,"key":"Circlet"},{"floor":54,"key":"Circlet"},{"floor":54,"key":"Circlet"}],"event_choices":[{"damage_healed":0,"gold_gain":0,"cards_transformed":["Defend_G"],"player_choice":"Transformed","damage_taken":0,"max_hp_gain":0,"max_hp_loss":0,"event_name":"Transmorgrifier","floor":2,"gold_loss":0,"cards_obtained":["A Thousand Cuts"]},{"damage_healed":0,"gold_gain":0,"player_choice":"Ignored","damage_taken":0,"max_hp_gain":0,"max_hp_loss":0,"event_name":"给自己的盒子","floor":10,"gold_loss":0},{"damage_healed":0,"gold_gain":400,"player_choice":"Sell","damage_taken":0,"max_hp_gain":0,"max_hp_loss":0,"event_name":"恩洛斯的盘子","floor":22,"relics_lost":["testmod-TestBox"],"gold_loss":0},{"damage_healed":0,"gold_gain":0,"player_choice":"Fight","damage_taken":0,"max_hp_gain":0,"max_hp_loss":0,"event_name":"Colosseum","floor":29,"gold_loss":0},{"damage_healed":0,"gold_gain":0,"player_choice":"Fought Nobs","damage_taken":0,"max_hp_gain":0,"max_hp_loss":0,"event_name":"Colosseum","floor":29,"gold_loss":0},{"damage_healed":0,"gold_gain":0,"player_choice":"Shed Blood","damage_taken":18,"max_hp_gain":5,"max_hp_loss":0,"event_name":"Forgotten Altar","floor":31,"gold_loss":0},{"damage_healed":0,"gold_gain":0,"player_choice":"Fight","damage_taken":0,"max_hp_gain":0,"max_hp_loss":0,"event_name":"Mysterious Sphere","floor":46,"gold_loss":0}],"is_beta":false,"boss_relics":[{"not_picked":["xbg","AT_MortalBlade"],"picked":"Philosopher\u0027s Stone"},{"not_picked":["HoveringKite","Busted Crown"],"picked":"ChiXiaoBlade"}],"items_purged_floors":[3,7,11,12,20,36,39,53],"is_endless":false,"potions_floor_spawned":[4,5,8,21,23,24,29,33,35,37,38,41,42,44,45,46,47,48,54],"ascension_level":12}}