{"host":"hqxy2g3i5ker09hc","time":1611963179,"event":{"mods":["2.2 Compatiblity","AlwaysNeverKeys","Aspiration","BaseMod","Beaked The Cultist","Better Match","Better Note","Better Sensory Stone","Better Silent Start","Better Third Choice","Better-Laid Plans","CCEM2","CatGirl Mod","Chen","Conspire","Downfall","Fireblade Mod","GifTheSpireLib","Gold Saver","Hubris","Ironclad Rager","KinomotoSakuraMod(????)","Minty Spire (QoL Compilation)","MostiFishMod","Permanent Neow","Prisma Mod","Quarter Circle Forward PUNCH!","Quick Restart","Replay The Spire","Shop Mod","Small Relic Pack","Spikes Relics","StSLib","Stuff the Spire","The Animator","The Bug Knight","The Forsaken","The Wild Card"],"gold_per_floor":[1035,1310,970,983,1003,1014,1014,1027,1027,1027,1037,1085,1085,1101,1101,1198,1198,1209,811,822,841,841,841,324,324,375,388,148,148,148,148,148,245,245,264,264,77,95,16,16,16,16,42,77,77,92,92,105,105,105,105,105,68,93,93,93],"floor_reached":55,"language":"ENG","playtime":3939,"items_purged":["Regret","Regret","Decay","PrismaMod:ChloeCommonAttack","PrismaMod:ChloeCommonAttack+1","conspire:NecroticWound"],"score":757,"play_id":"d508f1ab-8e1c-419e-b786-10df27768f8b","local_time":"20210130003259","is_ascension_mode":false,"campfire_choices":[{"data":"PrismaMod:ChloeGaeBolg","floor":13.0,"key":"SMITH"},{"data":"PrismaMod:ChloeGreatTracePools","floor":23.0,"key":"SMITH"},{"data":"hubris:EnhanceAbility","floor":40.0,"key":"SMITH"},{"data":"hubris:EnhanceAbility","floor":42.0,"key":"SMITH"},{"data":"PrismaMod:ChloeGaeBolg","floor":47.0,"key":"SMITH"},{"data":"PrismaMod:ChloeDevil","floor":49.0,"key":"SMITH"},{"data":"PrismaMod:ChloeDevil","floor":52.0,"key":"SMITH"}],"circlet_count":0,"master_deck":["PrismaMod:ChloeCommonDefend+1","PrismaMod:ChloeCommonDefend+1","PrismaMod:ChloeCommonDefend+1","PrismaMod:ChloeCommonDefend+1","PrismaMod:ChloeCommonDefend+1","PrismaMod:ChloeCheapAttack","PrismaMod:ChloeCheapDefend","PrismaMod:ChloeRuleBreaker","PrismaMod:ChloeGreatTracePools+1","PrismaMod:ChloeMaid+1","PrismaMod:ChloeMaid+1","PrismaMod:ChloeDemonicTutor+1","PrismaMod:ChloeGaeBolg+1","PrismaMod:ChloeDiscardRecovery+1","PrismaMod:ChloeMordred+1","PrismaMod:ChloeGaeBolg+1","PrismaMod:ChloeEyeOfTheEuryale+1","PrismaMod:ChloeAnyUncommonTrace+1","PrismaMod:ChloeEyeOfTheEuryale+1","PrismaMod:ChloeChristmas+1","PrismaMod:ChloeAnyRareTrace+1","hubris:EnhanceAbility+1","hubris:EnhanceAbility+1","PlatinumSkin+1","PrismaMod:ChloeUncommonDefend+1","Swift Strike+1","Panache","PrismaMod:ChloeGaeBolg+1","PrismaMod:ChloeRitsuka+1","MostiFishMod:ButterFly","StuffTheSpire:DeathNote","RitualDagger","PrismaMod:ChloeDevil","PrismaMod:ChloeGaeBolg+1","PrismaMod:ChloeRitsuka+1","PrismaMod:ChloeMordred+1","MostiFishMod:BrokenBlackCloak+1"],"relics":["PrismaMod:PrismaTraceOn","DaveBox","Membership Card","Blue Doll","SynthV:TestCard","Toxic Egg 2","SentryEyes","ReplayTheSpireMod:Shallot","CCEMRelics:OverlyComfyChair","CCEMRelics:WrappedPresent","Gambling Chip","CCEMRelics:DerglesHeadphones","Mirror","TheAbacus","Pet Ghost","HollowMod:PaleOreRelic","Empty Cage","Strange Spoon","Lee\u0027s Waffle","Pear","CCEMRelics:SpiritsEdge","relicPack:OneForAll","ReplayTheSpireMod:CursedCoin","Nunchaku"],"acts_visited":["Exordium","TheCity","TheBeyond","TheEnding"],"potions_floor_usage":[55,55],"damage_taken":[{"damage":3.0,"enemies":"Cultist","floor":1.0,"turns":4.0},{"damage":0.0,"enemies":"Small Slimes","floor":4.0,"turns":3.0},{"damage":9.0,"enemies":"conspire:RoseBush","floor":5.0,"turns":2.0},{"damage":21.0,"enemies":"Blue Slaver","floor":6.0,"turns":5.0},{"damage":8.0,"enemies":"conspire:2 RoseBushes","floor":8.0,"turns":4.0},{"damage":0.0,"enemies":"Lots of Slimes","floor":11.0,"turns":1.0},{"damage":0.0,"enemies":"3 Louse","floor":14.0,"turns":1.0},{"damage":49.0,"enemies":"The Guardian","floor":16.0,"turns":6.0},{"damage":0.0,"enemies":"Spheric Guardian","floor":18.0,"turns":2.0},{"damage":0.0,"enemies":"3 Byrds","floor":20.0,"turns":2.0},{"damage":10.0,"enemies":"Snecko","floor":21.0,"turns":5.0},{"damage":0.0,"enemies":"Centurion and Healer","floor":27.0,"turns":3.0},{"damage":37.0,"enemies":"Automaton","floor":33.0,"turns":9.0},{"damage":1.0,"enemies":"3 Shapes","floor":35.0,"turns":4.0},{"damage":11.0,"enemies":"3 Darklings","floor":38.0,"turns":3.0},{"damage":0.0,"enemies":"Maw","floor":44.0,"turns":6.0},{"damage":0.0,"enemies":"Transient","floor":46.0,"turns":5.0},{"damage":0.0,"enemies":"Maw","floor":48.0,"turns":5.0},{"damage":26.0,"enemies":"Time Eater","floor":50.0,"turns":11.0},{"damage":2,"enemies":"Shield and Spear","floor":54,"turns":6},{"damage":139,"enemies":"The Heart","floor":55,"turns":12}],"seed_played":"-8036645831676521226","potions_obtained":[{"floor":1.0,"key":"Block Potion"},{"floor":4.0,"key":"LiquidMemories"},{"floor":5.0,"key":"Block Potion"},{"floor":21.0,"key":"conspire:TimeTravelPotion"},{"floor":35.0,"key":"Reflective Coating"}],"is_trial":false,"path_per_floor":["M","?","$","M","M","M","?","M","T","?","M","?","R","M","R","B",null,"M","$","M","M","?","R","$","?","T","M","$","?","?","?","R","B",null,"M","?","$","M","$","R","T","R","T","M","?","M","R","M","R","B",null,"R","$","E","B"],"character_chosen":"CHLOE","items_purchased":["Toxic Egg 2","PrismaMod:ChloeGreatTracePools","PrismaMod:ChloeMaid+1","PrismaMod:ChloeDemonicTutor+1","PrismaMod:ChloeGaeBolg","hubris:EnhanceAbility","PlatinumSkin+1","CCEMRelics:OverlyComfyChair","CCEMRelics:WrappedPresent","CCEMRelics:DerglesHeadphones","Mirror","TheAbacus","Swift Strike+1","Panache","PrismaMod:ChloeRitsuka+1","HollowMod:PaleOreRelic","MostiFishMod:ButterFly","Strange Spoon","PrismaMod:ChloeGaeBolg+1","Lee\u0027s Waffle","ReplayTheSpireMod:CursedCoin","MostiFishMod:BrokenBlackCloak+1"],"campfire_rested":0,"item_purchase_floors":[3,3,3,3,3,19,19,19,19,24,24,24,24,24,28,28,28,37,37,39,53,53],"current_hp_per_floor":[72,72,72,72,63,42,50,42,42,42,42,42,42,42,64,29,75,75,80,80,72,72,72,72,72,72,73,73,53,53,47,47,15,80,80,80,80,77,87,87,97,97,97,97,97,97,97,97,97,73,97,97,97,97,0,0],"gold":93,"neow_bonus":"RANDOM_EVENT","is_daily":false,"chose_seed":false,"campfire_upgraded":7,"win_rate":0.0,"timestamp":1611963179,"path_taken":["M","?","$","M","?","M","?","?","T","?","?","?","R","M","R","BOSS","M","$","M","M","?","R","$","?","T","?","$","?","?","?","R","BOSS","M","?","$","M","$","R","?","R","T","?","?","M","R","M","R","BOSS","R","$","E","BOSS"],"items_purchased_type":["Relic","Card","Card","Card","Card","Card","Card","Relic","Relic","Relic","Relic","Relic","Card","Card","Card","Relic","Card","Relic","Card","Relic","Relic","Card"],"build_version":"2020-12-22","purchased_purges":6,"victory":false,"max_hp_per_floor":[75,75,75,75,75,75,75,75,75,75,75,75,75,75,75,75,75,75,80,80,82,82,82,82,82,82,82,82,82,82,82,82,80,80,80,80,80,80,87,87,97,97,97,97,97,97,97,97,97,97,97,97,97,97,97,97],"card_choices":[{"not_picked":["PrismaMod:ChloeRhongomyniad","PrismaMod:ChloeExhaustOne"],"picked":"PrismaMod:ChloeRuleBreaker","floor":1.0},{"not_picked":["PrismaMod:ChloeCheapDefend+1","PrismaMod:ChloeCheapDefendTwo+1","PrismaMod:ChloeExhaustOne+1","PrismaMod:ChloeUncommonDefend+1"],"picked":"PrismaMod:ChloeDiscardRecovery+1","floor":4.0},{"not_picked":["PrismaMod:ChloeCheapDefendTwo+1","PrismaMod:ChloeCommonAOEAttack","PrismaMod:ChloeExhaustOne+1","PrismaMod:ChloeDiscardRecovery+1","PrismaMod:ChloeCheapAttackTwo"],"picked":"SKIP","floor":5.0},{"not_picked":["PrismaMod:ChloeUncommonAOEAttack","PrismaMod:ChloeCommonAOEAttack","PrismaMod:ChloeCheapAttack","PrismaMod:ChloeExhaustTwo+1"],"picked":"PrismaMod:ChloeMordred+1","floor":6.0},{"not_picked":["PrismaMod:ChloeRhongomyniad","PrismaMod:ChloeCheapDefend+1","PrismaMod:ChloeCheapDefendTwo+1","PrismaMod:ChloeDemonicTutor+1"],"picked":"PrismaMod:ChloeGaeBolg","floor":8.0},{"not_picked":["PrismaMod:ChloeCheapDefendTwo+1","PrismaMod:ChloeDiscardRecovery+1","PrismaMod:ChloeExhaustOne+1","PrismaMod:ChloeGaeBolg"],"picked":"PrismaMod:ChloeEyeOfTheEuryale","floor":11.0},{"not_picked":["PrismaMod:ChloeCheapAttackTwo","PrismaMod:ChloeCheapDefendTwo+1","PrismaMod:ChloeGaeBolg","PrismaMod:ChloeDemonicTutor+1"],"picked":"PrismaMod:ChloeAnyUncommonTrace+1","floor":12.0},{"not_picked":["PrismaMod:ChloeExhaustOne+1","PrismaMod:ChloeExcalibur","PrismaMod:ChloeBetterTracePools","PrismaMod:ChloeCheapAttackTwo"],"picked":"PrismaMod:ChloeEyeOfTheEuryale","floor":12.0},{"not_picked":["PrismaMod:ChloeDemonicTutor+1","PrismaMod:ChloeExhaustOne+1","PrismaMod:ChloeDiscardRecovery+1","PrismaMod:ChloeCheapDefend+1"],"picked":"PrismaMod:ChloeChristmas+1","floor":14.0},{"not_picked":["PrismaMod:ChloeGreatTracePools","PrismaMod:ChloeUnlimitedBladeWorks+1","PrismaMod:ChloeAnyUncommonTrace+1","PrismaMod:ChloeReshuffleDiscard+1"],"picked":"PrismaMod:ChloeAnyRareTrace+1","floor":16.0},{"not_picked":["PrismaMod:ChloeCommonAOEAttack+1","PrismaMod:ChloeCaladbolg","PrismaMod:ChloeCheapDefendTwo+1","PrismaMod:ChloeDemonicTutor+1","PrismaMod:ChloeDiscardRecovery+1"],"picked":"SKIP","floor":18.0},{"not_picked":["PrismaMod:ChloeDemonicTutor+1","PrismaMod:ChloeCheapAttackTwo","PrismaMod:ChloeCheapAttack+1","PrismaMod:ChloeCheapDefend+1"],"picked":"PrismaMod:ChloeUncommonDefend+1","floor":20.0},{"not_picked":["PrismaMod:ChloeCheapDefendTwo+1","PrismaMod:ChloeDiscardRecovery+1","PrismaMod:ChloeDemonicTutor+1","PrismaMod:ChloeReshuffleDiscard+1","PrismaMod:ChloeUncommonAttack"],"picked":"SKIP","floor":21.0},{"not_picked":["PrismaMod:ChloeCaladbolg","PrismaMod:ChloeEyeOfTheEuryale","PrismaMod:ChloeDemonicTutor+1","PrismaMod:ChloeCheapDefend+1"],"picked":"PrismaMod:ChloeGaeBolg+1","floor":27.0},{"not_picked":["PrismaMod:ChloeReshuffleDiscard+1","PrismaMod:ChloeAnyUncommonTrace+1","PrismaMod:ChloeExhaustThree+1","PrismaMod:ChloeHalloween+1"],"picked":"PrismaMod:ChloeDevil","floor":33.0},{"not_picked":["PrismaMod:ChloeExhaustOne+1","PrismaMod:ChloeCheapDefendTwo+1","PrismaMod:ChloeDiscardRecovery+1","PrismaMod:ChloeMaid+1","PrismaMod:ChloeCheapAttack"],"picked":"SKIP","floor":35.0},{"not_picked":["PrismaMod:ChloeMaid+1","PrismaMod:ChloeDiscardRecovery+1","PrismaMod:ChloeCommonAOEAttack","PrismaMod:ChloeCheapDefendTwo+1"],"picked":"PrismaMod:ChloeRitsuka+1","floor":38.0},{"not_picked":["PrismaMod:ChloeRhongomyniad","PrismaMod:ChloeExhaustOne+1","PrismaMod:ChloeHalloween+1","PrismaMod:ChloeCheapAttack","PrismaMod:ChloeRuleBreaker+1"],"picked":"SKIP","floor":44.0},{"not_picked":["PrismaMod:ChloeChristmas+1","PrismaMod:ChloeUncommonAttack","PrismaMod:ChloeCaladbolg","PrismaMod:ChloeExhaustOne+1"],"picked":"PrismaMod:ChloeMordred+1","floor":46.0},{"not_picked":["PrismaMod:ChloeUncommonDefend+1","PrismaMod:ChloeCheapDefend+1","PrismaMod:ChloeRuleBreaker+1","PrismaMod:ChloeExhaustTwo+1","PrismaMod:ChloeCheapAttack+1"],"picked":"SKIP","floor":48.0},{"not_picked":["PrismaMod:ChloeCheapAttackTwo","PrismaMod:ChloeCheapDefend+1","PrismaMod:ChloeMaid+1","PrismaMod:ChloeCheapAttack+1","PrismaMod:ChloeCommonAOEAttack"],"picked":"SKIP","floor":54}],"player_experience":735051,"relics_obtained":[{"floor":1.0,"key":"SynthV:TestCard"},{"floor":9.0,"key":"SentryEyes"},{"floor":12.0,"key":"ReplayTheSpireMod:Shallot"},{"floor":19.0,"key":"Gambling Chip"},{"floor":26.0,"key":"Pet Ghost"},{"floor":41.0,"key":"Pear"},{"floor":43.0,"key":"CCEMRelics:SpiritsEdge"},{"floor":54,"key":"Nunchaku"}],"event_choices":[{"damage_healed":0.0,"max_hp_gain":0.0,"max_hp_loss":0.0,"gold_gain":0.0,"event_name":"Big Fish","player_choice":"Box","floor":0.0,"gold_loss":0.0,"damage_taken":0.0,"relics_obtained":["Blue Doll"],"cards_obtained":["Regret"]},{"damage_healed":0.0,"max_hp_gain":0.0,"max_hp_loss":0.0,"gold_gain":275.0,"event_name":"Golden Shrine","player_choice":"Desecrate","floor":2.0,"gold_loss":0.0,"damage_taken":0.0,"cards_obtained":["Regret"]},{"damage_healed":0.0,"max_hp_gain":0.0,"max_hp_loss":0.0,"gold_gain":0.0,"event_name":"Wheel of Change","player_choice":"Cursed","floor":10.0,"gold_loss":0.0,"damage_taken":0.0,"cards_obtained":["Decay"]},{"damage_healed":0.0,"max_hp_gain":0.0,"max_hp_loss":0.0,"gold_gain":0.0,"event_name":"betterNote:BetterNote","player_choice":"Ignored","floor":22.0,"gold_loss":0.0,"damage_taken":0.0,"cards_obtained":["Defend_G"]},{"cards_removed":["PrismaMod:ChloeCommonAttack"],"damage_healed":0.0,"max_hp_gain":0.0,"max_hp_loss":0.0,"gold_gain":0.0,"event_name":"Purifier","player_choice":"Purged","floor":25.0,"gold_loss":0.0,"damage_taken":0.0},{"damage_healed":0.0,"max_hp_gain":0.0,"max_hp_loss":0.0,"gold_gain":0.0,"event_name":"betterThird:BetterNest","player_choice":"Dagger","floor":31.0,"gold_loss":0.0,"damage_taken":6.0,"cards_obtained":["RitualDagger"]},{"damage_healed":0.0,"max_hp_gain":0.0,"max_hp_loss":8.0,"gold_gain":0.0,"event_name":"betterThird:BetterWriting","player_choice":"Simplicity","floor":32.0,"gold_loss":0.0,"damage_taken":0.0}],"is_beta":false,"boss_relics":[{"not_picked":["theForsaken:PaleLantern","hubris:RunicObelisk","Sozu"]},{"not_picked":["aspiration:FutureDiary","Coffee Dripper"],"picked":"Empty Cage"}],"items_purged_floors":[3,19,24,28,37,53],"is_endless":false,"potions_floor_spawned":[1,4,5,11,21,27,35,46,54],"killed_by":"The Heart","ascension_level":0}}