{"host":"snjtcuf7krqplf70","time":1611960789,"event":{"mods":["AchievementEnabler","BaseMod","Colored Map","Colored Powertips","Minty Spire (QoL Compilation)","StSLib"],"gold_per_floor":[209,223,237,237,237,237,16,91,137,137,137,137,15,47,47,150,150,167,184,184,197,197,197,215,215,240,240,260,276,226,226,226],"floor_reached":31,"language":"ENG","playtime":1405,"items_purged":["Strike_G","Decay"],"score":256,"play_id":"dba7d3af-4a3f-4748-9fd6-9aa9a6e37ef4","local_time":"20210129145309","is_ascension_mode":true,"campfire_choices":[{"floor":6,"key":"REST"},{"data":"Catalyst","floor":10,"key":"SMITH"},{"data":"Calculated Gamble","floor":12,"key":"SMITH"},{"data":"Noxious Fumes","floor":15,"key":"SMITH"},{"data":"Noxious Fumes","floor":23,"key":"SMITH"},{"data":"Catalyst","floor":25,"key":"SMITH"},{"data":"Prepared","floor":27,"key":"SMITH"}],"circlet_count":0,"master_deck":["Strike_G","Strike_G","Strike_G+1","Defend_G","Defend_G","Defend_G","Defend_G+1","Defend_G","Survivor","Neutralize","Calculated Gamble+1","Noxious Fumes+1","Poisoned Stab","Catalyst+1","PiercingWail","Well Laid Plans","Adrenaline","Noxious Fumes+1","Catalyst+1","Backflip","Prepared+1","Poisoned Stab","Clumsy","After Image"],"relics":["Ring of the Snake","Oddly Smooth Stone","TwistedFunnel","Potion Belt","Cursed Key","Smiling Mask","Snake Skull"],"acts_visited":["Exordium","TheCity"],"potions_floor_usage":[14,21,21,29],"damage_taken":[{"damage":0,"enemies":"Jaw Worm","floor":1,"turns":8},{"damage":14,"enemies":"Small Slimes","floor":2,"turns":5},{"damage":3,"enemies":"2 Louse","floor":3,"turns":4},{"damage":8,"enemies":"Gremlin Nob","floor":14,"turns":3},{"damage":36,"enemies":"Hexaghost","floor":16,"turns":8},{"damage":6,"enemies":"Shell Parasite","floor":18,"turns":4},{"damage":0,"enemies":"3 Byrds","floor":19,"turns":4},{"damage":10,"enemies":"Centurion and Healer","floor":21,"turns":5},{"damage":4,"enemies":"Cultist and Chosen","floor":24,"turns":4},{"damage":14,"enemies":"Chosen and Byrds","floor":28,"turns":4},{"damage":17,"enemies":"Snake Plant","floor":29,"turns":3},{"damage":24,"enemies":"Slavers","floor":31,"turns":1}],"seed_played":"-5718483220821277111","potions_obtained":[{"floor":3,"key":"Block Potion"},{"floor":16,"key":"PowerPotion"},{"floor":19,"key":"Weak Potion"},{"floor":21,"key":"Poison Potion"}],"is_trial":false,"path_per_floor":["M","M","M","?","?","R","$","?","T","R","?","R","$","E","R","B",null,"M","M","T","M","?","R","M","R","T","R","M","M","$","E"],"character_chosen":"THE_SILENT","items_purchased":["Catalyst","TwistedFunnel","PiercingWail"],"campfire_rested":1,"item_purchase_floors":[7,7,13],"current_hp_per_floor":[70,56,53,50,36,57,57,46,46,46,69,69,69,61,61,25,70,64,64,64,54,54,54,50,50,50,50,36,19,19,0,0],"gold":226,"neow_bonus":"HUNDRED_GOLD","is_daily":false,"chose_seed":false,"campfire_upgraded":6,"win_rate":0.0,"timestamp":1611960789,"path_taken":["M","M","M","?","?","R","$","?","T","R","?","R","?","E","R","BOSS","M","M","?","M","?","R","M","R","T","R","M","M","$","E"],"items_purchased_type":["Card","Relic","Card"],"build_version":"2020-12-22","purchased_purges":2,"victory":false,"max_hp_per_floor":[70,70,70,70,70,70,70,70,70,70,70,70,70,70,70,70,70,70,70,70,70,70,70,70,70,70,70,70,70,70,70,70],"card_choices":[{"not_picked":["Dagger Throw","Flying Knee"],"picked":"Calculated Gamble","floor":1},{"not_picked":["Accuracy","Eviscerate"],"picked":"Noxious Fumes","floor":2},{"not_picked":["Dagger Throw","Dagger Spray"],"picked":"Poisoned Stab","floor":3},{"not_picked":["Flechettes","Caltrops"],"picked":"Well Laid Plans","floor":14},{"not_picked":["Die Die Die","Bullet Time"],"picked":"Adrenaline","floor":16},{"not_picked":["Terror+1","Backflip+1"],"picked":"Noxious Fumes","floor":18},{"not_picked":["Predator","Dagger Spray"],"picked":"Catalyst","floor":19},{"not_picked":["Underhanded Strike","Quick Slash"],"picked":"Backflip","floor":21},{"not_picked":["Finisher","Dash"],"picked":"Poisoned Stab","floor":24},{"not_picked":["Dash+1","Finisher","Bouncing Flask"],"picked":"SKIP","floor":28},{"not_picked":["Deadly Poison","Dodge and Roll"],"picked":"After Image","floor":29}],"player_experience":151427,"relics_obtained":[{"floor":14,"key":"Potion Belt"},{"floor":20,"key":"Smiling Mask"},{"floor":26,"key":"Snake Skull"}],"event_choices":[{"damage_healed":0,"gold_gain":0,"player_choice":"Success","damage_taken":3,"relics_obtained":["Oddly Smooth Stone"],"max_hp_gain":0,"max_hp_loss":0,"event_name":"Scrap Ooze","floor":4,"gold_loss":0},{"damage_healed":0,"gold_gain":0,"player_choice":"Entered Light","damage_taken":14,"max_hp_gain":0,"max_hp_loss":0,"event_name":"Shining Light","floor":5,"gold_loss":0,"cards_upgraded":["Strike_G","Defend_G"]},{"damage_healed":0,"gold_gain":75,"player_choice":"Gather Gold","damage_taken":11,"max_hp_gain":0,"max_hp_loss":0,"event_name":"World of Goop","floor":8,"gold_loss":0},{"damage_healed":23,"gold_gain":0,"player_choice":"Banana","damage_taken":0,"max_hp_gain":0,"max_hp_loss":0,"event_name":"Big Fish","floor":11,"gold_loss":0},{"damage_healed":0,"gold_gain":0,"cards_transformed":["Strike_G"],"player_choice":"Transformed","damage_taken":0,"max_hp_gain":0,"max_hp_loss":0,"event_name":"Transmorgrifier","floor":22,"gold_loss":0,"cards_obtained":["Prepared"]}],"is_beta":false,"boss_relics":[{"not_picked":["SlaversCollar","Velvet Choker"],"picked":"Cursed Key"}],"items_purged_floors":[13,30],"is_endless":false,"potions_floor_spawned":[3,16,19,21],"killed_by":"Slavers","ascension_level":2}}