{"host":"1c7jotkkc04esl4v","time":1611922372,"event":{"mods":["BaseMod","Downfall","Hubris","Minty Spire (QoL Compilation)","Monster B Gone","StSLib","The Alterego"],"gold_per_floor":[20,20,20,20,20,55,68,102,151,151,165,185,185,219,219,316,316,336,352,372,140,154,154,180,180,207,225,225,225,236,269,269,372,372,390,290,308,259,279,279,293,312,335,335,349,394,394,420,420,420],"floor_reached":51,"language":"ENG","playtime":2350,"items_purged":["alterego_mod:Strike","alterego_mod:Bounce"],"score":1053,"play_id":"ebd2d4e6-af58-4ab9-bc15-26fff9c21008","local_time":"20210129061252","is_ascension_mode":true,"campfire_choices":[{"data":"alterego_mod:Impale","floor":15,"key":"SMITH"},{"data":"alterego_mod:Weigh","floor":23,"key":"SMITH"},{"data":"alterego_mod:BigMeatyClaws","floor":25,"key":"SMITH"},{"data":"alterego_mod:RidiculouslyBig","floor":28,"key":"SMITH"},{"data":"alterego_mod:AlterEgo","floor":32,"key":"SMITH"},{"data":"alterego_mod:Pet","floor":40,"key":"SMITH"},{"data":"alterego_mod:AlterEgo","floor":44,"key":"SMITH"},{"data":"alterego_mod:1TonWallop","floor":47,"key":"SMITH"},{"data":"alterego_mod:1TonWallop","floor":49,"key":"SMITH"}],"circlet_count":0,"master_deck":["alterego_mod:Strike+1","alterego_mod:Defend+1","alterego_mod:Defend","alterego_mod:Defend","alterego_mod:Defend","alterego_mod:Impale+1","alterego_mod:BigMeatyClaws+1","alterego_mod:BrynhildrsRune+1","alterego_mod:1TonWallop+1","alterego_mod:1TonWallop+1","alterego_mod:Pet+1","alterego_mod:Weigh+1","alterego_mod:RidiculouslyBig+1","alterego_mod:BustOut+1","alterego_mod:Birthday","alterego_mod:AlterEgo+1","alterego_mod:AlterEgo+1","alterego_mod:Birthday"],"relics":["alterego_mod:MasochisticConstitution","MealTicket","White Beast Statue","Boot","FossilizedHelix","hubris:RunicObelisk","Omamori","Strawberry","Pen Nib","Busted Crown","Akabeko","hubris:Spice"],"acts_visited":["Exordium","TheCity","TheBeyond"],"potions_floor_usage":[14,14,16,16,20,22,27,30,30,31,33,39,46,46,50],"damage_taken":[{"damage":3,"enemies":"Jaw Worm","floor":1,"turns":8},{"damage":22,"enemies":"Gremlin Nob","floor":6,"turns":4},{"damage":4,"enemies":"Small Slimes","floor":7,"turns":1},{"damage":29,"enemies":"3 Sentries","floor":8,"turns":4},{"damage":1,"enemies":"2 Louse","floor":11,"turns":2},{"damage":3,"enemies":"Blue Slaver","floor":12,"turns":4},{"damage":10,"enemies":"Gremlin Nob","floor":14,"turns":5},{"damage":10,"enemies":"The Guardian","floor":16,"turns":12},{"damage":10,"enemies":"Chosen","floor":18,"turns":5},{"damage":17,"enemies":"Spheric Guardian","floor":19,"turns":4},{"damage":19,"enemies":"Centurion and Healer","floor":20,"turns":6},{"damage":0,"enemies":"Shelled Parasite and Fungi","floor":22,"turns":2},{"damage":26,"enemies":"Slavers","floor":24,"turns":8},{"damage":0,"enemies":"Cultist and Chosen","floor":27,"turns":3},{"damage":12,"enemies":"Snake Plant","floor":30,"turns":3},{"damage":18,"enemies":"Gremlin Leader","floor":31,"turns":5},{"damage":0,"enemies":"Champ","floor":33,"turns":8},{"damage":0,"enemies":"Orb Walker","floor":35,"turns":2},{"damage":5,"enemies":"3 Shapes","floor":37,"turns":2},{"damage":28,"enemies":"Writhing Mass","floor":39,"turns":4},{"damage":5,"enemies":"Spire Growth","floor":41,"turns":4},{"damage":0,"enemies":"Maw","floor":42,"turns":5},{"damage":5,"enemies":"Jaw Worm Horde","floor":45,"turns":1},{"damage":74,"enemies":"2 Orb Walkers","floor":46,"turns":6},{"damage":30,"enemies":"Nemesis","floor":48,"turns":5},{"damage":47,"enemies":"Donu and Deca","floor":50,"turns":7}],"seed_played":"5144099856978220923","potions_obtained":[{"floor":8,"key":"sneckomod:MuddlingPotion"},{"floor":11,"key":"champ:CounterPotion"},{"floor":12,"key":"hexamod:SoulburnPotion"},{"floor":14,"key":"hexamod:SoulburnPotion"},{"floor":16,"key":"LiquidMemories"},{"floor":18,"key":"Energy Potion"},{"floor":19,"key":"FearPotion"},{"floor":20,"key":"AttackPotion"},{"floor":22,"key":"SteroidPotion"},{"floor":24,"key":"LiquidMemories"},{"floor":27,"key":"SpeedPotion"},{"floor":30,"key":"SpeedPotion"},{"floor":31,"key":"SkillPotion"},{"floor":33,"key":"sneckomod:MuddlingPotion"},{"floor":35,"key":"SteroidPotion"},{"floor":37,"key":"Fire Potion"},{"floor":39,"key":"hexamod:SoulburnPotion"},{"floor":41,"key":"Slimebound:ThreeZeroPotion"},{"floor":46,"key":"SkillPotion"},{"floor":48,"key":"FearPotion"}],"is_trial":false,"path_per_floor":["M","?","?","?","?","E","M","E","T","$","M","M","?","E","R","B",null,"M","M","M","$","M","R","E","R","T","M","R","?","M","E","R","B",null,"M","$","M","$","M","R","M","M","T","R","M","?","R","E","R","B",null],"character_chosen":"The_Alterego","items_purchased":["Omamori","alterego_mod:Birthday"],"campfire_rested":0,"item_purchase_floors":[21,38],"current_hp_per_floor":[71,57,57,62,62,41,38,10,10,25,39,37,37,35,35,26,69,67,58,47,62,62,62,72,72,72,81,81,94,90,82,82,88,94,96,96,92,97,81,81,79,88,88,88,86,36,36,44,44,36],"gold":420,"neow_bonus":"REMOVE_TWO","is_daily":false,"chose_seed":false,"campfire_upgraded":9,"win_rate":0.0,"timestamp":1611922372,"path_taken":["M","?","?","?","?","E","M","E","T","?","M","?","?","E","R","BOSS","M","M","M","$","M","R","E","R","T","M","R","?","M","E","R","BOSS","M","$","M","$","M","R","M","?","T","R","M","?","R","E","R","BOSS"],"items_purchased_type":["Relic","Card"],"build_version":"2020-12-22","purchased_purges":2,"victory":true,"max_hp_per_floor":[71,71,71,76,76,77,78,79,79,79,80,81,81,82,82,83,83,84,85,86,86,86,86,94,94,94,94,94,94,95,96,96,96,96,96,96,97,97,98,98,99,99,99,99,100,109,109,118,118,119],"card_choices":[{"not_picked":["alterego_mod:TrashNCrash","alterego_mod:Undulate"],"picked":"alterego_mod:1TonWallop","floor":1},{"not_picked":["alterego_mod:TrashNCrash","alterego_mod:DustData"],"picked":"alterego_mod:Bounce","floor":6},{"not_picked":["alterego_mod:Valentines","alterego_mod:Mirror"],"picked":"alterego_mod:Nekomimi","floor":7},{"not_picked":["alterego_mod:MaintainEyeContact","alterego_mod:PurpleHair","alterego_mod:Cooking"],"picked":"SKIP","floor":8},{"not_picked":["alterego_mod:Stockings","alterego_mod:GoddessCore","alterego_mod:Bloomers"],"picked":"SKIP","floor":11},{"not_picked":["alterego_mod:Table","alterego_mod:Palingenesis"],"picked":"alterego_mod:1TonWallop","floor":12},{"not_picked":["alterego_mod:DustData","alterego_mod:1TonWallop"],"picked":"alterego_mod:Pet","floor":14},{"not_picked":["alterego_mod:Vow","alterego_mod:AlterEgo"],"picked":"alterego_mod:Weigh","floor":16},{"not_picked":["alterego_mod:Cooking","alterego_mod:Mirror","alterego_mod:PerceptionDisorder"],"picked":"SKIP","floor":18},{"not_picked":["alterego_mod:Rip+1","alterego_mod:Support+1"],"picked":"alterego_mod:RidiculouslyBig","floor":19},{"not_picked":["alterego_mod:TrashNCrash","alterego_mod:Undulate"],"picked":"alterego_mod:BustOut+1","floor":20},{"not_picked":["alterego_mod:1TonWallop","alterego_mod:Cushion"],"picked":"alterego_mod:Birthday","floor":22},{"not_picked":["alterego_mod:Cooking","alterego_mod:SakuraLabyrinth","alterego_mod:Rip"],"picked":"SKIP","floor":24},{"not_picked":["alterego_mod:Complex","alterego_mod:Bunnysuit","alterego_mod:Crossover"],"picked":"SKIP","floor":27},{"not_picked":["alterego_mod:Collar","alterego_mod:Stockings"],"picked":"alterego_mod:AlterEgo","floor":30},{"not_picked":["alterego_mod:Complex+1","alterego_mod:Antipathy","alterego_mod:IndependentAction+1"],"picked":"SKIP","floor":31},{"not_picked":["alterego_mod:Rake","alterego_mod:TrickOrTreatment"],"picked":"alterego_mod:AlterEgo","floor":33},{"not_picked":["alterego_mod:Stockings"],"picked":"SKIP","floor":35},{"not_picked":["alterego_mod:BoobPocket+1"],"picked":"SKIP","floor":37},{"not_picked":["alterego_mod:Clap+1"],"picked":"SKIP","floor":39},{"not_picked":["alterego_mod:Cooking"],"picked":"SKIP","floor":41},{"not_picked":["alterego_mod:DeftHands+1"],"picked":"SKIP","floor":42},{"not_picked":["alterego_mod:Bounce+1"],"picked":"SKIP","floor":45},{"not_picked":["alterego_mod:Mirror+1"],"picked":"SKIP","floor":48}],"player_experience":360227,"relics_obtained":[{"floor":6,"key":"MealTicket"},{"floor":8,"key":"White Beast Statue"},{"floor":9,"key":"Boot"},{"floor":14,"key":"FossilizedHelix"},{"floor":24,"key":"Strawberry"},{"floor":31,"key":"Pen Nib"},{"floor":43,"key":"Akabeko"},{"floor":46,"key":"hubris:Spice"},{"floor":48,"key":"hubris:Spice"}],"event_choices":[{"damage_healed":0,"gold_gain":0,"player_choice":"Entered Light","damage_taken":14,"max_hp_gain":0,"max_hp_loss":0,"event_name":"Shining Light","floor":2,"gold_loss":0,"cards_upgraded":["alterego_mod:Defend","alterego_mod:Strike"]},{"damage_healed":0,"gold_gain":0,"player_choice":"Donut","damage_taken":0,"max_hp_gain":5,"max_hp_loss":0,"event_name":"Big Fish","floor":4,"gold_loss":0},{"damage_healed":0,"gold_gain":0,"player_choice":"Ignored","damage_taken":0,"max_hp_gain":0,"max_hp_loss":0,"event_name":"Liars Game","floor":5,"gold_loss":0},{"cards_removed":["alterego_mod:Nekomimi"],"damage_healed":13,"gold_gain":0,"player_choice":"Offered Uncommon","damage_taken":0,"max_hp_gain":0,"max_hp_loss":0,"event_name":"Bonfire Elementals","floor":29,"gold_loss":0},{"damage_healed":0,"gold_gain":0,"player_choice":"Fight","damage_taken":0,"max_hp_gain":0,"max_hp_loss":0,"event_name":"Mysterious Sphere","floor":46,"gold_loss":0}],"is_beta":false,"boss_relics":[{"not_picked":["Runic Pyramid","hubris:Stopwatch"],"picked":"hubris:RunicObelisk"},{"not_picked":["Fusion Hammer","Cursed Key"],"picked":"Busted Crown"}],"items_purged_floors":[21,36],"is_endless":false,"potions_floor_spawned":[8,11,12,14,16,18,19,20,22,24,27,30,31,33,35,37,39,41,42,45,46,48],"ascension_level":5}}