{"host":"88sw61cmk1203zgj","time":1611963618,"event":{"mods":["BaseMod","Minty Spire (QoL Compilation)"],"gold_per_floor":[110,60,60,60,71,71,106,123,123,156,156,156,41,76,76,205,205,230,190,190,213,228,277,304,304,304,335,260,134,162,192,192,192,192],"floor_reached":33,"language":"ENG","playtime":1688,"items_purged":["Strike_B"],"score":525,"play_id":"ebb12732-f6b6-4a14-a959-41e2c4c174d5","local_time":"20210129184018","is_ascension_mode":true,"campfire_choices":[{"data":"Rebound","floor":6,"key":"SMITH"},{"data":"Sweeping Beam","floor":12,"key":"SMITH"},{"floor":15,"key":"REST"},{"data":"Hologram","floor":25,"key":"SMITH"},{"floor":32,"key":"REST"}],"circlet_count":0,"master_deck":["AscendersBane","Dualcast","Rebound+1","Gash","Conserve Battery","Ball Lightning","Sweeping Beam+1","Auto Shields","Gash","Core Surge+1","Scrape","Reboot","White Noise","Ball Lightning","Self Repair+1","Go for the Eyes","Electrodynamics","Beam Cell","Steam","Hologram+1","Gash","Coolheaded","Reprogram+1","Biased Cognition"],"relics":["Cracked Core","NeowsBlessing","FaceOfCleric","Gremlin Horn","Juzu Bracelet","Centennial Puzzle","Golden Idol","PreservedInsect","Pandora\u0027s Box","CeramicFish","Lantern","Orrery"],"acts_visited":["Exordium","TheCity"],"potions_floor_usage":[10,14,23,27,31,33],"damage_taken":[{"damage":0,"enemies":"2 Louse","floor":1,"turns":1},{"damage":0,"enemies":"Small Slimes","floor":5,"turns":1},{"damage":0,"enemies":"Gremlin Nob","floor":7,"turns":1},{"damage":0,"enemies":"Cultist","floor":8,"turns":3},{"damage":27,"enemies":"Lagavulin","floor":10,"turns":4},{"damage":1,"enemies":"3 Sentries","floor":14,"turns":4},{"damage":25,"enemies":"Slime Boss","floor":16,"turns":8},{"damage":6,"enemies":"3 Byrds","floor":18,"turns":4},{"damage":1,"enemies":"Chosen","floor":21,"turns":3},{"damage":24,"enemies":"Snake Plant","floor":22,"turns":4},{"damage":23,"enemies":"Slavers","floor":23,"turns":3},{"damage":11,"enemies":"3 Cultists","floor":24,"turns":3},{"damage":13,"enemies":"Gremlin Leader","floor":27,"turns":4},{"damage":1,"enemies":"Chosen and Byrds","floor":30,"turns":3},{"damage":14,"enemies":"Snake Plant","floor":31,"turns":3},{"damage":75,"enemies":"Champ","floor":33,"turns":6}],"seed_played":"6927861718147572488","potions_obtained":[{"floor":7,"key":"Strength Potion"},{"floor":8,"key":"Strength Potion"},{"floor":10,"key":"Dexterity Potion"},{"floor":22,"key":"DuplicationPotion"},{"floor":27,"key":"LiquidBronze"},{"floor":31,"key":"SkillPotion"}],"is_trial":false,"path_per_floor":["M","?","?","?","M","R","E","M","T","E","?","R","$","E","R","B",null,"M","?","?","M","M","E","M","R","T","E","?","$","M","M","R","B"],"character_chosen":"DEFECT","items_purchased":["Auto Shields","Orrery"],"campfire_rested":2,"item_purchase_floors":[13,29],"current_hp_per_floor":[68,68,53,53,54,54,55,56,56,30,30,30,30,30,52,28,63,72,72,72,72,59,47,47,47,47,45,45,45,55,42,66,0,0],"gold":192,"neow_bonus":"THREE_ENEMY_KILL","is_daily":false,"chose_seed":false,"campfire_upgraded":3,"win_rate":0.0,"timestamp":1611963618,"path_taken":["M","?","?","?","?","R","E","M","T","E","?","R","?","E","R","BOSS","M","?","?","M","M","E","M","R","T","E","?","$","M","M","R","BOSS"],"items_purchased_type":["Card","Relic"],"build_version":"2020-12-22","purchased_purges":1,"victory":false,"max_hp_per_floor":[75,75,75,75,76,76,77,78,78,79,73,73,73,74,74,75,75,76,76,76,77,78,79,80,80,80,81,81,81,82,83,83,83,83],"card_choices":[{"not_picked":["Darkness","Loop"],"picked":"Rebound","floor":1},{"not_picked":["Chaos","Loop"],"picked":"Gash","floor":5},{"not_picked":["Thunder Strike","Turbo"],"picked":"Conserve Battery","floor":7},{"not_picked":["Cold Snap","Leap"],"picked":"Ball Lightning","floor":8},{"not_picked":["Leap","Coolheaded"],"picked":"Sweeping Beam","floor":10},{"not_picked":["Coolheaded","Turbo"],"picked":"Gash","floor":14},{"not_picked":["Biased Cognition","Meteor Strike"],"picked":"Core Surge","floor":16},{"not_picked":["Sweeping Beam","Sunder"],"picked":"Go for the Eyes","floor":18},{"not_picked":["Streamline","Tempest"],"picked":"Beam Cell","floor":21},{"not_picked":["Lockon","Steam Power","Go for the Eyes"],"picked":"SKIP","floor":22},{"not_picked":["Defragment","Go for the Eyes"],"picked":"Steam","floor":23},{"not_picked":["Genetic Algorithm+1","Compile Driver"],"picked":"Hologram","floor":24},{"not_picked":["Compile Driver","Static Discharge","Sweeping Beam"],"picked":"SKIP","floor":27},{"not_picked":["Leap","Steam"],"picked":"Gash","floor":29},{"not_picked":["Force Field","Streamline"],"picked":"Coolheaded","floor":29},{"not_picked":["Tempest","Glacier"],"picked":"Reprogram+1","floor":30},{"not_picked":["Aggregate","Conserve Battery"],"picked":"Biased Cognition","floor":31}],"player_experience":1526419,"relics_obtained":[{"floor":7,"key":"Gremlin Horn"},{"floor":9,"key":"Juzu Bracelet"},{"floor":10,"key":"Centennial Puzzle"},{"floor":14,"key":"PreservedInsect"},{"floor":23,"key":"CeramicFish"},{"floor":27,"key":"Lantern"}],"event_choices":[{"cards_removed":["Strike_B"],"damage_healed":0,"gold_gain":0,"player_choice":"Card Removal","damage_taken":0,"max_hp_gain":0,"max_hp_loss":0,"event_name":"The Cleric","floor":2,"gold_loss":50},{"damage_healed":0,"gold_gain":0,"player_choice":"Entered Light","damage_taken":15,"max_hp_gain":0,"max_hp_loss":0,"event_name":"Shining Light","floor":3,"gold_loss":0,"cards_upgraded":["Defend_B","Defend_B"]},{"damage_healed":0,"gold_gain":0,"player_choice":"Trade","damage_taken":0,"relics_obtained":["FaceOfCleric"],"max_hp_gain":0,"max_hp_loss":0,"event_name":"FaceTrader","floor":4,"gold_loss":0},{"damage_healed":0,"gold_gain":0,"player_choice":"Lose Max HP","damage_taken":0,"relics_obtained":["Golden Idol"],"max_hp_gain":0,"max_hp_loss":6,"event_name":"Golden Idol","floor":11,"gold_loss":0},{"damage_healed":0,"gold_gain":0,"player_choice":"Upgraded Two","damage_taken":0,"max_hp_gain":0,"max_hp_loss":0,"event_name":"Designer","floor":19,"gold_loss":40,"cards_upgraded":["Self Repair","Core Surge"]},{"damage_healed":0,"gold_gain":0,"cards_transformed":["Self Repair"],"player_choice":"Transformed","damage_taken":0,"max_hp_gain":0,"max_hp_loss":0,"event_name":"Transmorgrifier","floor":20,"gold_loss":0,"cards_obtained":["Electrodynamics"]},{"cards_removed":["Zap"],"damage_healed":0,"gold_gain":0,"player_choice":"Gave Gold","damage_taken":0,"max_hp_gain":0,"max_hp_loss":0,"event_name":"Beggar","floor":28,"gold_loss":75}],"is_beta":false,"boss_relics":[{"not_picked":["Busted Crown","Fusion Hammer"],"picked":"Pandora\u0027s Box"}],"items_purged_floors":[13],"is_endless":false,"potions_floor_spawned":[7,8,10,22,27,31],"killed_by":"Champ","ascension_level":12}}