{"host":"2j5d0uw0vihq8b8w","time":1611892060,"event":{"mods":["2.2 Compatiblity","AchievementEnabler","BaseMod","BetterRewards","Colored Map","Colored Powertips","Custom Start","DeckTracker","Minty Spire (QoL Compilation)","Permanent Neow","Quick Restart","Rare Cards Sparkle","StSLib","SuperFastMode"],"gold_per_floor":[113,113,124,124,143,143,174,186,217,255,217,241,273,320,349,361,469,481,513,525,554,566,578,615,627,656,668,692,737,760,772,797,809,821,821],"floor_reached":34,"language":"KOR","playtime":1324,"items_purged":[],"score":325,"play_id":"aa41dfe1-bc24-43d6-bf90-2e6c9537763f","local_time":"20210129124740","is_ascension_mode":true,"campfire_choices":[{"data":"Uppercut","floor":8.0,"key":"SMITH"},{"data":"Whirlwind","floor":16.0,"key":"SMITH"},{"data":"1","floor":25.0,"key":"LIFT"},{"floor":33,"key":"REST"}],"circlet_count":0,"master_deck":["Defend_R","Defend_R","Defend_R","Defend_R","Bash","Feel No Pain","Uppercut+1","Pummel","Brutality","Whirlwind+1","Pommel Strike","Barricade","Corruption","Bite","Bite","Bite","Bite","Bite","Entrench","Flex+1"],"relics":["Burning Blood","Charon\u0027s Ashes","WarpedTongs","MawBank","Whetstone","Cursed Key","Nloth\u0027s Gift","Girya","Red Mask"],"acts_visited":["Exordium","TheCity"],"potions_floor_usage":[29,29],"damage_taken":[{"damage":1.0,"enemies":"Jaw Worm","floor":1.0,"turns":5.0},{"damage":6.0,"enemies":"Cultist","floor":3.0,"turns":3.0},{"damage":5.0,"enemies":"Small Slimes","floor":5.0,"turns":4.0},{"damage":15.0,"enemies":"3 Sentries","floor":7.0,"turns":6.0},{"damage":3.0,"enemies":"Looter","floor":9.0,"turns":2.0},{"damage":20.0,"enemies":"Exordium Thugs","floor":12.0,"turns":4.0},{"damage":19.0,"enemies":"Large Slime","floor":13.0,"turns":4.0},{"damage":8.0,"enemies":"Gremlin Nob","floor":14.0,"turns":3.0},{"damage":2.0,"enemies":"2 Fungi Beasts","floor":15.0,"turns":3.0},{"damage":29.0,"enemies":"Slime Boss","floor":17.0,"turns":5.0},{"damage":6.0,"enemies":"3 Byrds","floor":19.0,"turns":3.0},{"damage":18.0,"enemies":"2 Thieves","floor":21.0,"turns":3.0},{"damage":48.0,"enemies":"Book of Stabbing","floor":24.0,"turns":6.0},{"damage":6.0,"enemies":"Snecko","floor":26.0,"turns":4.0},{"damage":12,"enemies":"Cultist and Chosen","floor":28,"turns":4},{"damage":11,"enemies":"Masked Bandits","floor":29,"turns":2},{"damage":17,"enemies":"Centurion and Healer","floor":30,"turns":5},{"damage":40,"enemies":"Snake Plant","floor":32,"turns":4},{"damage":68,"enemies":"Automaton","floor":34,"turns":6}],"seed_played":"-4825615164359786215","potions_obtained":[{"floor":5.0,"key":"Swift Potion"},{"floor":7.0,"key":"BlessingOfTheForge"},{"floor":13.0,"key":"Explosive Potion"},{"floor":14.0,"key":"AttackPotion"},{"floor":17.0,"key":"DuplicationPotion"},{"floor":19.0,"key":"SteroidPotion"},{"floor":21.0,"key":"BloodPotion"},{"floor":28,"key":"Fire Potion"},{"floor":29,"key":"GamblersBrew"},{"floor":30,"key":"FearPotion"}],"is_trial":false,"path_per_floor":["M","?","M","?","M","M","E","R","M","T","?","M","M","E","M","R","B",null,"M","?","M","?","?","E","R","M","T","M","?","M","$","M","R","B"],"character_chosen":"IRONCLAD","items_purchased":[],"campfire_rested":1,"item_purchase_floors":[],"current_hp_per_floor":[80,80,80,80,80,80,71,71,74,74,74,60,47,45,49,49,26,80,80,80,68,70,59,31,31,40,40,44,39,42,42,16,33,0,0],"gold":821,"neow_bonus":"ONE_RARE_RELIC","is_daily":false,"chose_seed":false,"campfire_upgraded":2,"win_rate":0.0,"timestamp":1611892060,"path_taken":["M","?","?","?","M","M","E","R","?","T","?","M","M","E","M","R","BOSS","M","?","?","?","?","E","R","M","T","M","?","M","?","M","R","BOSS"],"items_purchased_type":[],"build_version":"2020-12-22","purchased_purges":0,"victory":false,"max_hp_per_floor":[80,80,80,80,80,80,80,80,80,80,80,80,80,80,80,80,80,80,80,80,80,85,59,59,59,59,59,59,59,59,59,59,59,59,59],"card_choices":[{"not_picked":["Warcry","Hemokinesis"],"picked":"Feel No Pain","floor":1.0},{"not_picked":["Cleave","Twin Strike"],"picked":"Uppercut","floor":3.0},{"not_picked":["Hemokinesis","Intimidate"],"picked":"Pummel","floor":5.0},{"not_picked":["Flame Barrier","Second Wind"],"picked":"Brutality","floor":7.0},{"not_picked":["Heavy Blade","Wild Strike","Clash"],"picked":"SKIP","floor":9.0},{"not_picked":["Sword Boomerang","Pommel Strike"],"picked":"Whirlwind","floor":12.0},{"not_picked":["Twin Strike","Anger"],"picked":"Pommel Strike","floor":13.0},{"not_picked":["Sentinel","Wild Strike","Pommel Strike"],"picked":"SKIP","floor":14.0},{"not_picked":["Hemokinesis","Sword Boomerang","Perfected Strike"],"picked":"SKIP","floor":15.0},{"not_picked":["Double Tap","Fiend Fire"],"picked":"Barricade","floor":17.0},{"not_picked":["Clothesline","Whirlwind","Body Slam"],"picked":"SKIP","floor":19.0},{"not_picked":["Searing Blow","Body Slam"],"picked":"Corruption","floor":21.0},{"not_picked":["Rage","Armaments"],"picked":"Entrench","floor":24.0},{"not_picked":["Thunderclap+1","Evolve"],"picked":"Flex+1","floor":26.0},{"not_picked":["Headbutt","Bludgeon","Flex"],"picked":"SKIP","floor":28},{"not_picked":["Wild Strike","Heavy Blade","Iron Wave"],"picked":"SKIP","floor":30},{"not_picked":["Perfected Strike","Power Through","Carnage+1"],"picked":"SKIP","floor":32}],"player_experience":617084,"relics_obtained":[{"floor":7.0,"key":"MawBank"},{"floor":10.0,"key":"Whetstone"},{"floor":14.0,"key":"Centennial Puzzle"},{"floor":24.0,"key":"Girya"},{"floor":29,"key":"Red Mask"}],"event_choices":[{"cards_removed":["Writhe"],"damage_healed":0.0,"max_hp_gain":0.0,"max_hp_loss":0.0,"gold_gain":0.0,"event_name":"Fountain of Cleansing","player_choice":"Removed Curses","floor":2.0,"gold_loss":0.0,"damage_taken":0.0},{"damage_healed":0.0,"max_hp_gain":0.0,"max_hp_loss":0.0,"gold_gain":0.0,"event_name":"Accursed Blacksmith","player_choice":"Rummage","floor":4.0,"gold_loss":0.0,"damage_taken":0.0,"relics_obtained":["WarpedTongs"],"cards_obtained":["Pain"]},{"cards_removed":["Pain"],"damage_healed":0.0,"max_hp_gain":0.0,"max_hp_loss":0.0,"gold_gain":0.0,"event_name":"The Cleric","player_choice":"Card Removal","floor":11.0,"gold_loss":50.0,"damage_taken":0.0},{"damage_healed":0.0,"max_hp_gain":0.0,"max_hp_loss":0.0,"gold_gain":0.0,"event_name":"N\u0027loth","player_choice":"Traded Relic","floor":20.0,"relics_lost":["Centennial Puzzle"],"gold_loss":0.0,"damage_taken":0.0,"relics_obtained":["Nloth\u0027s Gift"]},{"damage_healed":0.0,"max_hp_gain":5.0,"max_hp_loss":0.0,"gold_gain":0.0,"event_name":"Forgotten Altar","player_choice":"Shed Blood","floor":22.0,"gold_loss":0.0,"damage_taken":20.0},{"damage_healed":0.0,"max_hp_gain":0.0,"max_hp_loss":26.0,"gold_gain":0.0,"event_name":"Vampires","player_choice":"Became a vampire","floor":23.0,"gold_loss":0.0,"damage_taken":0.0,"cards_obtained":["Bite","Bite","Bite","Bite","Bite"]},{"damage_healed":0,"gold_gain":0,"player_choice":"Fought Bandits","damage_taken":0,"max_hp_gain":0,"max_hp_loss":0,"event_name":"Masked Bandits","floor":29,"gold_loss":0}],"is_beta":false,"boss_relics":[{"not_picked":["Runic Pyramid","SlaversCollar"],"picked":"Cursed Key"}],"items_purged_floors":[],"is_endless":false,"potions_floor_spawned":[5,7,13,14,17,19,21,28,29,30],"killed_by":"Automaton","ascension_level":1}}