{"host":"3ghcx3e93lhog3cp","time":1611945458,"event":{"mods":["AchievementEnabler","BaseMod","Downfall","Infinite Spire","Minty Spire (QoL Compilation)","Replay The Spire","StSLib"],"gold_per_floor":[119,119,66,66,120,154,154,154,154,181,181,30,41,74,74,173,173,84,84,84,104,117,131,147,66,139,64,64,82,82,97,97,198,198,215,226,226,239,256,256,267,267,315,315,315,325,325,76,376,376],"floor_reached":51,"language":"ENG","playtime":3926,"items_purged":[],"score":723,"play_id":"a89d2306-c1f0-4c45-8b22-672889cef702","local_time":"20210129103738","is_ascension_mode":true,"campfire_choices":[{"data":"BattleHymn","floor":8.0,"key":"SMITH"},{"data":"Evaluate","floor":11.0,"key":"SMITH"},{"data":"Eruption","floor":15.0,"key":"SMITH"},{"floor":28.0,"key":"REST"},{"floor":40.0,"key":"REST"},{"floor":42.0,"key":"REST"},{"data":"Alpha","floor":45.0,"key":"SMITH"}],"circlet_count":0,"master_deck":["Vigilance","Alpha+1","DeusExMachina+1","Evaluate+1","BattleHymn+1","Establishment","EmptyBody","InnerPeace+1","ClearTheMind","LikeWater+1","Replay:DivineShield","Replay:Anticipation","ThirdEye","Replay:Cycle","DevaForm","Alpha+1","Evaluate+1","infinitespire:FutureSight","Parasite","LikeWater+1"],"relics":["Astrolabe","infinitespire:Cubic Diamond","Akabeko","Oddly Smooth Stone","Blue Candle","Bottled Flame","Replay:Purple Gloves","Bag of Preparation","Replay:Bottled Snecko","Kintsugi","ReplayTheSpireMod:Shallot","Empty Cage","Lantern","Sozu","HornCleat"],"acts_visited":["Exordium","TheCity","TheBeyond"],"potions_floor_usage":[],"damage_taken":[{"damage":0.0,"enemies":"2 Louse","floor":1.0,"turns":2.0},{"damage":8.0,"enemies":"3 Sentries","floor":6.0,"turns":3.0},{"damage":0.0,"enemies":"Lagavulin","floor":10.0,"turns":3.0},{"damage":0.0,"enemies":"Small Slimes","floor":13.0,"turns":2.0},{"damage":6.0,"enemies":"Replay:BlueRogue","floor":14.0,"turns":3.0},{"damage":27.0,"enemies":"Hexaghost","floor":16.0,"turns":5.0},{"damage":2.0,"enemies":"Chosen","floor":18.0,"turns":4.0},{"damage":10.0,"enemies":"2 Thieves","floor":21.0,"turns":3.0},{"damage":13.0,"enemies":"Snake Plant","floor":22.0,"turns":3.0},{"damage":21.0,"enemies":"Centurion and Healer","floor":23.0,"turns":4.0},{"damage":11.0,"enemies":"Cultist and Chosen","floor":24.0,"turns":3.0},{"damage":0.0,"enemies":"Snake Plant","floor":29.0,"turns":4.0},{"damage":8.0,"enemies":"Centurion and Healer","floor":31.0,"turns":4.0},{"damage":21.0,"enemies":"Collector","floor":33.0,"turns":7.0},{"damage":13.0,"enemies":"Orb Walker","floor":35.0,"turns":5.0},{"damage":30.0,"enemies":"3 Darklings","floor":36.0,"turns":4.0},{"damage":13.0,"enemies":"Spire Growth","floor":38.0,"turns":5.0},{"damage":11.0,"enemies":"4 Shapes","floor":39.0,"turns":3.0},{"damage":0.0,"enemies":"Jaw Worm Horde","floor":41.0,"turns":3.0},{"damage":0.0,"enemies":"Writhing Mass","floor":46.0,"turns":5.0},{"damage":32,"enemies":"Awakened One","floor":50,"turns":9}],"seed_played":"-5936442648161617639","potions_obtained":[{"floor":1.0,"key":"Toxic Potion"},{"floor":13.0,"key":"BottledMiracle"},{"floor":16.0,"key":"Weak Potion"},{"floor":21.0,"key":"LiquidMemories"},{"floor":22.0,"key":"Fire Potion"},{"floor":29.0,"key":"Ambrosia"},{"floor":31.0,"key":"ColorlessPotion"},{"floor":36.0,"key":"BottledMiracle"}],"is_trial":false,"path_per_floor":["M","?","$","?","T","E","?","R","T","E","R","$","M","E","R","B",null,"M","?","?","M","M","M","M","$","T","?","R","M","?","M","R","B",null,"M","M","?","M","M","R","M","R","T","AVR","R","M","?","$","R","B",null],"character_chosen":"WATCHER","items_purchased":["FollowUp","Bag of Preparation","Replay:Anticipation","HornCleat"],"campfire_rested":3,"item_purchase_floors":[3,12,25,48],"current_hp_per_floor":[72,72,72,72,72,64,59,59,59,59,59,59,59,53,53,26,72,70,57,57,47,34,13,2,2,2,2,25,25,25,17,40,19,77,64,34,34,21,10,33,33,56,56,56,56,56,56,56,56,24],"gold":376,"neow_bonus":"BOSS_RELIC","is_daily":false,"chose_seed":false,"campfire_upgraded":4,"win_rate":0.0,"timestamp":1611945458,"path_taken":["M","?","$","?","?","E","?","R","T","E","R","$","M","E","R","BOSS","M","?","?","M","M","M","M","$","T","?","R","M","?","M","R","BOSS","M","M","?","M","M","R","M","R","T","AVR","R","M","?","$","R","BOSS"],"items_purchased_type":["Card","Relic","Card","Relic"],"build_version":"2020-12-22","purchased_purges":0,"victory":true,"max_hp_per_floor":[72,72,72,72,72,72,72,72,72,72,72,72,72,72,72,72,72,72,77,77,77,77,77,77,77,77,77,77,77,77,77,77,77,77,77,77,77,77,77,77,77,77,77,77,77,77,77,77,77,77],"card_choices":[{"not_picked":["FollowUp","JustLucky"],"picked":"Evaluate","floor":1.0},{"not_picked":["CrushJoints","FollowUp"],"picked":"BattleHymn","floor":6.0},{"not_picked":["BowlingBash","JustLucky","Replay:ManipulateFuture"],"picked":"SKIP","floor":10.0},{"not_picked":["FlyingSleeves","FollowUp"],"picked":"Wireheading","floor":13.0},{"not_picked":["Halt","Wallop","CrushJoints"],"picked":"SKIP","floor":14.0},{"not_picked":["MasterReality","ConjureBlade"],"picked":"Establishment","floor":16.0},{"not_picked":["Study","WindmillStrike"],"picked":"EmptyBody","floor":18.0},{"not_picked":["Halt","Adaptation+1"],"picked":"InnerPeace","floor":21.0},{"not_picked":["CrushJoints","Replay:BluntJabs+1"],"picked":"ClearTheMind","floor":22.0},{"not_picked":["Replay:ManipulateFuture+1","FlurryOfBlows+1"],"picked":"LikeWater+1","floor":23.0},{"not_picked":["Alpha","FlurryOfBlows"],"picked":"Replay:DivineShield","floor":24.0},{"not_picked":["Consecrate","Ragnarok"],"picked":"ThirdEye","floor":29.0},{"not_picked":["Conclude","FlurryOfBlows"],"picked":"Replay:Cycle","floor":31.0},{"not_picked":["Omniscience","Wish"],"picked":"DevaForm","floor":33.0},{"not_picked":["Evaluate","Halt+1","FlyingSleeves+1"],"picked":"SKIP","floor":35.0},{"not_picked":["Replay:ManipulateFuture","EmptyFist+1","SignatureMove"],"picked":"SKIP","floor":36.0},{"not_picked":["Replay:ManipulateFuture","CutThroughFate","Vengeance+1"],"picked":"SKIP","floor":38.0},{"not_picked":["FollowUp","Halt"],"picked":"Alpha","floor":39.0},{"not_picked":["FlurryOfBlows+1","SashWhip"],"picked":"Evaluate+1","floor":41.0},{"not_picked":["PathToVictory+1","Replay:BluntJabs+1"],"picked":"LikeWater+1","floor":46.0}],"player_experience":219325,"relics_obtained":[{"floor":5.0,"key":"Akabeko"},{"floor":6.0,"key":"Oddly Smooth Stone"},{"floor":9.0,"key":"Bottled Flame"},{"floor":10.0,"key":"Replay:Purple Gloves"},{"floor":14.0,"key":"Replay:Bottled Snecko"},{"floor":26.0,"key":"ReplayTheSpireMod:Shallot"},{"floor":43.0,"key":"Lantern"}],"event_choices":[{"damage_healed":0.0,"max_hp_gain":5.0,"max_hp_loss":0.0,"gold_gain":0.0,"event_name":"Forgotten Altar","player_choice":"Shed Blood","floor":19.0,"gold_loss":0.0,"damage_taken":18.0},{"cards_removed":["FollowUp"],"damage_healed":0.0,"max_hp_gain":0.0,"max_hp_loss":0.0,"gold_gain":0.0,"event_name":"Back to Basics","player_choice":"Elegance","floor":20.0,"gold_loss":0.0,"damage_taken":0.0},{"cards_removed":["Hallucinations"],"damage_healed":0.0,"max_hp_gain":0.0,"max_hp_loss":0.0,"gold_gain":0.0,"event_name":"Beggar","player_choice":"Gave Gold","floor":27.0,"gold_loss":75.0,"damage_taken":0.0},{"cards_removed":["Wireheading"],"damage_healed":0.0,"max_hp_gain":0.0,"max_hp_loss":0.0,"gold_gain":0.0,"event_name":"Falling","player_choice":"Removed Power","floor":37.0,"gold_loss":0.0,"damage_taken":0.0},{"damage_healed":0,"gold_gain":0,"player_choice":"Ignored","damage_taken":0,"max_hp_gain":0,"max_hp_loss":0,"event_name":"Transmorgrifier","floor":47,"gold_loss":0},{"damage_healed":0,"gold_gain":300,"player_choice":"Gold","damage_taken":0,"max_hp_gain":0,"max_hp_loss":0,"event_name":"Wheel of Change","floor":49,"gold_loss":0}],"is_beta":false,"boss_relics":[{"not_picked":["ReplayTheSpireMod:SealedPack","Replay:Grab Bag"],"picked":"Kintsugi"},{"not_picked":["ReplayTheSpireMod:DimensionalGlitch","Runic Dome"],"picked":"Empty Cage"}],"items_purged_floors":[],"is_endless":false,"potions_floor_spawned":[1,13,16,21,22,29,31,36,46],"ascension_level":1}}