{"host":"6j8r4uax2c577qhw","time":1611910974,"event":{"mods":["2.2 Compatiblity","BaseMod","BetterRewards","Colored Map","Downfall","Highlight Path","Hubris","Infinite Spire","MarisaÅiñ∂âJÅ@ñÇóùçπÅj","Minty Spire (QoL Compilation)","Replay The Spire","Reworked Bosses","StSLib","The Animator"],"gold_per_floor":[99,113,129,144,155,172,172,193,193,209,259,259,283,320,347,499,499,499,526,546,564,588,688,711,738,738,538,638,638,638,674,702,809,809,709,721,721,743,764,786,840,840,876,934,934,1005,1048,1115,1133,1133,1133,1172,632,632,632,632],"floor_reached":57,"language":"ENG","playtime":10276,"items_purged":["hexamod:Defend","hexamod:Incineration","hexamod:Defend"],"score":1294,"play_id":"e889165f-41ff-4cb1-98ce-3d30ef7d458f","local_time":"20210129180254","is_ascension_mode":false,"campfire_choices":[{"data":"hexamod:Float","floor":1.0,"key":"SMITH"},{"floor":12.0,"key":"REST"},{"floor":18.0,"key":"RECALL"},{"floor":27.0,"key":"REST"},{"data":"infinitespire:Collect","floor":29.0,"key":"SMITH"},{"data":"hexamod:HeatShield","floor":35.0,"key":"SMITH"},{"data":"infinitespire:TheBestDefense","floor":42,"key":"SMITH"},{"data":"hexamod:VolcanoVisage","floor":45,"key":"SMITH"},{"floor":54,"key":"REST"}],"circlet_count":0,"master_deck":["hexamod:Defend","hexamod:Sear","hexamod:Float+1","hexamod:PhantomCloak","hexamod:Rewind","hexamod:HeatShield+1","hexamod:SecondSeal","infinitespire:Collect+1","hexamod:UnlimitedPower","hexamod:VolcanoVisage+1","hexamod:GhostflameBarrier","infinitespire:TheBestDefense+1","RitualDagger","Bite","Bite","Bite","Bite","Bite","hexamod:ShieldOfDarkness+1","hexamod:HexaLevel","hexamod:SoulSteal+1","hexamod:ThirdSeal","hexamod:FirstSeal","hexamod:FourthSeal","hexamod:HeatCrush+1","hexamod:EmpoweredFlame+1","hexamod:PhantomCloak+1","infinitespire:TheBestDefense","hexamod:PhantomFireball+1","hexamod:Firestarter+1","expansioncontent:StudyTheSpire"],"relics":["hexamod:SpiritBrand","hubris:MobiusCoin","Oddly Smooth Stone","Juzu Bracelet","hubris:Backtick","Mummified Hand","Question Card","Replay:Wanted Poster","downfall:HeartBlessingRed","downfall:HeartBlessingBlue","Replay:WaspNest","Runic Pyramid","downfall:HeartBlessingGreen","Ginger","hexamod:UnbrokenSoul","Lantern","hubris:TenFootPole","CatCart","Centennial Puzzle","Pet Ghost","Blue Doll"],"acts_visited":["Exordium","TheCity","TheBeyond","TheEnding"],"potions_floor_usage":[44,44,46,49,55,55,55],"damage_taken":[{"damage":0.0,"enemies":"Cultist","floor":2.0,"turns":3.0},{"damage":0.0,"enemies":"Small Slimes","floor":3.0,"turns":3.0},{"damage":1.0,"enemies":"Jaw Worm","floor":4.0,"turns":3.0},{"damage":0.0,"enemies":"2 Fungi Beasts","floor":5.0,"turns":4.0},{"damage":15.0,"enemies":"Exordium Wildlife","floor":6.0,"turns":8.0},{"damage":0.0,"enemies":"Large Slime","floor":8.0,"turns":6.0},{"damage":0.0,"enemies":"Exordium Thugs","floor":10.0,"turns":5.0},{"damage":0.0,"enemies":"Blue Slaver","floor":13.0,"turns":6.0},{"damage":0.0,"enemies":"Gremlin Nob","floor":14.0,"turns":3.0},{"damage":0.0,"enemies":"3 Louse","floor":15.0,"turns":2.0},{"damage":31.0,"enemies":"DF_ARCHETYPE_STREAMLINE","floor":16.0,"turns":11.0},{"damage":5.0,"enemies":"Shell Parasite","floor":19.0,"turns":4.0},{"damage":3.0,"enemies":"3 Byrds","floor":20.0,"turns":4.0},{"damage":42.0,"enemies":"Cultist and Chosen","floor":21.0,"turns":9.0},{"damage":5.0,"enemies":"Centurion and Healer","floor":22.0,"turns":8.0},{"damage":0.0,"enemies":"Sentry and Sphere","floor":25.0,"turns":5.0},{"damage":15.0,"enemies":"Book of Stabbing","floor":31.0,"turns":5.0},{"damage":10.0,"enemies":"Snake Plant","floor":32.0,"turns":4.0},{"damage":43.0,"enemies":"SI_MIRROR_ARCHETYPE","floor":33.0,"turns":7.0},{"damage":3.0,"enemies":"3 Darklings","floor":36.0,"turns":5.0},{"damage":0.0,"enemies":"3 Shapes","floor":38.0,"turns":4.0},{"damage":9.0,"enemies":"Spire Growth","floor":39.0,"turns":4.0},{"damage":3,"enemies":"Writhing Mass","floor":40,"turns":6},{"damage":0,"enemies":"R_Hoarder","floor":43,"turns":6},{"damage":0,"enemies":"Orin","floor":44,"turns":8},{"damage":3,"enemies":"Jaw Worm Horde","floor":46,"turns":5},{"damage":15,"enemies":"Nightmare","floor":47,"turns":9},{"damage":15,"enemies":"4 Shapes","floor":48,"turns":2},{"damage":11,"enemies":"Maw","floor":49,"turns":5},{"damage":16,"enemies":"WA_ARCHETYPE_DIVINITY","floor":50,"turns":13},{"damage":35,"enemies":"downfall:CharBossMerchant","floor":52,"turns":9},{"damage":1,"enemies":"downfall:NeowBoss","floor":55,"turns":16},{"damage":23,"enemies":"downfall:NeowBossFinal","floor":56,"turns":15}],"seed_played":"4030522354449161947","potions_obtained":[{"floor":4.0,"key":"AttackPotion"},{"floor":6.0,"key":"hexamod:EctoCoolerPotion"},{"floor":8.0,"key":"hexamod:SoulburnPotion"},{"floor":13.0,"key":"infinitespire:BlackPotion"},{"floor":14.0,"key":"Explosive Potion"},{"floor":15.0,"key":"Guardian:BlockOnCardUsePotion"},{"floor":20.0,"key":"champ:CounterPotion"},{"floor":25.0,"key":"SkillPotion"},{"floor":31.0,"key":"AttackPotion"},{"floor":32.0,"key":"champ:CounterPotion"},{"floor":39.0,"key":"hexamod:SoulburnPotion"},{"floor":43,"key":"bronze:BurnAndBuffPotion"},{"floor":43,"key":"Explosive Potion"},{"floor":44,"key":"ColorlessPotion"},{"floor":46,"key":"champ:CounterPotion"},{"floor":46,"key":"SteroidPotion"},{"floor":47,"key":"PowerPotion"},{"floor":49,"key":"Block Potion"},{"floor":52,"key":"hexamod:EctoCoolerPotion"}],"is_trial":false,"path_per_floor":["R","M","M","M","M","M","T","M","?","M","?","R","M","E","M","B",null,"R_BF","M","M","M","M","AVR","T","M","?","R","?","R","?","E","M","B",null,"R","M","AVR","M","M","M","T","R","E","?","R","M","NM","M","M","B",null,"E","$","R","B","B",null],"character_chosen":"THE_SPIRIT","items_purchased":["Blue Doll","expansioncontent:StudyTheSpire","CultistPotion","PowerPotion"],"campfire_rested":3,"item_purchase_floors":[53,53,53,53],"current_hp_per_floor":[77,77,77,76,76,61,61,61,49,49,29,52,52,52,52,21,77,77,72,69,27,22,22,22,22,16,52,52,52,52,51,55,36,60,60,60,60,60,59,60,60,60,60,60,60,60,60,56,60,60,60,47,47,60,60,59],"gold":632,"neow_bonus":"TEN_PERCENT_HP_BONUS","is_daily":false,"chose_seed":false,"campfire_upgraded":5,"win_rate":0.0,"timestamp":1611910974,"path_taken":["R","M","M","M","M","M","T","M","?","M","?","R","M","E","M","BOSS","R_BF","M","M","M","M","AVR","T","M","?","R","?","R","?","E","M","BOSS","R","M","AVR","M","M","M","T","R","E","?","R","M","NM","M","M","BOSS","E","$","R","BOSS","BOSS"],"items_purchased_type":["Relic","Card","Potion","Potion"],"build_version":"2020-12-22","purchased_purges":3,"victory":true,"max_hp_per_floor":[77,77,77,77,77,77,77,77,77,77,77,77,77,77,77,77,77,77,77,77,77,77,77,77,77,77,87,60,60,60,60,60,60,60,60,60,60,60,60,60,60,60,60,60,60,60,60,60,60,60,60,60,60,60,60,60],"card_choices":[{"not_picked":["hexamod:Rewind","hexamod:ShieldOfDarkness"],"picked":"hexamod:PhantomCloak","floor":2.0},{"not_picked":["hexamod:Hexaguard","hexamod:HeatMetal"],"picked":"hexamod:Rewind","floor":3.0},{"not_picked":["hexamod:InspiringFlames","hexamod:Haunt"],"picked":"hexamod:HeatShield","floor":4.0},{"not_picked":["hexamod:RecurringNightmare","hexamod:Firestarter"],"picked":"hexamod:Incineration","floor":5.0},{"not_picked":["hexamod:HeatMetal","hexamod:SpectersWail"],"picked":"hexamod:SecondSeal","floor":6.0},{"not_picked":["hexamod:HeatMetal","hexamod:RainOfEmbers","hexamod:EmpoweredFlame"],"picked":"SKIP","floor":8.0},{"not_picked":["hexamod:Hexaguard","hexamod:HauntingEcho","hexamod:ThermalTransfer"],"picked":"SKIP","floor":10.0},{"not_picked":["ReplayTheSpireMod:Echoes of Time","infinitespire:Oblivion"],"picked":"infinitespire:Collect","floor":11.0},{"not_picked":["hexamod:PhantomCloak","hexamod:SwordOfDarkness","hexamod:NightmareGuise"],"picked":"SKIP","floor":13.0},{"not_picked":["hexamod:ExtraCrispy","hexamod:ShieldOfDarkness"],"picked":"hexamod:UnlimitedPower","floor":14.0},{"not_picked":["hexamod:NightmareStrike","hexamod:SpectralAdrenaline","hexamod:GhostShield"],"picked":"SKIP","floor":15.0},{"not_picked":["hexamod:TurnItUp","hexamod:FifthSeal"],"picked":"hexamod:VolcanoVisage","floor":16.0},{"not_picked":["hexamod:SkipABeat","hexamod:GhostShield"],"picked":"hexamod:GhostflameBarrier","floor":19.0},{"not_picked":["hexamod:HeatCrush+1","hexamod:DynamicBlow","hexamod:GhostShield+1"],"picked":"SKIP","floor":20.0},{"not_picked":["hexamod:Hexaguard","hexamod:ThermalTransfer","hexamod:BacktrackSmack+1"],"picked":"SKIP","floor":21.0},{"not_picked":["hexamod:GhostOfSpirePast","hexamod:AdvancingGuard","hexamod:NightmareStrike"],"picked":"SKIP","floor":22.0},{"not_picked":["hexamod:Incineration","hexamod:RadiantFlame","hexamod:SwordOfDarkness+1","hexamod:Hexaguard"],"picked":"SKIP","floor":25.0},{"not_picked":["hexamod:HeatShield","hexamod:NightmareStrike","hexamod:ParanormalForm"],"picked":"hexamod:ShieldOfDarkness+1","floor":31.0},{"not_picked":["hexamod:NightmareGuise+1","hexamod:Hexaguard","hexamod:InspiringFlames+1","hexamod:CatchUp"],"picked":"SKIP","floor":32.0},{"not_picked":["hexamod:ParanormalForm","hexamod:TimeWarp","hexamod:UnlimitedPower"],"picked":"hexamod:HexaLevel","floor":33.0},{"not_picked":["hexamod:ThermalTransfer","hexamod:ShieldOfDarkness","hexamod:BurningTouch"],"picked":"hexamod:SoulSteal+1","floor":36.0},{"not_picked":["hexamod:Incineration+1","hexamod:NightmareGuise","hexamod:AdvancingGuard+1"],"picked":"hexamod:ThirdSeal","floor":38.0},{"not_picked":["hexamod:DynamicBlow+1","hexamod:HeatMetal+1","hexamod:PhantomFireball"],"picked":"hexamod:FirstSeal","floor":39.0},{"not_picked":["hexamod:StepThrough+1","hexamod:HeatCrush","hexamod:NightmareStrike+1","hexamod:Hexaguard+1"],"picked":"SKIP","floor":39.0},{"not_picked":["hexamod:HeatMetal+1","hexamod:GhostOfSpirePresent","hexamod:GhostShield"],"picked":"hexamod:FourthSeal","floor":40},{"not_picked":["hexamod:RetreatToShadows","hexamod:Hexaguard","hexamod:ShieldOfDarkness","hexamod:RainOfEmbers"],"picked":"SKIP","floor":40},{"not_picked":["hexamod:Haunt+1","hexamod:TurnItUp","hexamod:GhostShield+1"],"picked":"hexamod:HeatCrush+1","floor":43},{"not_picked":["hexamod:AdvancingGuard","hexamod:GhostLash","hexamod:SwordOfDarkness","hexamod:Haunt"],"picked":"SKIP","floor":43},{"not_picked":["hexamod:RainOfEmbers+1","hexamod:StepThrough+1","hexamod:InspiringFlames+1"],"picked":"hexamod:EmpoweredFlame+1","floor":44},{"not_picked":["hexamod:FastForward+1","hexamod:InspiringFlames","hexamod:BacktrackSmack+1"],"picked":"hexamod:PhantomCloak+1","floor":44},{"not_picked":["hexamod:SoulSteal","hexamod:ChargedBarrage","hexamod:BacktrackSmack","hexamod:SkipABeat+1"],"picked":"SKIP","floor":46},{"not_picked":["hexamod:Hexaguard+1","hexamod:ChargedBarrage","hexamod:FourthSeal","hexamod:GhostLash+1"],"picked":"SKIP","floor":46},{"not_picked":["ReplayTheSpireMod:Chaos Vortex","infinitespire:DeathsTouch"],"picked":"infinitespire:TheBestDefense","floor":47},{"not_picked":["hexamod:GhostLash","hexamod:AdvancingGuard+1","hexamod:Again"],"picked":"hexamod:PhantomFireball+1","floor":47},{"not_picked":["hexamod:TurnItUp","hexamod:SpectersWail","hexamod:CatchUp+1","hexamod:ThermalTransfer"],"picked":"SKIP","floor":47},{"not_picked":["hexamod:TurnItUp","hexamod:SpectersWail","hexamod:CatchUp+1","hexamod:ThermalTransfer"],"picked":"SKIP","floor":47},{"not_picked":["hexamod:FastForward+1","hexamod:HauntingEcho+1","hexamod:Again+1","hexamod:NightmareGuise"],"picked":"SKIP","floor":48},{"not_picked":["hexamod:ChargedBarrage+1","hexamod:RetreatToShadows+1","hexamod:SpectersWail+1","hexamod:ShieldOfDarkness"],"picked":"SKIP","floor":49},{"not_picked":["hexamod:GhostShield","hexamod:Firestarter","hexamod:Rewind","hexamod:InspiringFlames"],"picked":"SKIP","floor":49},{"not_picked":["hexamod:GhostLash+1","hexamod:RecurringNightmare+1","hexamod:NightmareStrike+1"],"picked":"hexamod:Firestarter+1","floor":52},{"not_picked":["hexamod:NightmareStrike+1","hexamod:SpectersWail+1","hexamod:Incineration","hexamod:GhostLash"],"picked":"SKIP","floor":52}],"player_experience":833033,"relics_obtained":[{"floor":7.0,"key":"hubris:MobiusCoin"},{"floor":14.0,"key":"Juzu Bracelet"},{"floor":31.0,"key":"Replay:WaspNest"},{"floor":41,"key":"Lantern"},{"floor":43,"key":"hubris:TenFootPole"},{"floor":44,"key":"CatCart"},{"floor":47,"key":"Centennial Puzzle"},{"floor":52,"key":"Pet Ghost"}],"event_choices":[{"damage_healed":0.0,"max_hp_gain":0.0,"max_hp_loss":0.0,"gold_gain":0.0,"event_name":"Scrap Ooze","player_choice":"Success","floor":9.0,"gold_loss":0.0,"damage_taken":12.0,"relics_obtained":["Oddly Smooth Stone"]},{"damage_healed":0.0,"max_hp_gain":0.0,"max_hp_loss":27.0,"gold_gain":0.0,"event_name":"Vampires","player_choice":"Became a vampire","floor":28.0,"gold_loss":0.0,"damage_taken":0.0,"cards_obtained":["Bite","Bite","Bite","Bite","Bite"]},{"damage_healed":0,"gold_gain":0,"player_choice":"Fight","damage_taken":0,"max_hp_gain":0,"max_hp_loss":0,"event_name":"OrinTheCat","floor":44,"gold_loss":0}],"is_beta":false,"boss_relics":[{"not_picked":["Replay:Drink Me","Astrolabe"],"picked":"hubris:Backtick"},{"not_picked":["hubris:RunicObelisk","Replay:Ancient Bell"],"picked":"Runic Pyramid"}],"items_purged_floors":[23,37,53],"is_endless":false,"potions_floor_spawned":[4,6,8,13,14,15,20,25,31,32,39,43,44,46,47],"ascension_level":0}}