{"host":"sy26bfguqtls01um","time":1611938262,"event":{"mods":["BaseMod","DeckTracker","Hermit","Minty Spire (QoL Compilation)","Random Character Button","StSLib","SuperFastMode","The Hierophant","The Necromancer","The Servant 0.9.4","The Wild Card"],"gold_per_floor":[116,130,130,55,75,150,160,172,172,172,204,204,204,233,233,233,233],"floor_reached":16,"language":"KOR","playtime":318,"items_purged":[],"score":204,"play_id":"e6d50d84-41e3-4063-a279-a3feeb64dc6c","local_time":"20210130013742","is_ascension_mode":true,"campfire_choices":[{"data":"Life_Tap","floor":10,"key":"SMITH"},{"floor":15,"key":"REST"}],"circlet_count":0,"master_deck":["AscendersBane","Strike_W","Strike_W","Strike_W","Defend_W","Defend_W","Defend_W","Defend_W","Negative_Energy_Arrows","Bone_Wall+1","Bones_to_Steel+1","Corrupt","theWildCard:PaleRider","Finger_Of_Death","Life_Tap+1","Scare"],"relics":["Vampire_Amulet","NeowsBlessing","PreservedInsect","CeramicFish"],"acts_visited":["Exordium"],"potions_floor_usage":[11,16],"damage_taken":[{"damage":0,"enemies":"Jaw Worm","floor":1,"turns":1},{"damage":0,"enemies":"2 Louse","floor":2,"turns":2},{"damage":0,"enemies":"Cultist","floor":5,"turns":1},{"damage":26,"enemies":"3 Louse","floor":7,"turns":4},{"damage":2,"enemies":"2 Fungi Beasts","floor":8,"turns":4},{"damage":28,"enemies":"Lagavulin","floor":11,"turns":7},{"damage":15,"enemies":"Blue Slaver","floor":14,"turns":4},{"damage":26,"enemies":"Hexaghost","floor":16,"turns":11}],"seed_played":"1515806645717550906","potions_obtained":[{"floor":2,"key":"CultistPotion"},{"floor":5,"key":"Swift Potion"}],"is_trial":false,"path_per_floor":["M","M","?","?","M","?","M","M","T","R","E","?","?","M","R","B"],"character_chosen":"NECROMANCER","items_purchased":[],"campfire_rested":1,"item_purchase_floors":[],"current_hp_per_floor":[66,70,70,70,71,60,40,42,42,42,16,39,18,5,26,0,0],"gold":233,"neow_bonus":"THREE_ENEMY_KILL","is_daily":false,"chose_seed":false,"campfire_upgraded":1,"win_rate":0.0,"timestamp":1611938262,"path_taken":["M","M","?","?","M","?","?","?","T","R","E","?","?","M","R","BOSS"],"items_purchased_type":[],"build_version":"2020-12-22","purchased_purges":0,"victory":false,"max_hp_per_floor":[71,71,71,71,71,71,71,71,71,71,71,71,71,71,71,71,71],"card_choices":[{"not_picked":["Vampiric_Strike","Necrotic_Claws"],"picked":"Bones_to_Steel","floor":1},{"not_picked":["Finger_Of_Death","Epidemic"],"picked":"Corrupt","floor":2},{"not_picked":["Plague_Bolt","Shackles_Of_Pain"],"picked":"Finger_Of_Death","floor":5},{"not_picked":["Deaths_Shadow","Toxic_Smoke_Screen","Shackles_Of_Pain"],"picked":"SKIP","floor":7},{"not_picked":["Toxic_Smoke_Screen","Negative_Energy_Bomb"],"picked":"Life_Tap","floor":8},{"not_picked":["Toxic_Smoke_Screen","Exploit","Blood_Curse"],"picked":"SKIP","floor":11},{"not_picked":["Finger_Of_Death","Whirlwind_of_Bones"],"picked":"Scare","floor":14}],"player_experience":1905288,"relics_obtained":[{"floor":9,"key":"PreservedInsect"},{"floor":11,"key":"CeramicFish"}],"event_choices":[{"cards_removed":["Strike_W"],"damage_healed":0,"gold_gain":0,"player_choice":"Card Removal","damage_taken":0,"max_hp_gain":0,"max_hp_loss":0,"event_name":"The Cleric","floor":4,"gold_loss":75},{"damage_healed":0,"gold_gain":75,"player_choice":"Gather Gold","damage_taken":11,"max_hp_gain":0,"max_hp_loss":0,"event_name":"World of Goop","floor":6,"gold_loss":0},{"damage_healed":23,"gold_gain":0,"player_choice":"Banana","damage_taken":0,"max_hp_gain":0,"max_hp_loss":0,"event_name":"Big Fish","floor":12,"gold_loss":0},{"damage_healed":0,"gold_gain":0,"player_choice":"Entered Light","damage_taken":21,"max_hp_gain":0,"max_hp_loss":0,"event_name":"Shining Light","floor":13,"gold_loss":0,"cards_upgraded":["Bones_to_Steel","Bone_Wall"]}],"is_beta":false,"boss_relics":[],"items_purged_floors":[],"is_endless":false,"potions_floor_spawned":[2,5,8],"killed_by":"Hexaghost","ascension_level":20}}