{"host":"tr12w2fixbnujl15","time":1611959971,"event":{"mods":["100% Spire Juice","2.2 Compatiblity","A Penny For Your Troubles","Arknights The Spire","BaseMod","Better Skull","Better Vampires","BetterRewards","CapriCore","Clockwork Mod","Colored Powertips","Evolution","Gremlin Skip","Hermit","Hubris","Infinite Spire","JesterMod","Kalas","KinomotoSakuraMod(????)","Koishi","Mad Scientist","Magitek Elite","Mathematician","Minty Spire (QoL Compilation)","Permanent Neow","Quick Restart","Reimu??????","Relic Filter","Remilia_Scarlet Moed?????·?????3.3.5","Replay The Spire","Shop Mod","StSLib","SuperFastMode","The Accelerator","The Animator","The Bug Knight","The Construct","The Cursed","The Hayseed","The Hierophant","The Immortal","The Mystic","The Necromancer","The Runesmith","The Sage","The Senshi","The Servant 0.9.4","The Spell Scribe","The Vixen","TheFirefly","TheSwordswoman","TheVelvet","Transform Curses","WarShipGirlsR/????R mod","Yakumo Yukari mod","[IsaacMod]????"],"gold_per_floor":[118,118,39,39,9,9,9,24,24,50,63,78,91,107,107,211,211,226,244,544,560,560,560],"floor_reached":22,"language":"ENG","playtime":893,"items_purged":[],"score":263,"play_id":"4b96aa62-7c3e-4fb9-8daa-1cf51bcbccdd","local_time":"20210129173931","is_ascension_mode":false,"campfire_choices":[{"floor":7,"key":"REST"},{"data":"Machine Learning","floor":15,"key":"SMITH"}],"circlet_count":0,"master_deck":["Sweeping Beam+1","Sweeping Beam","Sweeping Beam","Sweeping Beam","Leap","Leap","Leap+1","Leap","Zap","Pulse","Static Discharge","Skim","Skim","ReplayTheSpireMod:Calculation Training","Mirror Shield","Self Repair","hubris:DoWhile","Compile Driver","Rebound","BasicCrystalCard","FIFO Queue","Machine Learning+1","Beam Cell","Genetic Algorithm","Meteor Strike","Sweeping Beam","Turbo+1","Redo","Steam Power+1","FTL","Genetic Algorithm+1","Chill","Defragment","Chaos","Fusion"],"relics":["Cracked Core","EVO:Axolotl","HushsDoor","DoctorsRemote","Prayer Wheel","AnarchistCookbook","GnawedLeaf","hubris:Backtick","hubris:Zylophone","Prayer Wheel"],"acts_visited":["Exordium","TheCity"],"potions_floor_usage":[16,19,19,21],"damage_taken":[{"damage":11,"enemies":"Jaw Worm","floor":1,"turns":2},{"damage":0,"enemies":"Jaw Worm","floor":4,"turns":2},{"damage":0,"enemies":"Small Slimes","floor":8,"turns":2},{"damage":10,"enemies":"Lagavulin","floor":10,"turns":7},{"damage":4,"enemies":"Cultist","floor":11,"turns":4},{"damage":7,"enemies":"Blue Slaver","floor":12,"turns":3},{"damage":6,"enemies":"2 Fungi Beasts","floor":13,"turns":3},{"damage":9,"enemies":"3 Louse","floor":14,"turns":2},{"damage":29,"enemies":"Slime Boss","floor":16,"turns":10},{"damage":45,"enemies":"Spheric Guardian","floor":18,"turns":10},{"damage":11,"enemies":"2 Thieves","floor":19,"turns":3},{"damage":19,"enemies":"Snake Plant","floor":21,"turns":3},{"damage":25,"enemies":"Cultist and Chosen","floor":22,"turns":4}],"seed_played":"7417053029350217105","potions_obtained":[{"floor":8,"key":"Explosive Potion"},{"floor":11,"key":"Fire Potion"},{"floor":13,"key":"ColorlessPotion"},{"floor":16,"key":"SteroidPotion"},{"floor":19,"key":"Venom Potion"}],"is_trial":false,"path_per_floor":["M","?","$","?","?","$","R","M","T","E","M","M","M","M","R","B",null,"M","M","?","M","M"],"character_chosen":"DEFECT","items_purchased":["Static Discharge"],"campfire_rested":1,"item_purchase_floors":[3],"current_hp_per_floor":[71,55,55,55,55,55,79,79,79,76,79,79,73,71,71,49,82,44,33,33,21,0,0],"gold":560,"neow_bonus":"TRANSFORM_CARD","is_daily":false,"chose_seed":false,"campfire_upgraded":1,"win_rate":0.0,"timestamp":1611959971,"path_taken":["M","?","?","?","?","?","R","M","T","E","M","?","M","?","R","BOSS","M","M","?","M","M"],"items_purchased_type":["Card"],"build_version":"2020-12-22","purchased_purges":0,"victory":false,"max_hp_per_floor":[82,82,82,82,82,82,82,82,82,82,82,82,82,82,82,82,82,82,82,82,82,82,82],"card_choices":[{"not_picked":[],"picked":"Bomb","floor":0},{"not_picked":["Leap","Steam"],"picked":"Pulse","floor":1},{"not_picked":["Streamline","Reinforced Body"],"picked":"Bomb","floor":1},{"not_picked":[],"picked":"Skim","floor":5},{"not_picked":[],"picked":"Skim","floor":5},{"not_picked":[],"picked":"ReplayTheSpireMod:Calculation Training","floor":5},{"not_picked":[],"picked":"Mirror Shield","floor":5},{"not_picked":["Leap","Streamline"],"picked":"Self Repair","floor":8},{"not_picked":["Streamline","Conserve Battery"],"picked":"hubris:DoWhile","floor":8},{"not_picked":["ReplayTheSpireMod:System Scan","Redo"],"picked":"Compile Driver","floor":10},{"not_picked":["ReplayTheSpireMod:Reroute Power","Streamline"],"picked":"Rebound","floor":11},{"not_picked":["Cold Snap","hubris:PowerSurge"],"picked":"BasicCrystalCard","floor":11},{"not_picked":["Conserve Battery","Go for the Eyes"],"picked":"FIFO Queue","floor":12},{"not_picked":["Chaos","Rebound"],"picked":"Machine Learning","floor":12},{"not_picked":["Streamline","Rebound"],"picked":"Beam Cell","floor":13},{"not_picked":["Sweeping Beam","ReplaySolidLightProjector"],"picked":"Genetic Algorithm","floor":13},{"not_picked":["Conserve Battery","Rebound"],"picked":"Meteor Strike","floor":14},{"not_picked":["Conserve Battery","Redo"],"picked":"Sweeping Beam","floor":14},{"not_picked":["All For One","Seek"],"picked":"ReplayTheSpireMod:Fabricate Wheel","floor":16},{"not_picked":["Self Repair+1","Ball Lightning"],"picked":"Turbo+1","floor":18},{"not_picked":["Panic Button+1","BasicCrystalCard"],"picked":"Redo","floor":18},{"not_picked":["Stack","Go for the Eyes+1"],"picked":"Steam Power+1","floor":18},{"not_picked":["Streamline+1","Compile Driver"],"picked":"FTL","floor":19},{"not_picked":["Streamline","BasicCrystalCard"],"picked":"Genetic Algorithm+1","floor":19},{"not_picked":["Coolheaded","Conserve Battery+1"],"picked":"Chill","floor":19},{"not_picked":["Hologram","Melter"],"picked":"Defragment","floor":21},{"not_picked":["Hologram+1","Scrape+1"],"picked":"Chaos","floor":21},{"not_picked":["Panic Button+1","Steam"],"picked":"Fusion","floor":21}],"player_experience":93644,"relics_obtained":[{"floor":9,"key":"AnarchistCookbook"},{"floor":10,"key":"GnawedLeaf"}],"event_choices":[{"damage_healed":0,"gold_gain":0,"player_choice":"Entered Light","damage_taken":16,"max_hp_gain":0,"max_hp_loss":0,"event_name":"Shining Light","floor":2,"gold_loss":0,"cards_upgraded":["Sweeping Beam","Leap"]}],"is_beta":false,"boss_relics":[{"not_picked":["Golden_Hairpin","construct:ClawGrip"],"picked":"hubris:Backtick"},{"not_picked":[]}],"items_purged_floors":[],"is_endless":false,"potions_floor_spawned":[8,11,13,16,19],"killed_by":"Cultist and Chosen","ascension_level":0}}