{"host":"kg61lsvem4dxoat8","time":1611888315,"event":{"mods":["AchievementEnabler","BaseMod","Better Altar","Better Match","Better Sensory Stone","Highlight Path","Minty Spire (QoL Compilation)","Quick Restart","Relic Sorter","Relic Stats","StSLib","Synergy Search","slay the spire mod where everything is the same but ironclad has a cowboy hat"],"gold_per_floor":[114,114,114,134,208,208,221,221,221,239,258,258,258],"floor_reached":12,"language":"ENG","playtime":216,"items_purged":[],"score":98,"play_id":"00c0ab52-0377-4930-8fe2-9788bbfc06e5","local_time":"20210129104515","is_ascension_mode":true,"campfire_choices":[{"data":"Barricade","floor":6,"key":"SMITH"},{"data":"Body Slam","floor":8,"key":"SMITH"}],"circlet_count":0,"master_deck":["Strike_R","Strike_R","Strike_R","Strike_R","Strike_R","Defend_R","Defend_R","Defend_R","Defend_R","Bash","Barricade+1","Cleave+1","Body Slam+1","Entrench","Shrug It Off"],"relics":["Burning Blood","Bottled Flame","Kunai"],"acts_visited":["Exordium"],"potions_floor_usage":[12],"damage_taken":[{"damage":14,"enemies":"Jaw Worm","floor":1,"turns":5},{"damage":7,"enemies":"Small Slimes","floor":4,"turns":3},{"damage":2,"enemies":"2 Louse","floor":7,"turns":2},{"damage":13,"enemies":"Blue Slaver","floor":10,"turns":2},{"damage":16,"enemies":"Looter","floor":11,"turns":3},{"damage":51,"enemies":"Lagavulin","floor":12,"turns":6}],"seed_played":"176537931194307816","potions_obtained":[{"floor":1,"key":"LiquidMemories"},{"floor":4,"key":"LiquidBronze"},{"floor":10,"key":"Swift Potion"},{"floor":11,"key":"Fire Potion"}],"is_trial":false,"path_per_floor":["M","?","T","M","?","R","M","R","T","M","M","E"],"character_chosen":"IRONCLAD","items_purchased":[],"campfire_rested":0,"item_purchase_floors":[],"current_hp_per_floor":[64,64,64,63,63,63,67,67,67,60,50,0,0],"gold":258,"neow_bonus":"ONE_RANDOM_RARE_CARD","is_daily":false,"chose_seed":false,"campfire_upgraded":2,"win_rate":0.0,"timestamp":1611888315,"path_taken":["M","?","?","M","?","R","M","R","T","M","?","E"],"items_purchased_type":[],"build_version":"2020-12-22","purchased_purges":0,"victory":false,"max_hp_per_floor":[80,80,80,80,80,80,80,80,80,80,80,80,80],"relic_stats":{"counters":[6,21],"Kunai":[6],"obtain_stats":[{"Bottled Flame":3,"Kunai":9,"Burning Blood":0},{"Bottled Flame":1,"Kunai":3,"Burning Blood":0},{"Bottled Flame":5,"Kunai":10,"Burning Blood":0}],"Burning Blood":30},"card_choices":[{"not_picked":["Feel No Pain","Pommel Strike"],"picked":"Cleave","floor":1},{"not_picked":["Thunderclap","Rupture","Second Wind"],"picked":"SKIP","floor":4},{"not_picked":["Dropkick","Headbutt"],"picked":"Body Slam","floor":7},{"not_picked":["Armaments","Twin Strike"],"picked":"Entrench","floor":10},{"not_picked":["Heavy Blade","Body Slam"],"picked":"Shrug It Off","floor":11}],"player_experience":1419661,"relics_obtained":[{"floor":3,"key":"Bottled Flame"},{"floor":9,"key":"Kunai"}],"event_choices":[{"damage_healed":0,"gold_gain":0,"player_choice":"Grow","damage_taken":0,"max_hp_gain":0,"max_hp_loss":0,"event_name":"Living Wall","floor":2,"gold_loss":0,"cards_upgraded":["Cleave"]},{"damage_healed":0,"gold_gain":74,"player_choice":"Gained Gold","damage_taken":0,"max_hp_gain":0,"max_hp_loss":0,"event_name":"Golden Wing","floor":5,"gold_loss":0}],"is_beta":false,"boss_relics":[],"items_purged_floors":[],"is_endless":false,"potions_floor_spawned":[1,4,10,11],"killed_by":"Lagavulin","ascension_level":8}}