{"host":"oz0i1fpezyhy8r2h","time":1611928309,"event":{"mods":["ATMod(∞¢Ë™Mod)","Act Like it!","Arknights The Spire","BaseMod","KinomotoSakuraMod(ƒæ÷Æ±æ”£)","Minty Spire (QoL Compilation)","Reimu£®≤©¿ˆ¡È√Œ£©","Remilia£®¿Ÿ√◊¿Ú—«£©","StSLib","The Bug Knight","°æ“≈ŒÔø®≈∆°øREMEMod"],"gold_per_floor":[115,46,62,78,78,108,108,131,156,168,198,198,224,241,241,339,339,354,56,67,67,86,86,120,33,59,71,71,251,261,281,281,281,281],"floor_reached":33,"language":"ZHS","playtime":1728,"items_purged":["Defend_B"],"score":287,"play_id":"746bb180-fad2-4864-9ae9-d52ff4e09e3f","local_time":"20210129215149","is_ascension_mode":false,"campfire_choices":[{"data":"Dualcast","floor":7,"key":"SMITH"},{"data":"Zap","floor":15,"key":"SMITH"},{"data":"Defragment","floor":23,"key":"SMITH"},{"data":"AT_ThreeBodyProblem","floor":28,"key":"SMITH"},{"floor":32,"key":"REST"}],"circlet_count":0,"master_deck":["Strike_B","Strike_B","Strike_B","Strike_B","Defend_B","Defend_B","Defend_B","Zap+1","Dualcast+1","Melter","AT_ThreeBodyProblem+1","BootSequence","Electrodynamics","Double Energy","Defragment+1","Darkness+1","Enlightenment","AT_DarkMatter"],"relics":["Cracked Core","AT_ATBox","REME_ComplimentaryCards","HollowMod:PaleOreRelic","Dream Catcher","Bag of Marbles","AT_EbonyIvory","MealTicket","Bronze Scales","Runic Pyramid","ClockworkSouvenir","Bottled Tornado","Centennial Puzzle"],"acts_visited":["Exordium","TheCity"],"potions_floor_usage":[6,13,31,33],"damage_taken":[{"damage":1,"enemies":"Cultist","floor":1,"turns":3},{"damage":6,"enemies":"Jaw Worm","floor":3,"turns":4},{"damage":0,"enemies":"Small Slimes","floor":4,"turns":3},{"damage":27,"enemies":"Gremlin Nob","floor":6,"turns":4},{"damage":0,"enemies":"Gremlin Gang","floor":10,"turns":3},{"damage":26,"enemies":"3 Sentries","floor":11,"turns":6},{"damage":18,"enemies":"Lagavulin","floor":13,"turns":3},{"damage":10,"enemies":"Looter","floor":14,"turns":3},{"damage":52,"enemies":"Hexaghost","floor":16,"turns":8},{"damage":0,"enemies":"Chosen","floor":18,"turns":3},{"damage":0,"enemies":"Spheric Guardian","floor":20,"turns":3},{"damage":9,"enemies":"Centurion and Healer","floor":22,"turns":3},{"damage":50,"enemies":"Book of Stabbing","floor":24,"turns":5},{"damage":6,"enemies":"Snake Plant","floor":27,"turns":3},{"damage":5,"enemies":"Snecko","floor":30,"turns":4},{"damage":7,"enemies":"Centurion and Healer","floor":31,"turns":3},{"damage":41,"enemies":"Champ","floor":33,"turns":6}],"seed_played":"-4563507377883458203","potions_obtained":[{"floor":4,"key":"SkillPotion"},{"floor":11,"key":"Fire Potion"},{"floor":13,"key":"ZuzhouPotion:ReiMu"},{"floor":18,"key":"Energy Potion"},{"floor":20,"key":"Fire Potion"},{"floor":31,"key":"REME_GoldPotion"}],"is_trial":false,"path_per_floor":["M","$","M","M","T","E","R","T","T","M","E","?","E","M","R","B",null,"M","$","M","$","M","R","E","$","T","M","R","?","M","M","R","B"],"character_chosen":"DEFECT","items_purchased":["Melter","Double Energy","ClockworkSouvenir","Enlightenment"],"campfire_rested":1,"item_purchase_floors":[2,19,19,25],"current_hp_per_floor":[81,81,75,75,75,48,48,48,48,48,22,82,64,54,54,2,82,82,82,82,82,73,73,23,38,38,32,32,13,8,1,25,0,0],"gold":281,"neow_bonus":"TEN_PERCENT_HP_BONUS","is_daily":false,"chose_seed":false,"campfire_upgraded":4,"win_rate":0.0,"timestamp":1611928309,"path_taken":["M","?","M","M","?","E","R","?","T","?","E","?","E","M","R","BOSS","M","$","M","$","M","R","E","$","T","?","R","?","M","?","R","BOSS"],"items_purchased_type":["Card","Card","Relic","Card"],"build_version":"2020-12-22","purchased_purges":1,"victory":false,"max_hp_per_floor":[82,82,82,82,82,82,82,82,82,82,82,82,82,82,82,82,82,82,82,82,82,82,82,82,82,82,82,82,82,82,82,82,82,82],"card_choices":[{"not_picked":["AT_EMC2","Leap","AT_WarpDrive"],"picked":"SKIP","floor":1},{"not_picked":["Go for the Eyes","Stack","REME_Compress"],"picked":"SKIP","floor":3},{"not_picked":["Beam Cell","Chill","Barrage"],"picked":"SKIP","floor":4},{"not_picked":["Redo","Stack","Barrage"],"picked":"SKIP","floor":6},{"not_picked":["Aggregate","Redo"],"picked":"AT_ThreeBodyProblem","floor":10},{"not_picked":["REME_Compress","Sweeping Beam","Hologram"],"picked":"SKIP","floor":11},{"not_picked":["Reprogram","Conserve Battery"],"picked":"BootSequence","floor":13},{"not_picked":["Melter","Conserve Battery","Compile Driver"],"picked":"SKIP","floor":14},{"not_picked":["REME_ForAll","Multi-Cast"],"picked":"Electrodynamics","floor":16},{"not_picked":["Conserve Battery","Steam","Stack+1"],"picked":"SKIP","floor":18},{"not_picked":["Melter","Stack+1","Leap+1"],"picked":"SKIP","floor":20},{"not_picked":["Leap+1","Self Repair"],"picked":"Defragment","floor":22},{"not_picked":["Defragment","Conserve Battery+1"],"picked":"Darkness+1","floor":24},{"not_picked":["Double Energy","Electrodynamics","Sweeping Beam"],"picked":"SKIP","floor":27},{"not_picked":["Rip and Tear","Gash","Stack"],"picked":"SKIP","floor":30},{"not_picked":["Ball Lightning","Compile Driver+1"],"picked":"AT_DarkMatter","floor":31}],"player_experience":207196,"relics_obtained":[{"floor":5,"key":"HollowMod:PaleOreRelic"},{"floor":6,"key":"Dream Catcher"},{"floor":8,"key":"Bag of Marbles"},{"floor":9,"key":"AT_EbonyIvory"},{"floor":11,"key":"MealTicket"},{"floor":13,"key":"Bronze Scales"},{"floor":24,"key":"Bottled Tornado"},{"floor":26,"key":"Centennial Puzzle"}],"event_choices":[{"cards_removed":["AT_ThreeBodyProblem"],"damage_healed":60,"gold_gain":0,"player_choice":"Offered Uncommon","damage_taken":0,"max_hp_gain":0,"max_hp_loss":0,"event_name":"Bonfire Elementals","floor":12,"gold_loss":0},{"damage_healed":0,"gold_gain":180,"player_choice":"GOLD GOLD ","damage_taken":19,"max_hp_gain":0,"max_hp_loss":0,"event_name":"Knowing Skull","floor":29,"potions_obtained":[],"gold_loss":0,"cards_obtained":[]}],"is_beta":false,"boss_relics":[{"not_picked":["Ectoplasm","Tiny House"],"picked":"Runic Pyramid"}],"items_purged_floors":[19],"is_endless":false,"potions_floor_spawned":[4,11,13,18,20,31],"killed_by":"Champ","ascension_level":0}}