{"host":"hca6liskeo7s99fa","time":1611887624,"event":{"mods":["BaseMod","Downfall","Hermit","Minty Spire (QoL Compilation)","Replay The Spire","StSLib"],"gold_per_floor":[10,20,20,45,75,75,126,126,126,174,196,48,87,87,87,202,202,230,230,230,259,64,105,123,172,195,247,247,259,259],"floor_reached":29,"language":"ENG","playtime":2505,"items_purged":["hermit:Defend_Hermit"],"score":324,"play_id":"de57907e-60c2-4c95-961f-8abd2a077ddf","local_time":"20210128213344","is_ascension_mode":false,"campfire_choices":[{"data":"hermit:Ricochet","floor":6,"key":"SMITH"},{"data":"hermit:FlashPowder","floor":8,"key":"SMITH"},{"floor":15,"key":"DIG"},{"data":"hermit:EternalForm","floor":28,"key":"SMITH"}],"circlet_count":0,"master_deck":["hermit:Defend_Hermit","hermit:Defend_Hermit+1","hermit:Defend_Hermit","hermit:Snapshot","hermit:Covet","hermit:Determination+1","hermit:Gambit","hermit:Enervate","hermit:WideOpen","hermit:Ricochet+1","hermit:FlashPowder+1","hermit:HoleUp","hermit:Dive","hermit:EternalForm+1","hermit:TrackingShot","Parasite","hermit:HeroicBravado","AbeCurse","hermit:Virtue","Bite","Bite","Bite","Bite","Bite","hermit:HoleUp","hermit:Brawl","hermit:HoleUp","hermit:Combo","hermit:Spite","hermit:RoundhouseKick","hermit:Brawl"],"relics":["hermit:Momento","Replay:Bandana","Oddly Smooth Stone","InkBottle","WingedGreaves","Pear","HornCleat","Abe\u0027s Treasure","Pantograph","Replay:Ringing Soul","Toy Ornithopter","Golden Egg"],"acts_visited":["Exordium","TheCity"],"potions_floor_usage":[7,7,13,13,23,29],"damage_taken":[{"damage":5,"enemies":"Small Slimes","floor":1,"turns":4},{"damage":0,"enemies":"Jaw Worm","floor":2,"turns":1},{"damage":1,"enemies":"2 Louse","floor":5,"turns":2},{"damage":15,"enemies":"Gremlin Nob","floor":7,"turns":4},{"damage":8,"enemies":"Replay:BlueRogue","floor":10,"turns":3},{"damage":0,"enemies":"Blue Slaver","floor":11,"turns":3},{"damage":12,"enemies":"Gremlin Nob","floor":13,"turns":4},{"damage":3,"enemies":"Hexaghost","floor":16,"turns":13},{"damage":11,"enemies":"Spheric Guardian","floor":18,"turns":4},{"damage":1,"enemies":"3 Byrds","floor":21,"turns":7},{"damage":49,"enemies":"Slavers","floor":23,"turns":7},{"damage":1,"enemies":"Centurion and Healer","floor":24,"turns":4},{"damage":1,"enemies":"Replay:Snechameleon","floor":25,"turns":6},{"damage":13,"enemies":"Book of Stabbing","floor":27,"turns":7},{"damage":52,"enemies":"Slavers","floor":29,"turns":3}],"seed_played":"-2091300473117053924","potions_obtained":[{"floor":1,"key":"Weak Potion"},{"floor":2,"key":"AttackPotion"},{"floor":7,"key":"Strength Potion"},{"floor":11,"key":"hexamod:SoulburnPotion"},{"floor":21,"key":"Venom Potion"},{"floor":27,"key":"SkillPotion"}],"is_trial":false,"path_per_floor":["M","M","?","T","M","R","E","R","T","E","M","$","E","?","R","B",null,"M","?","?","M","$","E","M","E","T","E","R","E"],"character_chosen":"HERMIT","items_purchased":["hermit:EternalForm","hermit:Brawl","hermit:HoleUp"],"campfire_rested":0,"item_purchase_floors":[12,22,22],"current_hp_per_floor":[70,70,55,55,54,54,39,39,39,31,31,31,29,50,50,47,85,74,74,59,59,59,18,23,35,35,39,39,0,0],"gold":259,"neow_bonus":"TRANSFORM_TWO_CARDS","is_daily":false,"chose_seed":false,"campfire_upgraded":3,"win_rate":0.0,"timestamp":1611887624,"path_taken":["M","M","?","?","M","R","E","R","T","E","M","$","E","?","R","BOSS","M","?","?","M","$","E","M","E","T","E","R","E"],"items_purchased_type":["Card","Card","Card"],"build_version":"2020-12-22","purchased_purges":1,"victory":false,"max_hp_per_floor":[75,75,75,75,75,75,75,75,75,75,75,75,85,85,85,85,85,85,85,59,59,59,59,59,62,62,65,65,65,65],"card_choices":[{"not_picked":["hermit:FlashPowder","hermit:Determination"],"picked":"hermit:Enervate","floor":1},{"not_picked":["hermit:Manifest","hermit:CalledShot"],"picked":"hermit:WideOpen","floor":2},{"not_picked":["hermit:Determination","hermit:BigShot"],"picked":"hermit:Ricochet","floor":5},{"not_picked":["hermit:Coalescence","hermit:Enervate"],"picked":"hermit:FlashPowder","floor":7},{"not_picked":["hermit:DeadMansHand","hermit:Ricochet"],"picked":"hermit:HoleUp","floor":10},{"not_picked":["hermit:PistolWhip","hermit:Manifest"],"picked":"hermit:Dive","floor":11},{"not_picked":["hermit:ItchyTrigger","hermit:CalledShot"],"picked":"hermit:TrackingShot","floor":13},{"not_picked":["hermit:Gambit","hermit:Magnum"],"picked":"hermit:HeroicBravado","floor":16},{"not_picked":["hermit:LoneWolf+1","hermit:HighCaliber"],"picked":"hermit:Virtue","floor":18},{"not_picked":["hermit:Scavenge","hermit:Vantage+1"],"picked":"hermit:HoleUp","floor":21},{"not_picked":["hermit:Roulette","hermit:Horror"],"picked":"hermit:Combo","floor":23},{"not_picked":["hermit:CursedWeapon+1","hermit:HoleUp"],"picked":"hermit:Spite","floor":24},{"not_picked":["hermit:ShadowCloak","hermit:TrackingShot"],"picked":"hermit:RoundhouseKick","floor":25},{"not_picked":["hermit:CursedWeapon+1","hermit:BigShot"],"picked":"hermit:Brawl","floor":27}],"player_experience":285344,"relics_obtained":[{"floor":4,"key":"Replay:Bandana"},{"floor":7,"key":"Oddly Smooth Stone"},{"floor":9,"key":"InkBottle"},{"floor":10,"key":"WingedGreaves"},{"floor":13,"key":"Pear"},{"floor":15,"key":"HornCleat"},{"floor":23,"key":"Pantograph"},{"floor":25,"key":"Replay:Ringing Soul"},{"floor":26,"key":"Toy Ornithopter"},{"floor":27,"key":"Golden Egg"}],"event_choices":[{"damage_healed":0,"gold_gain":0,"player_choice":"Entered Light","damage_taken":15,"max_hp_gain":0,"max_hp_loss":0,"event_name":"Shining Light","floor":3,"gold_loss":0,"cards_upgraded":["hermit:Defend_Hermit","hermit:Determination"]},{"damage_healed":21,"gold_gain":0,"player_choice":"Healed and dodged fight","damage_taken":0,"max_hp_gain":0,"max_hp_loss":0,"event_name":"Mushrooms","floor":14,"gold_loss":0,"cards_obtained":["Parasite"]},{"damage_healed":0,"gold_gain":0,"player_choice":"Ignored","damage_taken":0,"max_hp_gain":0,"max_hp_loss":0,"event_name":"Ghosts","floor":19,"gold_loss":0},{"damage_healed":0,"gold_gain":0,"player_choice":"Became a vampire","damage_taken":0,"max_hp_gain":0,"max_hp_loss":26,"event_name":"Vampires","floor":20,"gold_loss":0,"cards_obtained":["Bite","Bite","Bite","Bite","Bite"]}],"is_beta":false,"boss_relics":[{"not_picked":["Painkiller Herb","Ectoplasm"],"picked":"Abe\u0027s Treasure"}],"items_purged_floors":[22],"is_endless":false,"potions_floor_spawned":[1,2,7,11,21,27],"killed_by":"Slavers","ascension_level":0}}