{"host":"6jrnojxwearbrjzo","time":1611919171,"event":{"mods":["BaseMod","Conspire","Downfall","Highlight Path","Marisa（F雨　魔理沙）","Minty Spire (QoL Compilation)","MostiFishMod","Quick Restart","Random Character Button","Shop Mod","Spicy Shops","StSLib","The Construct","The Servant 0.9.4","Yuyuko","[功能]功能增强和修复MOD","篝火指南"],"gold_per_floor":[119,167,167,167,191,134,161,161,233,-1141,-1076,-1076,-1035,-969,-969,-853,-853,-806,-787,-787,-766,-757,-727,-714,-657,-657,-657,-645,-571,-559,-547,-535,-422,-410,-351,-339,-327,-225,-213,-171,125,171,194,261,226,226,226,226,96,96],"floor_reached":51,"language":"ZHS","playtime":1345,"items_purged":["Regret","Defend_G","Defend_G","Strike_G","Strike_G","Defend_G","Strike_G","Defend_G","Regret","Strike_G","Strike_G","Defend_G","Neutralize"],"score":2141,"play_id":"a74bd20f-75fb-41b9-9a14-b79690a20ab0","local_time":"20210129191931","is_ascension_mode":true,"campfire_choices":[{"floor":8.0,"key":"REST"},{"data":"Storm of Steel","floor":15.0,"key":"SMITH"},{"data":"MostiFishMod:Dislodge","floor":32.0,"key":"SMITH"}],"circlet_count":4,"master_deck":["AscendersBane","Survivor+1","Dagger Spray","MostiFishMod:Opportunism+1","HandOfGreedExtend+1","Acrobatics+1","Dagger Throw+1","Concentrate+1","Storm of Steel+1","MostiFishMod:Dislodge+2","MostiFishMod:PerfectForm+1","Finisher+1","Reflex","MostiFishMod:Awakening+1","MostiFishMod:ButterFly+1","Dagger Spray+1"],"relics":["DaveBox","NightmareShop","Jackal-EndForJourney","SynthV:TestCard","DiscerningMonocle","conspire:GiftBox","Letter Opener","Eternal Feather","Civilization","CeramicFish","MerchantsRug","Regal Pillow","War Paint","SynthV","The Courier","Odd Mushroom","White Beast Statue","conspire:TopHat","conspire:DeflatedDodgeball","Blood Vial","Whetstone","SynthV:MejaisSoulstealer","Lantern","Strawberry","PatriotShield","Snake Skull","Vajra","ImprovedEquipment","Juzu Bracelet","MawBank","SynthV:C4","Black Star","PreservedInsect","conspire:BottledYoYo","conspire:Dentures","Gremlin Horn","StrikeDummy","conspire:Flyswatter","Oddly Smooth Stone","Boot","Anchor","TakeMeEscape","Happy Flower","DianPoetry","Omamori","Calipers","Centennial Puzzle","CaptainsWheel","Gambling Chip","InkBottle","Blue Candle","Molten Egg 2","Mummified Hand","Sundial","Darkstone Periapt","conspire:DecoderRing","Bottled Lightning","Bottled Flame","Turnip","Ninja Scroll","Paper Crane","Girya","MostiFishMod:Haymaker","Kunai","Peace Pipe","Lizard Tail","Dead Branch","DianDianMeat","SentryEyes","Pantograph","Dream Catcher","conspire:Boomerang","Prayer Wheel","Torii","conspire:GlowingRock","HollowDreamFlower","CombinedTypeHook","Technique","Tough Bandages","Pocketwatch","Incense Burner","Shuriken","Tingsha","Mango","conspire:InfiniteJournal","BionicSphere","ThornShield","Ice Cream","FossilizedHelix","ArrowTower","Thread and Needle","DaCapo","construct:RocketBooster","Du-Vu Doll","Ginger","construct:BoolHorns","OriginationStaff","StoneCalendar","Bird Faced Urn","The Specimen","TungstenRod","Circlet","TheAbacus","Sling","OrangePellets","BrkXgEgg"],"acts_visited":["Exordium","TheCity","TheBeyond"],"potions_floor_usage":[44],"damage_taken":[{"damage":2.0,"enemies":"conspire:RoseBush","floor":1.0,"turns":2.0},{"damage":0.0,"enemies":"Small Slimes","floor":5.0,"turns":1.0},{"damage":1.0,"enemies":"The Mushroom Lair","floor":7.0,"turns":2.0},{"damage":0.0,"enemies":"Gremlin Nob","floor":11.0,"turns":2.0},{"damage":0.0,"enemies":"3 Sentries","floor":14.0,"turns":2.0},{"damage":0.0,"enemies":"Slime Boss","floor":16.0,"turns":2.0},{"damage":0.0,"enemies":"Chosen","floor":18.0,"turns":2.0},{"damage":0.0,"enemies":"conspire:FuzzyDice","floor":19.0,"turns":2.0},{"damage":0.0,"enemies":"Centurion and Healer","floor":21.0,"turns":2.0},{"damage":1.0,"enemies":"Gremlin Leader","floor":23.0,"turns":2.0},{"damage":0.0,"enemies":"Snecko","floor":24.0,"turns":2.0},{"damage":0.0,"enemies":"conspire:Head Lice","floor":25.0,"turns":3.0},{"damage":0.0,"enemies":"Book of Stabbing","floor":29.0,"turns":1.0},{"damage":0.0,"enemies":"Champ","floor":33.0,"turns":2.0},{"damage":0.0,"enemies":"3 Shapes","floor":35.0,"turns":1.0},{"damage":0,"enemies":"Nemesis","floor":40,"turns":1},{"damage":0,"enemies":"Giant Head","floor":44,"turns":1},{"damage":0,"enemies":"Donu and Deca","floor":50,"turns":1}],"seed_played":"-3092177975108554111","potions_obtained":[{"floor":1.0,"key":"Weak Potion"},{"floor":11.0,"key":"DuplicationPotion"},{"floor":11.0,"key":"Dexterity Potion"},{"floor":14.0,"key":"SteroidPotion"},{"floor":14.0,"key":"AttackPotion"},{"floor":16.0,"key":"Strength Potion"},{"floor":19.0,"key":"Guardian:BlockOnCardUsePotion"},{"floor":21.0,"key":"Dexterity Potion"},{"floor":29.0,"key":"Fruit Juice"},{"floor":29.0,"key":"GamblersBrew"},{"floor":40,"key":"Block Potion"},{"floor":44,"key":"Fruit Juice"},{"floor":44,"key":"SkillPotion"},{"floor":44,"key":"PowerPotion"},{"floor":44,"key":"SkillPotion"}],"is_trial":false,"path_per_floor":["M","$","?","?","M","R","?","R","T","$","E","?","$","E","R","B",null,"M","M","T","M","?","E","M","E","T","T","$","E","?","$","R","B",null,"M","?","?","$","?","E","?","$","T","E","R","?","$","T","R","B",null],"character_chosen":"THE_SILENT","items_purchased":["DiscerningMonocle","conspire:GiftBox","Letter Opener","Eternal Feather","Civilization","CeramicFish","MerchantsRug","HandOfGreedExtend","Acrobatics","SkillPotion","Poison Potion","conspire:TimeTravelPotion","SteroidPotion","War Paint","SynthV","The Courier","ColorlessPotion","ColorlessPotion","CunningPotion","Dexterity Potion","conspire:TopHat","conspire:DeflatedDodgeball","Blood Vial","Whetstone","SynthV:MejaisSoulstealer","conspire:Dentures","Gremlin Horn","StrikeDummy","conspire:Flyswatter","Oddly Smooth Stone","Boot","Anchor","TakeMeEscape","Happy Flower","DianPoetry","Omamori","Calipers","Centennial Puzzle","CaptainsWheel","Gambling Chip","InkBottle","Blue Candle","Molten Egg 2","Mummified Hand","Sundial","Darkstone Periapt","conspire:DecoderRing","Bottled Lightning","Bottled Flame","Turnip","Ninja Scroll","Paper Crane","Girya","MostiFishMod:Haymaker","Kunai","Peace Pipe","Lizard Tail","Dead Branch","DianDianMeat","SentryEyes","Pantograph","Dream Catcher","conspire:Boomerang","Prayer Wheel","Torii","conspire:GlowingRock","HollowDreamFlower","CombinedTypeHook","Technique","Tough Bandages","Pocketwatch","Incense Burner","Shuriken","Tingsha","Mango","conspire:InfiniteJournal","BionicSphere","ThornShield","Ice Cream","FossilizedHelix","ArrowTower","Thread and Needle","DaCapo","construct:RocketBooster","Du-Vu Doll","Ginger","construct:BoolHorns","OriginationStaff","StoneCalendar","Bird Faced Urn","The Specimen","TungstenRod","MostiFishMod:PerfectForm","Finisher+1","TheAbacus","DistilledChaos","Sling","OrangePellets","BrkXgEgg","MostiFishMod:Awakening+1","MostiFishMod:ButterFly+1","Dagger Spray+1"],"campfire_rested":1,"item_purchase_floors":[2,2,2,2,2,2,2,2,2,2,2,2,2,6,6,6,6,6,6,6,10,10,10,10,10,42,42,42,42,42,42,42,42,42,42,42,42,42,42,42,42,42,42,42,42,42,42,42,42,42,42,42,42,42,42,42,42,42,42,42,42,42,42,42,42,42,42,42,42,42,42,42,42,42,42,42,42,42,42,42,42,42,42,42,42,42,42,42,42,42,42,42,42,42,45,45,47,49,49,49,49,49],"current_hp_per_floor":[57,57,12,12,14,20,26,68,68,68,75,75,75,89,90,95,95,100,105,105,110,110,114,120,125,125,125,125,135,145,145,145,150,150,155,155,155,155,155,160,160,177,177,190,190,190,190,190,205,210],"gold":96,"neow_bonus":"BOSS_RELIC","is_daily":false,"chose_seed":false,"campfire_upgraded":2,"win_rate":0.0,"timestamp":1611919171,"path_taken":["M","$","?","?","?","R","?","R","T","?","E","?","$","E","R","BOSS","M","?","?","?","?","E","?","E","T","?","?","E","?","?","R","BOSS","M","?","?","$","?","E","?","?","T","E","R","?","$","?","R","BOSS"],"items_purchased_type":["Relic","Relic","Relic","Relic","Relic","Relic","Relic","Card","Card","Potion","Potion","Potion","Potion","Relic","Relic","Relic","Potion","Potion","Potion","Potion","Relic","Relic","Relic","Relic","Relic","Relic","Relic","Relic","Relic","Relic","Relic","Relic","Relic","Relic","Relic","Relic","Relic","Relic","Relic","Relic","Relic","Relic","Relic","Relic","Relic","Relic","Relic","Relic","Relic","Relic","Relic","Relic","Relic","Relic","Relic","Relic","Relic","Relic","Relic","Relic","Relic","Relic","Relic","Relic","Relic","Relic","Relic","Relic","Relic","Relic","Relic","Relic","Relic","Relic","Relic","Relic","Relic","Relic","Relic","Relic","Relic","Relic","Relic","Relic","Relic","Relic","Relic","Relic","Relic","Relic","Relic","Relic","Card","Card","Relic","Potion","Relic","Relic","Relic","Card","Card","Card"],"build_version":"2020-12-22","purchased_purges":13,"victory":true,"max_hp_per_floor":[66,66,66,66,68,68,73,73,73,73,78,78,78,90,90,95,95,100,105,105,110,110,115,120,125,125,125,125,135,145,145,145,150,150,155,155,155,155,155,160,160,177,177,190,190,190,190,190,205,210],"card_choices":[{"not_picked":["PiercingWail","Blade Dance"],"picked":"Dagger Spray","floor":1.0},{"not_picked":["MostiFishMod:WinterMarkForm","Die Die Die"],"picked":"MostiFishMod:Opportunism","floor":2.0},{"not_picked":["PiercingWail","MostiFishMod:PerfectParry","Underhanded Strike","Quick Slash"],"picked":"Dagger Throw","floor":5.0},{"not_picked":["Bane","Calculated Gamble","Backflip","Flying Knee"],"picked":"Concentrate","floor":11.0},{"not_picked":["Flying Knee","Crippling Poison","Skewer","Expertise"],"picked":"Storm of Steel","floor":14.0},{"not_picked":["MostiFishMod:Neurotoxin","Wraith Form v2","Burst","Doppelganger"],"picked":"MostiFishMod:FullyArmed","floor":16.0},{"not_picked":["MostiFishMod:FrostNova","Accuracy","Eviscerate+1","Bane","Slice"],"picked":"SKIP","floor":18.0},{"not_picked":["PiercingWail","Concentrate","Bane","Blade Dance","Sucker Punch"],"picked":"SKIP","floor":19.0},{"not_picked":["Deflect","MostiFishMod:PerfectParry+1","Deadly Poison","Blade Dance"],"picked":"MostiFishMod:Listen","floor":21.0},{"not_picked":["Outmaneuver","MostiFishMod:VineMother","Calculated Gamble","Dodge and Roll","Flying Knee"],"picked":"SKIP","floor":23.0},{"not_picked":["Backflip","Heel Hook+1","Deadly Poison","Calculated Gamble","Predator"],"picked":"SKIP","floor":24.0},{"not_picked":["MostiFishMod:PerfectParry+1","Footwork","Quick Slash","Bullet Time","Slice+1"],"picked":"SKIP","floor":25.0},{"not_picked":["Underhanded Strike","Flying Knee+1","Riddle With Holes","Flechettes","Deflect"],"picked":"SKIP","floor":29.0},{"not_picked":["Quick Slash+1","Dagger Throw","Sucker Punch","PiercingWail+1","Slice+1"],"picked":"SKIP","floor":35.0},{"not_picked":["Outmaneuver+1","Well Laid Plans","MostiFishMod:LethalBlade","Blade Dance","Cloak And Dagger"],"picked":"SKIP","floor":40},{"not_picked":["Infinite Blades","Blade Dance+1","Dagger Throw+1","Escape Plan+1"],"picked":"Reflex","floor":44}],"player_experience":128056,"relics_obtained":[{"floor":1.0,"key":"SynthV:TestCard"},{"floor":7.0,"key":"Odd Mushroom"},{"floor":9.0,"key":"White Beast Statue"},{"floor":11.0,"key":"Lantern"},{"floor":14.0,"key":"Strawberry"},{"floor":20.0,"key":"Snake Skull"},{"floor":23.0,"key":"Vajra"},{"floor":25.0,"key":"ImprovedEquipment"},{"floor":26.0,"key":"Juzu Bracelet"},{"floor":27.0,"key":"MawBank"},{"floor":29.0,"key":"SynthV:C4"},{"floor":40,"key":"PreservedInsect"},{"floor":40,"key":"conspire:BottledYoYo"},{"floor":43,"key":"Circlet"},{"floor":44,"key":"Circlet"},{"floor":44,"key":"Circlet"},{"floor":48,"key":"Circlet"}],"event_choices":[{"damage_healed":0.0,"max_hp_gain":0.0,"max_hp_loss":0.0,"gold_gain":0.0,"event_name":"Scrap Ooze","player_choice":"Success","floor":3.0,"gold_loss":0.0,"damage_taken":45.0,"relics_obtained":["Regal Pillow"]},{"damage_healed":0.0,"max_hp_gain":0.0,"max_hp_loss":0.0,"gold_gain":0.0,"event_name":"Upgrade Shrine","player_choice":"Upgraded","floor":4.0,"gold_loss":0.0,"damage_taken":0.0,"cards_upgraded":["Eruption"]},{"damage_healed":0.0,"max_hp_gain":0.0,"max_hp_loss":0.0,"gold_gain":0.0,"event_name":"Mushrooms","player_choice":"Fought Mushrooms","floor":7.0,"gold_loss":0.0,"damage_taken":0.0},{"damage_healed":0.0,"max_hp_gain":0.0,"max_hp_loss":0.0,"gold_gain":0.0,"event_name":"Lab","player_choice":"Got Potions","floor":12.0,"gold_loss":0.0,"damage_taken":0.0},{"damage_healed":0.0,"max_hp_gain":0.0,"max_hp_loss":0.0,"gold_gain":0.0,"event_name":"Match and Keep!","player_choice":"1 cards matched","floor":22.0,"gold_loss":0.0,"damage_taken":0.0,"cards_obtained":["MostiFishMod:Dislodge"]},{"cards_removed":["MostiFishMod:Listen"],"damage_healed":0.0,"max_hp_gain":10.0,"max_hp_loss":0.0,"gold_gain":0.0,"event_name":"Bonfire Elementals","player_choice":"Offered Rare","floor":30.0,"gold_loss":0.0,"damage_taken":0.0},{"damage_healed":0.0,"max_hp_gain":0.0,"max_hp_loss":0.0,"gold_gain":0.0,"event_name":"SensoryStone","player_choice":"Memory 1","floor":36.0,"gold_loss":0.0,"damage_taken":0.0},{"cards_removed":["Eruption"],"damage_healed":0.0,"max_hp_gain":0.0,"max_hp_loss":0.0,"gold_gain":0.0,"event_name":"Falling","player_choice":"Removed Attack","floor":37.0,"gold_loss":0.0,"damage_taken":0.0},{"damage_healed":0,"gold_gain":0,"player_choice":"Ignored","damage_taken":0,"max_hp_gain":0,"max_hp_loss":0,"event_name":"SecretPortal","floor":39,"gold_loss":0},{"damage_healed":0,"gold_gain":275,"player_choice":"Desecrate","damage_taken":0,"max_hp_gain":0,"max_hp_loss":0,"event_name":"Golden Shrine","floor":41,"gold_loss":0,"cards_obtained":["Regret"]},{"damage_healed":0,"gold_gain":0,"player_choice":"Forge","damage_taken":0,"max_hp_gain":0,"max_hp_loss":0,"event_name":"Accursed Blacksmith","floor":46,"gold_loss":0,"cards_upgraded":["MostiFishMod:Dislodge"]}],"is_beta":false,"boss_relics":[{"not_picked":["Fusion Hammer","MoonlightInvasionPlan"],"picked":"PatriotShield"},{"not_picked":["Empty Cage","ExusiaiGun"],"picked":"Black Star"}],"items_purged_floors":[2,2,2,2,2,2,42,42,42,42,42,42,42],"is_endless":false,"potions_floor_spawned":[1,5,11,11,11,11,14,14,14,14,16,16,18,18,18,19,19,21,23,23,24,24,24,25,25,25,25,29,29,29,33,33,33,35,40,44,44,44,44],"ascension_level":15}}