{"host":"1vzdexsn8vtq5lt7","time":1611933144,"event":{"mods":["Act Like it!","BaseMod","Colored Map","Colored Powertips","Conspire","Downfall","Easy Mod","Energized Spire","Minty Spire (QoL Compilation)","Quick Restart","Relic Stats","Replay The Spire","StSLib","SuperFastMode","TestMod","【功能Mod】Neow奖励","【功能Mod】混沌之环修复补丁","【功能Mod】精心准备","【遗物卡牌】REMEMod","没有小屋子和绿帽子啦"],"gold_per_floor":[99,117,109,306,306,355,405,331,331,331,378,278,304,324,342,463,463,463,490,519,549,584,322,322,349,379,379,379,379,404,436,447,560,560,460,487,262,281,297,345,345,362,377,418,418,418,434,450,468,473],"floor_reached":51,"language":"ZHS","playtime":1719,"items_purged":["EasyMod:card_1","hexamod:Defend","hexamod:SixthSeal"],"score":1317,"play_id":"0bb9812b-09ee-4cbb-8085-8c19d3f77537","local_time":"20210129231224","is_ascension_mode":true,"campfire_choices":[{"data":"LessonLearned","floor":1.0,"key":"SMITH"},{"data":"hexamod:GiftsFromTheDead","floor":9.0,"key":"SMITH"},{"data":"hexamod:GiftsFromTheDead","floor":12.0,"key":"SMITH"},{"data":"hexamod:TimeOfNeed","floor":18.0,"key":"SMITH"},{"data":"hexamod:PhantomCloak","floor":27,"key":"SMITH"},{"floor":29,"key":"RECALL"},{"data":"hexamod:VolcanoVisage","floor":35,"key":"SMITH"},{"data":"hexamod:WildfireWeapon","floor":45,"key":"SMITH"}],"circlet_count":0,"master_deck":["hexamod:Strike+1","hexamod:Strike+1","hexamod:Strike+1","hexamod:Defend+1","hexamod:Defend+1","hexamod:Defend+1","hexamod:Sear+1","hexamod:Float+1","LessonLearned+1","hexamod:GhostShield+1","hexamod:FlamesFromBeyond+1","hexamod:GiftsFromTheDead+1","hexamod:SpectersWail+1","hexamod:Hexaguard+1","hexamod:RecurringNightmare+1","hexamod:GiftsFromTheDead+1","hexamod:ApocalypseNow+1","hexamod:EmpoweredFlame+1","hexamod:UnlimitedPower+1","hexamod:TimeOfNeed+1","hexamod:FlamesFromBeyond+1","hexamod:PhantomCloak+1","hexamod:PhantomCloak+1","hexamod:PowerFromBeyond+1","hexamod:SixthSeal","hexamod:FourthSeal","hexamod:PowerFromBeyond+1","hexamod:VolcanoVisage+1","hexamod:EtherealExpedition+1","hexamod:ForkedFlame+1","expansioncontent:StudyTheSpire+1","hexamod:NightmareGuise+1","hexamod:EmpoweredFlame+1","hexamod:VolcanoVisage+1","hexamod:WildfireWeapon+1","hexamod:GhostflameInferno","hexamod:RainOfEmbers+1","hexamod:BacktrackSmack"],"relics":["hexamod:SpiritBrand","EasyMod:Easy_8","EasyMod:Easy_1","EasyMod:Easy_2","testmod-TestBox","REME_ComplimentaryCards","testmod-ObsoleteBoomerang","REME_LimitBreaker","conspire:TopHat","Bird Faced Urn","testmod-Antiphasic","Guardian:PocketSentry","downfall:HeartBlessingGreen","Ring of Chaos","Blood Vial","REME_CardOfGreed","StrikeDummy","hexamod:TheBrokenSeal","testmod-Acrobat","Replay:Wax Seal","Pen Nib","testmod-CardMagician","downfall:HeartBlessingRed","ReplayTheSpireMod:Lightbulb","Bottled Flame","Turnip","testmod-Nyarlathotep","Bottled Lightning","testmod-LifeArmor"],"acts_visited":["Exordium","TheCity","TheBeyond"],"potions_floor_usage":[25,33,40,44,48],"damage_taken":[{"damage":0.0,"enemies":"Jaw Worm","floor":2.0,"turns":4.0},{"damage":24.0,"enemies":"Lagavulin","floor":6.0,"turns":7.0},{"damage":0.0,"enemies":"downfall:FleeingMerchant","floor":8.0,"turns":4.0},{"damage":11.0,"enemies":"3 Sentries","floor":11.0,"turns":7.0},{"damage":0.0,"enemies":"Small Slimes","floor":13.0,"turns":3.0},{"damage":0.0,"enemies":"2 Louse","floor":14.0,"turns":1.0},{"damage":0.0,"enemies":"2 Fungi Beasts","floor":15.0,"turns":2.0},{"damage":3.0,"enemies":"IC_STATUS_ARCHETYPE","floor":16.0,"turns":6.0},{"damage":2.0,"enemies":"3 Byrds","floor":19.0,"turns":4.0},{"damage":28.0,"enemies":"Shell Parasite","floor":20.0,"turns":4.0},{"damage":1.0,"enemies":"Centurion and Healer","floor":21.0,"turns":6.0},{"damage":0.0,"enemies":"Snake Plant","floor":22.0,"turns":4.0},{"damage":5,"enemies":"downfall:FleeingMerchant","floor":23,"turns":4},{"damage":11,"enemies":"3 Cultists","floor":25,"turns":4},{"damage":0,"enemies":"conspire:SneckoGhost","floor":26,"turns":4},{"damage":0,"enemies":"Centurion and Healer","floor":30,"turns":2},{"damage":13,"enemies":"Slavers","floor":31,"turns":3},{"damage":0,"enemies":"Snecko","floor":32,"turns":2},{"damage":25,"enemies":"DF_ARCHETYPE_CLAW","floor":33,"turns":5},{"damage":0,"enemies":"3 Darklings","floor":36,"turns":3},{"damage":0,"enemies":"downfall:FleeingMerchant","floor":37,"turns":3},{"damage":7,"enemies":"Orb Walker","floor":38,"turns":2},{"damage":0,"enemies":"Sphere and 2 Shapes","floor":39,"turns":2},{"damage":0,"enemies":"Giant Head","floor":40,"turns":6},{"damage":0,"enemies":"3 Darklings","floor":42,"turns":2},{"damage":11,"enemies":"4 Shapes","floor":43,"turns":2},{"damage":3,"enemies":"R_Hoarder","floor":44,"turns":3},{"damage":0,"enemies":"Sphere and 2 Shapes","floor":47,"turns":1},{"damage":5,"enemies":"Writhing Mass","floor":48,"turns":3},{"damage":0,"enemies":"Spire Growth","floor":49,"turns":3},{"damage":3,"enemies":"SI_POISON_ARCHETYPE","floor":50,"turns":3}],"seed_played":"-6847622141049718720","potions_obtained":[{"floor":2.0,"key":"Cursed Concoction"},{"floor":6.0,"key":"AttackPotion"},{"floor":6.0,"key":"Weak Potion"},{"floor":8.0,"key":"AttackPotion"},{"floor":13.0,"key":"Energy Potion"},{"floor":15.0,"key":"testmod-SpacePotion"},{"floor":15.0,"key":"champ:CounterPotion"},{"floor":16.0,"key":"DistilledChaos"},{"floor":16.0,"key":"testmod-TestPotion"},{"floor":22.0,"key":"Ancient Potion"},{"floor":26,"key":"Fire Potion"},{"floor":33,"key":"DuplicationPotion"},{"floor":40,"key":"PowerPotion"},{"floor":42,"key":"Adrenaline Potion"},{"floor":44,"key":"Fruit Juice"},{"floor":47,"key":"FearPotion"},{"floor":48,"key":"hexamod:EctoCoolerPotion"}],"is_trial":false,"path_per_floor":["R","M","?","?","?","E","T","$","R","?","E","R","M","M","M","B",null,"R","M","M","M","M","$","T","M","E","R","?","R","M","E","M","B",null,"R","M","$","M","M","E","T","M","M","E","R","?","M","M","M","B",null],"character_chosen":"THE_SPIRIT","items_purchased":["REME_CardOfGreed","Bottled Flame","expansioncontent:StudyTheSpire"],"campfire_rested":0,"item_purchase_floors":[23,37,37],"current_hp_per_floor":[70,70,63,46,46,36,36,50,50,50,61,61,70,70,70,70,70,70,70,62,70,70,70,70,80,80,80,65,65,69,68,74,60,85,85,85,85,78,84,85,85,85,85,90,90,90,90,90,90,87],"gold":473,"neow_bonus":"THREE_CARDS","is_daily":false,"chose_seed":false,"campfire_upgraded":7,"win_rate":0.0,"timestamp":1611933144,"path_taken":["R","M","?","?","?","E","T","?","R","?","E","R","M","M","M","BOSS","R","M","M","?","M","$","T","M","E","R","?","R","M","E","M","BOSS","R","M","$","M","M","E","T","M","M","E","R","?","M","M","M","BOSS"],"items_purchased_type":["Relic","Relic","Card"],"build_version":"2020-12-22","purchased_purges":3,"victory":true,"max_hp_per_floor":[70,70,70,70,70,70,70,70,70,70,70,70,70,70,70,70,70,70,70,70,70,70,70,70,80,80,80,85,85,85,85,85,85,85,85,85,85,85,85,85,85,85,85,90,90,90,90,90,90,90],"relic_stats":{"Blood Vial":11,"counters":[31,108],"Bird Faced Urn":[91],"Pen Nib":[4],"Turnip":[0],"obtain_stats":[{"downfall:HeartBlessingGreen":12,"testmod-LifeArmor":48,"testmod-Nyarlathotep":41,"EasyMod:Easy_1":0,"conspire:TopHat":7,"EasyMod:Easy_2":0,"Blood Vial":21,"EasyMod:Easy_8":0,"testmod-ObsoleteBoomerang":0,"Replay:Wax Seal":30,"hexamod:SpiritBrand":0,"testmod-TestBox":0,"downfall:HeartBlessingRed":35,"hexamod:TheBrokenSeal":25,"testmod-CardMagician":34,"Ring of Chaos":17,"Pen Nib":31,"Guardian:PocketSentry":11,"REME_LimitBreaker":6,"testmod-Antiphasic":11,"Bottled Flame":37,"Bird Faced Urn":10,"testmod-Acrobat":26,"Turnip":40,"REME_CardOfGreed":23,"Bottled Lightning":44,"StrikeDummy":24,"ReplayTheSpireMod:Lightbulb":36,"REME_ComplimentaryCards":0},{"downfall:HeartBlessingGreen":4,"testmod-LifeArmor":29,"testmod-Nyarlathotep":24,"EasyMod:Easy_1":0,"conspire:TopHat":2,"EasyMod:Easy_2":0,"Blood Vial":11,"EasyMod:Easy_8":0,"testmod-ObsoleteBoomerang":0,"Replay:Wax Seal":16,"hexamod:SpiritBrand":0,"testmod-TestBox":0,"downfall:HeartBlessingRed":19,"hexamod:TheBrokenSeal":14,"testmod-CardMagician":19,"Ring of Chaos":8,"Pen Nib":17,"Guardian:PocketSentry":4,"REME_LimitBreaker":2,"testmod-Antiphasic":4,"Bottled Flame":21,"Bird Faced Urn":3,"testmod-Acrobat":15,"Turnip":24,"REME_CardOfGreed":13,"Bottled Lightning":27,"StrikeDummy":13,"ReplayTheSpireMod:Lightbulb":20,"REME_ComplimentaryCards":0},{"downfall:HeartBlessingGreen":22,"testmod-LifeArmor":102,"testmod-Nyarlathotep":91,"EasyMod:Easy_1":0,"conspire:TopHat":11,"EasyMod:Easy_2":0,"Blood Vial":48,"EasyMod:Easy_8":0,"testmod-ObsoleteBoomerang":0,"Replay:Wax Seal":65,"hexamod:SpiritBrand":0,"testmod-TestBox":0,"downfall:HeartBlessingRed":75,"hexamod:TheBrokenSeal":59,"testmod-CardMagician":75,"Ring of Chaos":34,"Pen Nib":68,"Guardian:PocketSentry":22,"REME_LimitBreaker":11,"testmod-Antiphasic":22,"Bottled Flame":81,"Bird Faced Urn":15,"testmod-Acrobat":63,"Turnip":91,"REME_CardOfGreed":55,"Bottled Lightning":98,"StrikeDummy":55,"ReplayTheSpireMod:Lightbulb":78,"REME_ComplimentaryCards":0}]},"card_choices":[{"not_picked":["hexamod:HeatMetal","hexamod:RecurringNightmare"],"picked":"hexamod:Hexaguard","floor":0.0},{"not_picked":["hexamod:RecurringNightmare","hexamod:ShieldOfDarkness"],"picked":"hexamod:GhostShield","floor":2.0},{"not_picked":["hexamod:GhostShield","hexamod:PowerFromBeyond"],"picked":"hexamod:FlamesFromBeyond","floor":4.0},{"not_picked":["hexamod:AdvancingGuard","hexamod:GhostflameBarrier"],"picked":"hexamod:GiftsFromTheDead","floor":6.0},{"not_picked":["hexamod:ShieldOfDarkness","hexamod:RetreatToShadows"],"picked":"hexamod:SpectersWail","floor":6.0},{"not_picked":["hexamod:FastForward","hexamod:Haunt","hexamod:NecessarySacrifice"],"picked":"SKIP","floor":6.0},{"not_picked":["hexamod:SkipABeat","hexamod:BacktrackSmack"],"picked":"hexamod:Hexaguard","floor":8.0},{"not_picked":["hexamod:StepThrough","hexamod:NecessarySacrifice"],"picked":"hexamod:RecurringNightmare","floor":8.0},{"not_picked":["hexamod:Firestarter","hexamod:GhostOfSpirePast","hexamod:GhostShield"],"picked":"SKIP","floor":8.0},{"not_picked":["hexamod:FourthSeal","hexamod:FlamesFromBeyond"],"picked":"hexamod:GiftsFromTheDead","floor":11.0},{"not_picked":["hexamod:Incineration","hexamod:FastForward","hexamod:ThirdSeal"],"picked":"SKIP","floor":11.0},{"not_picked":["hexamod:HeatCrush","hexamod:BurningTouch","hexamod:HeatMetal"],"picked":"SKIP","floor":11.0},{"not_picked":["hexamod:StepThrough","hexamod:GhostLash"],"picked":"hexamod:ApocalypseNow","floor":13.0},{"not_picked":["hexamod:SpectersWail","hexamod:HauntingEcho"],"picked":"hexamod:EmpoweredFlame","floor":14.0},{"not_picked":["hexamod:BacktrackSmack","hexamod:GhostShield","hexamod:HauntingEcho"],"picked":"SKIP","floor":15.0},{"not_picked":["hexamod:SearingWound","hexamod:GhostOfSpirePresent"],"picked":"hexamod:FifthSeal","floor":16.0},{"not_picked":["hexamod:ApocalypseNow","hexamod:TurnItUp"],"picked":"hexamod:UnlimitedPower","floor":16.0},{"not_picked":["hexamod:UnleashSpirits","hexamod:SearingWound"],"picked":"hexamod:TimeOfNeed","floor":16.0},{"not_picked":["hexamod:AdvancingGuard","hexamod:NightmareStrike","hexamod:SuperheatedStrike"],"picked":"SKIP","floor":19.0},{"not_picked":["hexamod:Rewind","hexamod:SuperheatedStrike","hexamod:NightmareGuise"],"picked":"SKIP","floor":19.0},{"not_picked":["hexamod:NightmareGuise","hexamod:BacktrackSmack","hexamod:BurningTouch"],"picked":"SKIP","floor":19.0},{"not_picked":["hexamod:ShieldOfDarkness","hexamod:BacktrackSmack"],"picked":"hexamod:FlamesFromBeyond+1","floor":20.0},{"not_picked":["hexamod:AdvancingGuard","hexamod:HauntingEcho"],"picked":"hexamod:PhantomCloak+1","floor":20.0},{"not_picked":["hexamod:SpectralSpark+1","hexamod:GhostLash","hexamod:InspiringFlames"],"picked":"SKIP","floor":20.0},{"not_picked":["hexamod:ShieldOfDarkness","hexamod:RecurringNightmare"],"picked":"hexamod:PhantomCloak","floor":21.0},{"not_picked":["hexamod:FirstSeal","hexamod:SecondSeal"],"picked":"hexamod:SixthSeal","floor":21.0},{"not_picked":["hexamod:AdvancingGuard","hexamod:HeatShield"],"picked":"hexamod:PowerFromBeyond","floor":21.0},{"not_picked":["hexamod:BurningTouch","hexamod:PowerFromBeyond+1","hexamod:HeatCrush+1"],"picked":"SKIP","floor":21.0},{"not_picked":["hexamod:DynamicBlow","hexamod:ShieldOfDarkness+1","hexamod:RetreatToShadows"],"picked":"SKIP","floor":22.0},{"not_picked":["hexamod:GhostLash","hexamod:HauntingEcho+1","hexamod:InspiringFlames"],"picked":"SKIP","floor":22.0},{"not_picked":["hexamod:ChargedBarrage","hexamod:NecessarySacrifice","hexamod:BurningTouch"],"picked":"SKIP","floor":22.0},{"not_picked":["hexamod:FourthSeal","hexamod:SecondSeal"],"picked":"hexamod:SixthSeal","floor":23},{"not_picked":["hexamod:ThirdSeal","hexamod:FirstSeal"],"picked":"hexamod:SixthSeal","floor":23},{"not_picked":["hexamod:HauntingEcho+1","hexamod:GhostOfSpireFuture","hexamod:HeatMetal"],"picked":"SKIP","floor":23},{"not_picked":["hexamod:HeatMetal","hexamod:GhostOfSpirePresent","hexamod:SpectersWail"],"picked":"SKIP","floor":23},{"not_picked":["hexamod:SoulSteal","hexamod:FlameSwitch","hexamod:ThermalTransfer+1"],"picked":"SKIP","floor":23},{"not_picked":["hexamod:SixthSeal","hexamod:ThirdSeal"],"picked":"hexamod:FourthSeal","floor":25},{"not_picked":["hexamod:AdvancingGuard","hexamod:SuperheatedStrike","hexamod:Firestarter"],"picked":"SKIP","floor":25},{"not_picked":["hexamod:SpectersWail","hexamod:FastForward+1","hexamod:HauntingEcho+1"],"picked":"SKIP","floor":25},{"not_picked":["hexamod:GhostShield","hexamod:SwordOfDarkness","hexamod:GhostLash+1"],"picked":"SKIP","floor":26},{"not_picked":["hexamod:Haunt","hexamod:Rewind","hexamod:ShieldOfDarkness"],"picked":"SKIP","floor":30},{"not_picked":["hexamod:GhostShield","hexamod:GhostflameInferno"],"picked":"hexamod:PowerFromBeyond","floor":31},{"not_picked":["hexamod:SkipABeat","hexamod:HauntingEcho","hexamod:NecessarySacrifice"],"picked":"SKIP","floor":32},{"not_picked":["hexamod:FlameSwitch","hexamod:SixthSeal"],"picked":"hexamod:VolcanoVisage","floor":33},{"not_picked":["hexamod:SpectralAdrenaline+1","hexamod:AdvancingGuard"],"picked":"hexamod:EtherealExpedition+1","floor":36},{"not_picked":["hexamod:SecondSeal","hexamod:NightmareStrike"],"picked":"hexamod:ForkedFlame","floor":37},{"not_picked":["hexamod:BurningTouch+1","hexamod:DynamicBlow","hexamod:AdvancingGuard+1"],"picked":"SKIP","floor":38},{"not_picked":["hexamod:PowerFromBeyond+1","hexamod:SpectralAdrenaline+1"],"picked":"hexamod:NightmareGuise+1","floor":39},{"not_picked":["hexamod:PowerFromBeyond","hexamod:HauntingEcho"],"picked":"hexamod:EmpoweredFlame","floor":40},{"not_picked":["hexamod:StepThrough+1","hexamod:ShieldOfDarkness","hexamod:HeatMetal"],"picked":"SKIP","floor":42},{"not_picked":["hexamod:GhostLash","hexamod:HeatMetal"],"picked":"hexamod:VolcanoVisage","floor":43},{"not_picked":["hexamod:ThermalTransfer","hexamod:SoulSteal"],"picked":"hexamod:WildfireWeapon","floor":44},{"not_picked":["hexamod:SpectersWail+1","hexamod:SkipABeat+1"],"picked":"hexamod:RainOfEmbers+1","floor":47},{"not_picked":["hexamod:ShieldOfDarkness+1","hexamod:SuperheatedStrike+1"],"picked":"hexamod:BacktrackSmack","floor":48},{"not_picked":["hexamod:AdvancingGuard","hexamod:NightmareGuise+1","hexamod:InspiringFlames+1"],"picked":"SKIP","floor":49}],"player_experience":245858,"relics_obtained":[{"floor":6.0,"key":"REME_LimitBreaker"},{"floor":7.0,"key":"conspire:TopHat"},{"floor":10.0,"key":"Bird Faced Urn"},{"floor":11.0,"key":"testmod-Antiphasic"},{"floor":11.0,"key":"Guardian:PocketSentry"},{"floor":21.0,"key":"Blood Vial"},{"floor":24,"key":"StrikeDummy"},{"floor":26,"key":"testmod-Acrobat"},{"floor":30,"key":"Replay:Wax Seal"},{"floor":31,"key":"Pen Nib"},{"floor":36,"key":"ReplayTheSpireMod:Lightbulb"},{"floor":40,"key":"Turnip"},{"floor":41,"key":"testmod-Nyarlathotep"},{"floor":44,"key":"Bottled Lightning"},{"floor":48,"key":"testmod-LifeArmor"}],"event_choices":[{"damage_healed":0.0,"max_hp_gain":0.0,"max_hp_loss":0.0,"gold_gain":0.0,"event_name":"conspire:Investor","player_choice":"Leave","floor":5.0,"gold_loss":0.0,"damage_taken":0.0},{"damage_healed":0.0,"max_hp_gain":0.0,"max_hp_loss":0.0,"gold_gain":0.0,"event_name":"Wheel of Change","player_choice":"Relic","floor":10.0,"gold_loss":0.0,"damage_taken":0.0}],"is_beta":false,"boss_relics":[{"not_picked":["Snecko Eye","energizedSpire:DeadBattery"],"picked":"Ring of Chaos"},{"not_picked":["REME_DemonsWealth","testmod-IncinerationGenerator"],"picked":"testmod-CardMagician"}],"items_purged_floors":[8,23,37],"is_endless":false,"potions_floor_spawned":[2,13,14,19,26,30,33,38,40,42,47],"ascension_level":2}}