{"host":"dwyzfvnzfcqffr30","time":1611889258,"event":{"mods":["2.2 Compatiblity","Act Like it!","Aspiration","BaseMod","Beaked The Cultist","Better Altar","Better Match","Better Note","Better Sensory Stone","Better Skull","Better Third Choice","Clockwork Mod","Colored Map","Colored Powertips","Conspire","Downfall","Elementarium","GifTheSpireLib","Halation","Hermit","Hubris","Infinite Spire","Ironclad Rager","Jedi Mod","Menagerie","Mimic Mod","Minty Spire (QoL Compilation)","Permanent Neow","Random Character Button","Relic Filter Mod","Reliquary","Replay The Spire","Spicy Shops","Spikes Relics","StSLib","Stuff the Spire","The Construct","The Disciple","The Druid","The Marked","TheFirefly","Trackpad","Wandering Minibosses"],"gold_per_floor":[10,10,10,10,10,10,26,38,38,38,75,96,130,130,130,229,229,260,260,292,332,373,431,473,539,566,624,709,773,842,842,842,995,995,1079,1155,1251,1251,1251,1365,1365,1504,1516,1575,1587,968,1054,1155,1155,1177,1177,1177,744,846,864],"floor_reached":56,"language":"ENG","playtime":5416,"items_purged":["Replay:Fractal Strike+1","theDruid:Defend_O+1","downfall:Haunted"],"score":2681,"play_id":"3df30893-ef22-4658-87f1-3825a051c9f9","local_time":"20210128190058","is_ascension_mode":true,"campfire_choices":[{"floor":6,"key":"RECALL"},{"floor":10,"key":"REST"},{"data":"theDruid:Forage+1","floor":15,"key":"SMITH"},{"data":"theDruid:BristlingDefense+1","floor":32,"key":"SMITH"},{"data":"theDruid:Forage+2","floor":41,"key":"SMITH"},{"data":"theDruid:Fortitude+1","floor":45,"key":"SMITH"},{"data":"theDruid:BristlingDefense+2","floor":49,"key":"SMITH"},{"data":"theDruid:IronClaw+1","floor":52,"key":"SMITH"}],"circlet_count":0,"master_deck":["AscendersBane","theDruid:Strike_O+1","theDruid:Strike_O+1","theDruid:Strike_O+1","theDruid:Defend_O+1","theDruid:Defend_O+1","theDruid:Defend_O+1","theDruid:BriarArmor+1","theDruid:WildSlash+1","theDruid:ApexPredator+1","Apotheosis+1","MasterReality+1","theDruid:Starfall+1","theDruid:ThornStrike+1","theDruid:Forage+3","theDruid:Guidance+1","theDruid:ApexPredator+1","theDruid:FuriousSlash+1","theDruid:Fortitude+2","theDruid:AstralShield+1","theDruid:Moonbeam+1","theDruid:BristlingDefense+3","theDruid:CelestialSurge+1","theDruid:Untamed+1","theDruid:IronClaw+2","theDruid:MysticBarrier+1","ReplayTheSpireMod:Brewmster+1"],"relics":["theDruid:CrownOfTheWilds","Molten Egg 2","Toxic Egg 2","Frozen Egg 2","Quantum Egg","SacredBark","infinitespire:EvilPickle","conspire:InfiniteJournal","halation:Prosthetics","Bottled Tornado","hubris:Icosahedron","hubris:Towel","reliquary:PartyBalloon","hubris:CrystalStatue","infinitespire:ShieldingShard","theDruid:TigersClaw","Golden Idol","Cursed Key","aspiration:ChemicalBlood","trackpad:DisasterInABottle","Omamori","hubris:TenFootPole","SnailShell","wanderingMiniBosses:Inkheart","Snack Pack","beaked:SacredDeck","hubris:TerracottaHorce","halation:AfternoonTea","StuffTheSpire:DarkSteelAnvil","Black Star","Replay:Bandana","CherryCoatedStake","MawBank","Smiling Mask","White Beast Statue","infinitespire:Magic Flask","reliquary:WeakTea","trackpad:Mousetrap","trackpad:BiPhaseBiplane","reliquary:RoseTintedGlasses","trackpad:Compendium","StuffTheSpire:GrapeVine","hubris:NiceRug","Chemical X","HandDrill","Replay:Multitool","Shuriken","trackpad:CultistFigurine"],"acts_visited":["Menagerie:Menagerie","TheCity","TheBeyond","TheEnding"],"potions_floor_usage":[21,24,30,30,48,50,55,55,55],"damage_taken":[{"damage":3,"enemies":"Menagerie:2_RABBITS","floor":1,"turns":4},{"damage":9,"enemies":"Menagerie:Hydra","floor":7,"turns":4},{"damage":3,"enemies":"Menagerie:StygianBoar","floor":8,"turns":4},{"damage":10,"enemies":"Menagerie:VoidReaper","floor":11,"turns":2},{"damage":0,"enemies":"Menagerie:MonstrousExperiment","floor":12,"turns":3},{"damage":0,"enemies":"Menagerie:Hydra","floor":13,"turns":4},{"damage":6,"enemies":"Menagerie:Suneater","floor":16,"turns":4},{"damage":3,"enemies":"Chosen","floor":18,"turns":3},{"damage":0,"enemies":"Spheric Guardian","floor":20,"turns":4},{"damage":0,"enemies":"Cultist and Chosen","floor":21,"turns":3},{"damage":4,"enemies":"3 Cultists","floor":22,"turns":5},{"damage":12,"enemies":"Gremlin Leader","floor":23,"turns":5},{"damage":0,"enemies":"Sentry and Sphere","floor":24,"turns":4},{"damage":3,"enemies":"Book of Stabbing","floor":25,"turns":5},{"damage":0,"enemies":"Chosen and Byrds","floor":27,"turns":4},{"damage":0,"enemies":"conspire:SneckoGhost","floor":28,"turns":5},{"damage":0,"enemies":"Cultist and Chosen","floor":29,"turns":5},{"damage":3,"enemies":"Snake Plant","floor":30,"turns":4},{"damage":0,"enemies":"Collector","floor":33,"turns":5},{"damage":0,"enemies":"3 Darklings","floor":35,"turns":3},{"damage":0,"enemies":"Orb Walker","floor":37,"turns":3},{"damage":0,"enemies":"R_Hoarder","floor":40,"turns":4},{"damage":0,"enemies":"Nemesis","floor":42,"turns":3},{"damage":0,"enemies":"Mind Bloom Boss Battle","floor":44,"turns":4},{"damage":0,"enemies":"Writhing Mass","floor":47,"turns":2},{"damage":0,"enemies":"3 Darklings","floor":48,"turns":3},{"damage":3,"enemies":"Awakened One","floor":50,"turns":5},{"damage":0,"enemies":"hubris:Merchant","floor":53,"turns":4},{"damage":0,"enemies":"Shield and Spear","floor":54,"turns":3},{"damage":0,"enemies":"The Heart","floor":55,"turns":5}],"seed_played":"6474749803148323041","potions_obtained":[{"floor":11,"key":"jedi:holywater"},{"floor":13,"key":"Reflective Coating"},{"floor":20,"key":"Strength Potion"},{"floor":23,"key":"Strength Potion"},{"floor":33,"key":"Reflective Coating"},{"floor":40,"key":"DuplicationPotion"},{"floor":48,"key":"FearPotion"}],"is_trial":false,"path_per_floor":["M","?","?","?","?","R","E","M","T","R","E","M","E","?","R","B",null,"M","?","M","M","M","E","M","E","T","M","E","M","M","AVR","R","B",null,"M","?","M","AVR","?","E","R","E","T","?","R","$","M","M","R","B",null,"R","$","E","B",null],"character_chosen":"DRUID","items_purchased":["reliquary:WeakTea","trackpad:Mousetrap","theDruid:IronClaw+1","trackpad:BiPhaseBiplane","reliquary:RoseTintedGlasses","Elixir","ReplayTheSpireMod:Brewmster+1","trackpad:Compendium","StuffTheSpire:GrapeVine","jedi:StrikingPotion"],"campfire_rested":1,"item_purchase_floors":[46,46,46,46,53,53,53,53,53,53],"current_hp_per_floor":[30,33,33,33,36,36,27,24,24,34,24,29,34,34,34,33,34,31,16,21,26,27,20,25,27,27,32,34,34,34,34,34,34,34,34,34,34,34,34,34,34,34,34,34,34,34,34,34,34,34,34,34,34,34,34],"gold":864,"neow_bonus":"THREE_RARE_CARDS","is_daily":false,"chose_seed":false,"campfire_upgraded":6,"win_rate":0.0,"timestamp":1611889258,"path_taken":["M","?","?","?","?","R","E","?","T","R","E","M","E","?","R","BOSS","M","?","M","?","M","E","?","E","T","M","E","M","M","AVR","R","BOSS","M","?","M","AVR","?","E","R","E","T","?","R","$","M","M","R","BOSS","R","$","E","BOSS"],"items_purchased_type":["Relic","Relic","Card","Relic","Relic","Potion","Card","Relic","Relic","Potion"],"build_version":"2020-12-22","purchased_purges":3,"victory":true,"max_hp_per_floor":[33,36,36,36,36,36,36,36,36,36,36,36,36,34,34,34,34,34,34,34,34,34,34,34,34,34,34,34,34,34,34,34,34,34,34,34,34,34,34,34,34,34,34,34,34,34,34,34,34,34,34,34,34,34,34],"card_choices":[{"not_picked":["theDruid:Earthquake","theDruid:TwinStars"],"picked":"theDruid:ApexPredator","floor":0},{"not_picked":["theDruid:Forage+1","theDruid:TakeShelter+1"],"picked":"theDruid:Starfall+1","floor":1},{"not_picked":["theDruid:Resourcefulness+1","theDruid:Restoration+1","theDruid:Gore+1"],"picked":"SKIP","floor":7},{"not_picked":["theDruid:Swipe+1","theDruid:Scavenge+1"],"picked":"theDruid:Forage+1","floor":8},{"not_picked":["theDruid:RockSlide+1","theDruid:SurvivalInstincts+1"],"picked":"theDruid:Guidance+1","floor":11},{"not_picked":["theDruid:Starfall+1","theDruid:Impale+1","theDruid:Resupply+1"],"picked":"SKIP","floor":12},{"not_picked":["theDruid:Guidance+1","theDruid:Recoil+1","theDruid:Slingshot+1"],"picked":"SKIP","floor":13},{"not_picked":["theDruid:TwinStars+1","theDruid:Restoration+1"],"picked":"theDruid:ApexPredator+1","floor":16},{"not_picked":["theDruid:ThickHide+1","theDruid:Starfall+1"],"picked":"theDruid:FuriousSlash+1","floor":18},{"not_picked":["theDruid:Resourcefulness+1","theDruid:InsectSwarm+1","theDruid:ThornStrike+1"],"picked":"SKIP","floor":20},{"not_picked":["theDruid:ExposingSlash+1","theDruid:Infestation+1","theDruid:BagofTricks+1"],"picked":"SKIP","floor":21},{"not_picked":["theDruid:Resupply+1","theDruid:BlessedStrike+1"],"picked":"theDruid:Fortitude+1","floor":22},{"not_picked":["theDruid:Untamed+1","theDruid:PrimalStrength+1","theDruid:Swipe+1"],"picked":"SKIP","floor":23},{"not_picked":["theDruid:BristlingBulwark+1","theDruid:FelineGrace+1"],"picked":"theDruid:AstralShield+1","floor":24},{"not_picked":["theDruid:Fortitude+1","theDruid:BlessedStrike+1","theDruid:TwilightsCall+1"],"picked":"SKIP","floor":25},{"not_picked":["theDruid:FuriousSlash+1","theDruid:Recoil+1","theDruid:Resupply+1"],"picked":"SKIP","floor":27},{"not_picked":["theDruid:NaturalAgility+1","theDruid:BagofTricks+1","theDruid:WildArmor+1"],"picked":"SKIP","floor":28},{"not_picked":["theDruid:Scavenge+1","theDruid:FeralPlants+1","theDruid:Swipe+1"],"picked":"SKIP","floor":29},{"not_picked":["theDruid:FuriousSlash+1","theDruid:BloodiedFur+1"],"picked":"theDruid:Moonbeam+1","floor":30},{"not_picked":["theDruid:WildFrenzy+1","theDruid:Rabid+1"],"picked":"theDruid:CelestialSurge+1","floor":33},{"not_picked":["theDruid:Starfall+1","theDruid:FuriousSlash+1","theDruid:WildArmor+1"],"picked":"SKIP","floor":35},{"not_picked":["theDruid:RockSlide+1","theDruid:Gore+1","theDruid:Untamed+1"],"picked":"SKIP","floor":37},{"not_picked":["theDruid:RockSlide+1","theDruid:Gore+1"],"picked":"theDruid:Untamed+1","floor":37},{"not_picked":["theDruid:TwilightsCall+1","theDruid:PouncingStrike+1","theDruid:Starfall+1"],"picked":"SKIP","floor":40},{"not_picked":["theDruid:BrambleLash+1","theDruid:FelineGrace+1","theDruid:Eclipse+1"],"picked":"SKIP","floor":42},{"not_picked":["theDruid:ThickHide+1","theDruid:Slingshot+1"],"picked":"theDruid:MysticBarrier+1","floor":47},{"not_picked":["theDruid:ThornStrike+1","theDruid:Fortitude+1","theDruid:Resupply+1"],"picked":"SKIP","floor":48},{"not_picked":["theDruid:Impale+1"],"picked":"SKIP","floor":53},{"not_picked":["theDruid:Swipe+1"],"picked":"SKIP","floor":53},{"not_picked":["theDruid:Forage+1"],"picked":"SKIP","floor":53},{"not_picked":["theDruid:FelineGrace+1"],"picked":"SKIP","floor":53},{"not_picked":["theDruid:FeralPlants+1"],"picked":"SKIP","floor":53},{"not_picked":["Discovery+1"],"picked":"SKIP","floor":53},{"not_picked":["theDruid:PouncingStrike+1","theDruid:FuriousSlash+1","theDruid:BristlingBulwark+1"],"picked":"SKIP","floor":54}],"player_experience":2989918,"relics_obtained":[{"floor":7,"key":"reliquary:PartyBalloon"},{"floor":9,"key":"hubris:CrystalStatue"},{"floor":11,"key":"infinitespire:ShieldingShard"},{"floor":13,"key":"theDruid:TigersClaw"},{"floor":23,"key":"trackpad:DisasterInABottle"},{"floor":25,"key":"Omamori"},{"floor":26,"key":"hubris:TenFootPole"},{"floor":28,"key":"SnailShell"},{"floor":30,"key":"wanderingMiniBosses:Inkheart"},{"floor":36,"key":"halation:AfternoonTea"},{"floor":40,"key":"Replay:Bandana"},{"floor":40,"key":"CherryCoatedStake"},{"floor":42,"key":"MawBank"},{"floor":42,"key":"Smiling Mask"},{"floor":43,"key":"White Beast Statue"},{"floor":44,"key":"infinitespire:Magic Flask"},{"floor":53,"key":"Chemical X"},{"floor":53,"key":"HandDrill"},{"floor":53,"key":"Replay:Multitool"},{"floor":54,"key":"Shuriken"},{"floor":54,"key":"trackpad:CultistFigurine"}],"event_choices":[{"damage_healed":0,"gold_gain":0,"player_choice":"Simplicity","damage_taken":0,"max_hp_gain":0,"max_hp_loss":0,"event_name":"betterThird:BetterWriting","floor":0,"gold_loss":0},{"damage_healed":0,"gold_gain":0,"cards_transformed":["theDruid:Strike_O"],"player_choice":"Vigor","damage_taken":0,"max_hp_gain":3,"max_hp_loss":0,"event_name":"Menagerie:CloudVision","floor":2,"gold_loss":0,"cards_obtained":["theDruid:ThornStrike"]},{"damage_healed":0,"gold_gain":0,"player_choice":"Lose Max HP","damage_taken":0,"relics_obtained":["Golden Idol"],"max_hp_gain":0,"max_hp_loss":2,"event_name":"Golden Idol","floor":14,"gold_loss":0},{"damage_healed":0,"gold_gain":0,"player_choice":"Fight","damage_taken":0,"max_hp_gain":0,"max_hp_loss":0,"event_name":"MindBloom","floor":44,"gold_loss":0}],"is_beta":false,"boss_relics":[{"not_picked":["Replay:Ancient Bell","Sozu"],"picked":"Cursed Key"},{"not_picked":["ReplayTheSpireMod:SealedPack","halation:HeavySnake"],"picked":"hubris:TerracottaHorce"}],"items_purged_floors":[31,38,46],"is_endless":false,"potions_floor_spawned":[11,12,13,20,23,25,27,29,33,40,44,47,48,53,54],"ascension_level":19}}