{"host":"jqln3q8z91cyrmpl","time":1611935240,"event":{"mods":["AchievementEnabler","BaseMod","Colored Map","DeckTracker","Keyboard Shortcuts","Minty Spire (QoL Compilation)","SuperFastMode"],"gold_per_floor":[119,119,133,133,143,175,191,191,215,26,26,41,41,41,41,41,41],"floor_reached":16,"language":"KOR","playtime":415,"items_purged":["Strike_B"],"score":145,"play_id":"f207f8a3-5117-4e5a-aae1-8116e3cd9ff4","local_time":"20210130004720","is_ascension_mode":true,"campfire_choices":[{"data":"Fission","floor":13,"key":"SMITH"},{"floor":15,"key":"REST"}],"circlet_count":0,"master_deck":["Strike_B+1","Strike_B","Defend_B","Defend_B","Defend_B","Zap","Dualcast","Fission+1","Sweeping Beam","Leap+1","Rip and Tear","Chaos","Skim","Glacier","Self Repair","Compile Driver"],"relics":["Cracked Core","Anchor","Strawberry"],"acts_visited":["Exordium"],"potions_floor_usage":[16,16],"damage_taken":[{"damage":5.0,"enemies":"Small Slimes","floor":1.0,"turns":3.0},{"damage":1.0,"enemies":"2 Louse","floor":3.0,"turns":2.0},{"damage":2.0,"enemies":"Jaw Worm","floor":5.0,"turns":4.0},{"damage":18.0,"enemies":"3 Sentries","floor":6.0,"turns":6.0},{"damage":6.0,"enemies":"Large Slime","floor":7.0,"turns":5.0},{"damage":9,"enemies":"Blue Slaver","floor":12,"turns":4},{"damage":38,"enemies":"Slime Boss","floor":16,"turns":9}],"seed_played":"5387851240825082776","potions_obtained":[{"floor":5.0,"key":"SpeedPotion"},{"floor":6.0,"key":"PowerPotion"},{"floor":12,"key":"Explosive Potion"}],"is_trial":false,"path_per_floor":["M","?","M","?","M","E","M","?","T","$","?","M","R","$","R","B"],"character_chosen":"DEFECT","items_purchased":["Glacier","Self Repair"],"campfire_rested":1,"item_purchase_floors":[10,10],"current_hp_per_floor":[45,50,49,33,31,13,7,7,14,14,14,12,12,12,38,0,0],"gold":41,"neow_bonus":"TRANSFORM_TWO_CARDS","is_daily":false,"chose_seed":false,"campfire_upgraded":1,"win_rate":0.0,"timestamp":1611935240,"path_taken":["M","?","M","?","M","E","M","?","T","?","?","M","R","$","R","BOSS"],"items_purchased_type":["Card","Card"],"build_version":"2020-12-22","purchased_purges":1,"victory":false,"max_hp_per_floor":[75,80,80,80,80,80,80,80,87,87,87,87,87,87,87,87,87],"card_choices":[{"not_picked":["Beam Cell","Hello World"],"picked":"Leap","floor":1.0},{"not_picked":["Barrage","Leap","Hello World"],"picked":"SKIP","floor":3.0},{"not_picked":["Beam Cell","Gash"],"picked":"Rip and Tear","floor":5.0},{"not_picked":["Leap","Redo"],"picked":"Chaos","floor":6.0},{"not_picked":["Hologram","Genetic Algorithm"],"picked":"Skim","floor":7.0},{"not_picked":["Gash","Redo"],"picked":"Compile Driver","floor":12}],"player_experience":399547,"relics_obtained":[{"floor":6.0,"key":"Anchor"},{"floor":9.0,"key":"Strawberry"}],"event_choices":[{"damage_healed":0.0,"max_hp_gain":5.0,"max_hp_loss":0.0,"gold_gain":0.0,"event_name":"Big Fish","player_choice":"Donut","floor":2.0,"gold_loss":0.0,"damage_taken":0.0},{"damage_healed":0.0,"max_hp_gain":0.0,"max_hp_loss":0.0,"gold_gain":0.0,"event_name":"Shining Light","player_choice":"Entered Light","floor":4.0,"gold_loss":0.0,"damage_taken":16.0,"cards_upgraded":["Leap","Strike_B"]},{"damage_healed":0.0,"max_hp_gain":0.0,"max_hp_loss":0.0,"gold_gain":0.0,"event_name":"Liars Game","player_choice":"Ignored","floor":8.0,"gold_loss":0.0,"damage_taken":0.0},{"damage_healed":0,"gold_gain":0,"player_choice":"Searched \u00270\u0027 times","damage_taken":0,"max_hp_gain":0,"max_hp_loss":0,"event_name":"Dead Adventurer","floor":11,"gold_loss":0}],"is_beta":false,"boss_relics":[],"items_purged_floors":[10],"is_endless":false,"potions_floor_spawned":[5,6,12],"killed_by":"Slime Boss","ascension_level":9}}