{"host":"h5wult4bedbgdxyl","time":1611939460,"event":{"mods":["AchievementEnabler","BaseMod","Colored Map","Minty Spire (QoL Compilation)","Quick Restart"],"gold_per_floor":[114,114,114,88,102,102,117,142,190,190,204,204,181,215,215,215,215],"floor_reached":16,"language":"ZHS","playtime":562,"items_purged":[],"score":99,"play_id":"1447d35e-2058-44a7-94b0-9b5096b52b21","local_time":"20210130005740","is_ascension_mode":true,"campfire_choices":[{"data":"Body Slam","floor":6,"key":"SMITH"},{"data":"Corruption","floor":10,"key":"SMITH"},{"data":"Body Slam","floor":12,"key":"SMITH"},{"data":"True Grit","floor":15,"key":"SMITH"}],"circlet_count":0,"master_deck":["Strike_R","Strike_R","Strike_R","Strike_R","Strike_R","Defend_R","Defend_R","Defend_R","Defend_R","Body Slam+1","True Grit+1","Body Slam+1","Corruption+1","Headbutt"],"relics":["Burning Blood","NeowsBlessing","Golden Idol","Centennial Puzzle","Odd Mushroom"],"acts_visited":["Exordium"],"potions_floor_usage":[16],"damage_taken":[{"damage":0,"enemies":"Small Slimes","floor":1,"turns":1},{"damage":0,"enemies":"Jaw Worm","floor":5,"turns":1},{"damage":0,"enemies":"2 Louse","floor":7,"turns":1},{"damage":3,"enemies":"2 Fungi Beasts","floor":8,"turns":5},{"damage":1,"enemies":"Looter","floor":11,"turns":3},{"damage":22,"enemies":"The Mushroom Lair","floor":14,"turns":6},{"damage":47,"enemies":"Slime Boss","floor":16,"turns":9}],"seed_played":"-1438592315857491608","potions_obtained":[{"floor":5,"key":"SteroidPotion"},{"floor":14,"key":"AttackPotion"}],"is_trial":false,"path_per_floor":["M","?","?","$","M","R","M","M","T","R","M","R","$","?","R","B"],"character_chosen":"IRONCLAD","items_purchased":["True Grit","Headbutt"],"campfire_rested":0,"item_purchase_floors":[4,13],"current_hp_per_floor":[80,80,60,60,66,66,72,75,75,75,80,80,80,64,64,17,17],"gold":215,"neow_bonus":"THREE_ENEMY_KILL","is_daily":false,"chose_seed":false,"campfire_upgraded":4,"win_rate":0.0,"timestamp":1611939460,"path_taken":["M","?","?","$","M","R","M","M","T","R","M","R","$","?","R","BOSS"],"items_purchased_type":["Card","Card"],"build_version":"2020-12-22","purchased_purges":0,"victory":false,"max_hp_per_floor":[80,80,80,80,80,80,80,80,80,80,80,80,80,80,80,80,80],"card_choices":[{"not_picked":["Havoc","Flex"],"picked":"Body Slam","floor":1},{"not_picked":["Cleave","True Grit"],"picked":"Body Slam","floor":5},{"not_picked":["Cleave","Clothesline","Clash"],"picked":"SKIP","floor":7},{"not_picked":["Wild Strike","Dropkick"],"picked":"Corruption","floor":8},{"not_picked":["Flex","Pommel Strike","Clash"],"picked":"SKIP","floor":11}],"player_experience":44208,"relics_obtained":[{"floor":9,"key":"Centennial Puzzle"},{"floor":14,"key":"Odd Mushroom"}],"event_choices":[{"cards_removed":["Bash"],"damage_healed":0,"gold_gain":0,"player_choice":"Forget","damage_taken":0,"max_hp_gain":0,"max_hp_loss":0,"event_name":"Living Wall","floor":2,"gold_loss":0},{"damage_healed":0,"gold_gain":0,"player_choice":"Take Damage","damage_taken":20,"relics_obtained":["Golden Idol"],"max_hp_gain":0,"max_hp_loss":0,"event_name":"Golden Idol","floor":3,"gold_loss":0},{"damage_healed":0,"gold_gain":0,"player_choice":"Fought Mushrooms","damage_taken":0,"max_hp_gain":0,"max_hp_loss":0,"event_name":"Mushrooms","floor":14,"gold_loss":0}],"is_beta":false,"boss_relics":[],"items_purged_floors":[],"is_endless":false,"potions_floor_spawned":[5,14],"killed_by":"Slime Boss","ascension_level":2}}