{"host":"njo8qgvy2a57fcny","time":1611912538,"event":{"mods":["Aspiration","BaseMod","BetterRewards","CCEM2","Colored Map","Colored Powertips","Conspire","Custom Start","Downfall","Energized Spire","GifTheSpireLib","Halation","Hermit","Hubris","Infinite Spire","Jedi Mod","Jorbs\u0027s Wanderer Trilogy","Mimic Mod","Minty Spire (QoL Compilation)","Quick Restart","Random Character Button","Random Character Mod","Rare Cards Sparkle","Relic Sorter","Reliquary","Replay The Spire","Shop Mod","StSLib","Stuff the Spire","The Animator","The Jungle","The Runesmith","The Servant 0.9.4","Unceasing Turn Reminder","thorton"],"gold_per_floor":[99,112,112,112,112,12,90,104,129,129,42,53,53,53,53,53],"floor_reached":14,"language":"ENG","playtime":717,"items_purged":[],"score":90,"play_id":"76553229-a069-4e51-90f3-bdcb021aaf64","local_time":"20210129202858","is_ascension_mode":true,"campfire_choices":[{"floor":1,"key":"RECALL"},{"data":"hexamod:UnlimitedPower","floor":6,"key":"SMITH"},{"data":"hexamod:Incineration","floor":13,"key":"SMITH"}],"circlet_count":0,"master_deck":["hexamod:Strike","hexamod:Strike","hexamod:Strike","hexamod:Strike","hexamod:Defend","hexamod:Defend","hexamod:Defend","hexamod:Defend","hexamod:Sear","hexamod:Float","hexamod:SpectersWail","hexamod:UnlimitedPower+1","hexamod:AdvancingGuard","hexamod:FastForward","hexamod:SpectralAdrenaline","hexamod:ExtraCrispy","hexamod:Incineration+1"],"relics":["StuffTheSpire:OccultApparatus","ReplayFunnel","downfall:HeartBlessingRed","CCEMRelics:Barrel","reliquary:RosewoodLute"],"acts_visited":["Exordium"],"potions_floor_usage":[11,12],"damage_taken":[{"damage":4,"enemies":"conspire:RoseBush","floor":2,"turns":3},{"damage":0,"enemies":"Small Slimes","floor":8,"turns":3},{"damage":56,"enemies":"Gremlin Nob","floor":9,"turns":6},{"damage":5,"enemies":"downfall:FleeingMerchant","floor":11,"turns":4},{"damage":6,"enemies":"Cultist","floor":12,"turns":3},{"damage":19,"enemies":"3 Sentries","floor":14,"turns":3}],"seed_played":"2210597093685585395","potions_obtained":[{"floor":9,"key":"Explosive Potion"},{"floor":12,"key":"Fruit Juice"}],"is_trial":false,"path_per_floor":["R","M","?","?","?","R","T","M","E","T","$","M","R","E"],"character_chosen":"THE_SPIRIT","items_purchased":["hexamod:ExtraCrispy"],"campfire_rested":0,"item_purchase_floors":[11],"current_hp_per_floor":[77,73,73,73,73,73,73,73,17,17,12,19,19,0,0,0],"gold":53,"neow_bonus":"TEN_PERCENT_HP_BONUS","is_daily":false,"chose_seed":false,"campfire_upgraded":2,"win_rate":0.0,"timestamp":1611912538,"path_taken":["R","M","?","?","?","R","T","M","E","?","?","M","R","E"],"items_purchased_type":["Card"],"build_version":"2020-12-22","purchased_purges":0,"victory":false,"max_hp_per_floor":[77,77,77,77,77,77,77,77,77,77,77,82,82,82,82,82],"card_choices":[{"not_picked":["hexamod:Hexaguard","hexamod:InspiringFlames"],"picked":"hexamod:SpectersWail","floor":2},{"not_picked":["hexamod:NightmareStrike","hexamod:Haunt"],"picked":"hexamod:AdvancingGuard","floor":8},{"not_picked":["hexamod:SearingWound","hexamod:SpectersWail"],"picked":"hexamod:FastForward","floor":9},{"not_picked":["hexamod:SwordOfDarkness","hexamod:ShieldOfDarkness"],"picked":"hexamod:SpectralAdrenaline","floor":11},{"not_picked":["hexamod:StepThrough","hexamod:FastForward"],"picked":"hexamod:Incineration","floor":12}],"player_experience":745384,"relics_obtained":[{"floor":3,"key":"ReplayFunnel"},{"floor":9,"key":"CCEMRelics:Barrel"},{"floor":10,"key":"reliquary:RosewoodLute"}],"event_choices":[],"is_beta":false,"boss_relics":[],"items_purged_floors":[],"is_endless":false,"potions_floor_spawned":[9,12],"killed_by":"3 Sentries","ascension_level":1}}