{"host":"nlowmoq7gy18n72d","time":1611933403,"event":{"mods":["BaseMod","Colored Powertips","Conspire","Downfall","Hermit","Highlight Path","Infinite Spire","Jorbs\u0027s Wanderer Trilogy","Minty Spire (QoL Compilation)","Rare Cards Sparkle","Replay The Spire","StSLib","The Cursed","The Hierophant"],"gold_per_floor":[361,4,4,24,24,24,49,67,144,164,164,164,64,80,80,183,183,203,203,232,249,249,249,249,275,275,275,275],"floor_reached":27,"language":"ENG","playtime":968,"items_purged":["Slimebound:Split","Languid"],"score":229,"play_id":"db42ab58-c52d-409b-a47b-09d85b21d37d","local_time":"20210129181643","is_ascension_mode":false,"campfire_choices":[{"data":"hermit:Snapshot","floor":6,"key":"SMITH"},{"data":"hermit:Misfire","floor":11,"key":"SMITH"},{"data":"hermit:HighCaliber","floor":15,"key":"SMITH"},{"floor":23,"key":"REST"}],"circlet_count":0,"master_deck":["hermit:Strike_Hermit","hermit:Strike_Hermit","hermit:Strike_Hermit","hermit:Strike_Hermit","hermit:Defend_Hermit","hermit:Defend_Hermit","hermit:Defend_Hermit","hermit:Defend_Hermit","hermit:Snapshot+1","hermit:Covet","hermit:Spite","hermit:Misfire+1","hermit:Feint","hermit:Malice","hermit:FlashPowder+1","hermit:GhostlyPresence","hermit:HighCaliber+1","hermit:Magnum","downfall:Bewildered","hermit:ShadowCloak","hermit:FlashPowder+1","hermit:SprayPray"],"relics":["hermit:Momento","Mirror","Replay:Baseball","StrikeDummy","sneckomod:BabySnecko","Red Mask","ReplayTheSpireMod:TigerMarble","hexamod:BolsterEngine"],"acts_visited":["Exordium","TheCity"],"potions_floor_usage":[14,20,27],"damage_taken":[{"damage":1,"enemies":"Cultist","floor":1,"turns":3},{"damage":6,"enemies":"Jaw Worm","floor":4,"turns":2},{"damage":57,"enemies":"Lagavulin","floor":7,"turns":10},{"damage":2,"enemies":"2 Louse","floor":8,"turns":2},{"damage":0,"enemies":"2 Fungi Beasts","floor":10,"turns":2},{"damage":0,"enemies":"Looter","floor":14,"turns":1},{"damage":18,"enemies":"Fading Forest","floor":16,"turns":11},{"damage":0,"enemies":"Chosen","floor":18,"turns":5},{"damage":16,"enemies":"Masked Bandits","floor":20,"turns":5},{"damage":17,"enemies":"Shell Parasite","floor":21,"turns":6},{"damage":11,"enemies":"Book of Stabbing","floor":25,"turns":6},{"damage":45,"enemies":"Gremlin Leader","floor":27,"turns":10}],"seed_played":"-456431093624237187","potions_obtained":[{"floor":8,"key":"AttackPotion"},{"floor":10,"key":"Elixir"},{"floor":16,"key":"Energy Potion"},{"floor":20,"key":"Block Potion"}],"is_trial":false,"path_per_floor":["M","$","?","M","?","R","E","M","T","M","R","?","$","M","R","B",null,"M","?","?","M","?","R","?","E","T","E"],"character_chosen":"HERMIT","items_purchased":["Mirror","hermit:Misfire"],"campfire_rested":1,"item_purchase_floors":[2,2],"current_hp_per_floor":[74,74,74,68,68,68,11,9,9,9,9,9,9,9,9,1,75,75,75,59,42,28,52,52,41,41,0,0],"gold":275,"neow_bonus":"TWO_FIFTY_GOLD","is_daily":false,"chose_seed":false,"campfire_upgraded":3,"win_rate":0.0,"timestamp":1611933403,"path_taken":["M","?","?","M","?","R","E","M","T","M","R","?","?","M","R","BOSS","M","?","?","M","?","R","?","E","T","E"],"items_purchased_type":["Relic","Card"],"build_version":"2020-12-22","purchased_purges":2,"victory":false,"max_hp_per_floor":[75,75,75,75,75,75,75,75,75,75,75,75,75,75,75,75,75,75,75,75,75,80,80,80,80,80,80,80],"card_choices":[{"not_picked":["hermit:Misfire","hermit:Ricochet"],"picked":"hermit:Spite","floor":1},{"not_picked":["hermit:Ricochet","hermit:DeadMansHand"],"picked":"hermit:Feint","floor":4},{"not_picked":["hermit:EyeOfTheStorm","hermit:Roulette"],"picked":"hermit:Malice","floor":7},{"not_picked":["hermit:Desperado","hermit:TrackingShot"],"picked":"hermit:FlashPowder","floor":8},{"not_picked":["hermit:Glare","hermit:Spite"],"picked":"hermit:GhostlyPresence","floor":10},{"not_picked":["hermit:NoHoldsBarred","hermit:BodyArmor"],"picked":"hermit:HighCaliber","floor":14},{"not_picked":["hermit:OverwhelmingPower","hermit:Adapt"],"picked":"hermit:Magnum","floor":16},{"not_picked":["hermit:Malice","hermit:Feint","hermit:Misfire"],"picked":"SKIP","floor":18},{"not_picked":["hermit:Enervate","hermit:Combo"],"picked":"hermit:ShadowCloak","floor":20},{"not_picked":["hermit:Determination","hermit:Headshot"],"picked":"hermit:FlashPowder+1","floor":21},{"not_picked":["hermit:Ricochet","hermit:Determination"],"picked":"hermit:SprayPray","floor":25}],"player_experience":736967,"relics_obtained":[{"floor":7,"key":"Replay:Baseball"},{"floor":9,"key":"StrikeDummy"},{"floor":20,"key":"Red Mask"},{"floor":25,"key":"ReplayTheSpireMod:TigerMarble"},{"floor":26,"key":"hexamod:BolsterEngine"}],"event_choices":[{"damage_healed":0,"gold_gain":0,"player_choice":"Fought Bandits","damage_taken":0,"max_hp_gain":0,"max_hp_loss":0,"event_name":"Masked Bandits","floor":20,"gold_loss":0},{"damage_healed":0,"gold_gain":0,"player_choice":"Shed Blood","damage_taken":19,"max_hp_gain":5,"max_hp_loss":0,"event_name":"Forgotten Altar","floor":22,"gold_loss":0},{"damage_healed":0,"gold_gain":0,"player_choice":"Ignored","damage_taken":0,"max_hp_gain":0,"max_hp_loss":0,"event_name":"Ghosts","floor":24,"gold_loss":0}],"is_beta":false,"boss_relics":[{"not_picked":["Kintsugi","ChewingGum","Runic Dome"]}],"items_purged_floors":[2,13],"is_endless":false,"potions_floor_spawned":[8,10,16,20],"killed_by":"Gremlin Leader","ascension_level":0}}