{"host":"dn6kke80v5f7isus","time":1611905706,"event":{"mods":["AchievementEnabler","Act Like it!","BaseMod","Colored Powertips","Custom Start","Defuse TimeMaze Blight","Gremlin Skip","Highlight Path","Hubris","Infinite Spire","Marisa????????","Minty Spire (QoL Compilation)","Rare Cards Sparkle","Replay The Spire","StSLib","The Servant 0.9.4","Uncapped","Unceasing Turn Reminder"],"gold_per_floor":[114,114,114,114,139,139,173,173,173,190,190,115,115,128,128,228,228,242,242,242,242],"floor_reached":20,"language":"ENG","playtime":291,"items_purged":["Strike_MRS"],"score":203,"play_id":"705d2161-77bd-4c14-a82c-b06845c41d6c","local_time":"20210129023506","is_ascension_mode":true,"campfire_choices":[{"data":"ChargingUp","floor":6,"key":"SMITH"},{"data":"EnergyFlow","floor":8,"key":"SMITH"},{"data":"UpSweep","floor":11,"key":"SMITH"},{"data":"MasterSpark","floor":13,"key":"SMITH"},{"data":"Strike_MRS","floor":15,"key":"SMITH"}],"circlet_count":0,"master_deck":["Strike_MRS","Strike_MRS+1","Strike_MRS+1","Defend_MRS","Defend_MRS","Defend_MRS","Defend_MRS","MasterSpark+1","UpSweep+1","ChargingUp+1","EnergyFlow+1"],"relics":["MiniHakkero","NeowsBlessing","Bag of Marbles","Strawberry","Calipers","Black Star"],"acts_visited":["Exordium","TheCity"],"potions_floor_usage":[14,16,16],"damage_taken":[{"damage":0,"enemies":"Cultist","floor":1,"turns":1},{"damage":0,"enemies":"3 Sentries","floor":7,"turns":2},{"damage":0,"enemies":"Small Slimes","floor":10,"turns":1},{"damage":0,"enemies":"2 Louse","floor":14,"turns":1},{"damage":17,"enemies":"Slime Boss","floor":16,"turns":7},{"damage":45,"enemies":"Shell Parasite","floor":18,"turns":5},{"damage":0,"enemies":"3 Byrds","floor":20,"turns":1}],"seed_played":"-3174844310057200806","potions_obtained":[{"floor":1,"key":"Block Potion"},{"floor":10,"key":"Weak Potion"},{"floor":14,"key":"LiquidBronze"}],"is_trial":false,"path_per_floor":["M","$","?","?","T","R","E","R","T","M","R","$","R","M","R","B",null,"M","?","M"],"character_chosen":"MARISA","items_purchased":[],"campfire_rested":0,"item_purchase_floors":[],"current_hp_per_floor":[75,75,75,75,75,75,82,82,82,82,82,82,82,82,82,65,82,37,37,37,37],"gold":242,"neow_bonus":"THREE_ENEMY_KILL","is_daily":false,"chose_seed":false,"campfire_upgraded":5,"win_rate":0.0,"timestamp":1611905706,"path_taken":["M","?","?","?","?","R","E","R","T","M","R","$","R","M","R","BOSS","M","?","?"],"items_purchased_type":[],"build_version":"2020-12-22","purchased_purges":1,"victory":false,"max_hp_per_floor":[75,75,75,75,75,75,82,82,82,82,82,82,82,82,82,82,82,82,82,82,82],"card_choices":[{"not_picked":["DarkMatter","UnstableBomb"],"picked":"ChargingUp","floor":1},{"not_picked":["UnstableBomb","OortCloud"],"picked":"EnergyFlow","floor":7},{"not_picked":["WitchLeyline","Orbital","Robbery"],"picked":"SKIP","floor":10},{"not_picked":["6A","MysteriousBeam","ShootingEcho"],"picked":"SKIP","floor":14},{"not_picked":["IllusionStar","MeteoricShower","AsteroidBelt"],"picked":"SKIP","floor":18}],"player_experience":401416,"relics_obtained":[{"floor":5,"key":"Bag of Marbles"},{"floor":7,"key":"Strawberry"},{"floor":9,"key":"Calipers"}],"event_choices":[],"is_beta":false,"boss_relics":[{"not_picked":["hubris:VirtuousBlindfold","Replay:Grab Bag"],"picked":"Black Star"}],"items_purged_floors":[12],"is_endless":false,"potions_floor_spawned":[1,10,14],"killed_by":"3 Byrds","ascension_level":1}}