{"host":"815dqs41i1y8uxms","time":1611954867,"event":{"mods":["A Penny For Your Troubles","Act Like it!","BaseMod","Dark Map","Elementarium","Fox Events","Minty Spire (QoL Compilation)","Shop Mod","StSLib","The Cursed"],"gold_per_floor":[109,109,109,0,34,51,51,86,163,16,43,43,375,389,389,389,389],"floor_reached":16,"language":"ENG","playtime":675,"items_purged":[],"score":116,"play_id":"4dd1ae77-f00e-4aa8-8e60-23e869940e7b","local_time":"20210129221427","is_ascension_mode":false,"campfire_choices":[{"floor":7,"key":"REST"},{"floor":12,"key":"REST"},{"floor":15,"key":"REST"}],"circlet_count":0,"master_deck":["Strike_B","Strike_B","Strike_B","Strike_B","Defend_B","Defend_B","Defend_B","Defend_B","Zap+1","Dualcast","Streamline","Loop","Chaos","BootSequence","Doom and Gloom","Redo","All For One","Reprogram"],"relics":["Cracked Core","Incense Burner","foxEvents:LuckyCharm","Centennial Puzzle","Kunai","Membership Card","Bronze Scales","Old Coin"],"acts_visited":["Exordium"],"potions_floor_usage":[8,11,11,16],"damage_taken":[{"damage":5,"enemies":"Small Slimes","floor":1,"turns":3},{"damage":41,"enemies":"Colosseum Slavers","floor":5,"turns":5},{"damage":2,"enemies":"Jaw Worm","floor":6,"turns":3},{"damage":12,"enemies":"3 Sentries","floor":8,"turns":6},{"damage":5,"enemies":"Gremlin Nob","floor":11,"turns":3},{"damage":26,"enemies":"Lagavulin","floor":13,"turns":5},{"damage":1,"enemies":"2 Louse","floor":14,"turns":2},{"damage":46,"enemies":"Hexaghost","floor":16,"turns":9}],"seed_played":"8118642161928714526","potions_obtained":[{"floor":1,"key":"Energy Potion"},{"floor":6,"key":"FearPotion"},{"floor":8,"key":"Swift Potion"},{"floor":14,"key":"SkillPotion"}],"is_trial":false,"path_per_floor":["M","?","?","$","?","M","R","E","T","$","E","R","E","M","R","B"],"character_chosen":"DEFECT","items_purchased":["Loop","Chaos","Membership Card"],"campfire_rested":3,"item_purchase_floors":[4,4,10],"current_hp_per_floor":[70,70,67,67,26,24,46,34,34,34,29,51,25,24,46,0,0],"gold":389,"neow_bonus":"UPGRADE_CARD","is_daily":false,"chose_seed":false,"campfire_upgraded":0,"win_rate":0.0,"timestamp":1611954867,"path_taken":["M","?","?","?","?","?","R","E","T","$","E","R","E","M","R","BOSS"],"items_purchased_type":["Card","Card","Relic"],"build_version":"2020-12-22","purchased_purges":0,"victory":false,"max_hp_per_floor":[75,75,75,75,75,75,75,75,75,75,75,75,75,75,75,75,75],"card_choices":[{"not_picked":["Hologram","Ball Lightning"],"picked":"Streamline","floor":1},{"not_picked":["Ball Lightning","Turbo"],"picked":"BootSequence","floor":6},{"not_picked":["Force Field","Melter"],"picked":"Doom and Gloom","floor":8},{"not_picked":["Steam","Chaos"],"picked":"Redo","floor":11},{"not_picked":["Static Discharge","Sweeping Beam"],"picked":"All For One","floor":13},{"not_picked":["Blizzard","Double Energy"],"picked":"Reprogram","floor":14}],"player_experience":3820254,"relics_obtained":[{"floor":5,"key":"foxEvents:LuckyCharm"},{"floor":8,"key":"Centennial Puzzle"},{"floor":9,"key":"Kunai"},{"floor":11,"key":"Bronze Scales"},{"floor":13,"key":"Old Coin"}],"event_choices":[{"damage_healed":0,"gold_gain":0,"player_choice":"Leave","damage_taken":0,"max_hp_gain":0,"max_hp_loss":0,"event_name":"The Cleric","floor":2,"gold_loss":0},{"damage_healed":0,"gold_gain":0,"player_choice":"Success","damage_taken":3,"relics_obtained":["Incense Burner"],"max_hp_gain":0,"max_hp_loss":0,"event_name":"Scrap Ooze","floor":3,"gold_loss":0}],"is_beta":false,"boss_relics":[],"items_purged_floors":[],"is_endless":false,"potions_floor_spawned":[1,6,8,14],"killed_by":"Hexaghost","ascension_level":0}}