{"host":"f6w7z8zvb0mi4wy9","time":1611958735,"event":{"mods":["BaseMod","Colored Map","Minty Spire (QoL Compilation)","READ ME - Guardian Mod","StSLib","SuperFastMode","The Jungle"],"gold_per_floor":[119,84,84,102,102,136,147,147,170,197,212,222,252,252,252,351,351,371,371,388,399,23,58,58,58],"floor_reached":24,"language":"KOR","playtime":843,"items_purged":[],"score":274,"play_id":"1952457b-3d2d-452a-a558-b32a652817b0","local_time":"20210130071855","is_ascension_mode":true,"campfire_choices":[{"data":"Dualcast","floor":8,"key":"SMITH"},{"data":"Go for the Eyes","floor":15,"key":"SMITH"}],"circlet_count":0,"master_deck":["Strike_B","Strike_B","Strike_B","Defend_B","Defend_B","Defend_B","Defend_B+1","Zap+1","Dualcast+1","Sweeping Beam","White Noise","Streamline","BootSequence","Cold Snap","Go for the Eyes+1","Tempest","Core Surge","CurseOfTheBell","Compile Driver+1","Glacier+1","Blizzard","Hologram+1","Defragment","Creative AI"],"relics":["Cracked Core","NeowsBlessing","Bag of Preparation","The Courier","Strawberry","Calling Bell","Centennial Puzzle","InkBottle","Peace Pipe","Ninja Scroll","ClockworkSouvenir","Mummified Hand","Bronze Scales"],"acts_visited":["Exordium","Exordium"],"potions_floor_usage":[19,19,23,23],"damage_taken":[{"damage":0,"enemies":"Cultist","floor":1,"turns":1},{"damage":0,"enemies":"Small Slimes","floor":4,"turns":1},{"damage":0,"enemies":"Gremlin Nob","floor":6,"turns":1},{"damage":1,"enemies":"Jaw Worm","floor":7,"turns":2},{"damage":12,"enemies":"Lagavulin","floor":10,"turns":6},{"damage":0,"enemies":"2 Fungi Beasts","floor":11,"turns":2},{"damage":0,"enemies":"Large Slime","floor":12,"turns":4},{"damage":7,"enemies":"3 Sentries","floor":13,"turns":5},{"damage":7,"enemies":"The Guardian","floor":16,"turns":10},{"damage":18,"enemies":"theJungle:Flameango_and_Byrd","floor":18,"turns":5},{"damage":33,"enemies":"JungleHuntersEvent","floor":19,"turns":6},{"damage":8,"enemies":"theJungle:GiantWrat","floor":20,"turns":5},{"damage":10,"enemies":"theJungle:JungleHuntersEncounter","floor":21,"turns":6},{"damage":5,"enemies":"theJungle:MamaSnecko","floor":23,"turns":10},{"damage":13,"enemies":"theJungle:2_Flameangoes","floor":24,"turns":3}],"seed_played":"-8444012000488143701","potions_obtained":[{"floor":1,"key":"Energy Potion"},{"floor":6,"key":"SneckoOil"},{"floor":10,"key":"GamblersBrew"},{"floor":11,"key":"Block Potion"},{"floor":20,"key":"GamblersBrew"},{"floor":21,"key":"FocusPotion"}],"is_trial":false,"path_per_floor":["M","$","?","M","?","E","M","R","T","E","M","M","E","?","R","B",null,"M","?","M","M","$","E","M"],"character_chosen":"DEFECT","items_purchased":["White Noise","Defragment","ClockworkSouvenir","Mummified Hand"],"campfire_rested":0,"item_purchase_floors":[2,22,22,22],"current_hp_per_floor":[75,75,68,68,53,53,52,52,52,40,40,40,40,45,45,38,87,69,36,28,18,18,13,0,0],"gold":58,"neow_bonus":"THREE_ENEMY_KILL","is_daily":false,"chose_seed":false,"campfire_upgraded":2,"win_rate":0.0,"timestamp":1611958735,"path_taken":["M","$","?","M","?","E","M","R","T","E","?","M","E","?","R","BOSS","M","?","M","M","$","E","M"],"items_purchased_type":["Card","Card","Relic","Relic"],"build_version":"2020-12-22","purchased_purges":0,"victory":false,"max_hp_per_floor":[75,75,75,75,75,75,75,75,75,75,75,75,82,87,87,87,87,87,87,87,87,87,87,87,87],"card_choices":[{"not_picked":["Skim","Tempest"],"picked":"Sweeping Beam","floor":1},{"not_picked":["Hologram","Undo"],"picked":"Streamline","floor":4},{"not_picked":["Melter","Beam Cell"],"picked":"BootSequence","floor":6},{"not_picked":["Stack","Coolheaded","Streamline"],"picked":"SKIP","floor":7},{"not_picked":["Hologram","Blizzard"],"picked":"Cold Snap","floor":10},{"not_picked":["Barrage","Thunder Strike","Turbo"],"picked":"SKIP","floor":11},{"not_picked":["Cold Snap","Chaos"],"picked":"Go for the Eyes","floor":12},{"not_picked":["FTL","Coolheaded"],"picked":"Tempest","floor":13},{"not_picked":["Amplify","Rainbow"],"picked":"Core Surge","floor":16},{"not_picked":["Undo+1","Darkness+1"],"picked":"Compile Driver+1","floor":18},{"not_picked":["Loop","Conserve Battery"],"picked":"Glacier+1","floor":19},{"not_picked":["Static Discharge","Recycle"],"picked":"Blizzard","floor":20},{"not_picked":["Recycle","Leap"],"picked":"Hologram+1","floor":21},{"not_picked":["Loop","Beam Cell"],"picked":"Creative AI","floor":23}],"player_experience":909786,"relics_obtained":[{"floor":6,"key":"Bag of Preparation"},{"floor":10,"key":"The Courier"},{"floor":13,"key":"Strawberry"},{"floor":17,"key":"Centennial Puzzle"},{"floor":17,"key":"InkBottle"},{"floor":17,"key":"Peace Pipe"},{"floor":19,"key":"Ninja Scroll"},{"floor":23,"key":"Bronze Scales"}],"event_choices":[{"cards_removed":["Strike_B"],"damage_healed":0,"gold_gain":0,"player_choice":"Card Removal","damage_taken":7,"max_hp_gain":0,"max_hp_loss":0,"event_name":"Golden Wing","floor":3,"gold_loss":0},{"damage_healed":0,"gold_gain":0,"player_choice":"Entered Light","damage_taken":15,"max_hp_gain":0,"max_hp_loss":0,"event_name":"Shining Light","floor":5,"gold_loss":0,"cards_upgraded":["Defend_B","Zap"]},{"damage_healed":0,"gold_gain":0,"player_choice":"Donut","damage_taken":0,"max_hp_gain":5,"max_hp_loss":0,"event_name":"Big Fish","floor":14,"gold_loss":0}],"is_beta":false,"boss_relics":[{"not_picked":["Empty Cage","Velvet Choker"],"picked":"Calling Bell"}],"items_purged_floors":[],"is_endless":false,"potions_floor_spawned":[1,6,10,11,13,20,21],"killed_by":"theJungle:2_Flameangoes","ascension_level":1}}