{"host":"w4b7hmige5bnqipq","time":1611940626,"event":{"mods":["2.2 Compatiblity","BaseMod","Colored Map","DeckTracker","Keyboard Shortcuts","Minty Spire (QoL Compilation)","Permanent Neow","Rare Cards Sparkle","SuperFastMode","everything is the same but u backflip on backflip","slay the spire mod where everything is the same but ironclad has a cowboy hat"],"gold_per_floor":[113,113,127,140,140,140,173,196,220,220,233,198,198,237,237,330,330,346,361,361,385,94,94,135,162,227,239,270,197,247,309,321,429,441,473,485,512,257,557,600,600,226,298,298,319,337,378,34,34,34,34,34,34,34,67,67,67],"floor_reached":56,"language":"KOR","playtime":1985,"items_purged":["Strike_G","Strike_G","Strike_G","Strike_G"],"score":2081,"play_id":"ed39cfa5-1b3b-492e-bb77-dab37fc5505b","local_time":"20210130021706","is_ascension_mode":true,"campfire_choices":[{"data":"Bouncing Flask","floor":6.0,"key":"SMITH"},{"data":"Crippling Poison","floor":10.0,"key":"SMITH"},{"data":"Wraith Form v2","floor":13.0,"key":"SMITH"},{"data":"Catalyst","floor":15.0,"key":"SMITH"},{"data":"Bullet Time","floor":23.0,"key":"SMITH"},{"data":"Backflip","floor":27.0,"key":"SMITH"},{"floor":32.0,"key":"REST"},{"floor":41.0,"key":"REST"},{"floor":44.0,"key":"RECALL"},{"floor":49.0,"key":"REST"},{"data":"Enlightenment","floor":53.0,"key":"SMITH"}],"circlet_count":0,"master_deck":["AscendersBane","Strike_G","Defend_G","Defend_G","Defend_G+1","Defend_G","Defend_G","Survivor","Neutralize","Footwork","Underhanded Strike","Bouncing Flask+1","Crippling Poison+1","Wraith Form v2+1","Catalyst+1","Bullet Time+1","Backflip+1","Doppelganger+1","Sucker Punch+1","Reflex","PiercingWail","Enlightenment+1","Acrobatics","Bouncing Flask+1","Expertise+1","Dodge and Roll+1"],"relics":["Ring of the Snake","Lantern","Golden Idol","PreservedInsect","Vajra","Bag of Marbles","SlaversCollar","Lee\u0027s Waffle","MawBank","War Paint","Anchor","Blood Vial","Philosopher\u0027s Stone","Medical Kit","Letter Opener","Potion Belt","FossilizedHelix","The Specimen"],"acts_visited":["Exordium","TheCity","TheBeyond","TheEnding"],"potions_floor_usage":[],"damage_taken":[{"damage":0.0,"enemies":"2 Louse","floor":1.0,"turns":2.0},{"damage":5.0,"enemies":"Jaw Worm","floor":3.0,"turns":6.0},{"damage":2.0,"enemies":"Cultist","floor":4.0,"turns":5.0},{"damage":22.0,"enemies":"3 Sentries","floor":7.0,"turns":9.0},{"damage":0.0,"enemies":"3 Louse","floor":8.0,"turns":3.0},{"damage":1.0,"enemies":"Looter","floor":11.0,"turns":3.0},{"damage":6.0,"enemies":"Gremlin Nob","floor":14.0,"turns":3.0},{"damage":25.0,"enemies":"The Guardian","floor":16.0,"turns":7.0},{"damage":2.0,"enemies":"Spheric Guardian","floor":18.0,"turns":5.0},{"damage":0.0,"enemies":"3 Byrds","floor":19.0,"turns":5.0},{"damage":16.0,"enemies":"Centurion and Healer","floor":21.0,"turns":9.0},{"damage":8.0,"enemies":"Slavers","floor":24.0,"turns":5.0},{"damage":26.0,"enemies":"Snake Plant","floor":25.0,"turns":5.0},{"damage":5.0,"enemies":"Sentry and Sphere","floor":28.0,"turns":4.0},{"damage":5.0,"enemies":"Book of Stabbing","floor":30.0,"turns":4.0},{"damage":40.0,"enemies":"Automaton","floor":33.0,"turns":11.0},{"damage":6.0,"enemies":"3 Darklings","floor":35.0,"turns":6.0},{"damage":14.0,"enemies":"Orb Walker","floor":37.0,"turns":6.0},{"damage":16.0,"enemies":"Giant Head","floor":40.0,"turns":6.0},{"damage":2.0,"enemies":"Jaw Worm Horde","floor":45.0,"turns":5.0},{"damage":0.0,"enemies":"Sphere and 2 Shapes","floor":46.0,"turns":3.0},{"damage":5.0,"enemies":"Nemesis","floor":47.0,"turns":5.0},{"damage":61.0,"enemies":"Awakened One","floor":50.0,"turns":16.0},{"damage":0.0,"enemies":"Time Eater","floor":51.0,"turns":8.0},{"damage":0.0,"enemies":"Shield and Spear","floor":55.0,"turns":5.0},{"damage":89,"enemies":"The Heart","floor":56,"turns":3}],"seed_played":"-5210506565644515360","potions_obtained":[{"floor":3.0,"key":"PowerPotion"},{"floor":7.0,"key":"Block Potion"},{"floor":14.0,"key":"Poison Potion"},{"floor":25.0,"key":"Explosive Potion"},{"floor":28.0,"key":"Block Potion"},{"floor":33.0,"key":"FearPotion"},{"floor":35.0,"key":"AttackPotion"},{"floor":46.0,"key":"SkillPotion"}],"is_trial":false,"path_per_floor":["M","?","M","M","?","R","E","M","T","R","M","?","R","E","R","B",null,"M","M","?","M","$","R","E","M","T","R","M","?","E","?","R","B",null,"M","?","M","$","?","E","R","$","T","R","M","M","E","$","R","B","B",null,"R","$","E","B"],"character_chosen":"THE_SILENT","items_purchased":["Lee\u0027s Waffle","Backflip","Medical Kit","Potion Belt","LiquidBronze","Fruit Juice","GamblersBrew"],"campfire_rested":3,"item_purchase_floors":[22,22,38,42,42,48,48],"current_hp_per_floor":[59,64,59,57,57,57,35,35,35,35,34,50,50,44,44,19,53,51,51,51,35,71,71,63,37,37,37,32,32,27,27,48,10,56,52,47,35,35,35,21,42,42,42,42,42,44,41,41,67,8,10,60,60,60,62,0,0],"gold":67,"neow_bonus":"RANDOM_COMMON_RELIC","is_daily":false,"chose_seed":false,"campfire_upgraded":7,"win_rate":0.0,"timestamp":1611940626,"path_taken":["M","?","M","M","?","R","E","M","T","R","M","?","R","E","R","BOSS","M","M","?","M","$","R","E","M","T","R","?","?","E","?","R","BOSS","M","?","M","$","?","E","R","$","T","R","M","M","E","$","R","BOSS","BOSS","R","$","E","BOSS"],"items_purchased_type":["Relic","Card","Relic","Relic","Potion","Potion","Potion"],"build_version":"2020-12-22","purchased_purges":4,"victory":false,"max_hp_per_floor":[66,71,71,71,64,64,64,64,64,64,64,64,64,64,64,64,64,64,64,64,64,71,71,71,71,71,71,71,71,71,71,71,71,71,71,71,71,71,71,71,71,71,71,71,71,71,71,71,76,76,76,76,76,76,76,76,76],"card_choices":[{"not_picked":["Flying Knee","Sucker Punch"],"picked":"Footwork","floor":1.0},{"not_picked":["Tactician","Backflip"],"picked":"Underhanded Strike","floor":3.0},{"not_picked":["Terror","PiercingWail"],"picked":"Bouncing Flask","floor":4.0},{"not_picked":["Acrobatics","Poisoned Stab"],"picked":"Crippling Poison","floor":7.0},{"not_picked":["Quick Slash","Choke","Concentrate"],"picked":"SKIP","floor":8.0},{"not_picked":["Dodge and Roll","Blade Dance"],"picked":"Wraith Form v2","floor":11.0},{"not_picked":["Blur","Sucker Punch"],"picked":"Catalyst","floor":14.0},{"not_picked":["Die Die Die","After Image"],"picked":"Bullet Time","floor":16.0},{"not_picked":["Flying Knee","Dagger Spray","Choke"],"picked":"SKIP","floor":18.0},{"not_picked":["Underhanded Strike","Outmaneuver","Flying Knee+1"],"picked":"SKIP","floor":19.0},{"not_picked":["Slice","Prepared","Dagger Throw"],"picked":"SKIP","floor":21.0},{"not_picked":["Outmaneuver","Backstab","Quick Slash"],"picked":"SKIP","floor":24.0},{"not_picked":["Outmaneuver","Backstab","Quick Slash"],"picked":"SKIP","floor":24.0},{"not_picked":["Dagger Throw","Deflect"],"picked":"Doppelganger","floor":25.0},{"not_picked":["Dagger Throw","Underhanded Strike"],"picked":"Sucker Punch+1","floor":28.0},{"not_picked":["Flying Knee","Deadly Poison"],"picked":"Reflex","floor":30.0},{"not_picked":["Accuracy","Dagger Spray"],"picked":"PiercingWail","floor":35.0},{"not_picked":["Transmutation","Deep Breath"],"picked":"Enlightenment","floor":36.0},{"not_picked":["Slice","Underhanded Strike"],"picked":"Acrobatics","floor":37.0},{"not_picked":["Bullet Time","Well Laid Plans"],"picked":"Bouncing Flask+1","floor":40.0},{"not_picked":["Deadly Poison","Dash"],"picked":"Expertise+1","floor":45.0},{"not_picked":["All Out Attack","Slice+1","Quick Slash"],"picked":"SKIP","floor":46.0},{"not_picked":["Crippling Poison","Infinite Blades","Heel Hook"],"picked":"SKIP","floor":47.0},{"not_picked":["Adrenaline","Bane"],"picked":"Dodge and Roll+1","floor":55.0}],"player_experience":669742,"relics_obtained":[{"floor":7.0,"key":"PreservedInsect"},{"floor":9.0,"key":"Vajra"},{"floor":14.0,"key":"Bag of Marbles"},{"floor":24.0,"key":"MawBank"},{"floor":26.0,"key":"War Paint"},{"floor":30.0,"key":"Blood Vial"},{"floor":40.0,"key":"Letter Opener"},{"floor":47.0,"key":"FossilizedHelix"},{"floor":55.0,"key":"The Specimen"}],"event_choices":[{"damage_healed":0.0,"max_hp_gain":5.0,"max_hp_loss":0.0,"gold_gain":0.0,"event_name":"Big Fish","player_choice":"Donut","floor":2.0,"gold_loss":0.0,"damage_taken":0.0},{"damage_healed":0.0,"max_hp_gain":0.0,"max_hp_loss":7.0,"gold_gain":0.0,"event_name":"Golden Idol","player_choice":"Lose Max HP","floor":5.0,"gold_loss":0.0,"damage_taken":0.0,"relics_obtained":["Golden Idol"]},{"damage_healed":16.0,"max_hp_gain":0.0,"max_hp_loss":0.0,"gold_gain":0.0,"event_name":"The Cleric","player_choice":"Healed","floor":12.0,"gold_loss":35.0,"damage_taken":0.0},{"damage_healed":0.0,"max_hp_gain":0.0,"max_hp_loss":0.0,"gold_gain":0.0,"event_name":"Match and Keep!","player_choice":"0 cards matched","floor":20.0,"gold_loss":0.0,"damage_taken":0.0,"cards_obtained":[]},{"damage_healed":0.0,"max_hp_gain":0.0,"max_hp_loss":0.0,"gold_gain":0.0,"event_name":"Addict","player_choice":"Obtained Relic","floor":29.0,"gold_loss":85.0,"damage_taken":0.0,"relics_obtained":["Anchor"]},{"damage_healed":0.0,"max_hp_gain":0.0,"max_hp_loss":0.0,"gold_gain":50.0,"event_name":"Nest","player_choice":"Stole From Cult","floor":31.0,"gold_loss":0.0,"damage_taken":0.0},{"damage_healed":0.0,"max_hp_gain":0.0,"max_hp_loss":0.0,"gold_gain":0.0,"event_name":"SensoryStone","player_choice":"Memory 2","floor":36.0,"gold_loss":0.0,"damage_taken":5.0},{"damage_healed":0.0,"max_hp_gain":0.0,"max_hp_loss":0.0,"gold_gain":300.0,"event_name":"Wheel of Change","player_choice":"Gold","floor":39.0,"gold_loss":0.0,"damage_taken":0.0}],"is_beta":false,"boss_relics":[{"not_picked":["Snecko Eye","Astrolabe"],"picked":"SlaversCollar"},{"not_picked":["Velvet Choker","Runic Dome"],"picked":"Philosopher\u0027s Stone"}],"items_purged_floors":[22,38,42,48],"is_endless":false,"potions_floor_spawned":[3,7,14,18,25,28,33,35,46],"killed_by":"The Heart","ascension_level":20}}