{"host":"wghdsg8ym2wc7ov9","time":1611899688,"event":{"mods":["A Penny For Your Troubles","AchievementEnabler","Astrologer","BaseMod","Beaked The Cultist","Better Altar","Better Note","ChefMod","Colored Map","Evolution","Fox Events","Hermit","Highlight Path","Jorbs\u0027s Wanderer Trilogy","KinomotoSakuraMod(????)","Minty Spire (QoL Compilation)","Random Character Button","Relic Stats","SIMod","Shop Mod","StSLib","The Blackbeard","The Bladedancer","The Construct","The Cursed","The Death Knight","The Gatherer","The Hierophant","The Marked","The Mystic","The Necromancer","The Runesmith","The Senshi","The Servant 0.9.4","Weighted Paths"],"gold_per_floor":[113,124,144,157,175,175,204,204,229,250,284,284,559,575,575,575,575],"floor_reached":16,"language":"ENG","playtime":2226,"items_purged":[],"score":112,"play_id":"892cf647-4140-47b9-9a47-efc971bd73b7","local_time":"20210128215448","is_ascension_mode":false,"campfire_choices":[{"data":"DeathKnight:RuneTap","floor":6,"key":"SMITH"},{"floor":8,"key":"REST"},{"floor":15,"key":"REST"}],"circlet_count":0,"master_deck":["DeathKnight:Strike_DeathKnight","DeathKnight:Strike_DeathKnight","DeathKnight:Strike_DeathKnight","DeathKnight:Strike_DeathKnight","DeathKnight:Strike_DeathKnight","DeathKnight:Defend_DeathKnight","DeathKnight:Defend_DeathKnight","DeathKnight:Defend_DeathKnight","DeathKnight:Defend_DeathKnight","DeathKnight:RuneTap+1","DeathKnight:RuneStrike","DeathKnight:FrosPresence","DeathKnight:IcyTouch","DeathKnight:MutagenicPlague","DeathKnight:ThirstingStrike","DeathKnight:FesteringStrike","DeathKnight:Hysteria","DeathKnight:MarkOfBlood","DeathKnight:AntiMagicShell","DeathKnight:ReapingStrike","Regret","DeathKnight:BloodStrike"],"relics":["DeathKnight:BrokenRuneblade","EVO:Axolotl","Question Card","Odd Mushroom","Bag of Marbles"],"acts_visited":["Exordium"],"potions_floor_usage":[2,10,10,14],"damage_taken":[{"damage":2,"enemies":"Small Slimes","floor":1,"turns":4},{"damage":7,"enemies":"Cultist","floor":2,"turns":7},{"damage":2,"enemies":"2 Louse","floor":3,"turns":3},{"damage":7,"enemies":"Large Slime","floor":4,"turns":8},{"damage":4,"enemies":"Lots of Slimes","floor":5,"turns":4},{"damage":41,"enemies":"Gremlin Nob","floor":7,"turns":5},{"damage":23,"enemies":"The Mushroom Lair","floor":10,"turns":5},{"damage":18,"enemies":"Lagavulin","floor":11,"turns":7},{"damage":0,"enemies":"Looter","floor":14,"turns":3},{"damage":36,"enemies":"Hexaghost","floor":16,"turns":9}],"seed_played":"7258414395256673661","potions_obtained":[{"floor":1,"key":"Fruit Juice"},{"floor":5,"key":"PowerPotion"},{"floor":7,"key":"DeathKnight:VirulencePotion"},{"floor":11,"key":"SkillPotion"}],"is_trial":false,"path_per_floor":["M","M","M","M","M","R","E","R","T","?","E","?","?","M","R","B"],"character_chosen":"DEATH_KNIGHT","items_purchased":[],"campfire_rested":2,"item_purchase_floors":[],"current_hp_per_floor":[80,78,76,69,65,65,24,50,50,27,9,9,9,9,35,0,0],"gold":575,"neow_bonus":"TEN_PERCENT_HP_BONUS","is_daily":false,"chose_seed":false,"campfire_upgraded":1,"win_rate":0.0,"timestamp":1611899688,"path_taken":["M","M","M","M","M","R","E","R","T","?","E","?","?","?","R","BOSS"],"items_purchased_type":[],"build_version":"2020-12-22","purchased_purges":0,"victory":false,"max_hp_per_floor":[82,87,87,87,87,87,87,87,87,87,87,87,87,87,87,87,87],"relic_stats":{"counters":[10,55],"Question Card":3,"obtain_stats":[{"Bag of Marbles":11,"EVO:Axolotl":0,"Odd Mushroom":10,"Question Card":7,"DeathKnight:BrokenRuneblade":0},{"Bag of Marbles":8,"EVO:Axolotl":0,"Odd Mushroom":7,"Question Card":6,"DeathKnight:BrokenRuneblade":0},{"Bag of Marbles":43,"EVO:Axolotl":0,"Odd Mushroom":36,"Question Card":31,"DeathKnight:BrokenRuneblade":0}]},"card_choices":[{"not_picked":["DeathKnight:BludPresence","DeathKnight:HartStrike"],"picked":"DeathKnight:FrosPresence","floor":1},{"not_picked":["DeathKnight:MutagenicPlague","DeathKnight:BludPresence"],"picked":"DeathKnight:IcyTouch","floor":2},{"not_picked":["DeathKnight:Parry","DeathKnight:FrosPresence"],"picked":"DeathKnight:MutagenicPlague","floor":3},{"not_picked":["DeathKnight:PathOfFrost","DeathKnight:DeathRune"],"picked":"DeathKnight:ThirstingStrike","floor":4},{"not_picked":["DeathKnight:MindFreeze","DeathKnight:IceboundArmor"],"picked":"DeathKnight:FesteringStrike","floor":5},{"not_picked":["DeathKnight:AntiMagicShell","DeathKnight:MindFreeze"],"picked":"DeathKnight:Hysteria","floor":7},{"not_picked":["DeathKnight:BoneSpear","DeathKnight:Parry","DeathKnight:GargoyleSkin"],"picked":"DeathKnight:MarkOfBlood","floor":10},{"not_picked":["DeathKnight:BloodStrike","DeathKnight:HornOfWinter","DeathKnight:Marrowrend"],"picked":"DeathKnight:AntiMagicShell","floor":11},{"not_picked":["DeathKnight:MindFreeze","DeathKnight:IceboundArmor","DeathKnight:BoneShield"],"picked":"DeathKnight:BloodStrike","floor":14}],"player_experience":828409,"relics_obtained":[{"floor":7,"key":"Question Card"},{"floor":10,"key":"Odd Mushroom"},{"floor":11,"key":"Bag of Marbles"}],"event_choices":[{"damage_healed":0,"gold_gain":0,"player_choice":"Fought Mushrooms","damage_taken":0,"max_hp_gain":0,"max_hp_loss":0,"event_name":"Mushrooms","floor":10,"gold_loss":0},{"damage_healed":0,"gold_gain":0,"cards_transformed":["DeathKnight:Defend_DeathKnight"],"player_choice":"Change","damage_taken":0,"max_hp_gain":0,"max_hp_loss":0,"event_name":"Living Wall","floor":12,"gold_loss":0,"cards_obtained":["DeathKnight:ReapingStrike"]},{"damage_healed":0,"gold_gain":275,"player_choice":"Desecrate","damage_taken":0,"max_hp_gain":0,"max_hp_loss":0,"event_name":"Golden Shrine","floor":13,"gold_loss":0,"cards_obtained":["Regret"]}],"is_beta":false,"boss_relics":[],"items_purged_floors":[],"is_endless":false,"potions_floor_spawned":[1,5,7,11],"killed_by":"Hexaghost","ascension_level":0}}