{"host":"takgv9cv6xf64vhq","time":1611919092,"event":{"mods":["BaseMod","Colored Powertips","Downfall","Hubris","LagranYue(拉格朗・月)","Marisa（F雨　魔理沙）","Minty Spire (QoL Compilation)","Replay The Spire","StSLib","The Animator","The Cursed","The Jungle","TheHeartMod"],"gold_per_floor":[114,114,114,125,139,173,173,173,173,184,198,198,210,230,230,325,325,340,406,456,475,491,541,566,583,583,647,682,698,708,724,724,828,828,847,858,921,971,259,273,303,303,303,322,351,365,465,33,33,33,33,33,33,58,58],"floor_reached":56,"language":"ZHS","playtime":7291,"items_purged":["hubris:Lust","Voices"],"score":1908,"play_id":"8f593c24-a185-46fd-bd74-899667692541","local_time":"20210129191812","is_ascension_mode":true,"campfire_choices":[{"data":"Fluid Movement","floor":7.0,"key":"SMITH"},{"data":"Backflip","floor":15.0,"key":"SMITH"},{"data":"Storm of Steel","floor":32.0,"key":"SMITH"},{"floor":42.0,"key":"RECALL"},{"data":"Reprogram","floor":49.0,"key":"SMITH"}],"circlet_count":0,"master_deck":["Strike_G","Strike_G","Strike_G","Strike_G","Strike_G","Defend_G","Defend_G","Defend_G","Defend_G","Defend_G","Survivor","Neutralize+1","Quick Slash","Storm of Steel+1","Caltrops","Fluid Movement+1","ReplayTheSpireMod:Scrap Shanks","Dodge and Roll","Backflip+1","Calculated Gamble","Buffer+1","Blade Dance","Draining Mist+1","Caltrops","Double Energy","Turbo","Adrenaline","Self Repair","Tools of the Trade","Hidden Blade+1","Night Terror","PiercingWail","Reprogram+1","Prepared","Recycle","Looming Evil","Acrobatics","Cloak And Dagger+1","Leap","ReplayTheSpireMod:Tripwire","Deflect+1"],"relics":["SlaversCollar","hubris:Towel","hexamod:BolsterEngine","hubris:DisguiseKit","ReplayTheSpireMod:Ring of Collecting","ReplayTheSpireMod:Ring of Addiction","hubris:EmptyBottle","Chameleon Ring","Ring of Fury","Dead Branch","SsserpentHead","Cursed Key","Pantograph","ReplayTheSpireMod:Ring of Exchange","Happy Flower","Replay:Wax Seal","expansioncontent:StudyCardRelic","hubris:Reverence","Paper Crane","TwistedFunnel","LagranYue:GuideDeadRelic","ReplayTheSpireMod:Ring of Challenge","Eternal Feather","Ice Cream","hubris:SphereOfDissonance","ReplayTheSpireMod:TigerMarble"],"acts_visited":["Exordium","TheCity","TheBeyond","TheEnding"],"potions_floor_usage":[55,55,55,55],"damage_taken":[{"damage":0.0,"enemies":"Small Slimes","floor":1.0,"turns":5.0},{"damage":1.0,"enemies":"Jaw Worm","floor":4.0,"turns":6.0},{"damage":0.0,"enemies":"Cultist","floor":5.0,"turns":3.0},{"damage":5.0,"enemies":"Lagavulin","floor":6.0,"turns":6.0},{"damage":5.0,"enemies":"2 Fungi Beasts","floor":10.0,"turns":3.0},{"damage":0.0,"enemies":"Gremlin Gang","floor":11.0,"turns":3.0},{"damage":11.0,"enemies":"Lots of Slimes","floor":13.0,"turns":4.0},{"damage":0.0,"enemies":"Looter","floor":14.0,"turns":2.0},{"damage":0.0,"enemies":"Hexaghost","floor":16.0,"turns":3.0},{"damage":2.0,"enemies":"Shell Parasite","floor":18.0,"turns":4.0},{"damage":0.0,"enemies":"Chosen","floor":19.0,"turns":3.0},{"damage":9.0,"enemies":"3 Cultists","floor":21.0,"turns":4.0},{"damage":1.0,"enemies":"Shelled Parasite and Fungi","floor":22.0,"turns":3.0},{"damage":13.0,"enemies":"Slavers","floor":24.0,"turns":2.0},{"damage":0.0,"enemies":"Cultist and Chosen","floor":25.0,"turns":6.0},{"damage":4.0,"enemies":"Centurion and Healer","floor":27.0,"turns":6.0},{"damage":0.0,"enemies":"Book of Stabbing","floor":28.0,"turns":6.0},{"damage":5.0,"enemies":"Sentry and Sphere","floor":29.0,"turns":5.0},{"damage":0.0,"enemies":"Chosen and Byrds","floor":30.0,"turns":4.0},{"damage":1.0,"enemies":"Snake Plant","floor":31.0,"turns":3.0},{"damage":3.0,"enemies":"Pondfish","floor":33.0,"turns":7.0},{"damage":0.0,"enemies":"Orb Walker","floor":35.0,"turns":3.0},{"damage":4.0,"enemies":"3 Darklings","floor":36.0,"turns":3.0},{"damage":32.0,"enemies":"Sphere and 2 Shapes","floor":37.0,"turns":4.0},{"damage":10.0,"enemies":"Transient","floor":40.0,"turns":5.0},{"damage":7.0,"enemies":"Reptomancer","floor":41.0,"turns":4.0},{"damage":0.0,"enemies":"Maw","floor":44.0,"turns":5.0},{"damage":0.0,"enemies":"Giant Head","floor":45.0,"turns":2.0},{"damage":4.0,"enemies":"Jaw Worm Horde","floor":46.0,"turns":3.0},{"damage":0.0,"enemies":"Mind Bloom Boss Battle","floor":47.0,"turns":2.0},{"damage":12.0,"enemies":"Donu and Deca","floor":50.0,"turns":7.0},{"damage":0.0,"enemies":"Shield and Spear","floor":54.0,"turns":3.0},{"damage":7,"enemies":"The Heart","floor":55,"turns":9}],"seed_played":"5261203714442515820","potions_obtained":[{"floor":1.0,"key":"AttackPotion"},{"floor":8.0,"key":"Dexterity Potion"},{"floor":8.0,"key":"AttackPotion"},{"floor":8.0,"key":"SneckoOil"},{"floor":10.0,"key":"Milkshake"},{"floor":13.0,"key":"Poison Potion"},{"floor":14.0,"key":"PowerPotion"},{"floor":19.0,"key":"champ:CounterPotion"},{"floor":21.0,"key":"LiquidMemories"},{"floor":28.0,"key":"Milkshake"},{"floor":41.0,"key":"LiquidMemories"},{"floor":44.0,"key":"FearPotion"},{"floor":46.0,"key":"GamblersBrew"},{"floor":52.0,"key":"AttackPotion"},{"floor":52.0,"key":"Fire Potion"}],"is_trial":false,"path_per_floor":["M","?","?","M","M","E","R","?","T","M","M","?","M","M","R","B",null,"M","M","?","M","M","?","E","M","T","M","E","M","M","M","R","B",null,"M","M","M","?","$","M","E","R","T","M","E","M","?","$","R","B",null,"R","$","E","B",null],"character_chosen":"THE_SILENT","items_purchased":["hubris:Reverence","Paper Crane","TwistedFunnel","ReplayTheSpireMod:Tripwire","hubris:SphereOfDissonance"],"campfire_rested":0,"item_purchase_floors":[39,39,39,48,48],"current_hp_per_floor":[70,70,58,57,57,52,52,52,52,47,47,47,36,36,36,36,70,68,68,68,59,58,58,45,45,45,41,41,36,36,42,42,70,70,70,70,36,36,36,33,33,33,33,40,47,50,64,64,64,52,64,64,64,62,55],"gold":58,"neow_bonus":"BOSS_RELIC","is_daily":false,"chose_seed":false,"campfire_upgraded":4,"win_rate":0.0,"timestamp":1611919092,"path_taken":["M","?","?","M","M","E","R","?","T","M","M","?","M","M","R","BOSS","M","?","?","M","M","?","E","M","T","?","E","M","M","M","R","BOSS","M","M","?","?","$","M","E","R","T","M","E","M","?","$","R","BOSS","R","$","E","BOSS"],"items_purchased_type":["Relic","Relic","Relic","Card","Relic"],"build_version":"2020-12-22","purchased_purges":2,"victory":true,"max_hp_per_floor":[70,70,70,70,70,70,70,70,70,70,70,70,70,70,70,70,70,70,70,70,70,70,70,70,70,70,70,70,70,70,70,70,70,70,70,70,68,68,68,66,66,66,64,64,64,64,64,64,64,64,64,64,64,62,62],"card_choices":[{"not_picked":["ReplayTheSpireMod:Exploit Weakness","Deadly Poison"],"picked":"Quick Slash","floor":1.0},{"not_picked":["Sucker Punch","Dagger Spray"],"picked":"Storm of Steel","floor":4.0},{"not_picked":["Setup","Acrobatics"],"picked":"Caltrops","floor":5.0},{"not_picked":["Reflex","Sucker Punch"],"picked":"Fluid Movement","floor":6.0},{"not_picked":["PiercingWail","Deadly Poison","Steam"],"picked":"ReplayTheSpireMod:Scrap Shanks","floor":10.0},{"not_picked":["Poisoned Stab","Bouncing Flask","Undo"],"picked":"Dodge and Roll","floor":11.0},{"not_picked":["Dodge and Roll","Concentrate","Barrage"],"picked":"Backflip","floor":13.0},{"not_picked":["Well Laid Plans","Endless Agony","Compile Driver"],"picked":"Calculated Gamble","floor":14.0},{"not_picked":["Grand Finale","ReplayTheSpireMod:From All Sides","Unload"],"picked":"Buffer","floor":16.0},{"not_picked":["Prepared","ReplayTheSpireMod:Exploit Weakness+1","Beam Cell"],"picked":"Blade Dance","floor":18.0},{"not_picked":["Deadly Poison","hubris:SlightOfHand","Panic Button"],"picked":"Flying Knee+1","floor":19.0},{"not_picked":["Deadly Poison","Outmaneuver","Panic Button"],"picked":"Draining Mist+1","floor":21.0},{"not_picked":["Escape Plan","Bane+1","Defragment"],"picked":"Caltrops","floor":22.0},{"not_picked":["Toxin Wave+1","Fluid Movement","Acrobatics"],"picked":"Double Energy","floor":24.0},{"not_picked":["Flying Knee+1","Flechettes","Sucker Punch","Beam Cell"],"picked":"SKIP","floor":25.0},{"not_picked":["Dash+1","Hidden Blade+1","Sucker Punch"],"picked":"Turbo","floor":27.0},{"not_picked":["hubris:Sniper","ReplayTheSpireMod:Scrap Shanks","Sweeping Beam"],"picked":"Adrenaline","floor":28.0},{"not_picked":["Dagger Spray","Skewer","Slice"],"picked":"Self Repair","floor":29.0},{"not_picked":["Backflip+1","Poisoned Stab","Coolheaded"],"picked":"Tools of the Trade","floor":30.0},{"not_picked":["Outmaneuver+1","Prepared","ReplayGash"],"picked":"Hidden Blade+1","floor":31.0},{"not_picked":["ReplayTheSpireMod:From All Sides","Adrenaline","Hyperbeam"],"picked":"Night Terror","floor":33.0},{"not_picked":["Blade Dance","Dagger Spray","Gash"],"picked":"PiercingWail","floor":35.0},{"not_picked":["Dash","Sucker Punch+1","Acrobatics"],"picked":"Reprogram","floor":36.0},{"not_picked":["Dagger Throw","Deadly Poison","Quick Slash+1","Self Repair"],"picked":"SKIP","floor":37.0},{"not_picked":["hubris:SlightOfHand","Slice+1","Go for the Eyes"],"picked":"Prepared","floor":40.0},{"not_picked":["Acrobatics","Dagger Throw","Corpse Explosion"],"picked":"Recycle","floor":41.0},{"not_picked":["hubris:Counter+1","Flying Knee+1","BasicCrystalCard"],"picked":"Acrobatics","floor":44.0},{"not_picked":["Flying Knee+1","ReplayTheSpireMod:From All Sides","Sweeping Beam"],"picked":"Cloak And Dagger+1","floor":45.0},{"not_picked":["ReplayTheSpireMod:Exploit Weakness+1","Replay:Poison Smokescreen","Well Laid Plans+1","Streamline"],"picked":"SKIP","floor":46.0},{"not_picked":["Slice","Quick Slash+1","Deflect"],"picked":"Leap","floor":47.0},{"not_picked":["PiercingWail","Setup","ReplaySolidLightProjector"],"picked":"Deflect+1","floor":54.0}],"player_experience":182482,"relics_obtained":[{"floor":6.0,"key":"hubris:DisguiseKit"},{"floor":8.0,"key":"ReplayTheSpireMod:Ring of Collecting"},{"floor":8.0,"key":"ReplayTheSpireMod:Ring of Addiction"},{"floor":8.0,"key":"hubris:EmptyBottle"},{"floor":8.0,"key":"Chameleon Ring"},{"floor":9.0,"key":"Ring of Fury"},{"floor":9.0,"key":"Dead Branch"},{"floor":24.0,"key":"Pantograph"},{"floor":26.0,"key":"ReplayTheSpireMod:Ring of Exchange"},{"floor":26.0,"key":"Happy Flower"},{"floor":28.0,"key":"Replay:Wax Seal"},{"floor":41.0,"key":"LagranYue:GuideDeadRelic"},{"floor":43.0,"key":"ReplayTheSpireMod:Ring of Challenge"},{"floor":45.0,"key":"Eternal Feather"},{"floor":47.0,"key":"Ice Cream"},{"floor":54.0,"key":"ReplayTheSpireMod:TigerMarble"}],"event_choices":[{"damage_healed":0.0,"max_hp_gain":0.0,"max_hp_loss":0.0,"gold_gain":0.0,"event_name":"Scrap Ooze","player_choice":"Success","floor":3.0,"gold_loss":0.0,"damage_taken":12.0,"relics_obtained":["hexamod:BolsterEngine"]},{"damage_healed":0.0,"max_hp_gain":0.0,"max_hp_loss":0.0,"gold_gain":0.0,"event_name":"FaceTrader","player_choice":"Trade","floor":12.0,"gold_loss":0.0,"damage_taken":0.0,"relics_obtained":["SsserpentHead"]},{"damage_healed":0.0,"max_hp_gain":0.0,"max_hp_loss":0.0,"gold_gain":0.0,"event_name":"Upgrade Shrine","player_choice":"Upgraded","floor":23.0,"gold_loss":0.0,"damage_taken":0.0,"cards_upgraded":["Neutralize"]},{"cards_removed":["Flying Knee"],"damage_healed":0.0,"max_hp_gain":0.0,"max_hp_loss":0.0,"gold_gain":0.0,"event_name":"Falling","player_choice":"Removed Attack","floor":38.0,"gold_loss":0.0,"damage_taken":0.0},{"damage_healed":0.0,"max_hp_gain":0.0,"max_hp_loss":0.0,"gold_gain":0.0,"event_name":"MindBloom","player_choice":"Fight","floor":47.0,"gold_loss":0.0,"damage_taken":0.0}],"is_beta":false,"boss_relics":[{"not_picked":["Abe\u0027s Treasure","hubris:VirtuousBlindfold"],"picked":"Cursed Key"},{"not_picked":["Toolbox","DollysMirror"],"picked":"expansioncontent:StudyCardRelic"}],"items_purged_floors":[39,48],"is_endless":false,"potions_floor_spawned":[1,10,13,14,19,21,28,41,44,46],"ascension_level":1}}