{"host":"qgvpd00zvzorrg7j","time":1611883791,"event":{"mods":["BaseMod","Colored Map","Minty Spire (QoL Compilation)","Quick Restart","StSLib"],"gold_per_floor":[114,114,114,138,63,63,83,83,110,124,153,53,53,35,35,35,35],"floor_reached":16,"language":"ENG","playtime":435,"items_purged":["Strike_B","Strike_B"],"score":147,"play_id":"bddac340-358b-481e-b985-a9f0b33201fd","local_time":"20210128202951","is_ascension_mode":true,"campfire_choices":[{"data":"Zap","floor":6,"key":"SMITH"},{"data":"Dualcast","floor":8,"key":"SMITH"},{"floor":13,"key":"REST"},{"floor":15,"key":"REST"}],"circlet_count":0,"master_deck":["AscendersBane","Strike_B","Strike_B","Defend_B","Defend_B","Defend_B","Zap+1","Dualcast+1","Gash","Go for the Eyes"],"relics":["Cracked Core","Oddly Smooth Stone","CeramicFish","Strawberry","Nunchaku"],"acts_visited":["Exordium"],"potions_floor_usage":[11],"damage_taken":[{"damage":6,"enemies":"Small Slimes","floor":1,"turns":3},{"damage":6,"enemies":"Jaw Worm","floor":4,"turns":3},{"damage":0,"enemies":"Cultist","floor":7,"turns":3},{"damage":8,"enemies":"Red Slaver","floor":10,"turns":3},{"damage":37,"enemies":"Lagavulin","floor":11,"turns":7},{"damage":62,"enemies":"Slime Boss","floor":16,"turns":9}],"seed_played":"5033695410901193086","potions_obtained":[{"floor":4,"key":"GamblersBrew"}],"is_trial":false,"path_per_floor":["M","?","?","M","$","R","M","R","T","M","E","$","R","$","R","B"],"character_chosen":"DEFECT","items_purchased":["Go for the Eyes"],"campfire_rested":2,"item_purchase_floors":[14],"current_hp_per_floor":[62,59,52,46,46,46,46,46,53,45,8,8,32,32,56,0,0],"gold":35,"neow_bonus":"RANDOM_COMMON_RELIC","is_daily":false,"chose_seed":false,"campfire_upgraded":2,"win_rate":0.0,"timestamp":1611883791,"path_taken":["M","?","?","M","?","R","M","R","T","?","E","$","R","$","R","BOSS"],"items_purchased_type":["Card"],"build_version":"2020-12-22","purchased_purges":2,"victory":false,"max_hp_per_floor":[75,75,75,75,75,75,75,75,82,82,82,82,82,82,82,82,82],"card_choices":[{"not_picked":["Rebound","Steam","Reinforced Body"],"picked":"SKIP","floor":1},{"not_picked":["Hologram","Stack"],"picked":"Gash","floor":4},{"not_picked":["Consume","Redo","Lockon"],"picked":"SKIP","floor":7},{"not_picked":["Turbo","Glacier","Heatsinks"],"picked":"SKIP","floor":10},{"not_picked":["Chill","Barrage","Leap"],"picked":"SKIP","floor":11}],"player_experience":569828,"relics_obtained":[{"floor":9,"key":"Strawberry"},{"floor":11,"key":"Nunchaku"}],"event_choices":[{"damage_healed":0,"gold_gain":0,"player_choice":"Success","damage_taken":3,"relics_obtained":["CeramicFish"],"max_hp_gain":0,"max_hp_loss":0,"event_name":"Scrap Ooze","floor":2,"gold_loss":0},{"cards_removed":["Defend_B"],"damage_healed":0,"gold_gain":0,"player_choice":"Card Removal","damage_taken":7,"max_hp_gain":0,"max_hp_loss":0,"event_name":"Golden Wing","floor":3,"gold_loss":0}],"is_beta":false,"boss_relics":[],"items_purged_floors":[5,12],"is_endless":false,"potions_floor_spawned":[4],"killed_by":"Slime Boss","ascension_level":10}}