{"host":"op7lvjy5lsqtpdgx","time":1611914479,"event":{"mods":["BaseMod","Minty Spire (QoL Compilation)","StSLib"],"gold_per_floor":[10,26,26,42,42,42,12,12,12,28,53,91,91,104,104,104,104],"floor_reached":16,"language":"ENG","playtime":857,"items_purged":[],"score":138,"play_id":"9286ef4e-7f1c-49f7-857e-fc69c55b3d43","local_time":"20210129230119","is_ascension_mode":true,"campfire_choices":[{"data":"Seeing Red","floor":6,"key":"SMITH"},{"floor":13,"key":"DIG"},{"floor":15,"key":"DIG"}],"circlet_count":0,"master_deck":["Strike_R","Strike_R","Strike_R","Defend_R","Defend_R","Defend_R","Defend_R","Bash","Dropkick","Shrug It Off","Seeing Red+1","Uppercut","Feed","True Grit","Bloodletting","Offering"],"relics":["Burning Blood","Magic Flower","Golden Idol","Omamori","Shovel","MealTicket","Toxic Egg 2"],"acts_visited":["Exordium"],"potions_floor_usage":[12,16,16],"damage_taken":[{"damage":6,"enemies":"2 Louse","floor":1,"turns":3},{"damage":13,"enemies":"Small Slimes","floor":2,"turns":4},{"damage":12,"enemies":"Cultist","floor":4,"turns":5},{"damage":4,"enemies":"Looter","floor":7,"turns":4},{"damage":5,"enemies":"Exordium Wildlife","floor":10,"turns":5},{"damage":4,"enemies":"Blue Slaver","floor":11,"turns":6},{"damage":31,"enemies":"Lagavulin","floor":12,"turns":9},{"damage":13,"enemies":"3 Louse","floor":14,"turns":5},{"damage":46,"enemies":"Hexaghost","floor":16,"turns":9}],"seed_played":"-328001513897547941","potions_obtained":[{"floor":1,"key":"SmokeBomb"},{"floor":10,"key":"BlessingOfTheForge"},{"floor":11,"key":"Weak Potion"},{"floor":12,"key":"SneckoOil"},{"floor":14,"key":"SteroidPotion"}],"is_trial":false,"path_per_floor":["M","M","?","M","?","R","M","?","T","M","M","E","R","M","R","B"],"character_chosen":"IRONCLAD","items_purchased":[],"campfire_rested":0,"item_purchase_floors":[],"current_hp_per_floor":[75,71,51,48,41,41,46,46,46,55,65,48,48,44,44,0,0],"gold":104,"neow_bonus":"ONE_RARE_RELIC","is_daily":false,"chose_seed":false,"campfire_upgraded":1,"win_rate":0.0,"timestamp":1611914479,"path_taken":["M","M","?","M","?","R","M","?","T","M","?","E","R","M","R","BOSS"],"items_purchased_type":[],"build_version":"2020-12-22","purchased_purges":0,"victory":false,"max_hp_per_floor":[80,80,80,80,80,80,80,80,80,83,86,89,89,89,89,89,89],"card_choices":[{"not_picked":["Warcry","Headbutt"],"picked":"Dropkick","floor":1},{"not_picked":["Flex","Rage"],"picked":"Shrug It Off","floor":2},{"not_picked":["Havoc","Sentinel"],"picked":"Seeing Red","floor":4},{"not_picked":["Headbutt","Evolve"],"picked":"Uppercut","floor":7},{"not_picked":["Seeing Red","Dual Wield"],"picked":"True Grit","floor":10},{"not_picked":["Flex","Clothesline","Thunderclap"],"picked":"SKIP","floor":11},{"not_picked":["Fire Breathing","True Grit"],"picked":"Bloodletting","floor":12},{"not_picked":["Iron Wave","Perfected Strike"],"picked":"Offering","floor":14}],"player_experience":177798,"relics_obtained":[{"floor":9,"key":"Omamori"},{"floor":12,"key":"Shovel"},{"floor":13,"key":"MealTicket"},{"floor":15,"key":"Toxic Egg 2"}],"event_choices":[{"damage_healed":0,"gold_gain":0,"player_choice":"Take Damage","damage_taken":20,"relics_obtained":["Golden Idol"],"max_hp_gain":0,"max_hp_loss":0,"event_name":"Golden Idol","floor":3,"gold_loss":0},{"cards_removed":["Strike_R"],"damage_healed":0,"gold_gain":0,"player_choice":"Card Removal","damage_taken":7,"max_hp_gain":0,"max_hp_loss":0,"event_name":"Golden Wing","floor":5,"gold_loss":0},{"damage_healed":0,"gold_gain":0,"cards_transformed":["Strike_R"],"player_choice":"Transformed","damage_taken":0,"max_hp_gain":0,"max_hp_loss":0,"event_name":"Transmorgrifier","floor":8,"gold_loss":0,"cards_obtained":["Feed"]}],"is_beta":false,"boss_relics":[],"items_purged_floors":[],"is_endless":false,"potions_floor_spawned":[1,10,11,12,14],"killed_by":"Hexaghost","ascension_level":7}}