{"host":"yyfz7fpozqrhk2m1","time":1611886123,"event":{"mods":["BaseMod","Minty Spire (QoL Compilation)"],"gold_per_floor":[113,131,146,156,31,31,64,64,64,74,104,123,198,198,198,298,298,309,321,332,14,14,14,40,55,55,75,75,100,112,130,130,233,233,249,265,318,335,346,346,110,121,121,156,156,188,188,223,223,223],"floor_reached":51,"language":"ENG","playtime":7816,"items_purged":["Strike_G","Strike_G"],"score":1129,"play_id":"c7043d72-cccc-4cb8-bd59-1920fcdd92f3","local_time":"20210128210843","is_ascension_mode":true,"campfire_choices":[{"data":"Crippling Poison","floor":6.0,"key":"SMITH"},{"data":"Catalyst","floor":8.0,"key":"SMITH"},{"floor":15,"key":"REST"},{"data":"Footwork","floor":23,"key":"SMITH"},{"floor":28,"key":"REST"},{"data":"Burst","floor":32,"key":"SMITH"},{"floor":40,"key":"REST"},{"floor":45,"key":"REST"},{"data":"Noxious Fumes","floor":47,"key":"SMITH"},{"data":"PiercingWail","floor":49,"key":"SMITH"}],"circlet_count":0,"master_deck":["Strike_G+1","Strike_G+1","Defend_G","Defend_G","Defend_G","Defend_G","Defend_G","Survivor","Neutralize","Crippling Poison+1","Blade Dance","Terror","Poisoned Stab","Catalyst+1","Dagger Spray","Dash","Bane","Burst+1","Deflect+1","Venomology+1","Noxious Fumes+1","Footwork+1","Poisoned Stab+1","PiercingWail+1","Catalyst+1","Bullet Time","Acrobatics","PiercingWail+1","Blur+1"],"relics":["Ring of the Snake","Oddly Smooth Stone","Whetstone","The Courier","Runic Pyramid","Omamori","Tiny Chest","Happy Flower","Eternal Feather","Busted Crown","Incense Burner","Meat on the Bone","Bronze Scales","Dream Catcher","FossilizedHelix","Bottled Lightning"],"acts_visited":["Exordium","TheCity","TheBeyond"],"potions_floor_usage":[16,18,19,27,29,31,33,33,37,38,42,44,50,50],"damage_taken":[{"damage":0.0,"enemies":"Small Slimes","floor":1.0,"turns":4.0},{"damage":4.0,"enemies":"2 Louse","floor":2.0,"turns":3.0},{"damage":0.0,"enemies":"Cultist","floor":3.0,"turns":6.0},{"damage":3.0,"enemies":"Looter","floor":4.0,"turns":4.0},{"damage":21.0,"enemies":"Gremlin Nob","floor":7.0,"turns":5.0},{"damage":0.0,"enemies":"Blue Slaver","floor":10.0,"turns":3.0},{"damage":18.0,"enemies":"Lagavulin","floor":11.0,"turns":7.0},{"damage":4.0,"enemies":"3 Louse","floor":12.0,"turns":2.0},{"damage":0,"enemies":"Slime Boss","floor":16,"turns":6},{"damage":12,"enemies":"Shell Parasite","floor":18,"turns":5},{"damage":12,"enemies":"2 Thieves","floor":19,"turns":5},{"damage":0,"enemies":"Chosen and Byrds","floor":20,"turns":4},{"damage":10,"enemies":"Gremlin Leader","floor":24,"turns":4},{"damage":2,"enemies":"Cultist and Chosen","floor":25,"turns":5},{"damage":12,"enemies":"Snake Plant","floor":27,"turns":3},{"damage":0,"enemies":"Book of Stabbing","floor":29,"turns":4},{"damage":0,"enemies":"Snecko","floor":30,"turns":3},{"damage":1,"enemies":"Centurion and Healer","floor":31,"turns":5},{"damage":0,"enemies":"Champ","floor":33,"turns":7},{"damage":12,"enemies":"3 Darklings","floor":35,"turns":3},{"damage":0,"enemies":"3 Shapes","floor":36,"turns":3},{"damage":30,"enemies":"2 Orb Walkers","floor":37,"turns":4},{"damage":0,"enemies":"Sphere and 2 Shapes","floor":38,"turns":3},{"damage":29,"enemies":"Jaw Worm Horde","floor":39,"turns":4},{"damage":0,"enemies":"4 Shapes","floor":42,"turns":4},{"damage":32,"enemies":"Reptomancer","floor":44,"turns":4},{"damage":0,"enemies":"Nemesis","floor":46,"turns":3},{"damage":0,"enemies":"Giant Head","floor":48,"turns":5},{"damage":27,"enemies":"Time Eater","floor":50,"turns":6}],"seed_played":"-5565608763950787270","potions_obtained":[{"floor":1.0,"key":"Regen Potion"},{"floor":4.0,"key":"SteroidPotion"},{"floor":7.0,"key":"Ancient Potion"},{"floor":10.0,"key":"Fruit Juice"},{"floor":16,"key":"Block Potion"},{"floor":18,"key":"Block Potion"},{"floor":25,"key":"SpeedPotion"},{"floor":31,"key":"BlessingOfTheForge"}],"is_trial":false,"path_per_floor":["M","M","M","M","$","R","E","R","T","M","E","M","?","?","R","B",null,"M","M","M","$","?","R","E","M","T","M","R","E","M","M","R","B",null,"M","M","?","M","M","R","$","M","T","E","R","E","R","E","R","B",null],"character_chosen":"THE_SILENT","items_purchased":["Poisoned Stab","Noxious Fumes","Footwork","Omamori","Meat on the Bone","Acrobatics"],"campfire_rested":4,"item_purchase_floors":[5,21,21,21,41,41],"current_hp_per_floor":[70,66,66,63,63,63,42,42,42,47,29,25,14,19,43,58,80,68,56,56,56,56,56,46,44,44,32,56,56,56,55,70,70,80,68,68,38,38,9,48,48,48,48,28,67,67,80,80,80,53],"gold":223,"neow_bonus":"REMOVE_CARD","is_daily":false,"chose_seed":false,"campfire_upgraded":6,"win_rate":0.0,"timestamp":1611886123,"path_taken":["M","M","M","M","$","R","E","R","T","M","E","M","?","?","R","BOSS","M","M","M","$","?","R","E","M","T","M","R","E","M","M","R","BOSS","M","M","?","M","M","R","$","M","T","E","R","E","R","E","R","BOSS"],"items_purchased_type":["Card","Card","Card","Relic","Relic","Card"],"build_version":"2020-12-22","purchased_purges":2,"victory":true,"max_hp_per_floor":[70,70,70,70,70,70,70,70,70,75,75,75,75,80,80,80,80,80,80,80,80,80,80,80,80,80,80,80,80,80,80,80,80,80,80,80,80,80,80,80,80,80,80,80,80,80,80,80,80,80],"card_choices":[{"not_picked":["Infinite Blades","Quick Slash"],"picked":"Crippling Poison","floor":1.0},{"not_picked":["Leg Sweep","Cloak And Dagger","Prepared"],"picked":"SKIP","floor":2.0},{"not_picked":["Escape Plan","Slice"],"picked":"Blade Dance","floor":3.0},{"not_picked":["Blade Dance","Outmaneuver"],"picked":"Terror","floor":4.0},{"not_picked":["Reflex","Poisoned Stab"],"picked":"Catalyst","floor":7.0},{"not_picked":["Dodge and Roll","Grand Finale"],"picked":"Dagger Spray","floor":10.0},{"not_picked":["Flying Knee","Acrobatics"],"picked":"Dash","floor":11.0},{"not_picked":["Poisoned Stab","Slice"],"picked":"Bane","floor":12},{"not_picked":["After Image","Storm of Steel"],"picked":"Burst","floor":16},{"not_picked":["Sucker Punch","Eviscerate"],"picked":"Deflect+1","floor":18},{"not_picked":["Dash","Deflect","Dagger Spray"],"picked":"SKIP","floor":19},{"not_picked":["Slice","Blade Dance"],"picked":"Venomology","floor":20},{"not_picked":["Acrobatics","Flechettes"],"picked":"Poisoned Stab+1","floor":24},{"not_picked":["All Out Attack+1","Dagger Throw","Dodge and Roll"],"picked":"SKIP","floor":25},{"not_picked":["Choke","Finisher"],"picked":"PiercingWail+1","floor":27},{"not_picked":["Cloak And Dagger","Acrobatics"],"picked":"Catalyst+1","floor":29},{"not_picked":["Poisoned Stab","Flying Knee","Well Laid Plans"],"picked":"SKIP","floor":30},{"not_picked":["Underhanded Strike","Backflip+1","Blade Dance"],"picked":"SKIP","floor":31},{"not_picked":["Envenom","Tools of the Trade"],"picked":"Bullet Time","floor":33},{"not_picked":["Deflect"],"picked":"SKIP","floor":35},{"not_picked":["Bane+1"],"picked":"SKIP","floor":36},{"not_picked":["Prepared"],"picked":"SKIP","floor":38},{"not_picked":["Underhanded Strike+1"],"picked":"SKIP","floor":39},{"not_picked":["Acrobatics"],"picked":"SKIP","floor":42},{"not_picked":["Poisoned Stab+1"],"picked":"SKIP","floor":44},{"not_picked":[],"picked":"PiercingWail","floor":45},{"not_picked":[],"picked":"Blur+1","floor":46},{"not_picked":["Sucker Punch"],"picked":"SKIP","floor":48}],"player_experience":630410,"relics_obtained":[{"floor":7.0,"key":"Oddly Smooth Stone"},{"floor":9.0,"key":"Whetstone"},{"floor":11.0,"key":"The Courier"},{"floor":24,"key":"Tiny Chest"},{"floor":26,"key":"Happy Flower"},{"floor":29,"key":"Eternal Feather"},{"floor":37,"key":"Incense Burner"},{"floor":43,"key":"Bronze Scales"},{"floor":44,"key":"Dream Catcher"},{"floor":46,"key":"FossilizedHelix"},{"floor":48,"key":"Bottled Lightning"}],"event_choices":[{"damage_healed":0,"gold_gain":75,"player_choice":"Gather Gold","damage_taken":11,"max_hp_gain":0,"max_hp_loss":0,"event_name":"World of Goop","floor":13,"gold_loss":0},{"damage_healed":0,"gold_gain":0,"player_choice":"Donut","damage_taken":0,"max_hp_gain":5,"max_hp_loss":0,"event_name":"Big Fish","floor":14,"gold_loss":0},{"damage_healed":0,"gold_gain":0,"player_choice":"Upgraded","damage_taken":0,"max_hp_gain":0,"max_hp_loss":0,"event_name":"Upgrade Shrine","floor":22,"gold_loss":0,"cards_upgraded":["Venomology"]},{"damage_healed":0,"gold_gain":0,"player_choice":"Fight","damage_taken":0,"max_hp_gain":0,"max_hp_loss":0,"event_name":"Mysterious Sphere","floor":37,"gold_loss":0}],"is_beta":false,"boss_relics":[{"not_picked":["WristBlade","Ring of the Serpent"],"picked":"Runic Pyramid"},{"not_picked":["Coffee Dripper","Pandora\u0027s Box"],"picked":"Busted Crown"}],"items_purged_floors":[5,21],"is_endless":false,"potions_floor_spawned":[1,4,7,10,16,18,25,29,30,31,37,42,44,46,48],"ascension_level":4}}