{"host":"21ilc3txkeir89i9","time":1611950507,"event":{"mods":["BaseMod","BetterRewards","Block Reminder","Card Forge","Hermit","Minty Spire (QoL Compilation)","Spicy Shops","StSLib","The Jungle"],"gold_per_floor":[117,117,117,128,193,222,272,299,324,337,387,400,18,68,68,170,170,186,202,252,352,417,417,467,56,56,89,89,115,115,165,165,267,267,277,297,347,397,497,497,109,109,156,175,29,29,67,95,95,95,95,95,36,71,71,71],"floor_reached":55,"language":"ENG","playtime":2626,"items_purged":[],"score":1083,"play_id":"d3c16ad3-7db5-4e6a-ac8a-dad093255462","local_time":"20210129120147","is_ascension_mode":true,"campfire_choices":[{"floor":15,"key":"RECALL"},{"floor":23,"key":"REST"},{"floor":28,"key":"REST"},{"floor":30,"key":"REST"},{"floor":32,"key":"REST"},{"floor":40,"key":"REST"},{"floor":42,"key":"REST"},{"floor":46,"key":"REST"},{"floor":49,"key":"REST"},{"floor":52,"key":"REST"}],"circlet_count":0,"master_deck":["Strike_R+1","Strike_R+1","Strike_R+1","Strike_R+1","Strike_R+1","Defend_R+1","Defend_R+1","Defend_R+1","Defend_R+1","Bash+1","Inflame+1","Infernal Blade+1","Iron Wave+1","Metallicize+1","Spot Weakness+1","Iron Wave+1","Wild Strike+1","Blood for Blood+1","Rage+1","Bludgeon+1","Body Slam+1","Clothesline+1","Inflame+1","Ghostly Armor+1","Dual Wield+1","Limit Break+1","Spot Weakness+1","Finesse+1","Good Instincts+1","Enlightenment+1","Twin Strike+1","Thunderclap+1","Cleave+1","Reckless Charge+1","Blood for Blood+1","Combust+1","Body Slam+1","Body Slam"],"relics":["Black Blood","Hammer of Thor","Seething Fire","Anvil of the Gods","Red Skull","Bronze Scales","SsserpentHead","Art of War","MealTicket","Ice Cream","Fusion Hammer","ClockworkSouvenir","Lantern","Blood Vial","Bottled Tornado","Juzu Bracelet","Potion Belt","theJungle:BirthdayCakeSlice","Magic Flower","Membership Card","Kunai","Boot","CeramicFish","Mercury Hourglass","Lee\u0027s Waffle","Ancient Tea Set","Letter Opener"],"acts_visited":["Exordium","Exordium","TheBeyond","TheEnding"],"potions_floor_usage":[6,16,33,44,47,50,50],"damage_taken":[{"damage":7,"enemies":"Small Slimes","floor":1,"turns":3},{"damage":0,"enemies":"Cultist","floor":4,"turns":3},{"damage":7,"enemies":"2 Louse","floor":5,"turns":2},{"damage":24,"enemies":"Gremlin Nob","floor":6,"turns":4},{"damage":26,"enemies":"Lagavulin","floor":8,"turns":6},{"damage":6,"enemies":"Looter","floor":10,"turns":2},{"damage":0,"enemies":"3 Louse","floor":12,"turns":2},{"damage":15,"enemies":"Hexaghost","floor":16,"turns":6},{"damage":0,"enemies":"theJungle:5_Spyders","floor":18,"turns":4},{"damage":10,"enemies":"Shell Parasite","floor":19,"turns":4},{"damage":17,"enemies":"theJungle:2_Snecko_Cultists","floor":22,"turns":3},{"damage":2,"enemies":"theJungle:Cassacara","floor":27,"turns":4},{"damage":2,"enemies":"theJungle:2_Phrogs","floor":29,"turns":4},{"damage":1,"enemies":"theJungle:FunGuy","floor":33,"turns":6},{"damage":0,"enemies":"Orb Walker","floor":35,"turns":3},{"damage":10,"enemies":"3 Darklings","floor":36,"turns":3},{"damage":0,"enemies":"Mind Bloom Boss Battle","floor":39,"turns":4},{"damage":18,"enemies":"Spire Growth","floor":44,"turns":3},{"damage":1,"enemies":"Reptomancer","floor":47,"turns":5},{"damage":3,"enemies":"Sphere and 2 Shapes","floor":48,"turns":3},{"damage":82,"enemies":"Awakened One","floor":50,"turns":6},{"damage":41,"enemies":"Shield and Spear","floor":54,"turns":4},{"damage":91,"enemies":"The Heart","floor":55,"turns":5}],"seed_played":"2891985159554374206","potions_obtained":[{"floor":1,"key":"Energy Potion"},{"floor":6,"key":"GamblersBrew"},{"floor":12,"key":"Explosive Potion"},{"floor":18,"key":"BlessingOfTheForge"},{"floor":22,"key":"SpeedPotion"},{"floor":24,"key":"Energy Potion"},{"floor":24,"key":"Block Potion"},{"floor":24,"key":"SmokeBomb"},{"floor":29,"key":"Energy Potion"},{"floor":39,"key":"SkillPotion"},{"floor":44,"key":"BloodPotion"},{"floor":48,"key":"PowerPotion"}],"is_trial":false,"path_per_floor":["M","?","?","M","M","E","?","E","T","M","?","M","$","?","R","B",null,"M","M","?","?","M","R","?","$","T","E","R","E","R","?","R","B",null,"M","M","?","?","?","R","$","R","T","M","$","R","E","M","R","B",null,"R","$","E","B"],"character_chosen":"IRONCLAD","items_purchased":["Inflame","Red Skull","Ice Cream","Rage","ClockworkSouvenir","Lantern","Blood Vial","Membership Card","Kunai","Thunderclap","Boot","Mercury Hourglass","Lee\u0027s Waffle","Combust","Body Slam"],"campfire_rested":9,"item_purchase_floors":[0,0,13,13,25,25,25,41,41,41,41,45,45,53,53],"current_hp_per_floor":[79,72,72,78,77,59,59,39,39,39,39,45,60,60,60,51,80,80,76,71,60,49,74,74,85,85,85,85,85,85,90,90,90,90,90,90,80,80,90,90,90,90,90,90,97,97,97,97,97,62,97,97,97,74,0,0],"gold":71,"neow_bonus":"","is_daily":false,"chose_seed":false,"campfire_upgraded":0,"win_rate":0.0,"timestamp":1611950507,"path_taken":["M","?","?","M","?","E","?","E","T","M","?","M","$","?","R","BOSS","M","M","?","?","?","R","?","?","T","E","R","E","R","?","R","BOSS","M","M","?","?","?","R","$","R","T","M","?","R","E","M","R","BOSS","R","$","E","BOSS"],"items_purchased_type":["Card","Relic","Relic","Card","Relic","Relic","Relic","Relic","Relic","Card","Relic","Relic","Relic","Card","Card"],"build_version":"2020-12-22","purchased_purges":0,"victory":false,"max_hp_per_floor":[80,80,80,80,80,80,80,80,80,80,80,80,80,80,80,80,80,80,80,85,85,85,85,85,85,85,85,85,85,85,90,90,90,90,90,90,90,90,90,90,90,90,90,90,97,97,97,97,97,97,97,97,97,97,97,97],"card_choices":[{"not_picked":["Dropkick","Clash"],"picked":"Infernal Blade","floor":1},{"not_picked":["Warcry","Carnage"],"picked":"Iron Wave","floor":4},{"not_picked":["Second Wind","Flex"],"picked":"Metallicize","floor":5},{"not_picked":["Rupture","Intimidate"],"picked":"Spot Weakness","floor":6},{"not_picked":["Dark Embrace","Cleave"],"picked":"Iron Wave","floor":8},{"not_picked":["Armaments","Evolve"],"picked":"Dropkick","floor":10},{"not_picked":["Shockwave","Sentinel"],"picked":"Blood for Blood","floor":12},{"not_picked":["Reaper","Feed"],"picked":"Bludgeon","floor":16},{"not_picked":["Intimidate","Wild Strike"],"picked":"Body Slam","floor":18},{"not_picked":["Intimidate+1","Feel No Pain"],"picked":"Clothesline","floor":19},{"not_picked":["Blood for Blood","Thunderclap"],"picked":"Inflame","floor":22},{"not_picked":["Searing Blow","Rage"],"picked":"Ghostly Armor+1","floor":27},{"not_picked":["Shrug It Off","Pommel Strike"],"picked":"Dual Wield+1","floor":29},{"not_picked":["Berserk","Corruption"],"picked":"Limit Break","floor":33},{"not_picked":["Uppercut+1","Pommel Strike"],"picked":"Spot Weakness+1","floor":35},{"not_picked":["Warcry+1","Burning Pact+1"],"picked":"Shrug It Off+1","floor":36},{"not_picked":["Jack Of All Trades","Discovery"],"picked":"Finesse","floor":37},{"not_picked":["Chrysalis","Thinking Ahead"],"picked":"Good Instincts","floor":37},{"not_picked":["Apotheosis","Flash of Steel"],"picked":"Enlightenment","floor":37},{"not_picked":["Entrench+1","Inflame+1"],"picked":"Twin Strike+1","floor":39},{"not_picked":["Perfected Strike+1","Flex+1"],"picked":"Cleave","floor":44},{"not_picked":["Warcry","Armaments+1"],"picked":"Reckless Charge","floor":47},{"not_picked":["True Grit","Searing Blow+1"],"picked":"Blood for Blood+1","floor":48},{"not_picked":["Fire Breathing","Disarm+1"],"picked":"Body Slam","floor":54}],"player_experience":252540,"relics_obtained":[{"floor":6,"key":"Art of War"},{"floor":8,"key":"MealTicket"},{"floor":26,"key":"Bottled Tornado"},{"floor":27,"key":"Juzu Bracelet"},{"floor":29,"key":"Potion Belt"},{"floor":39,"key":"Magic Flower"},{"floor":43,"key":"CeramicFish"},{"floor":47,"key":"Ancient Tea Set"},{"floor":54,"key":"Letter Opener"}],"event_choices":[{"damage_healed":0,"gold_gain":0,"player_choice":"Success","damage_taken":7,"relics_obtained":["Bronze Scales"],"max_hp_gain":0,"max_hp_loss":0,"event_name":"Scrap Ooze","floor":2,"gold_loss":0},{"damage_healed":0,"gold_gain":0,"player_choice":"Trade","damage_taken":0,"relics_obtained":["SsserpentHead"],"max_hp_gain":0,"max_hp_loss":0,"event_name":"FaceTrader","floor":3,"gold_loss":0},{"damage_healed":0,"gold_gain":0,"player_choice":"Ignored","damage_taken":0,"max_hp_gain":0,"max_hp_loss":0,"event_name":"Golden Wing","floor":7,"gold_loss":0},{"damage_healed":0,"gold_gain":0,"cards_transformed":["Dropkick"],"player_choice":"Change","damage_taken":0,"max_hp_gain":0,"max_hp_loss":0,"event_name":"Living Wall","floor":11,"gold_loss":0,"cards_obtained":["Wild Strike"]},{"damage_healed":0,"gold_gain":0,"player_choice":"Ignored","damage_taken":0,"max_hp_gain":0,"max_hp_loss":0,"event_name":"Liars Game","floor":14,"gold_loss":0},{"damage_healed":0,"gold_gain":0,"player_choice":"Got Potions","damage_taken":0,"max_hp_gain":0,"max_hp_loss":0,"event_name":"Lab","floor":24,"gold_loss":0},{"damage_healed":0,"gold_gain":0,"player_choice":"Memory 3","damage_taken":10,"max_hp_gain":0,"max_hp_loss":0,"event_name":"SensoryStone","floor":37,"gold_loss":0},{"cards_removed":["Shrug It Off"],"damage_healed":0,"gold_gain":0,"player_choice":"Removed Skill","damage_taken":0,"max_hp_gain":0,"max_hp_loss":0,"event_name":"Falling","floor":38,"gold_loss":0},{"damage_healed":0,"gold_gain":0,"player_choice":"Fight","damage_taken":0,"max_hp_gain":0,"max_hp_loss":0,"event_name":"MindBloom","floor":39,"gold_loss":0}],"is_beta":false,"boss_relics":[{"not_picked":["SacredBark","Sozu"],"picked":"Fusion Hammer"},{"not_picked":["Pandora\u0027s Box","Runic Cube"],"picked":"Black Blood"}],"items_purged_floors":[],"is_endless":false,"potions_floor_spawned":[1,6,12,18,22,27,29,39,44,48],"killed_by":"The Heart","ascension_level":1}}