{"host":"y89x8uui45kcjy42","time":1611879022,"event":{"mods":["2.2 Compatiblity","BaseMod","CapriCore","Colored Map","Colored Powertips","Custom Start","Friendly Minions","Keyboard Shortcuts","Marisa£¨Ùöéë¡¡Øª×âÞÞ£©","Minty Spire (QoL Compilation)","Relic Stats","Slay the Relics Exporter","StSLib","SuperFastMode","Uncapped"],"gold_per_floor":[109,127,52,52,52,52,52,84,84,113,125,125,125,137,137,212,212,227,244,263,263,263,292,211,239,264,264,264,299,211,228,228,299,299,299,299],"floor_reached":35,"language":"KOR","playtime":1305,"items_purged":[],"score":1033,"play_id":"c7ce9835-58a5-4ec9-add1-f695c4f89b40","local_time":"20210129091022","is_ascension_mode":true,"campfire_choices":[{"data":"MasterSpark","floor":6.0,"key":"SMITH"},{"data":"ShootingEcho","floor":12,"key":"SMITH"},{"data":"OortCloud","floor":13,"key":"SMITH"},{"data":"UpSweep","floor":15,"key":"SMITH"},{"data":"OortCloud","floor":27,"key":"SMITH"},{"data":"MagicAbsorber","floor":28,"key":"SMITH"},{"floor":32,"key":"RECALL"}],"circlet_count":0,"master_deck":["MasterSpark+1","UpSweep+1","Acceleration+1","SatelliteIllusion+1","JA+1","Parasite","Parasite","Parasite","MagicAbsorber+1","OortCloud+1","ShootingEcho+1","MillisecondPulsars","GasGiant+1","OortCloud+1","SuperNova"],"relics":["BewitchedHakkero","AmplifyWand","BigShroomBag","Bag of Marbles","Bag of Preparation","Bottled Tornado","Pen Nib","PureWater","Omamori","WarpedTongs","White Beast Statue","Singing Bowl","Pocketwatch","WingedGreaves","SlaversCollar","Blood Vial","Bronze Scales","Red Mask","Tiny Chest","Cursed Key","SacredBark"],"acts_visited":["Exordium","TheCity","TheBeyond"],"potions_floor_usage":[16,20,20,29,29],"damage_taken":[{"damage":0.0,"enemies":"Cultist","floor":1.0,"turns":2.0},{"damage":9.0,"enemies":"2 Louse","floor":2.0,"turns":2.0},{"damage":0.0,"enemies":"Lagavulin","floor":8.0,"turns":3.0},{"damage":0.0,"enemies":"Gremlin Nob","floor":10.0,"turns":2.0},{"damage":0,"enemies":"Small Slimes","floor":11,"turns":1},{"damage":5,"enemies":"Red Slaver","floor":14,"turns":2},{"damage":0,"enemies":"The Guardian","floor":16,"turns":5},{"damage":0,"enemies":"Spheric Guardian","floor":18,"turns":2},{"damage":0,"enemies":"Shell Parasite","floor":19,"turns":3},{"damage":4,"enemies":"Snake Plant","floor":20,"turns":4},{"damage":1,"enemies":"Gremlin Leader","floor":23,"turns":4},{"damage":0,"enemies":"Book of Stabbing","floor":25,"turns":3},{"damage":3,"enemies":"Masked Bandits","floor":29,"turns":2},{"damage":0,"enemies":"Cultist and Chosen","floor":31,"turns":4},{"damage":0,"enemies":"Automaton","floor":33,"turns":5},{"damage":0,"enemies":"3 Shapes","floor":35,"turns":1}],"seed_played":"-8271854127244226915","potions_obtained":[{"floor":2.0,"key":"SteroidPotion"},{"floor":10,"key":"FearPotion"},{"floor":11,"key":"Block Potion"},{"floor":16,"key":"AttackPotion"},{"floor":18,"key":"Explosive Potion"},{"floor":19,"key":"DistilledChaos"},{"floor":20,"key":"StarNLove"},{"floor":23,"key":"Block Potion"},{"floor":25,"key":"BottledSpark"},{"floor":29,"key":"DuplicationPotion"},{"floor":31,"key":"DuplicationPotion"}],"is_trial":false,"path_per_floor":["M","M","?","?","$","R","$","E","T","E","M","R","R","M","R","B",null,"M","M","M","?","?","E","$","E","T","R","R","?","?","M","R","B",null,"M"],"character_chosen":"MARISA","items_purchased":["OortCloud"],"campfire_rested":0,"item_purchase_floors":[24],"current_hp_per_floor":[79,71,71,71,71,71,71,80,80,80,82,82,82,82,82,84,84,84,86,88,88,62,72,72,85,85,85,85,95,95,101,101,101,101,101,101],"gold":299,"neow_bonus":"TRANSFORM_CARD","is_daily":false,"chose_seed":false,"campfire_upgraded":6,"win_rate":0.0,"timestamp":1611879022,"path_taken":["M","?","?","?","$","R","$","E","T","E","?","R","R","?","R","BOSS","M","M","M","?","?","E","$","E","T","R","R","?","?","?","R","BOSS","M"],"items_purchased_type":["Card"],"build_version":"2020-12-22","purchased_purges":0,"victory":false,"max_hp_per_floor":[80,80,80,80,80,80,80,80,80,80,82,82,82,84,84,84,84,84,86,88,88,93,95,95,97,97,97,97,99,99,101,101,101,101,101,101],"relic_stats":{"Blood Vial":6,"Singing Bowl":16,"counters":[16,45],"Bronze Scales":[29],"Tiny Chest":0,"Pen Nib":[15],"Bag of Preparation":[32],"Cursed Key":0,"obtain_stats":[{"AmplifyWand":0,"Singing Bowl":9,"SacredBark":34,"Bag of Preparation":0,"Bottled Tornado":0,"Cursed Key":32,"Blood Vial":23,"Pantograph":0,"Philosopher\u0027s Stone":0,"Tiny Chest":30,"WingedGreaves":12,"Red Mask":29,"BewitchedHakkero":0,"Pear":0,"Astrolabe":0,"Blue Candle":0,"Pen Nib":0,"Omamori":4,"White Beast Statue":8,"WarpedTongs":4,"SlaversCollar":17,"Bronze Scales":26,"BigShroomBag":0,"Bag of Marbles":0,"MiniHakkero":0,"PureWater":0,"Pocketwatch":10},{"AmplifyWand":0,"Singing Bowl":3,"SacredBark":15,"Bag of Preparation":0,"Bottled Tornado":0,"Cursed Key":14,"Blood Vial":11,"Pantograph":0,"Philosopher\u0027s Stone":0,"Tiny Chest":13,"WingedGreaves":5,"Red Mask":13,"BewitchedHakkero":0,"Pear":0,"Astrolabe":0,"Blue Candle":0,"Pen Nib":0,"Omamori":2,"White Beast Statue":3,"WarpedTongs":2,"SlaversCollar":7,"Bronze Scales":12,"BigShroomBag":0,"Bag of Marbles":0,"MiniHakkero":0,"PureWater":0,"Pocketwatch":4},{"AmplifyWand":0,"Singing Bowl":7,"SacredBark":44,"Bag of Preparation":0,"Bottled Tornado":0,"Cursed Key":39,"Blood Vial":30,"Pantograph":0,"Philosopher\u0027s Stone":0,"Tiny Chest":35,"WingedGreaves":10,"Red Mask":35,"BewitchedHakkero":0,"Pear":0,"Astrolabe":0,"Blue Candle":0,"Pen Nib":0,"Omamori":4,"White Beast Statue":7,"WarpedTongs":4,"SlaversCollar":17,"Bronze Scales":33,"BigShroomBag":0,"Bag of Marbles":0,"MiniHakkero":0,"PureWater":0,"Pocketwatch":9}],"WarpedTongs":[29],"Pocketwatch":[6]},"card_choices":[{"not_picked":["UnstableBomb","GrandCross","PowerUp"],"picked":"SKIP","floor":1.0},{"not_picked":["EarthLightRay","NonDirectionalLaser"],"picked":"MagicAbsorber","floor":2.0},{"not_picked":["MagicAbsorber","BlazeAway"],"picked":"OortCloud","floor":8.0},{"not_picked":["StarlightTyphoon","GravityBeat"],"picked":"ShootingEcho","floor":10},{"not_picked":["GrandCross","LuminesStrike","6A"],"picked":"Singing Bowl","floor":11},{"not_picked":["GalacticHalo","MilkyWay","ManaRampage"],"picked":"Singing Bowl","floor":14},{"not_picked":["UltimateShortwave","FinalSpark"],"picked":"MillisecondPulsars","floor":16},{"not_picked":["GalacticHalo","MachineGunSpark+1"],"picked":"GasGiant+1","floor":18},{"not_picked":["EnergyRecoil","GalacticHalo","GrandCross"],"picked":"Singing Bowl","floor":19},{"not_picked":["UnstableBomb","ShootingEcho","WitchLeyline"],"picked":"Singing Bowl","floor":20},{"not_picked":["MaximisePower","AsteroidBelt","6A"],"picked":"Singing Bowl","floor":23},{"not_picked":["UnstableBomb","StarlightTyphoon+1","PowerUp"],"picked":"Singing Bowl","floor":25},{"not_picked":["GalacticHalo","6A","AsteroidBelt"],"picked":"Singing Bowl","floor":29},{"not_picked":["MysteriousBeam","WitchLeyline","SporeBomb+1"],"picked":"Singing Bowl","floor":31},{"not_picked":["BinaryStars","CasketOfStar"],"picked":"SuperNova","floor":33}],"player_experience":733174,"relics_obtained":[{"floor":8.0,"key":"White Beast Statue"},{"floor":9.0,"key":"Singing Bowl"},{"floor":10,"key":"Pocketwatch"},{"floor":23,"key":"Blood Vial"},{"floor":26,"key":"Bronze Scales"},{"floor":29,"key":"Red Mask"}],"event_choices":[{"cards_removed":["Acceleration"],"damage_healed":0.0,"max_hp_gain":0.0,"max_hp_loss":0.0,"gold_gain":0.0,"event_name":"The Cleric","player_choice":"Card Removal","floor":3.0,"gold_loss":75.0,"damage_taken":0.0},{"damage_healed":0.0,"max_hp_gain":0.0,"max_hp_loss":0.0,"gold_gain":0.0,"event_name":"Accursed Blacksmith","player_choice":"Rummage","floor":4.0,"gold_loss":0.0,"damage_taken":0.0,"relics_obtained":["WarpedTongs"],"cards_obtained":["Pain"]},{"damage_healed":0,"gold_gain":0,"player_choice":"Ignored","damage_taken":0,"max_hp_gain":0,"max_hp_loss":0,"event_name":"Vampires","floor":21,"gold_loss":0},{"damage_healed":0,"gold_gain":0,"player_choice":"Shed Blood","damage_taken":31,"max_hp_gain":5,"max_hp_loss":0,"event_name":"Forgotten Altar","floor":22,"gold_loss":0},{"damage_healed":0,"gold_gain":0,"player_choice":"Fought Bandits","damage_taken":0,"max_hp_gain":0,"max_hp_loss":0,"event_name":"Masked Bandits","floor":29,"gold_loss":0},{"damage_healed":0,"gold_gain":0,"player_choice":"Paid Gold","damage_taken":0,"relics_obtained":["Tiny Chest"],"max_hp_gain":0,"max_hp_loss":0,"event_name":"WeMeetAgain","floor":30,"gold_loss":88}],"is_beta":false,"boss_relics":[{"not_picked":["Runic Pyramid","Tiny House"],"picked":"SlaversCollar"},{"not_picked":["Runic Dome","Velvet Choker"],"picked":"SacredBark"}],"items_purged_floors":[],"is_endless":false,"potions_floor_spawned":[2,10,11,14,16,18,19,20,23,25,29,31,33],"killed_by":"3 Shapes","ascension_level":15}}