{"host":"wvwkddos141hgtsy","time":1611942737,"event":{"mods":["AchievementEnabler","AlwaysNeverKeys","BaseMod","Better Altar","Better Match","Better Note","Better Sensory Stone","Better Skull","Better Third Choice","Better Vampires","BetterRewards","ChefMod","Colored Map","Colored Powertips","Custom Start","Downfall","Googly Eyes","Hermit","Highlight Path","Minty Spire (QoL Compilation)","Relic Stats","StSLib","SuperFastMode","The Cursed","The Hayseed","The Hierophant"],"gold_per_floor":[99,117,136,146,210,238,277,299,326,352,364,376,388,420,449,461,461,461],"floor_reached":16,"language":"ENG","playtime":1708,"items_purged":[],"score":98,"play_id":"3f788155-a95d-427d-88a3-a2af099e1ea8","local_time":"20210129125217","is_ascension_mode":false,"campfire_choices":[{"data":"bronze:Goto","floor":1,"key":"SMITH"},{"data":"bronze:AlphaBuild","floor":12,"key":"SMITH"}],"circlet_count":0,"master_deck":["bronze:Strike","bronze:Strike","bronze:Strike","bronze:Strike","bronze:Defend","bronze:Defend","bronze:Defend","bronze:Defend","bronze:Replicate","bronze:Goto+1","bronze:Frontload","bronze:FollowUp","bronze:GetLatest+1","bronze:Iterate","bronze:Branch","bronze:AlphaBuild+1","bronze:Fortify"],"relics":["bronze:BronzeCore","MawBank","Smiling Mask"],"acts_visited":["Exordium"],"potions_floor_usage":[6,16,16,16],"damage_taken":[{"damage":2,"enemies":"2 Louse","floor":2,"turns":3},{"damage":10,"enemies":"Small Slimes","floor":3,"turns":5},{"damage":5,"enemies":"Jaw Worm","floor":4,"turns":4},{"damage":4,"enemies":"Gremlin Nob","floor":5,"turns":5},{"damage":1,"enemies":"Large Slime","floor":6,"turns":4},{"damage":1,"enemies":"3 Louse","floor":8,"turns":5},{"damage":14,"enemies":"Exordium Wildlife","floor":9,"turns":3},{"damage":5,"enemies":"Red Slaver","floor":10,"turns":6},{"damage":0,"enemies":"3 Louse","floor":14,"turns":3},{"damage":0,"enemies":"Exordium Wildlife","floor":15,"turns":3},{"damage":47,"enemies":"IC_STATUS_ARCHETYPE","floor":16,"turns":8}],"seed_played":"-2883995277704625817","potions_obtained":[{"floor":5,"key":"AttackPotion"},{"floor":8,"key":"Energy Potion"},{"floor":9,"key":"Block Potion"},{"floor":15,"key":"SkillPotion"}],"is_trial":false,"path_per_floor":["R","M","M","M","?","M","T","M","M","M","?","R","?","M","M","B"],"character_chosen":"THE_AUTOMATON","items_purchased":[],"campfire_rested":0,"item_purchase_floors":[],"current_hp_per_floor":[77,75,65,60,56,55,55,54,40,35,35,35,35,35,35,0,0,0],"gold":461,"neow_bonus":"TEN_PERCENT_HP_BONUS","is_daily":false,"chose_seed":false,"campfire_upgraded":2,"win_rate":0.0,"timestamp":1611942737,"path_taken":["R","M","M","M","?","M","T","M","M","M","?","R","?","M","M","BOSS"],"items_purchased_type":[],"build_version":"2020-12-22","purchased_purges":0,"victory":false,"max_hp_per_floor":[77,77,77,77,77,77,77,77,77,77,77,77,77,77,77,77,77,77],"relic_stats":{"counters":[11,49],"MawBank":132,"Smiling Mask":0,"obtain_stats":[{"bronze:BronzeCore":0,"MawBank":5,"Smiling Mask":7},{"bronze:BronzeCore":0,"MawBank":4,"Smiling Mask":5},{"bronze:BronzeCore":0,"MawBank":17,"Smiling Mask":21}]},"card_choices":[{"not_picked":["bronze:FineTuning","bronze:Deprecate"],"picked":"bronze:Frontload","floor":2},{"not_picked":["bronze:Backtrace","bronze:Invalidate"],"picked":"bronze:FollowUp","floor":3},{"not_picked":["bronze:Branch","bronze:WhirlingStrike"],"picked":"bronze:GetLatest","floor":4},{"not_picked":["bronze:GetLatest","bronze:Overload"],"picked":"bronze:Iterate","floor":6},{"not_picked":["bronze:BuggyMess","bronze:Frontload"],"picked":"bronze:Branch","floor":8},{"not_picked":["bronze:ClassDefault","bronze:Frontload"],"picked":"bronze:AlphaBuild","floor":9},{"not_picked":["bronze:DelayedSlice","bronze:DelayedGuard"],"picked":"bronze:Fortify","floor":10},{"not_picked":["bronze:OilSpill","bronze:BronzeArmor","bronze:CutThrough"],"picked":"SKIP","floor":14},{"not_picked":["bronze:CutThrough","bronze:Turbo","bronze:BuggyMess"],"picked":"SKIP","floor":15}],"player_experience":372083,"relics_obtained":[{"floor":5,"key":"MawBank"},{"floor":7,"key":"Smiling Mask"}],"event_choices":[{"damage_healed":0,"gold_gain":0,"player_choice":"Grow","damage_taken":0,"max_hp_gain":0,"max_hp_loss":0,"event_name":"Living Wall","floor":13,"gold_loss":0,"cards_upgraded":["bronze:GetLatest"]}],"is_beta":false,"boss_relics":[],"items_purged_floors":[],"is_endless":false,"potions_floor_spawned":[5,8,9,15],"killed_by":"IC_STATUS_ARCHETYPE","ascension_level":0}}