{"host":"xobdcpbm4ckypiai","time":1611885230,"event":{"mods":["BaseMod","Energized Spire","FoggyMod","Minty Spire (QoL Compilation)","Permanent Neow","Relic Stats","Reliquary","Replay The Spire","Spicy Shops","StSLib","UnlockEverythingMod","¡¾ÒÅÎï¿¨ÅÆ¡¿REMEMod"],"gold_per_floor":[119,119,169,244,244,244,269,279,303,0,0,31,42,75,75,173,173,183,26,26,26,26,53,23,52,79,79,79,107,107,7,7,103,203,215,215,266,266,266,266,266],"floor_reached":40,"language":"ZHS","playtime":2584,"items_purged":["Vigilance","LikeWater"],"score":655,"play_id":"973683ce-6e50-4258-a40e-65644af65d62","local_time":"20210129095350","is_ascension_mode":true,"campfire_choices":[{"data":"Judgement","floor":6.0,"key":"SMITH"},{"data":"Fasting2","floor":11.0,"key":"SMITH"},{"data":"Barricade","floor":15.0,"key":"SMITH"},{"data":"SpiritShield","floor":27.0,"key":"SMITH"},{"data":"SpiritShield","floor":32.0,"key":"SMITH"}],"circlet_count":0,"master_deck":["Strike_P+1","Strike_P+1","Defend_P+1","Defend_P+1","Defend_P+1","Defend_P+1","Barricade+1","Fasting2+1","Judgement+1","SpiritShield+1","Protect+1","SpiritShield+1","REME_CRH+1","Replay:AtTheReady+1","REME_Repentance+1","Ghostly+1","Ghostly+1","Ghostly+1","Ghostly+1","Ghostly+1","DevaForm+1","Madness+1","Madness+1","Replay:DivineShield+1"],"relics":["PureWater","REME_ComplimentaryCards","Damaru","REME_HourglassOfDeath","Ring of Fangs","Ring of Searing","Bottled Lightning","reliquary:Stiletto","Shuriken","reliquary:TatteredRug","Boot","Replay:Drink Me","Juzu Bracelet","reliquary:BrokenClock","Bronze Scales","Meat on the Bone","ReplayFunnel","REME_HandOfSuture","Regal Pillow","Replay:Wanted Poster","Replay:PocketPolymizer","Mark of the Bloom"],"acts_visited":["Exordium","TheCity","TheBeyond"],"potions_floor_usage":[],"damage_taken":[{"damage":2.0,"enemies":"Small Slimes","floor":1.0,"turns":4.0},{"damage":13.0,"enemies":"Lagavulin","floor":7.0,"turns":6.0},{"damage":0.0,"enemies":"2 Louse","floor":8.0,"turns":2.0},{"damage":4.0,"enemies":"Replay:BlueRogue","floor":12.0,"turns":8.0},{"damage":0.0,"enemies":"Jaw Worm","floor":13.0,"turns":1.0},{"damage":0.0,"enemies":"3 Sentries","floor":14.0,"turns":6.0},{"damage":19.0,"enemies":"Hexaghost","floor":16.0,"turns":16.0},{"damage":14.0,"enemies":"Shell Parasite","floor":18.0,"turns":6.0},{"damage":0.0,"enemies":"Gremlin Leader","floor":23.0,"turns":12.0},{"damage":0.0,"enemies":"Replay:Snechameleon","floor":25.0,"turns":7.0},{"damage":0.0,"enemies":"Gremlin Leader","floor":29.0,"turns":9.0},{"damage":12.0,"enemies":"Champ","floor":33.0,"turns":11.0},{"damage":14,"enemies":"Orb Walker","floor":35,"turns":5},{"damage":0,"enemies":"2 Orb Walkers","floor":37,"turns":9},{"damage":35,"enemies":"Reptomancer","floor":40,"turns":2}],"seed_played":"8586907205792155572","potions_obtained":[{"floor":13.0,"key":"SpeedPotion"},{"floor":18.0,"key":"Death Potion"},{"floor":23.0,"key":"Adrenaline Potion"}],"is_trial":false,"path_per_floor":["M","?","?","?","?","R","E","M","T","$","R","E","M","E","R","B",null,"M","$","?","?","?","E","$","E","T","R","?","E","?","$","R","B",null,"M","?","?","?","?","E"],"character_chosen":"WATCHER","items_purchased":["Shuriken","Protect+1","Juzu Bracelet","reliquary:BrokenClock"],"campfire_rested":0,"item_purchase_floors":[10,10,19,19],"current_hp_per_floor":[70,70,52,41,41,41,28,28,28,28,28,24,24,24,24,5,54,40,40,31,31,31,31,31,31,31,31,31,31,29,29,29,17,29,15,11,23,23,23,0,0],"gold":266,"neow_bonus":"RANDOM_COMMON_RELIC","is_daily":false,"chose_seed":false,"campfire_upgraded":5,"win_rate":0.0,"timestamp":1611885230,"path_taken":["M","?","?","?","?","R","E","?","T","?","R","E","?","E","R","BOSS","M","$","?","?","?","E","$","E","T","R","?","E","?","?","R","BOSS","M","?","?","?","?","E"],"items_purchased_type":["Relic","Card","Relic","Relic"],"build_version":"2020-12-22","purchased_purges":2,"victory":false,"max_hp_per_floor":[72,72,72,72,72,72,72,72,72,72,72,72,72,72,72,72,54,54,54,59,59,59,59,59,59,59,59,59,59,29,29,29,29,29,29,29,29,29,29,29,29],"relic_stats":{"Regal Pillow":0,"Mark of the Bloom":0,"counters":[15,102],"Shuriken":[1],"Bronze Scales":[177],"Juzu Bracelet":1,"Boot":[8],"obtain_stats":[{"ReplayFunnel":25,"Regal Pillow":29,"Mark of the Bloom":38,"Replay:PocketPolymizer":37,"Damaru":0,"reliquary:TatteredRug":12,"Juzu Bracelet":19,"Boot":14,"Ring of Searing":5,"Replay:Wanted Poster":34,"Ring of Fangs":5,"REME_HourglassOfDeath":3,"Shuriken":10,"Bronze Scales":21,"reliquary:Stiletto":9,"REME_HandOfSuture":26,"reliquary:BrokenClock":19,"Bottled Lightning":7,"PureWater":0,"Replay:Drink Me":17,"REME_ComplimentaryCards":0,"Meat on the Bone":23},{"ReplayFunnel":10,"Regal Pillow":11,"Mark of the Bloom":14,"Replay:PocketPolymizer":14,"Damaru":0,"reliquary:TatteredRug":4,"Juzu Bracelet":8,"Boot":6,"Ring of Searing":1,"Replay:Wanted Poster":12,"Ring of Fangs":1,"REME_HourglassOfDeath":1,"Shuriken":3,"Bronze Scales":8,"reliquary:Stiletto":3,"REME_HandOfSuture":10,"reliquary:BrokenClock":8,"Bottled Lightning":2,"PureWater":0,"Replay:Drink Me":7,"REME_ComplimentaryCards":0,"Meat on the Bone":9},{"ReplayFunnel":67,"Regal Pillow":76,"Mark of the Bloom":100,"Replay:PocketPolymizer":100,"Damaru":0,"reliquary:TatteredRug":20,"Juzu Bracelet":48,"Boot":26,"Ring of Searing":4,"Replay:Wanted Poster":87,"Ring of Fangs":4,"REME_HourglassOfDeath":4,"Shuriken":12,"Bronze Scales":48,"reliquary:Stiletto":12,"REME_HandOfSuture":67,"reliquary:BrokenClock":48,"Bottled Lightning":10,"PureWater":0,"Replay:Drink Me":42,"REME_ComplimentaryCards":0,"Meat on the Bone":60}],"Meat on the Bone":12},"card_choices":[{"not_picked":["SashWhip","ThirdEye"],"picked":"Fasting2","floor":1.0},{"not_picked":["Replay:BluntJabs","Wallop"],"picked":"Judgement","floor":3.0},{"not_picked":["SignatureMove","Consecrate"],"picked":"SpiritShield","floor":7.0},{"not_picked":["Replay:ManipulateFuture","Replay:BluntJabs"],"picked":"InnerPeace","floor":8.0},{"not_picked":["InnerPeace","Judgement"],"picked":"LikeWater","floor":12.0},{"not_picked":["Protect","Replay:ManipulateFuture","Indignation"],"picked":"SKIP","floor":13.0},{"not_picked":["EmptyFist","ThirdEye"],"picked":"SpiritShield","floor":14.0},{"not_picked":["REME_EmptyShield","Scrawl"],"picked":"REME_CRH","floor":16.0},{"not_picked":["ClearTheMind","SashWhip"],"picked":"Replay:AtTheReady+1","floor":18.0},{"not_picked":["Weave","Replay:Hum"],"picked":"REME_Repentance","floor":23.0},{"not_picked":["Halt","FlurryOfBlows","REME_Repentance"],"picked":"SKIP","floor":25.0},{"not_picked":["Vengeance","Replay:AtTheReady","SashWhip"],"picked":"SKIP","floor":29.0},{"not_picked":["ConjureBlade","Brilliance"],"picked":"DevaForm","floor":33.0},{"not_picked":["Crescendo","CutThroughFate","Replay:Hum"],"picked":"SKIP","floor":35},{"not_picked":["ThirdEye+1","PathToVictory"],"picked":"Replay:DivineShield+1","floor":37}],"player_experience":88292,"relics_obtained":[{"floor":3.0,"key":"REME_HourglassOfDeath"},{"floor":5.0,"key":"Ring of Fangs"},{"floor":5.0,"key":"Ring of Searing"},{"floor":7.0,"key":"Bottled Lightning"},{"floor":9.0,"key":"reliquary:Stiletto"},{"floor":12.0,"key":"reliquary:TatteredRug"},{"floor":14.0,"key":"Boot"},{"floor":23.0,"key":"Meat on the Bone"},{"floor":25.0,"key":"ReplayFunnel"},{"floor":26.0,"key":"REME_HandOfSuture"},{"floor":29.0,"key":"Regal Pillow"},{"floor":37,"key":"Replay:PocketPolymizer"}],"event_choices":[{"damage_healed":0.0,"max_hp_gain":0.0,"max_hp_loss":0.0,"gold_gain":0.0,"event_name":"Liars Game","player_choice":"Ignored","floor":2.0,"gold_loss":0.0,"damage_taken":0.0},{"damage_healed":0.0,"max_hp_gain":0.0,"max_hp_loss":0.0,"gold_gain":75.0,"event_name":"World of Goop","player_choice":"Gather Gold","floor":4.0,"gold_loss":0.0,"damage_taken":11.0},{"damage_healed":0.0,"max_hp_gain":5.0,"max_hp_loss":0.0,"gold_gain":0.0,"event_name":"Forgotten Altar","player_choice":"Shed Blood","floor":20.0,"gold_loss":0.0,"damage_taken":14.0},{"cards_removed":["InnerPeace"],"damage_healed":0.0,"max_hp_gain":0.0,"max_hp_loss":0.0,"gold_gain":0.0,"event_name":"WeMeetAgain","player_choice":"Gave Card","floor":21.0,"gold_loss":0.0,"damage_taken":0.0,"relics_obtained":["Bronze Scales"]},{"damage_healed":0.0,"max_hp_gain":0.0,"max_hp_loss":0.0,"gold_gain":0.0,"event_name":"Back to Basics","player_choice":"Simplicity","floor":22.0,"gold_loss":0.0,"damage_taken":0.0,"cards_upgraded":["Strike_P","Strike_P","Defend_P","Defend_P","Defend_P","Defend_P"]},{"damage_healed":0.0,"max_hp_gain":0.0,"max_hp_loss":30.0,"gold_gain":0.0,"event_name":"Ghosts","player_choice":"Became a Ghost","floor":30.0,"gold_loss":0.0,"damage_taken":0.0,"cards_obtained":["Ghostly","Ghostly","Ghostly","Ghostly","Ghostly"]},{"damage_healed":0,"gold_gain":0,"player_choice":"Embrace Madness","damage_taken":4,"max_hp_gain":0,"max_hp_loss":0,"event_name":"Winding Halls","floor":36,"gold_loss":0,"cards_obtained":["Madness","Madness"]},{"damage_healed":0,"gold_gain":0,"player_choice":"Fight","damage_taken":0,"max_hp_gain":0,"max_hp_loss":0,"event_name":"Mysterious Sphere","floor":37,"gold_loss":0},{"damage_healed":0,"gold_gain":0,"player_choice":"Upgrade","damage_taken":0,"relics_obtained":["Mark of the Bloom"],"max_hp_gain":0,"max_hp_loss":0,"event_name":"MindBloom","floor":38,"gold_loss":0,"cards_upgraded":["REME_CRH","REME_Repentance","Ghostly","Ghostly","Ghostly","Ghostly","Ghostly","DevaForm","Madness","Madness"]},{"damage_healed":0,"gold_gain":0,"player_choice":"Ignored","damage_taken":0,"max_hp_gain":0,"max_hp_loss":0,"event_name":"Tomb of Lord Red Mask","floor":39,"gold_loss":0}],"is_beta":false,"boss_relics":[{"not_picked":["Runic Pyramid","HolyWater"],"picked":"Replay:Drink Me"},{"not_picked":["Abe\u0027s Treasure","Ring of Chaos"],"picked":"Replay:Wanted Poster"}],"items_purged_floors":[24,31],"is_endless":false,"potions_floor_spawned":[13,18,23],"killed_by":"Reptomancer","ascension_level":2}}