{"host":"i58uscbei3sy5089","time":1611931992,"event":{"mods":["ATMod(°¢èªMod)","Act Like it!","BaseMod","Challenge The Spire","Colored Powertips","Conspire","Gensokyo","Infinite Spire","Lobotomy","LobotomyExtend","Minty Spire (QoL Compilation)","MostiFishMod","Quick Restart","Replay The Spire","Shop Mod","Spicy Shops","StSLib","TestMod","UnlockEverythingMod","[IsaacMod]ÒÔÈö¼âËþ","¡¾¹¦ÄÜMod¡¿»ìãçÖ®»·ÐÞ¸´²¹¶¡","¡¾ÒÅÎï¿¨ÅÆ¡¿REMEMod","óô»ðÖ¸ÄÏ"],"gold_per_floor":[114,127,127,158,42,42,60,60,60,60,60,60,76,87,87,457,457],"floor_reached":16,"language":"ZHS","playtime":979,"items_purged":[],"score":203,"play_id":"44999e6f-a547-4206-9568-9d092d480284","local_time":"20210129225312","is_ascension_mode":true,"campfire_choices":[{"data":"Feed","floor":6.0,"key":"SMITH"},{"data":"Mimicry","floor":8.0,"key":"SMITH"},{"data":"MostiFishMod:EE1D","floor":10.0,"key":"SMITH"},{"data":"MostiFishMod:EE1D","floor":11.0,"key":"SMITH"},{"data":"MostiFishMod:EE1D","floor":12.0,"key":"SMITH"}],"circlet_count":0,"master_deck":["SpecialBullet","SpecialBullet","SpecialBullet","SpecialBullet","SpecialBullet","SpecialBullet","SpecialBullet","MostiFishMod:EE1D+1","MostiFishMod:EE1D+1","MostiFishMod:EE1D+1","Feed+1","AT_KingSlayer","GrinderMk4","OSAHOGD","WallGazer","Mimicry+1","SecurityCode","InformationCode"],"relics":["CogitoBucket","testmod-TestBox","HushsDoor","DaveBox","AT_ATBox","REME_ComplimentaryCards","testmod-CardMagician","EE1DDrone","TheBible","LetterFromLob","SynthV:TestCard","RedMistMask","Gensokyo:CelestialsFlawlessClothing","WingedGreaves","TuHaoJin","Ancient Tea Set","ChangeAnything","BelialBook"],"acts_visited":["Exordium"],"potions_floor_usage":[],"damage_taken":[{"damage":4.0,"enemies":"Gensokyo:2_Kodama","floor":1.0,"turns":2.0},{"damage":8.0,"enemies":"Gensokyo:Gryphon","floor":2.0,"turns":3.0},{"damage":12.0,"enemies":"conspire:MimicChest","floor":4.0,"turns":5.0},{"damage":7.0,"enemies":"Gensokyo:3_Fairies","floor":7.0,"turns":3.0},{"damage":26.0,"enemies":"Gensokyo:Gryphon_and_Rabbit","floor":13.0,"turns":8.0},{"damage":53.0,"enemies":"Gensokyo:3_Kodama","floor":14.0,"turns":8.0},{"damage":119,"enemies":"Gensokyo:Reimu","floor":16,"turns":17}],"seed_played":"-3307130447793699821","potions_obtained":[{"floor":2.0,"key":"DistilledChaos"},{"floor":14.0,"key":"BlessingOfTheForge"}],"is_trial":false,"path_per_floor":["M","M","?","?","COS","R","M","R","T","R","R","R","M","M","R","B"],"character_chosen":"Angela","items_purchased":[],"campfire_rested":0,"item_purchase_floors":[],"current_hp_per_floor":[62,54,36,24,24,24,25,25,25,25,25,25,77,32,32,0,0],"gold":457,"neow_bonus":"TRANSFORM_CARD","is_daily":false,"chose_seed":false,"campfire_upgraded":5,"win_rate":0.0,"timestamp":1611931992,"path_taken":["M","M","?","?","COS","R","M","R","T","R","R","R","M","?","R","BOSS"],"items_purchased_type":[],"build_version":"2020-12-22","purchased_purges":0,"victory":false,"max_hp_per_floor":[73,73,73,73,73,73,73,73,73,73,73,73,77,77,77,77,77],"card_choices":[{"not_picked":[],"picked":"Bomb","floor":0.0},{"not_picked":["VoidDream","WallGazer"],"picked":"OSAHOGD","floor":1.0},{"not_picked":["GreenStem","Pinks"],"picked":"SKIP","floor":1.0},{"not_picked":["LittleHelper","ShyLook"],"picked":"WallGazer","floor":2.0},{"not_picked":["Noise","SomewhereSpear","Lantern"],"picked":"Mimicry","floor":2.0},{"not_picked":["FeatherOfHonor","Gaze","BlueScar","Harmony"],"picked":"SKIP","floor":7.0},{"not_picked":["TodaysExpression","LifeForTheDareDevil","Lantern","Regret_ego"],"picked":"SKIP","floor":13.0},{"not_picked":["CherryBlossom","TodaysExpression","Penitence","RedEyes"],"picked":"SKIP","floor":14.0}],"player_experience":614426,"relics_obtained":[{"floor":1.0,"key":"LetterFromLob"},{"floor":1.0,"key":"SynthV:TestCard"},{"floor":2.0,"key":"RedMistMask"},{"floor":4.0,"key":"WingedGreaves"},{"floor":9.0,"key":"TuHaoJin"}],"event_choices":[],"is_beta":false,"boss_relics":[],"items_purged_floors":[],"is_endless":false,"potions_floor_spawned":[2,14],"killed_by":"Gensokyo:Reimu","ascension_level":9}}