{"host":"uvmuduost5bzvojs","time":1611911822,"event":{"mods":["Aspiration","Bard","BaseMod","Better Match","Block Reminder","Conspire","Hermit","Highlight Path","Hubris","Infinite Spire","Jorbs\u0027s Wanderer Trilogy","Mad Scientist","Marisa????????","Mimic Mod","Minty Spire (QoL Compilation)","Potionbrewer","Replay The Spire","Robot Space Explorer","StSLib","The Blackbeard","The Construct","The Cursed","The Disciple","The Hayseed","The Hierophant","The Juggle","The Jungle","The Poker Player","The Runesmith","The Servant 0.9.4","The Spell Scribe","The Valiant","TheBandit"],"gold_per_floor":[110,31,31,31,46,79,95,95,133,133,205,205,3,3,3,107,107,127,37,54,68,83,83,100,112,139,139,139,139,139],"floor_reached":29,"language":"ENG","playtime":1195,"items_purged":[],"score":273,"play_id":"8eb8edcf-74db-4267-9c49-8a650d148891","local_time":"20210129041702","is_ascension_mode":false,"campfire_choices":[{"data":"hubris:TrickCloak","floor":8,"key":"SMITH"},{"data":"Prepared","floor":12,"key":"SMITH"},{"data":"Blade Dance","floor":15,"key":"SMITH"},{"data":"ReplayTheSpireMod:Speed Training","floor":23,"key":"SMITH"},{"data":"Phantasmal Killer","floor":27,"key":"SMITH"}],"circlet_count":0,"master_deck":["Strike_G+1","Strike_G","Strike_G","Strike_G","Defend_G+1","Defend_G+1","Defend_G","Defend_G+1","Defend_G","Survivor","Neutralize+1","Blade Dance+1","hubris:TrickCloak+1","Prepared+1","Underhanded Strike","Dagger Spray","Underhanded Strike","Phantasmal Killer+1","Underhanded Strike","Blade Dance+1","ReplayTheSpireMod:Scrap Shanks+1","ReplayTheSpireMod:Speed Training+1","Backflip","Underhanded Strike","ReplayTheSpireMod:??????????????????????"],"relics":["Ring of the Snake","NeowsBlessing","Omamori","Toy Ornithopter","Pet Ghost","War Paint","HoveringKite","Happy Flower"],"acts_visited":["Exordium","TheCity"],"potions_floor_usage":[16,16],"damage_taken":[{"damage":0,"enemies":"Jaw Worm","floor":1,"turns":1},{"damage":0,"enemies":"Small Slimes","floor":5,"turns":1},{"damage":0,"enemies":"Lagavulin","floor":6,"turns":1},{"damage":0,"enemies":"2 Louse","floor":7,"turns":4},{"damage":13,"enemies":"Looter","floor":9,"turns":10},{"damage":46,"enemies":"Slime Boss","floor":16,"turns":13},{"damage":0,"enemies":"Chosen","floor":18,"turns":4},{"damage":0,"enemies":"Spheric Guardian","floor":20,"turns":3},{"damage":0,"enemies":"Snake Plant","floor":21,"turns":4},{"damage":18,"enemies":"Shelled Parasite and Fungi","floor":22,"turns":4},{"damage":8,"enemies":"Centurion and Healer","floor":24,"turns":6},{"damage":11,"enemies":"3 Cultists","floor":25,"turns":4}],"seed_played":"-1774482934496056507","potions_obtained":[{"floor":1,"key":"potionbrewer:DiscountPotion"},{"floor":6,"key":"Languid Potion"},{"floor":16,"key":"potionbrewer:ToxicPotion"},{"floor":18,"key":"SteroidPotion"},{"floor":24,"key":"Weak Potion"}],"is_trial":false,"path_per_floor":["M","$","?","?","M","E","M","R","MIM","?","?","R","$","?","R","B",null,"M","?","M","M","M","R","M","M","T","R","?","?"],"character_chosen":"THE_SILENT","items_purchased":["hubris:TrickCloak","Pet Ghost","Underhanded Strike"],"campfire_rested":0,"item_purchase_floors":[2,13,13],"current_hp_per_floor":[70,70,70,70,70,70,70,70,57,43,43,43,43,40,40,4,70,70,70,70,70,52,52,44,33,33,33,15,0,0],"gold":139,"neow_bonus":"THREE_ENEMY_KILL","is_daily":false,"chose_seed":false,"campfire_upgraded":5,"win_rate":0.0,"timestamp":1611911822,"path_taken":["M","$","?","?","M","E","M","R","MIM","?","?","R","$","?","R","BOSS","M","?","M","M","M","R","?","M","T","R","?","?"],"items_purchased_type":["Card","Relic","Card"],"build_version":"2020-12-22","purchased_purges":0,"victory":false,"max_hp_per_floor":[70,70,70,70,70,70,70,70,70,70,70,70,70,70,70,70,70,70,70,70,70,70,70,70,70,70,70,70,70,70],"card_choices":[{"not_picked":["ReplayTheSpireMod:Tripwire","Acrobatics"],"picked":"Blade Dance","floor":1},{"not_picked":["Distraction","ReplayTheSpireMod:Speed Training"],"picked":"Prepared","floor":5},{"not_picked":["Dagger Spray","After Image"],"picked":"Underhanded Strike","floor":6},{"not_picked":["ReplayTheSpireMod:Speed Training","Predator"],"picked":"Dagger Spray","floor":7},{"not_picked":["Wraith Form v2","Atom Bomb"],"picked":"Phantasmal Killer","floor":16},{"not_picked":["Flying Knee","Escape Plan"],"picked":"Underhanded Strike","floor":18},{"not_picked":["Dodge and Roll","Bane"],"picked":"Blade Dance+1","floor":20},{"not_picked":["Flying Knee","Caltrops"],"picked":"ReplayTheSpireMod:Scrap Shanks+1","floor":21},{"not_picked":["Poisoned Stab","Flying Knee+1"],"picked":"ReplayTheSpireMod:Speed Training","floor":22},{"not_picked":["Slice","Noxious Fumes","Backflip"],"picked":"SKIP","floor":24},{"not_picked":["Slice","Noxious Fumes"],"picked":"Backflip","floor":24},{"not_picked":["Deadly Poison","Tools of the Trade"],"picked":"Underhanded Strike","floor":25},{"not_picked":["infinitespire:Punishment","infinitespire:Gouge"],"picked":"ReplayTheSpireMod:??????????????????????","floor":28}],"player_experience":1907593,"relics_obtained":[{"floor":6,"key":"Omamori"},{"floor":9,"key":"Toy Ornithopter"},{"floor":26,"key":"Happy Flower"}],"event_choices":[{"damage_healed":0,"gold_gain":0,"player_choice":"Ignored","damage_taken":0,"max_hp_gain":0,"max_hp_loss":0,"event_name":"Liars Game","floor":4,"gold_loss":0},{"damage_healed":0,"gold_gain":0,"player_choice":"Entered Light","damage_taken":14,"max_hp_gain":0,"max_hp_loss":0,"event_name":"Shining Light","floor":10,"gold_loss":0,"cards_upgraded":["Strike_G","Defend_G"]},{"damage_healed":0,"gold_gain":72,"player_choice":"Gained Gold","damage_taken":0,"max_hp_gain":0,"max_hp_loss":0,"event_name":"Golden Wing","floor":11,"gold_loss":0},{"damage_healed":0,"gold_gain":0,"player_choice":"Success","damage_taken":3,"relics_obtained":["War Paint"],"max_hp_gain":0,"max_hp_loss":0,"event_name":"Scrap Ooze","floor":14,"gold_loss":0},{"cards_removed":["Strike_G"],"damage_healed":0,"gold_gain":0,"player_choice":"Upgrade and Remove","damage_taken":0,"max_hp_gain":0,"max_hp_loss":0,"event_name":"Designer","floor":19,"gold_loss":90,"cards_upgraded":["Neutralize"]}],"is_beta":false,"boss_relics":[{"not_picked":["Replay:Wanted Poster","Replay:Fungal Core"],"picked":"HoveringKite"}],"items_purged_floors":[],"is_endless":false,"potions_floor_spawned":[1,6,16,18,24,25],"ascension_level":0}}