{"host":"\u003c无名\u003e","time":1611901384,"event":{"mods":["BaseMod","Decade(王小明)","Downfall","Lobotomy","Minty Spire (QoL Compilation)","Quick Restart","Remilia（蕾米莉亚）","Replay The Spire","Robot Space Explorer","StSLib","The Bug Knight"],"gold_per_floor":[199,209,29,39,49,61,61,73,88,88,117,117,117,117,128,230,230,130,144,160,160,176,194,269,284,313,24,37,37,67,67,83,186,186,86,103,103,120,138,155,155,155,172,172,172,225,240,112,12,23,35,35],"floor_reached":53,"language":"ZHS","playtime":5811,"items_purged":["Guardian:Strike_Guardian","Guardian:Defend_Guardian"],"score":934,"play_id":"7d2c8af9-4605-4a64-b083-98a14e307ba2","local_time":"20210129142304","is_ascension_mode":false,"campfire_choices":[{"data":"expansioncontent:Chronoboost","floor":12.0,"key":"SMITH"},{"floor":18.0,"key":"RECALL"},{"floor":29.0,"key":"REST"},{"data":"Guardian:ConstructionForm","floor":35.0,"key":"SMITH"},{"data":"Guardian:RefractedBeam+1","floor":49,"key":"SMITH"}],"circlet_count":0,"master_deck":["Guardian:Strike_Guardian","Guardian:Defend_Guardian","Guardian:CurlUp","Guardian:TwinSlam","downfall:Haunted","downfall:Haunted","ReplayTheSpireMod:IOU","Guardian:SphericShield","Looming Evil","Overencumbered","Guardian:PrimingBeam","expansioncontent:Chronoboost+1","Guardian:SentryBeam","Guardian:PrismaticBeam+1","Guardian:StasisStrike","Guardian:BronzeArmor","Guardian:Incinerate","Guardian:ExploitGems+1","Guardian:RefractedBeam+2","Guardian:Preprogram","Guardian:TimeCapacitor","Guardian:SentryBeam+1","Guardian:StasisField","CommonCold","Guardian:CrystalBeam","Guardian:TimeCapacitor","Guardian:TemporalShield","Guardian:GuardianWhirl+1","Lust_TH","Guardian:Suspension","Guardian:ConstructionForm+1","Guardian:TemporalStrike","Voices","Guardian:FloatingOrbs+1","Guardian:ChargeCore+1","Guardian:TemporalShield","expansioncontent:StudyTheSpire","expansioncontent:QuickStudy","Replay:SS_hec_1","Guardian:Reroute","Guardian:PiercingHide","Guardian:PrismaticBarrier+1","Guardian:PrismaticBeam+1","Guardian:BaubleBeam","Guardian:TimeSifter","Guardian:Gem_Lightblue"],"relics":["Guardian:ModeShifter","Du-Vu Doll","Quantum Egg","Guardian:PickAxe","InkBottle","Replay:Bronze Core","downfall:HeartBlessingGreen","Replay:Bottled Eggs","ReplayTheSpireMod:Shallot","ReplayTheSpireMod:CursedCoin","ReplayTheSpireMod:TigerMarble","Letter Opener","Replay:Grab Bag","Philosopher\u0027s Stone","Busted Crown","Honey Jar","downfall:HeartBlessingRed","Unceasing Top","DollysMirror","downfall:HeartBlessingBlue"],"acts_visited":["Exordium","TheCity","TheBeyond"],"potions_floor_usage":[52,52,53],"damage_taken":[{"damage":0.0,"enemies":"2 Louse","floor":2.0,"turns":2.0},{"damage":5.0,"enemies":"downfall:FleeingMerchant","floor":3.0,"turns":4.0},{"damage":0.0,"enemies":"Cultist","floor":4.0,"turns":3.0},{"damage":11.0,"enemies":"Jaw Worm","floor":5.0,"turns":4.0},{"damage":1.0,"enemies":"2 Fungi Beasts","floor":6.0,"turns":4.0},{"damage":22.0,"enemies":"Gremlin Gang","floor":8.0,"turns":4.0},{"damage":9.0,"enemies":"Blue Slaver","floor":9.0,"turns":3.0},{"damage":0.0,"enemies":"Blue Slaver","floor":10.0,"turns":3.0},{"damage":16.0,"enemies":"Lagavulin","floor":11.0,"turns":6.0},{"damage":3.0,"enemies":"2 Fungi Beasts","floor":15.0,"turns":2.0},{"damage":16.0,"enemies":"IC_STATUS_ARCHETYPE","floor":16.0,"turns":6.0},{"damage":0.0,"enemies":"Spheric Guardian","floor":19.0,"turns":3.0},{"damage":8.0,"enemies":"Sentry and Sphere","floor":20.0,"turns":4.0},{"damage":6.0,"enemies":"3 Cultists","floor":22.0,"turns":5.0},{"damage":0.0,"enemies":"Snake Plant","floor":23.0,"turns":2.0},{"damage":0.0,"enemies":"Centurion and Healer","floor":25.0,"turns":5.0},{"damage":19.0,"enemies":"Gremlin Leader","floor":26.0,"turns":5.0},{"damage":0.0,"enemies":"downfall:FleeingMerchant","floor":27.0,"turns":5.0},{"damage":2.0,"enemies":"Shelled Parasite and Fungi","floor":28.0,"turns":4.0},{"damage":5.0,"enemies":"HollowMod:Nosk","floor":30.0,"turns":5.0},{"damage":0.0,"enemies":"Snecko","floor":32.0,"turns":3.0},{"damage":0.0,"enemies":"WA_ARCHETYPE_CALM","floor":33.0,"turns":4.0},{"damage":0.0,"enemies":"3 Shapes","floor":36.0,"turns":3.0},{"damage":0.0,"enemies":"3 Darklings","floor":38.0,"turns":2.0},{"damage":0.0,"enemies":"Spire Growth","floor":39.0,"turns":2.0},{"damage":0.0,"enemies":"4 Shapes","floor":40.0,"turns":2.0},{"damage":0,"enemies":"Jaw Worm Horde","floor":43,"turns":3},{"damage":14,"enemies":"2 Orb Walkers","floor":46,"turns":2},{"damage":1,"enemies":"Transient","floor":47,"turns":5},{"damage":3,"enemies":"downfall:FleeingMerchant","floor":48,"turns":3},{"damage":7,"enemies":"4 Shapes","floor":50,"turns":2},{"damage":5,"enemies":"3 Darklings","floor":51,"turns":2},{"damage":4,"enemies":"SI_POISON_ARCHETYPE","floor":52,"turns":5},{"damage":32,"enemies":"Malkuth","floor":53,"turns":6},{"damage":53,"enemies":"Hod","floor":53,"turns":8}],"seed_played":"4144898142361285344","potions_obtained":[{"floor":4.0,"key":"Languid Potion"},{"floor":5.0,"key":"Weak Potion"},{"floor":9.0,"key":"Fire Potion"},{"floor":14.0,"key":"Toxic Potion"},{"floor":26.0,"key":"Fire Potion"},{"floor":36.0,"key":"Swift Potion"},{"floor":39.0,"key":"CultistPotion"},{"floor":40.0,"key":"Fire Potion"},{"floor":46,"key":"SteroidPotion"},{"floor":47,"key":"LiquidMemories"}],"is_trial":false,"path_per_floor":["R","M","$","M","M","M","T","M","M","?","E","R","?","?","M","B",null,"R","M","M","?","M","M","T","M","E","$","M","R","E","?","M","B",null,"R","M","?","M","M","M","T","?","M","PTL","PTL","?","M","$","R","M","M","B",null],"character_chosen":"GUARDIAN","items_purchased":["expansioncontent:Chronoboost","Guardian:SentryBeam","ReplayTheSpireMod:CursedCoin","Guardian:Gem_Green","ReplayTheSpireMod:TigerMarble","Guardian:CrystalBeam","Guardian:TimeCapacitor","Guardian:TemporalShield","DollysMirror","Guardian:Gem_Cyan","Guardian:Gem_Crimson","Guardian:BaubleBeam"],"campfire_rested":1,"item_purchase_floors":[3,3,27,27,27,27,27,27,48,48,48,48],"current_hp_per_floor":[93,93,88,88,77,76,76,54,45,39,23,23,54,54,51,35,93,93,93,85,85,79,79,79,79,60,60,58,85,80,80,80,80,93,93,93,93,93,93,93,93,83,83,83,83,69,68,65,75,68,63,59],"gold":35,"neow_bonus":"TEN_PERCENT_HP_BONUS","is_daily":false,"chose_seed":false,"campfire_upgraded":3,"win_rate":0.0,"timestamp":1611901384,"path_taken":["R","M","$","M","M","M","T","M","M","?","E","R","?","?","M","BOSS","R","M","?","?","M","M","T","M","E","$","M","R","E","?","M","BOSS","R","M","?","M","?","M","T","?","M","PTL","PTL","?","M","$","R","M","M","BOSS"],"items_purchased_type":["Card","Card","Relic","Card","Relic","Card","Card","Card","Relic","Card","Card","Card"],"build_version":"2020-12-18","purchased_purges":2,"victory":true,"max_hp_per_floor":[93,93,93,93,93,93,93,93,93,93,93,93,93,93,93,93,93,93,93,93,93,93,93,93,93,93,93,93,93,93,93,93,93,93,93,93,93,93,93,93,93,93,93,93,93,93,93,93,103,103,103,103],"card_choices":[{"not_picked":["Guardian:VentSteam","Guardian:Recover"],"picked":"Guardian:Gem_Cyan","floor":2.0},{"not_picked":["Guardian:Gem_Blue","Guardian:TemporalShield"],"picked":"Guardian:PrimingBeam","floor":3.0},{"not_picked":["Guardian:DonusPower","Guardian:MultiBeam"],"picked":"Guardian:Gem_Green","floor":4.0},{"not_picked":["Guardian:DonusPower","Guardian:Recover"],"picked":"Guardian:PrismaticBeam","floor":5.0},{"not_picked":["Guardian:ChargeCore","Guardian:ShieldCharger"],"picked":"Guardian:StasisStrike","floor":6.0},{"not_picked":["Guardian:Gem_Cyan","Guardian:TemporalShield"],"picked":"Guardian:Gem_Lightblue","floor":8.0},{"not_picked":["Guardian:Incinerate","Guardian:Planning"],"picked":"Guardian:Gem_White","floor":9.0},{"not_picked":["Guardian:StasisField","Guardian:Harden"],"picked":"Guardian:BronzeArmor","floor":11.0},{"not_picked":["Guardian:EvasiveProtocol","Guardian:Gem_Cyan"],"picked":"Guardian:Incinerate","floor":15.0},{"not_picked":["Guardian:FastForward","Guardian:HyperBeam_Guardian"],"picked":"Guardian:ExploitGems","floor":16.0},{"not_picked":["Guardian:Incinerate","Guardian:DonusPower"],"picked":"Guardian:RefractedBeam","floor":19.0},{"not_picked":["Guardian:ArmoredProtocol","Guardian:PrimingBeam"],"picked":"Guardian:Gem_Green","floor":20.0},{"not_picked":["Guardian:ShieldCharger","Guardian:Gem_Fragmented"],"picked":"Guardian:Gem_Crimson","floor":22.0},{"not_picked":["Guardian:Gem_Cyan","Guardian:GuardianWhirl"],"picked":"Guardian:Preprogram","floor":23.0},{"not_picked":["Guardian:ShieldCharger+1","Guardian:Harden"],"picked":"Guardian:TimeCapacitor","floor":25.0},{"not_picked":["Guardian:Gem_Crimson","Guardian:TimeSifter"],"picked":"Guardian:SentryBeam+1","floor":26.0},{"not_picked":["Guardian:VentSteam+1","Guardian:RollAttack"],"picked":"Guardian:StasisField","floor":27.0},{"not_picked":["Guardian:RollAttack","Guardian:Recover"],"picked":"Guardian:Gem_Green","floor":28.0},{"not_picked":["Guardian:MultiBeam","Guardian:SphericShield"],"picked":"Guardian:GuardianWhirl+1","floor":30.0},{"not_picked":["Guardian:Gem_Cyan","Guardian:Gem_Red"],"picked":"Guardian:Suspension","floor":32.0},{"not_picked":["Guardian:AncientConstruct","Guardian:StasisStrike"],"picked":"Guardian:ConstructionForm","floor":33.0},{"not_picked":["Guardian:PrimingBeam"],"picked":"Guardian:TemporalStrike","floor":36.0},{"not_picked":["Guardian:ShieldCharger+1"],"picked":"Guardian:FloatingOrbs+1","floor":38.0},{"not_picked":["Guardian:Recover+1"],"picked":"Guardian:ChargeCore+1","floor":39.0},{"not_picked":["Guardian:GuardianWhirl"],"picked":"Guardian:TemporalShield","floor":40.0},{"not_picked":["expansioncontent:LastStand","Replay:SS_fish_1"],"picked":"expansioncontent:StudyTheSpire","floor":42},{"not_picked":["Replay:SS_hec_1","expansioncontent:PolyBeam"],"picked":"expansioncontent:QuickStudy","floor":42},{"not_picked":["expansioncontent:HyperBeam","expansioncontent:LastStand"],"picked":"Replay:SS_hec_1","floor":42},{"not_picked":["Guardian:TemporalShield+1"],"picked":"Guardian:Reroute","floor":43},{"not_picked":["Guardian:CrystalBeam+1"],"picked":"Guardian:Gem_Green","floor":46},{"not_picked":["Guardian:Gem_Green"],"picked":"Guardian:PiercingHide","floor":47},{"not_picked":["Guardian:Harden+1"],"picked":"Guardian:PrismaticBarrier+1","floor":48},{"not_picked":["Guardian:Incinerate"],"picked":"Guardian:TimeSifter","floor":50},{"not_picked":["Guardian:ChargeCore+1"],"picked":"Guardian:Gem_Lightblue","floor":51}],"player_experience":600909,"relics_obtained":[{"floor":7.0,"key":"Quantum Egg"},{"floor":11.0,"key":"InkBottle"},{"floor":24.0,"key":"Replay:Bottled Eggs"},{"floor":26.0,"key":"ReplayTheSpireMod:Shallot"},{"floor":30.0,"key":"Letter Opener"},{"floor":46,"key":"Unceasing Top"}],"event_choices":[{"damage_healed":31.0,"max_hp_gain":0.0,"max_hp_loss":0.0,"gold_gain":0.0,"event_name":"Big Fish","player_choice":"Banana","floor":13.0,"gold_loss":0.0,"damage_taken":0.0},{"damage_healed":0.0,"max_hp_gain":0.0,"max_hp_loss":0.0,"gold_gain":0.0,"event_name":"Lab","player_choice":"Got Potions","floor":14.0,"gold_loss":0.0,"damage_taken":0.0},{"damage_healed":0,"gold_gain":0,"player_choice":"Fight","damage_taken":0,"max_hp_gain":0,"max_hp_loss":0,"event_name":"Mysterious Sphere","floor":46,"gold_loss":0}],"is_beta":true,"boss_relics":[{"not_picked":["Cursed Key","Sozu"],"picked":"Replay:Bronze Core"},{"not_picked":["Replay:Ancient Bell","Painkiller Herb"],"picked":"Replay:Grab Bag"},{"not_picked":["ChewingGum","Runic Dome"],"picked":"Philosopher\u0027s Stone"},{"not_picked":["Coffee Dripper","SlaversCollar"],"picked":"Busted Crown"},{"not_picked":["Tiny House","Astrolabe"],"picked":"Honey Jar"}],"items_purged_floors":[27,48],"is_endless":false,"potions_floor_spawned":[4,5,9,10,11,15,19,23,25,26,36,39,40,46,47],"ascension_level":0}}