{"host":"a8o3mosf1uagwm4v","time":1611937822,"event":{"mods":["BaseMod","Bestiary","Jorbs\u0027s Wanderer Trilogy","Minty Spire (QoL Compilation)","StSLib"],"gold_per_floor":[109,121,196,196,196,225,225,251,251,251,275,289,319,330,330,434,434,445,462,642,662,701,701,716,446,446,446,446],"floor_reached":27,"language":"ENG","playtime":2101,"items_purged":["stsjorbsmod:Strike_Wanderer"],"score":233,"play_id":"58dd43b1-d58a-4618-813c-55b0112df217","local_time":"20210129103022","is_ascension_mode":false,"campfire_choices":[{"floor":7.0,"key":"REST"},{"floor":10.0,"key":"REST"},{"data":"stsjorbsmod:Firebolt","floor":15.0,"key":"SMITH"},{"data":"stsjorbsmod:FreshAdventure","floor":23,"key":"SMITH"}],"circlet_count":0,"master_deck":["stsjorbsmod:ForbiddenGrimoire+1","stsjorbsmod:Strike_Wanderer","stsjorbsmod:Strike_Wanderer+1","stsjorbsmod:Strike_Wanderer","stsjorbsmod:Defend_Wanderer+1","stsjorbsmod:Defend_Wanderer","stsjorbsmod:Defend_Wanderer+1","stsjorbsmod:Defend_Wanderer","stsjorbsmod:FreshAdventure+1","stsjorbsmod:EyeOfTheStorm","stsjorbsmod:Hurt","stsjorbsmod:GatherPower","stsjorbsmod:BurningFlask+1","stsjorbsmod:Firebolt+1","stsjorbsmod:HedgeWizard+1","stsjorbsmod:RefuseToForget+1","stsjorbsmod:HedgeWizard+1","stsjorbsmod:IvoryTower+1","stsjorbsmod:SchoolsOfMagic+1","stsjorbsmod:Stalwart+1","stsjorbsmod:DisguiseSelf+1","stsjorbsmod:Entangle","stsjorbsmod:ScorchingRay+1"],"relics":["stsjorbsmod:GrimoireRelic","Toxic Egg 2","Pantograph","Bag of Marbles","TungstenRod","Odd Mushroom","Orichalcum","Snecko Eye","Happy Flower","Nunchaku"],"acts_visited":["Exordium","TheCity"],"potions_floor_usage":[],"damage_taken":[{"damage":0.0,"enemies":"2 Louse","floor":1.0,"turns":3.0},{"damage":0.0,"enemies":"Small Slimes","floor":2.0,"turns":2.0},{"damage":34.0,"enemies":"Lagavulin","floor":6.0,"turns":7.0},{"damage":21.0,"enemies":"Gremlin Nob","floor":8.0,"turns":5.0},{"damage":3.0,"enemies":"The Mushroom Lair","floor":11.0,"turns":4.0},{"damage":0.0,"enemies":"Cultist","floor":12.0,"turns":2.0},{"damage":12.0,"enemies":"Lagavulin","floor":13.0,"turns":4.0},{"damage":0.0,"enemies":"2 Fungi Beasts","floor":14.0,"turns":3.0},{"damage":29.0,"enemies":"Slime Boss","floor":16.0,"turns":8.0},{"damage":3,"enemies":"3 Byrds","floor":18,"turns":4},{"damage":14,"enemies":"Shell Parasite","floor":19,"turns":6},{"damage":16,"enemies":"Shelled Parasite and Fungi","floor":21,"turns":6},{"damage":1,"enemies":"Centurion and Healer","floor":22,"turns":6},{"damage":8,"enemies":"Chosen and Byrds","floor":24,"turns":6},{"damage":33,"enemies":"Book of Stabbing","floor":27,"turns":5}],"seed_played":"-4778341364118403082","potions_obtained":[{"floor":2.0,"key":"SkillPotion"},{"floor":12.0,"key":"Explosive Potion"},{"floor":13.0,"key":"Dexterity Potion"},{"floor":16.0,"key":"Energy Potion"},{"floor":21,"key":"stsjorbsmod:BurningPotion"}],"is_trial":false,"path_per_floor":["M","M","?","?","?","E","R","E","T","R","?","M","E","M","R","B",null,"M","M","?","M","M","R","M","$","T","E"],"character_chosen":"WANDERER","items_purchased":["Happy Flower","stsjorbsmod:ScorchingRay+1"],"campfire_rested":2,"item_purchase_floors":[25,25],"current_hp_per_floor":[74,74,63,51,36,2,24,8,8,30,28,28,18,19,19,15,76,77,65,49,35,36,36,31,31,31,0,0],"gold":446,"neow_bonus":"TEN_PERCENT_HP_BONUS","is_daily":false,"chose_seed":false,"campfire_upgraded":2,"win_rate":0.0,"timestamp":1611937822,"path_taken":["M","M","?","?","?","E","R","E","T","R","?","M","E","M","R","BOSS","M","M","?","M","M","R","M","$","T","E"],"items_purchased_type":["Relic","Card"],"build_version":"2020-12-22","purchased_purges":1,"victory":false,"max_hp_per_floor":[74,74,74,74,74,74,74,76,76,76,76,76,76,76,76,76,76,78,78,78,78,78,78,78,78,78,78,78],"card_choices":[{"not_picked":["stsjorbsmod:ArcaneWeapon","stsjorbsmod:Counterspell"],"picked":"stsjorbsmod:Hurt","floor":1.0},{"not_picked":["stsjorbsmod:Index","stsjorbsmod:Message"],"picked":"stsjorbsmod:GatherPower","floor":2.0},{"not_picked":["stsjorbsmod:Index+1","stsjorbsmod:ParryingBlow"],"picked":"stsjorbsmod:BurningFlask+1","floor":6.0},{"not_picked":["stsjorbsmod:ArcaneWeapon","stsjorbsmod:LocateObject+1"],"picked":"stsjorbsmod:Firebolt","floor":8.0},{"not_picked":["stsjorbsmod:ArcaneWeapon","stsjorbsmod:Hibernate+1"],"picked":"stsjorbsmod:Patron","floor":11.0},{"not_picked":["stsjorbsmod:Fireball","stsjorbsmod:BurningFlask+1"],"picked":"stsjorbsmod:HedgeWizard+1","floor":12.0},{"not_picked":["stsjorbsmod:Mindworm","stsjorbsmod:ParryingBlow"],"picked":"stsjorbsmod:RefuseToForget+1","floor":13.0},{"not_picked":["stsjorbsmod:Firebolt","stsjorbsmod:Prepare+1"],"picked":"stsjorbsmod:HedgeWizard+1","floor":14.0},{"not_picked":["stsjorbsmod:Determination+1","stsjorbsmod:CorrodingBarrier+1"],"picked":"stsjorbsmod:IvoryTower+1","floor":16.0},{"not_picked":["stsjorbsmod:UnseenServant+1","stsjorbsmod:Materialize+1"],"picked":"stsjorbsmod:SchoolsOfMagic+1","floor":18},{"not_picked":["stsjorbsmod:Will+1","stsjorbsmod:ChatteringStrike+1"],"picked":"stsjorbsmod:Stalwart+1","floor":19},{"not_picked":["stsjorbsmod:Will+1","stsjorbsmod:ParryingBlow","stsjorbsmod:ChatteringStrike"],"picked":"SKIP","floor":21},{"not_picked":["stsjorbsmod:ParryingBlow","stsjorbsmod:BlackTentacles"],"picked":"stsjorbsmod:DisguiseSelf+1","floor":22},{"not_picked":["stsjorbsmod:Prepare+1","stsjorbsmod:WanderingMind+1"],"picked":"stsjorbsmod:Entangle","floor":24}],"player_experience":225282,"relics_obtained":[{"floor":6.0,"key":"Pantograph"},{"floor":8.0,"key":"Bag of Marbles"},{"floor":9.0,"key":"TungstenRod"},{"floor":11.0,"key":"Odd Mushroom"},{"floor":13.0,"key":"Orichalcum"},{"floor":26,"key":"Nunchaku"}],"event_choices":[{"damage_healed":0.0,"max_hp_gain":0.0,"max_hp_loss":0.0,"gold_gain":75.0,"event_name":"World of Goop","player_choice":"Gather Gold","floor":3.0,"gold_loss":0.0,"damage_taken":11.0},{"damage_healed":0.0,"max_hp_gain":0.0,"max_hp_loss":0.0,"gold_gain":0.0,"event_name":"Scrap Ooze","player_choice":"Success","floor":4.0,"gold_loss":0.0,"damage_taken":12.0,"relics_obtained":["Toxic Egg 2"]},{"damage_healed":0.0,"max_hp_gain":0.0,"max_hp_loss":0.0,"gold_gain":0.0,"event_name":"Shining Light","player_choice":"Entered Light","floor":5.0,"gold_loss":0.0,"damage_taken":15.0,"cards_upgraded":["stsjorbsmod:Defend_Wanderer","stsjorbsmod:Defend_Wanderer"]},{"damage_healed":0.0,"max_hp_gain":0.0,"max_hp_loss":0.0,"gold_gain":0.0,"event_name":"Mushrooms","player_choice":"Fought Mushrooms","floor":11.0,"gold_loss":0.0,"damage_taken":0.0},{"damage_healed":0,"gold_gain":180,"player_choice":"GOLD GOLD ","damage_taken":19,"max_hp_gain":0,"max_hp_loss":0,"event_name":"Knowing Skull","floor":20,"potions_obtained":[],"gold_loss":0,"cards_obtained":[]}],"is_beta":false,"boss_relics":[{"not_picked":["Velvet Choker","Tiny House"],"picked":"Snecko Eye"}],"items_purged_floors":[25],"is_endless":false,"potions_floor_spawned":[2,12,13,16,21,22],"killed_by":"Book of Stabbing","ascension_level":0}}