{"host":"9j472d1lqxyi8fmj","time":1611940206,"event":{"mods":["AchievementEnabler","Aspiration","BaseMod","Better Note","BetterRewards","Block Reminder","Colored Powertips","Downfall","Hermit","Hubris","Infinite Spire","Minty Spire (QoL Compilation)","Potion Indicator Mod","Rare Cards Sparkle","Relic Filter","Reliquary","Spicy Shops","StSLib","The Runesmith","Virulent Crown"],"gold_per_floor":[116,132,132,150,160,160,187,206,206,237,255,66,66,78,78,78,78,78],"floor_reached":16,"language":"ENG","playtime":728,"items_purged":["downfall:Icky"],"score":104,"play_id":"88b9b2ac-6ef7-4c61-b30a-b5ad9c449ac9","local_time":"20210129121006","is_ascension_mode":false,"campfire_choices":[{"data":"champ:UltimateStance","floor":9,"key":"SMITH"},{"floor":13,"key":"REST"},{"data":"champ:StanceDance","floor":15,"key":"SMITH"}],"circlet_count":0,"master_deck":["champ:Strike","champ:Strike","champ:Strike","champ:Defend","champ:Defend","champ:Defend","champ:Defend","champ:Execute","champ:Taunt","champ:DancingMaster","champ:PreciseThrust","champ:Circumvent","champ:Taunt","champ:Execute","champ:GutPunch","champ:AdrenalArmor","champ:UltimateStance+1","champ:FlashCut","champ:SkillfulDodge","champ:Shatter","champ:FlashCut","champ:StanceDance+1","champ:FanOfKnives","champ:ArenaPreparation"],"relics":["champ:ChampionCrown","reliquary:WeakTea","Kunai"],"acts_visited":["Exordium"],"potions_floor_usage":[16],"damage_taken":[{"damage":10,"enemies":"Small Slimes","floor":1,"turns":3},{"damage":10,"enemies":"Cultist","floor":2,"turns":3},{"damage":10,"enemies":"Jaw Worm","floor":4,"turns":4},{"damage":28,"enemies":"Gremlin Gang","floor":5,"turns":5},{"damage":47,"enemies":"Blue Slaver","floor":8,"turns":5},{"damage":61,"enemies":"3 Sentries","floor":10,"turns":12},{"damage":22,"enemies":"3 Louse","floor":11,"turns":3},{"damage":30,"enemies":"downfall:FleeingMerchant","floor":12,"turns":4},{"damage":36,"enemies":"Large Slime","floor":14,"turns":5},{"damage":80,"enemies":"WA_ARCHETYPE_RETAIN","floor":16,"turns":5}],"seed_played":"-1413797632070730226","potions_obtained":[{"floor":1,"key":"hexamod:SoulburnPotion"},{"floor":2,"key":"champ:OpenerPotion"},{"floor":11,"key":"champ:CounterPotion"}],"is_trial":false,"path_per_floor":["M","M","?","M","M","?","T","M","R","E","M","$","R","M","R","B"],"character_chosen":"THE_CHAMP","items_purchased":["champ:StanceDance","champ:FanOfKnives"],"campfire_rested":1,"item_purchase_floors":[12,12],"current_hp_per_floor":[90,90,90,90,82,82,82,75,75,64,52,52,79,73,73,0,0,0],"gold":78,"neow_bonus":"ONE_RANDOM_RARE_CARD","is_daily":false,"chose_seed":false,"campfire_upgraded":2,"win_rate":0.0,"timestamp":1611940206,"path_taken":["M","M","?","?","?","?","T","?","R","E","M","$","R","M","R","BOSS"],"items_purchased_type":["Card","Card"],"build_version":"2020-12-22","purchased_purges":1,"victory":false,"max_hp_per_floor":[90,90,90,90,90,90,90,90,90,90,90,90,90,90,90,90,90,90],"card_choices":[{"not_picked":["champ:TornadoPunch","champ:DefensiveShout"],"picked":"champ:PreciseThrust","floor":1},{"not_picked":["champ:DeathBlow","champ:EndlessRage"],"picked":"champ:Circumvent","floor":2},{"not_picked":["champ:ViciousMockery","champ:AdrenalArmor"],"picked":"champ:GutPunch","floor":4},{"not_picked":["champ:GutPunch","champ:CrownThrow"],"picked":"champ:AdrenalArmor","floor":5},{"not_picked":["champ:ShieldWall","champ:GladiatorForm"],"picked":"champ:FlashCut","floor":8},{"not_picked":["champ:Haymaker","champ:ViciousMockery"],"picked":"champ:SkillfulDodge","floor":10},{"not_picked":["champ:PerfectedStrike","champ:EndlessRage"],"picked":"champ:Shatter","floor":11},{"not_picked":["champ:Shatter","champ:FalseCounter"],"picked":"champ:FlashCut","floor":12},{"not_picked":["champ:AdrenalArmor","champ:ShieldSigil"],"picked":"champ:ArenaPreparation","floor":14}],"player_experience":366942,"relics_obtained":[{"floor":7,"key":"reliquary:WeakTea"},{"floor":10,"key":"Kunai"}],"event_choices":[],"is_beta":false,"boss_relics":[],"items_purged_floors":[12],"is_endless":false,"potions_floor_spawned":[1,2,11,14],"killed_by":"WA_ARCHETYPE_RETAIN","ascension_level":0}}