{"host":"cniksiniaw0d9klh","time":1611932429,"event":{"mods":["BaseMod","Minty Spire (QoL Compilation)","StSLib","SuperFastMode"],"gold_per_floor":[115,134,151,161,173,203,219,251,251,261,272,301,316,316,316,413,413,433,449,449,141,154,189,189,221,221,240,275,289,323,343,343,343,343],"floor_reached":33,"language":"KOR","playtime":1281,"items_purged":["Regret"],"score":398,"play_id":"54279ddd-23af-4068-9725-22f8d8106fd2","local_time":"20210130000029","is_ascension_mode":true,"campfire_choices":[{"data":"Envenom","floor":15.0,"key":"SMITH"},{"floor":24,"key":"REST"},{"data":"Apotheosis","floor":32,"key":"SMITH"}],"circlet_count":0,"master_deck":["Strike_G","Strike_G","Strike_G","Strike_G","Strike_G","Defend_G","Defend_G","Defend_G","Defend_G","Defend_G","Survivor","Neutralize","Quick Slash","Dagger Throw","Underhanded Strike","Backstab","Slice","A Thousand Cuts","Poisoned Stab","Backstab","Crippling Poison","Dodge and Roll","Envenom+1","Backflip","Venomology","Tactician+1","Cloak And Dagger+1","Apotheosis+1","Escape Plan","Calculated Gamble+1","Deflect+1","Backflip+1","Cloak And Dagger+1","Dagger Spray+1"],"relics":["Ring of the Snake","NeowsBlessing","Paper Crane","Question Card","Pear","Regal Pillow","Singing Bowl","Busted Crown","Toxic Egg 2","Torii","Tough Bandages","Mummified Hand","The Courier"],"acts_visited":["Exordium","TheCity"],"potions_floor_usage":[19,22,22,23,23,28,28,28,29,31,31,33,33,33,33],"damage_taken":[{"damage":0.0,"enemies":"Cultist","floor":1.0,"turns":1.0},{"damage":0.0,"enemies":"2 Louse","floor":2.0,"turns":1.0},{"damage":0.0,"enemies":"Jaw Worm","floor":3.0,"turns":1.0},{"damage":0.0,"enemies":"Exordium Wildlife","floor":4.0,"turns":3.0},{"damage":2.0,"enemies":"Lots of Slimes","floor":5.0,"turns":3.0},{"damage":5.0,"enemies":"Lagavulin","floor":6.0,"turns":5.0},{"damage":1.0,"enemies":"2 Fungi Beasts","floor":7.0,"turns":3.0},{"damage":33.0,"enemies":"3 Sentries","floor":8.0,"turns":7.0},{"damage":0.0,"enemies":"Gremlin Gang","floor":10.0,"turns":4.0},{"damage":0.0,"enemies":"Lots of Slimes","floor":11.0,"turns":3.0},{"damage":5.0,"enemies":"Lagavulin","floor":12.0,"turns":5.0},{"damage":1.0,"enemies":"Exordium Wildlife","floor":13.0,"turns":2.0},{"damage":28.0,"enemies":"Slime Boss","floor":16.0,"turns":11.0},{"damage":16,"enemies":"Spheric Guardian","floor":18,"turns":5},{"damage":3,"enemies":"3 Byrds","floor":19,"turns":4},{"damage":6,"enemies":"Snake Plant","floor":22,"turns":3},{"damage":10,"enemies":"Slavers","floor":23,"turns":6},{"damage":14,"enemies":"Book of Stabbing","floor":25,"turns":5},{"damage":2,"enemies":"3 Cultists","floor":27,"turns":7},{"damage":2,"enemies":"Gremlin Leader","floor":28,"turns":5},{"damage":9,"enemies":"Centurion and Healer","floor":29,"turns":4},{"damage":1,"enemies":"Slavers","floor":30,"turns":6},{"damage":0,"enemies":"Cultist and Chosen","floor":31,"turns":5},{"damage":64,"enemies":"Collector","floor":33,"turns":9}],"seed_played":"8360008379270005500","potions_obtained":[{"floor":1.0,"key":"FearPotion"},{"floor":5.0,"key":"GamblersBrew"},{"floor":11.0,"key":"Fire Potion"},{"floor":16.0,"key":"Dexterity Potion"},{"floor":19,"key":"Poison Potion"},{"floor":25,"key":"BlessingOfTheForge"},{"floor":28,"key":"PowerPotion"},{"floor":29,"key":"CunningPotion"},{"floor":31,"key":"LiquidBronze"}],"is_trial":false,"path_per_floor":["M","M","M","M","M","E","M","E","T","M","M","E","M","?","R","B",null,"M","M","?","$","M","E","R","E","T","M","E","M","E","M","R","B"],"character_chosen":"THE_SILENT","items_purchased":["Apotheosis","Escape Plan"],"campfire_rested":1,"item_purchase_floors":[21,21],"current_hp_per_floor":[70,70,70,70,68,63,62,29,39,39,39,34,33,33,33,5,80,64,61,53,53,47,37,76,64,64,64,62,55,54,54,54,0,0],"gold":343,"neow_bonus":"THREE_ENEMY_KILL","is_daily":false,"chose_seed":false,"campfire_upgraded":2,"win_rate":0.0,"timestamp":1611932429,"path_taken":["M","M","?","M","M","E","M","E","T","M","M","E","M","?","R","BOSS","M","M","?","$","M","E","R","E","T","M","E","M","E","?","R","BOSS"],"items_purchased_type":["Card","Card"],"build_version":"2020-12-22","purchased_purges":1,"victory":false,"max_hp_per_floor":[70,70,70,70,70,70,70,70,80,80,80,80,80,80,80,80,80,80,80,80,80,80,80,80,82,82,84,84,86,86,86,86,86,86],"card_choices":[{"not_picked":["Reflex","Dodge and Roll"],"picked":"Quick Slash","floor":1.0},{"not_picked":["Blade Dance","Backflip"],"picked":"Dagger Throw","floor":2.0},{"not_picked":["Deflect","Dagger Throw"],"picked":"Underhanded Strike","floor":3.0},{"not_picked":["PiercingWail","Tactician"],"picked":"Backstab","floor":4.0},{"not_picked":["Riddle With Holes","Deadly Poison"],"picked":"Slice","floor":5.0},{"not_picked":["Setup","Backflip"],"picked":"A Thousand Cuts","floor":6.0},{"not_picked":["Flechettes","Concentrate"],"picked":"Poisoned Stab","floor":7.0},{"not_picked":["PiercingWail","Dodge and Roll"],"picked":"Backstab","floor":8.0},{"not_picked":["Eviscerate","Bane","Acrobatics"],"picked":"Crippling Poison","floor":10.0},{"not_picked":["Expertise","Blade Dance","Accuracy"],"picked":"Dodge and Roll","floor":11.0},{"not_picked":["Bouncing Flask","Backflip","Skewer"],"picked":"Envenom","floor":12.0},{"not_picked":["Backstab","Caltrops","Underhanded Strike"],"picked":"Backflip","floor":13.0},{"not_picked":["Grand Finale","Phantasmal Killer","Bullet Time"],"picked":"Venomology","floor":16.0},{"not_picked":["Quick Slash"],"picked":"Tactician+1","floor":18},{"not_picked":["Quick Slash"],"picked":"Cloak And Dagger+1","floor":19},{"not_picked":["Sucker Punch"],"picked":"Calculated Gamble+1","floor":22},{"not_picked":["Predator"],"picked":"Deflect+1","floor":23},{"not_picked":["Slice","Dagger Spray"],"picked":"Singing Bowl","floor":25},{"not_picked":["Wraith Form v2","Expertise+1"],"picked":"Singing Bowl","floor":27},{"not_picked":["Dodge and Roll+1"],"picked":"Backflip+1","floor":28},{"not_picked":["All Out Attack","Tactician+1"],"picked":"Singing Bowl","floor":29},{"not_picked":["Quick Slash"],"picked":"Cloak And Dagger+1","floor":30},{"not_picked":["Accuracy"],"picked":"Dagger Spray+1","floor":31}],"player_experience":437535,"relics_obtained":[{"floor":6.0,"key":"Paper Crane"},{"floor":8.0,"key":"Question Card"},{"floor":9.0,"key":"Pear"},{"floor":12.0,"key":"Regal Pillow"},{"floor":23,"key":"Toxic Egg 2"},{"floor":25,"key":"Torii"},{"floor":26,"key":"Tough Bandages"},{"floor":28,"key":"Mummified Hand"},{"floor":30,"key":"The Courier"}],"event_choices":[{"damage_healed":0.0,"max_hp_gain":0.0,"max_hp_loss":0.0,"gold_gain":0.0,"event_name":"Big Fish","player_choice":"Box","floor":14.0,"gold_loss":0.0,"damage_taken":0.0,"relics_obtained":["Singing Bowl"],"cards_obtained":["Regret"]},{"damage_healed":0,"gold_gain":0,"player_choice":"Damaged","damage_taken":8,"max_hp_gain":0,"max_hp_loss":0,"event_name":"Wheel of Change","floor":20,"gold_loss":0}],"is_beta":false,"boss_relics":[{"not_picked":["Empty Cage","Tiny House"],"picked":"Busted Crown"}],"items_purged_floors":[21],"is_endless":false,"potions_floor_spawned":[1,5,11,16,19,25,28,29,30,31],"killed_by":"Collector","ascension_level":1}}