{"host":"rkd2egloqduv8drx","time":1611933593,"event":{"mods":["Act Like it!","BaseMod","CapriCore","Gensokyo","Jedi Mod","Koishi","Minty Spire (QoL Compilation)","Permanent Neow","Prisma Mod","Quick Restart","Robot Space Explorer","Spicy Shops","StSLib","Td1madao Mod","The Administrix","The Bug Knight","The Immortal","WarShipGirlsR/’ΩΩ¢…Ÿ≈ÆR mod"],"gold_per_floor":[114,114,130,130,55,55,55],"floor_reached":6,"language":"ZHS","playtime":299,"items_purged":["rmod:strick"],"score":34,"play_id":"c57809cc-6bda-49e3-b1eb-ee4655a12e1a","local_time":"20210129231953","is_ascension_mode":false,"campfire_choices":[],"circlet_count":0,"master_deck":["rmod:strick","rmod:strick","rmod:strick","rmod:defend","rmod:defend","rmod:defend","rmod:defend","rmod:basicallowance","rmod:maingunfire","rmod:windflower","rmod:salvage"],"relics":["rmod:firstchargereward","jedi:shrinkray","Golden Idol"],"acts_visited":["Exordium"],"potions_floor_usage":[],"damage_taken":[{"damage":0,"enemies":"Cultist","floor":1,"turns":3},{"damage":0,"enemies":"2 Louse","floor":3,"turns":2},{"damage":0,"enemies":"3 Sentries","floor":6,"turns":2}],"seed_played":"-221305117948739680","potions_obtained":[{"floor":1,"key":"Energy Potion"}],"is_trial":false,"path_per_floor":["M","?","M","?","$","E"],"character_chosen":"PRAEFECT","items_purchased":[],"campfire_rested":0,"item_purchase_floors":[],"current_hp_per_floor":[54,36,36,18,18,18,18],"gold":55,"neow_bonus":"THREE_RARE_CARDS","is_daily":false,"chose_seed":false,"campfire_upgraded":0,"win_rate":0.0,"timestamp":1611933593,"path_taken":["M","?","M","?","$","E"],"items_purchased_type":[],"build_version":"2020-12-22","purchased_purges":1,"victory":false,"max_hp_per_floor":[75,75,75,75,75,75,75],"card_choices":[{"not_picked":["rmod:desperatesituation","rmod:expeditionaryescort"],"picked":"rmod:windflower","floor":0},{"not_picked":["rmod:lonelyqueen","rmod:aluminumsupply"],"picked":"rmod:salvage","floor":1},{"not_picked":["rmod:steelsupply","rmod:chargemoney","rmod:salvage"],"picked":"SKIP","floor":3}],"player_experience":323282,"relics_obtained":[],"event_choices":[{"damage_healed":0,"gold_gain":0,"player_choice":"Success","damage_taken":18,"relics_obtained":["jedi:shrinkray"],"max_hp_gain":0,"max_hp_loss":0,"event_name":"Scrap Ooze","floor":2,"gold_loss":0},{"damage_healed":0,"gold_gain":0,"player_choice":"Take Damage","damage_taken":18,"relics_obtained":["Golden Idol"],"max_hp_gain":0,"max_hp_loss":0,"event_name":"Golden Idol","floor":4,"gold_loss":0}],"is_beta":false,"boss_relics":[],"items_purged_floors":[5],"is_endless":false,"potions_floor_spawned":[1],"killed_by":"3 Sentries","ascension_level":0}}