{"host":"i1ue3w889ogl1u8b","time":1611929916,"event":{"mods":["Arknights The Spire","BaseMod","CapriCore","Downfall","Hermit","KinomotoSakuraMod(木之本樱)","Minty Spire (QoL Compilation)","Quick Restart","StSLib","The Construct","Yakumo Yukari mod","Yuyuko","【角色mod】十八桐人","篝火指南"],"gold_per_floor":[99,99,109,109,129,129,156,188,206,206,206,206,222,64,77,77,77,77],"floor_reached":16,"language":"ZHS","playtime":5309,"items_purged":["Slimebound:Defend_Slimebound"],"score":125,"play_id":"192846e0-04a4-458d-9f35-b998af932a40","local_time":"20210129221836","is_ascension_mode":false,"campfire_choices":[{"data":"Slimebound:CorrosiveSpit","floor":1.0,"key":"SMITH"},{"data":"Slimebound:Split","floor":6.0,"key":"SMITH"},{"data":"Slimebound:HauntingLick","floor":11.0,"key":"SMITH"}],"circlet_count":0,"master_deck":["Slimebound:Strike_Slimebound","Slimebound:Strike_Slimebound","Slimebound:Defend_Slimebound","Slimebound:Defend_Slimebound","Slimebound:Split+1","Slimebound:CorrosiveSpit+1","Slimebound:Prepare+1","Slimebound:LeechingTouch","Slimebound:Schlurp","Slimebound:HauntingLick+1","Slimebound:Nibble","Slimebound:LevelUp","Slimebound:ServeAndProtect"],"relics":["Slimebound:AbsorbEndCombat","Bag of Marbles","Bag of Preparation","construct:RocketBooster","Oddly Smooth Stone"],"acts_visited":["Exordium"],"potions_floor_usage":[],"damage_taken":[{"damage":0.0,"enemies":"Cultist","floor":3.0,"turns":3.0},{"damage":5.0,"enemies":"Small Slimes","floor":5.0,"turns":4.0},{"damage":0.0,"enemies":"Lagavulin","floor":8.0,"turns":6.0},{"damage":1.0,"enemies":"Jaw Worm","floor":9.0,"turns":2.0},{"damage":2.0,"enemies":"Exordium Wildlife","floor":13.0,"turns":3.0},{"damage":0.0,"enemies":"downfall:FleeingMerchant","floor":14.0,"turns":4.0},{"damage":0.0,"enemies":"2 Fungi Beasts","floor":15.0,"turns":2.0},{"damage":69,"enemies":"SI_SHIV_ARCHETYPE","floor":16,"turns":10}],"seed_played":"-3190347305894381836","potions_obtained":[{"floor":5.0,"key":"FearPotion"},{"floor":15.0,"key":"EssenceOfSteel"}],"is_trial":false,"path_per_floor":["R","?","M","?","M","R","T","E","M","?","R","?","M","$","M","B"],"character_chosen":"SLIMEBOUND","items_purchased":["Slimebound:ServeAndProtect"],"campfire_rested":0,"item_purchase_floors":[14],"current_hp_per_floor":[65,65,65,65,60,60,60,65,65,58,58,58,64,65,65,0,0,0],"gold":77,"neow_bonus":"RANDOM_COMMON_RELIC","is_daily":false,"chose_seed":false,"campfire_upgraded":3,"win_rate":0.0,"timestamp":1611929916,"path_taken":["R","?","?","?","M","R","T","E","M","?","R","?","M","$","M","BOSS"],"items_purchased_type":["Card"],"build_version":"2020-12-22","purchased_purges":1,"victory":false,"max_hp_per_floor":[65,65,65,65,65,65,65,65,65,65,65,65,65,65,65,65,65,65],"card_choices":[{"not_picked":["Slimebound:DisruptingSlam","Slimebound:SplitMire"],"picked":"Slimebound:LeechingTouch","floor":3.0},{"not_picked":["Slimebound:SplitMire","Slimebound:SplitBruiser"],"picked":"Slimebound:Schlurp","floor":5.0},{"not_picked":["Slimebound:Equalize","Slimebound:FormOfPuddle"],"picked":"Slimebound:HauntingLick","floor":8.0},{"not_picked":["Slimebound:TongueLash","Slimebound:FinishingTackle"],"picked":"Slimebound:Nibble","floor":9.0},{"not_picked":["Slimebound:Prepare","Slimebound:HauntingLick","Slimebound:SlimeBrawl"],"picked":"SKIP","floor":13.0},{"not_picked":["Slimebound:LeechLife","Slimebound:LivingWall"],"picked":"Slimebound:LevelUp","floor":14.0},{"not_picked":["Slimebound:GoopTackle","Slimebound:RollThrough","Slimebound:SplitLeeching"],"picked":"SKIP","floor":15.0}],"player_experience":334845,"relics_obtained":[{"floor":7.0,"key":"Bag of Preparation"},{"floor":8.0,"key":"construct:RocketBooster"}],"event_choices":[{"damage_healed":0.0,"max_hp_gain":0.0,"max_hp_loss":0.0,"gold_gain":0.0,"event_name":"Scrap Ooze","player_choice":"Success","floor":10.0,"gold_loss":0.0,"damage_taken":7.0,"relics_obtained":["Oddly Smooth Stone"]}],"is_beta":false,"boss_relics":[],"items_purged_floors":[14],"is_endless":false,"potions_floor_spawned":[5,15],"killed_by":"SI_SHIV_ARCHETYPE","ascension_level":0}}