{"host":"6bsan6hkua32tfq7","time":1611894938,"event":{"mods":["BaseMod","Better Third Choice","Colored Map","Highlight Path","Minty Spire (QoL Compilation)","StSLib"],"gold_per_floor":[109,109,109,123,7,34,34,34,34,34,51,65,65,100,100,100,100],"floor_reached":16,"language":"ENG","playtime":367,"items_purged":["Defend_R"],"score":216,"play_id":"4545d3b6-8bce-4873-8122-bc65a7cc1551","local_time":"20210129053538","is_ascension_mode":true,"campfire_choices":[{"data":"Armaments","floor":7,"key":"SMITH"},{"data":"Blood for Blood","floor":10,"key":"SMITH"},{"floor":13,"key":"REST"},{"data":"Disarm","floor":15,"key":"SMITH"}],"circlet_count":0,"master_deck":["AscendersBane","Strike_R","Strike_R","Strike_R","Strike_R+1","Defend_R","Defend_R","Defend_R","Bash+1","Thunderclap","Blood for Blood+1","Metallicize","Armaments+1","Barricade","Disarm+1"],"relics":["Burning Blood","Bag of Marbles","Boot","Self Forming Clay","StrikeDummy"],"acts_visited":["Exordium"],"potions_floor_usage":[6,16],"damage_taken":[{"damage":4,"enemies":"2 Louse","floor":1,"turns":4},{"damage":7,"enemies":"Jaw Worm","floor":4,"turns":3},{"damage":26,"enemies":"Gremlin Nob","floor":6,"turns":4},{"damage":2,"enemies":"Small Slimes","floor":11,"turns":4},{"damage":10,"enemies":"Blue Slaver","floor":12,"turns":3},{"damage":14,"enemies":"3 Sentries","floor":14,"turns":7},{"damage":48,"enemies":"Hexaghost","floor":16,"turns":18}],"seed_played":"5540016468994828920","potions_obtained":[{"floor":1,"key":"AttackPotion"},{"floor":6,"key":"Weak Potion"}],"is_trial":false,"path_per_floor":["M","?","?","M","$","E","R","?","T","R","M","M","R","E","R","B"],"character_chosen":"IRONCLAD","items_purchased":["Metallicize"],"campfire_rested":1,"item_purchase_floors":[5],"current_hp_per_floor":[70,75,51,50,50,30,30,30,30,30,34,30,54,46,46,0,0],"gold":100,"neow_bonus":"RANDOM_COMMON_RELIC","is_daily":false,"chose_seed":false,"campfire_upgraded":3,"win_rate":0.0,"timestamp":1611894938,"path_taken":["M","?","?","M","?","E","R","?","T","R","?","M","R","E","R","BOSS"],"items_purchased_type":["Card"],"build_version":"2020-12-22","purchased_purges":1,"victory":false,"max_hp_per_floor":[75,80,80,80,80,80,80,80,80,80,80,80,80,80,80,80,80],"card_choices":[{"not_picked":["Entrench","Flex"],"picked":"Thunderclap","floor":1},{"not_picked":["Flex","Body Slam"],"picked":"Blood for Blood","floor":4},{"not_picked":["Heavy Blade","Armaments","Twin Strike"],"picked":"SKIP","floor":6},{"not_picked":["Heavy Blade","Twin Strike"],"picked":"Armaments","floor":6},{"not_picked":["True Grit","Armaments"],"picked":"Barricade","floor":11},{"not_picked":["Wild Strike","Seeing Red","Body Slam"],"picked":"SKIP","floor":12},{"not_picked":["Armaments","Reckless Charge"],"picked":"Disarm","floor":14}],"player_experience":5349098,"relics_obtained":[{"floor":6,"key":"Boot"},{"floor":9,"key":"Self Forming Clay"},{"floor":14,"key":"StrikeDummy"}],"event_choices":[{"damage_healed":0,"gold_gain":0,"player_choice":"Donut","damage_taken":0,"max_hp_gain":5,"max_hp_loss":0,"event_name":"Big Fish","floor":2,"gold_loss":0},{"damage_healed":75,"gold_gain":0,"player_choice":"Upgrade","damage_taken":24,"max_hp_gain":0,"max_hp_loss":80,"event_name":"betterThird:BetterShining","floor":3,"gold_loss":0,"cards_upgraded":["Strike_R","Bash"]},{"cards_removed":["Strike_R"],"damage_healed":0,"gold_gain":0,"player_choice":"Forget","damage_taken":0,"max_hp_gain":0,"max_hp_loss":0,"event_name":"Living Wall","floor":8,"gold_loss":0}],"is_beta":false,"boss_relics":[],"items_purged_floors":[5],"is_endless":false,"potions_floor_spawned":[1,6],"killed_by":"Hexaghost","ascension_level":20}}