{"host":"hqsnl0mtmp1qafm7","time":1611909862,"event":{"mods":["AchievementEnabler","Aspiration","BaseMod","Better Altar","Better Match","Better Note","Better Sensory Stone","Better Skull","Better Third Choice","Colored Map","Colored Powertips","Conspire","Curses Come First","Downfall","Friendly Minions","Hermit","Highlight Path","Hubris","Humility","Ironclad Rager","Minty Spire (QoL Compilation)","Monster B Gone","Permanent Neow","Quick Restart","RRrroohrrRGHHhhh!!","Rare Cards Sparkle","Reliquary","Replay The Spire","Retaliation","StSLib","The Blue Laboratory","The Runesmith","Wandering Minibosses","egg"],"gold_per_floor":[15,15,15,15,26,26,26],"floor_reached":6,"language":"ENG","playtime":441,"items_purged":[],"score":36,"play_id":"c713044d-52ae-4436-a52e-43546a41e8e8","local_time":"20210129034422","is_ascension_mode":true,"campfire_choices":[],"circlet_count":0,"master_deck":["Survivor","Neutralize","ReplayTheSpireMod:Splinters","Poisoned Stab","Poisoned Stab","Poisoned Stab","Poisoned Stab","Poisoned Stab","Dodge and Roll","Dodge and Roll","Dodge and Roll","Dodge and Roll","Dodge and Roll","Caltrops","ReplayTheSpireMod:Scrap Shanks"],"relics":["Ring of the Snake","hubris:Towel"],"acts_visited":["Exordium"],"potions_floor_usage":[],"damage_taken":[{"damage":0,"enemies":"2 Louse","floor":1,"turns":3},{"damage":0,"enemies":"conspire:RoseBush","floor":5,"turns":3},{"damage":50,"enemies":"3 Sentries","floor":6,"turns":15}],"seed_played":"-6656987133303587127","potions_obtained":[],"is_trial":false,"path_per_floor":["M","?","?","$","M","E"],"character_chosen":"THE_SILENT","items_purchased":[],"campfire_rested":0,"item_purchase_floors":[],"current_hp_per_floor":[45,50,50,50,50,0,0],"gold":26,"neow_bonus":"SILENT_ASSASSIN","is_daily":false,"chose_seed":false,"campfire_upgraded":0,"win_rate":0.0,"timestamp":1611909862,"path_taken":["M","?","?","$","M","E"],"items_purchased_type":[],"build_version":"2020-12-22","purchased_purges":0,"victory":false,"max_hp_per_floor":[63,68,68,68,68,68,68],"card_choices":[{"not_picked":["hubris:Sniper","Sucker Punch"],"picked":"Caltrops","floor":1},{"not_picked":["ReplayTheSpireMod:The Works","Dagger Spray"],"picked":"ReplayTheSpireMod:Scrap Shanks","floor":5}],"player_experience":99936,"relics_obtained":[],"event_choices":[{"damage_healed":0,"gold_gain":0,"player_choice":"Donut","damage_taken":0,"max_hp_gain":5,"max_hp_loss":0,"event_name":"Big Fish","floor":2,"gold_loss":0}],"is_beta":false,"boss_relics":[],"items_purged_floors":[],"is_endless":false,"potions_floor_spawned":[],"killed_by":"3 Sentries","ascension_level":1,"is_humility":true}}