{"host":"2wp95sdfrgw3k439","time":1611956767,"event":{"mods":["BaseMod","Better Altar","Better Skull","Better Third Choice","Curses Come First","Minty Spire (QoL Compilation)","Permanent Neow","StSLib"],"gold_per_floor":[18,18,38,52,67,100,120,120,120,155,169,169,181,213,213,316,316,333,333,6,22,22,22,22],"floor_reached":23,"language":"ENG","playtime":897,"items_purged":[],"score":298,"play_id":"86b091ba-bc61-41a2-878c-72492f5015cd","local_time":"20210129144607","is_ascension_mode":true,"campfire_choices":[{"floor":8,"key":"REST"},{"floor":12,"key":"REST"},{"data":"White Noise","floor":15,"key":"SMITH"}],"circlet_count":0,"master_deck":["Strike_B","Strike_B","Strike_B","Strike_B","Defend_B","Defend_B","Defend_B","Defend_B","Zap","Dualcast","Electrodynamics","Lockon","Decay","BootSequence","Glacier","Self Repair","Self Repair","Undo","Beam Cell","Chaos","Multi-Cast","White Noise+1","Seek","Recycle+1","Apotheosis"],"relics":["Cracked Core","Akabeko","Bottled Tornado","HornCleat","StoneCalendar","Cursed Key","betterThird:NestCultRelic","DataDisk"],"acts_visited":["Exordium","TheCity"],"potions_floor_usage":[5,7,10,14,23],"damage_taken":[{"damage":0,"enemies":"2 Louse","floor":1,"turns":2},{"damage":1,"enemies":"Cultist","floor":3,"turns":3},{"damage":2,"enemies":"Small Slimes","floor":4,"turns":3},{"damage":1,"enemies":"Looter","floor":5,"turns":2},{"damage":46,"enemies":"Lagavulin","floor":6,"turns":6},{"damage":0,"enemies":"Blue Slaver","floor":7,"turns":2},{"damage":14,"enemies":"Gremlin Nob","floor":10,"turns":4},{"damage":0,"enemies":"Gremlin Gang","floor":11,"turns":1},{"damage":1,"enemies":"Looter","floor":13,"turns":2},{"damage":41,"enemies":"Lagavulin","floor":14,"turns":8},{"damage":8,"enemies":"Slime Boss","floor":16,"turns":7},{"damage":18,"enemies":"Shell Parasite","floor":18,"turns":5},{"damage":24,"enemies":"Spheric Guardian","floor":21,"turns":4},{"damage":52,"enemies":"Gremlin Leader","floor":23,"turns":6}],"seed_played":"-2734619060154491041","potions_obtained":[{"floor":3,"key":"Fire Potion"},{"floor":5,"key":"SteroidPotion"},{"floor":7,"key":"SkillPotion"},{"floor":11,"key":"ColorlessPotion"},{"floor":13,"key":"LiquidBronze"}],"is_trial":false,"path_per_floor":["M","?","M","M","M","E","M","R","T","E","M","R","M","E","R","B",null,"M","?","$","M","?","E"],"character_chosen":"DEFECT","items_purchased":["DataDisk","Apotheosis"],"campfire_rested":2,"item_purchase_floors":[20,20],"current_hp_per_floor":[68,68,67,65,64,25,32,54,54,47,47,69,75,48,48,47,68,64,64,64,50,50,0,0],"gold":22,"neow_bonus":"THREE_RARE_CARDS","is_daily":false,"chose_seed":false,"campfire_upgraded":1,"win_rate":0.0,"timestamp":1611956767,"path_taken":["M","?","M","M","M","E","?","R","T","E","M","R","M","E","R","BOSS","M","?","$","M","?","E"],"items_purchased_type":["Relic","Card"],"build_version":"2020-12-22","purchased_purges":0,"victory":false,"max_hp_per_floor":[75,75,75,75,75,75,75,75,75,75,75,75,75,75,75,75,75,75,75,75,75,75,75,75],"card_choices":[{"not_picked":["Meteor Strike","Machine Learning"],"picked":"Electrodynamics","floor":0},{"not_picked":["Ball Lightning","Coolheaded"],"picked":"Lockon","floor":1},{"not_picked":["Streamline","Darkness"],"picked":"BootSequence","floor":3},{"not_picked":["Reprogram","Barrage"],"picked":"Glacier","floor":4},{"not_picked":["Go for the Eyes","Hologram"],"picked":"Self Repair","floor":5},{"not_picked":["Sweeping Beam","Double Energy"],"picked":"Self Repair","floor":6},{"not_picked":["Doom and Gloom","Steam"],"picked":"Undo","floor":7},{"not_picked":["Glacier","Hologram"],"picked":"Beam Cell","floor":10},{"not_picked":["Chill","Blizzard"],"picked":"Chaos","floor":11},{"not_picked":["Sweeping Beam","Beam Cell"],"picked":"Multi-Cast","floor":13},{"not_picked":["Turbo","Sweeping Beam"],"picked":"White Noise","floor":14},{"not_picked":["Multi-Cast","Buffer"],"picked":"Seek","floor":16},{"not_picked":["Streamline","FTL"],"picked":"Recycle+1","floor":18},{"not_picked":["Ball Lightning","Hologram","Gash"],"picked":"SKIP","floor":21}],"player_experience":500631,"relics_obtained":[{"floor":6,"key":"Akabeko"},{"floor":9,"key":"Bottled Tornado"},{"floor":10,"key":"HornCleat"},{"floor":14,"key":"StoneCalendar"}],"event_choices":[{"damage_healed":0,"gold_gain":0,"player_choice":"Cursed","damage_taken":0,"max_hp_gain":0,"max_hp_loss":0,"event_name":"Wheel of Change","floor":2,"gold_loss":0,"cards_obtained":["Decay"]},{"damage_healed":0,"gold_gain":0,"player_choice":"Madness","damage_taken":0,"relics_obtained":["betterThird:NestCultRelic"],"max_hp_gain":0,"max_hp_loss":0,"event_name":"betterThird:BetterNest","floor":19,"gold_loss":0},{"damage_healed":0,"gold_gain":0,"player_choice":"Ignored","damage_taken":0,"max_hp_gain":0,"max_hp_loss":0,"event_name":"Vampires","floor":22,"gold_loss":0}],"is_beta":false,"boss_relics":[{"not_picked":["Calling Bell","SacredBark"],"picked":"Cursed Key"}],"items_purged_floors":[],"is_endless":false,"potions_floor_spawned":[3,5,7,11,13],"killed_by":"Gremlin Leader","ascension_level":8}}