{"host":"utcbn1j9ebmpc40m","time":1611950788,"event":{"mods":["BaseMod","Minty Spire (QoL Compilation)","Poor People Problems","StSLib","SuperFastMode"],"gold_per_floor":[115,133,148,166,240,271,271,303,375,375,385,385,385,47,47,151,151,137,152,0,0,0,0,13,13,36,36,36,36,36],"floor_reached":29,"language":"ENG","playtime":612,"items_purged":["Pain"],"score":268,"play_id":"7d07537a-d42e-47fc-bc37-415c9e1a380b","local_time":"20210129150628","is_ascension_mode":true,"campfire_choices":[{"floor":7,"key":"REST"},{"data":"Armaments","floor":10,"key":"SMITH"},{"floor":12,"key":"REST"},{"floor":15,"key":"REST"},{"floor":23,"key":"REST"},{"floor":27,"key":"REST"}],"circlet_count":0,"master_deck":["Defend_R","Defend_R","Defend_R","Bash","Cleave","Heavy Blade","Disarm","Rage","Armaments+1","Exhume","Clash+1","Corruption","Ghostly Armor+1","Hemokinesis+1","Shame","Iron Wave+1","Bite+1","Bite+1","Bite+1","Bite+1","Bite+1"],"relics":["Burning Blood","NeowsBlessing","Bottled Flame","Lizard Tail","Molten Egg 2","WarpedTongs","Shuriken","Empty Cage","Toy Ornithopter","Orichalcum"],"acts_visited":["Exordium","TheCity"],"potions_floor_usage":[16,29,29,29],"damage_taken":[{"damage":0,"enemies":"Cultist","floor":1,"turns":1},{"damage":0,"enemies":"2 Louse","floor":2,"turns":1},{"damage":0,"enemies":"Jaw Worm","floor":3,"turns":1},{"damage":9,"enemies":"Blue Slaver","floor":4,"turns":5},{"damage":41,"enemies":"Gremlin Nob","floor":6,"turns":6},{"damage":30,"enemies":"3 Sentries","floor":8,"turns":10},{"damage":9,"enemies":"Looter","floor":11,"turns":4},{"damage":51,"enemies":"Hexaghost","floor":16,"turns":13},{"damage":12,"enemies":"2 Thieves","floor":18,"turns":4},{"damage":34,"enemies":"3 Byrds","floor":19,"turns":6},{"damage":61,"enemies":"Shelled Parasite and Fungi","floor":24,"turns":9},{"damage":122,"enemies":"Gremlin Leader","floor":29,"turns":10}],"seed_played":"-1524902252597531634","potions_obtained":[{"floor":3,"key":"SpeedPotion"},{"floor":8,"key":"FearPotion"},{"floor":18,"key":"Energy Potion"},{"floor":19,"key":"Block Potion"}],"is_trial":false,"path_per_floor":["M","M","M","M","?","E","R","E","T","R","M","R","?","$","R","B",null,"M","M","?","$","?","R","M","$","T","R","?","E"],"character_chosen":"IRONCLAD","items_purchased":["Shuriken","Clash+1"],"campfire_rested":5,"item_purchase_floors":[14,14],"current_hp_per_floor":[80,80,80,77,77,42,66,42,42,42,39,63,63,63,80,35,80,74,46,46,46,46,70,15,15,15,39,39,0,0],"gold":36,"neow_bonus":"THREE_ENEMY_KILL","is_daily":false,"chose_seed":false,"campfire_upgraded":1,"win_rate":0.0,"timestamp":1611950788,"path_taken":["M","?","M","M","?","E","R","E","T","R","M","R","?","$","R","BOSS","M","?","?","$","?","R","M","?","T","R","?","E"],"items_purchased_type":["Relic","Card"],"build_version":"2020-12-22","purchased_purges":1,"victory":false,"max_hp_per_floor":[80,80,80,80,80,80,80,80,80,80,80,80,80,80,80,80,80,80,80,80,80,80,80,80,80,80,80,56,56,56],"card_choices":[{"not_picked":["Warcry","Sword Boomerang"],"picked":"Cleave","floor":1},{"not_picked":["Clash","Intimidate"],"picked":"Heavy Blade","floor":2},{"not_picked":["Anger","Entrench"],"picked":"Disarm","floor":3},{"not_picked":["Second Wind","Searing Blow"],"picked":"Sever Soul","floor":4},{"not_picked":["Power Through","Shrug It Off"],"picked":"Rage","floor":6},{"not_picked":["Sever Soul","Twin Strike"],"picked":"Armaments","floor":8},{"not_picked":["Sentinel","Havoc"],"picked":"Exhume","floor":11},{"not_picked":["Impervious","Reaper+1"],"picked":"Corruption","floor":16},{"not_picked":["Sentinel","Pommel Strike+1"],"picked":"Ghostly Armor+1","floor":18},{"not_picked":["Armaments+1","Clash+1"],"picked":"Hemokinesis+1","floor":19},{"not_picked":["Cleave+1","Anger+1"],"picked":"Iron Wave+1","floor":24}],"player_experience":506501,"relics_obtained":[{"floor":6,"key":"Bottled Flame"},{"floor":8,"key":"Lizard Tail"},{"floor":9,"key":"Molten Egg 2"},{"floor":26,"key":"Orichalcum"}],"event_choices":[{"damage_healed":0,"gold_gain":74,"player_choice":"Gained Gold","damage_taken":0,"max_hp_gain":0,"max_hp_loss":0,"event_name":"Golden Wing","floor":5,"gold_loss":0},{"damage_healed":0,"gold_gain":0,"player_choice":"Rummage","damage_taken":0,"relics_obtained":["WarpedTongs"],"max_hp_gain":0,"max_hp_loss":0,"event_name":"Accursed Blacksmith","floor":13,"gold_loss":0,"cards_obtained":["Pain"]},{"damage_healed":0,"gold_gain":0,"player_choice":"Paid Fearfully","damage_taken":0,"max_hp_gain":0,"max_hp_loss":0,"event_name":"Masked Bandits","floor":20,"gold_loss":152},{"damage_healed":0,"gold_gain":0,"player_choice":"Stole Relic","damage_taken":0,"relics_obtained":["Toy Ornithopter"],"max_hp_gain":0,"max_hp_loss":0,"event_name":"Addict","floor":22,"gold_loss":0,"cards_obtained":["Shame"]},{"damage_healed":0,"gold_gain":0,"player_choice":"Became a vampire","damage_taken":0,"max_hp_gain":0,"max_hp_loss":24,"event_name":"Vampires","floor":28,"gold_loss":0,"cards_obtained":["Bite","Bite","Bite","Bite","Bite"]}],"is_beta":false,"boss_relics":[{"not_picked":["Tiny House","SacredBark"],"picked":"Empty Cage"}],"items_purged_floors":[14],"is_endless":false,"potions_floor_spawned":[3,8,18,19],"killed_by":"Gremlin Leader","ascension_level":1}}