{"host":"hl3ams4am2ku5u4p","time":1611935495,"event":{"mods":["AchievementEnabler","Act Like it!","Aspiration","BaseMod","Beaked The Cultist","BetterRewards","CatGirl Mod","Colored Map","Colored Powertips","Conspire","Downfall","Energized Spire","Halation","Hallownest","HornydragonMod","Hubris","Infinite Spire","Mad Scientist","Magitek Elite","Minty Spire (QoL Compilation)","READ ME - Guardian Mod","Replay The Spire","Spikes Relics","StSLib","SuperFastMode","The Blackbeard","The Bug Knight","The Construct","The Disciple","The Jungle","The Mystic","The Necromancer","The Senshi"],"gold_per_floor":[109,133,146,75,145,145,145,164,164,164,180,180,200,211,211,309,309,328,328,340,362,387,399,421,433,471,483,140,159,176,225,225,225,225],"floor_reached":33,"language":"FRA","playtime":1147,"items_purged":["Strike_B"],"score":375,"play_id":"a5043871-dc96-450e-82d6-96fff7b181f1","local_time":"20210129165135","is_ascension_mode":true,"campfire_choices":[{"data":"Chaos","floor":6,"key":"SMITH"},{"data":"Redo","floor":10,"key":"SMITH"},{"data":"ReplayTheSpireMod:Dual Polarity","floor":12,"key":"SMITH"},{"floor":15,"key":"REST"},{"floor":23,"key":"REST"},{"floor":25,"key":"REST"},{"floor":32,"key":"REST"}],"circlet_count":0,"master_deck":["Strike_B","Strike_B","Strike_B","Defend_B+1","Defend_B","Defend_B","Defend_B+1","Zap+1","Dualcast","ReplayTheSpireMod:Dual Polarity+1","ReplayTheSpireMod:Dual Polarity+1","Doom and Gloom","Chaos+1","Redo+1","Seek","BootSequence+1","infinitespire:Fortify","Buffer","Conserve Battery"],"relics":["Cracked Core","War Paint","Blue Candle","conspire:BottledYoYo","construct:ClawGrip","MawBank","Simple Rune","Bag of Preparation","hubris:Towel","Membership Card","Gremlin Horn"],"acts_visited":["Exordium","Hallownest:Greenpath"],"potions_floor_usage":[1,16,16,18,22,33,33],"damage_taken":[{"damage":0,"enemies":"Hallownest:2_Tiktiks_and_1_Crawlid","floor":1,"turns":1},{"damage":0,"enemies":"Hallownest:monsterHuskWarrior","floor":3,"turns":3},{"damage":7,"enemies":"Hallownest:monsterHuskGuard","floor":8,"turns":2},{"damage":12,"enemies":"Hallownest:monsterFoolEater","floor":11,"turns":2},{"damage":5,"enemies":"Hallownest:2_Tiktiks_1_Baldur_1_Crawlid","floor":13,"turns":2},{"damage":0,"enemies":"Hallownest:monsterMossCharger","floor":14,"turns":2},{"damage":33,"enemies":"Hallownest:BossHornet","floor":16,"turns":8},{"damage":33,"enemies":"Hallownest:3_Youths","floor":18,"turns":4},{"damage":16,"enemies":"Hallownest:Guard_and_Sentry","floor":21,"turns":4},{"damage":24,"enemies":"Hallownest:3_Mistakes","floor":22,"turns":7},{"damage":4,"enemies":"Hallownest:2_Husk_Sentries","floor":24,"turns":4},{"damage":1,"enemies":"Hallownest:Master_and_Novice","floor":29,"turns":4},{"damage":12,"enemies":"Hallownest:2_Flukemon","floor":30,"turns":6},{"damage":13,"enemies":"Hallownest:Glutton_and_Coward","floor":31,"turns":4},{"damage":55,"enemies":"Hallownest:BossMantisLord","floor":33,"turns":11}],"seed_played":"-8080868421271515535","potions_obtained":[{"floor":1,"key":"AttackPotion"},{"floor":11,"key":"Slimebound:ThreeZeroPotion"},{"floor":14,"key":"Weak Potion"},{"floor":16,"key":"construct:ShiftPotion"},{"floor":21,"key":"LifebloodPotion"},{"floor":24,"key":"EssenceOfSteel"},{"floor":31,"key":"infinitespire:BlackPotion"}],"is_trial":false,"path_per_floor":["M","T","M","$","?","R","?","M","T","R","M","R","M","M","R","B",null,"M","AVR","?","M","M","R","M","R","T","?","$","M","M","M","R","B"],"character_chosen":"DEFECT","items_purchased":["ReplayTheSpireMod:Dual Polarity","Explosive Potion","Chaos","Membership Card","Buffer","Gremlin Horn"],"campfire_rested":4,"item_purchase_floors":[0,0,4,28,28,28],"current_hp_per_floor":[75,75,75,75,75,75,70,63,63,63,51,51,46,46,68,35,75,42,42,42,26,2,24,20,42,42,42,42,41,29,16,38,0,0],"gold":225,"neow_bonus":"","is_daily":false,"chose_seed":false,"campfire_upgraded":3,"win_rate":0.0,"timestamp":1611935495,"path_taken":["M","?","M","$","?","R","?","M","T","R","M","R","M","?","R","BOSS","M","AVR","?","M","M","R","M","R","T","?","?","?","M","?","R","BOSS"],"items_purchased_type":["Card","Potion","Card","Relic","Card","Relic"],"build_version":"2020-12-22","purchased_purges":1,"victory":false,"max_hp_per_floor":[75,75,75,75,75,75,75,75,75,75,75,75,75,75,75,75,75,75,75,75,75,75,75,75,75,75,75,75,75,75,75,75,75,75],"card_choices":[{"not_picked":["Hologram","Storm"],"picked":"ReplayTheSpireMod:Dual Polarity","floor":1},{"not_picked":["Hologram","hubris:Ukulele"],"picked":"Doom and Gloom","floor":3},{"not_picked":["Streamline","Leap"],"picked":"Redo","floor":8},{"not_picked":["RefreshScreen","Turbo","Cold Snap"],"picked":"SKIP","floor":11},{"not_picked":["Heatsinks","BasicCrystalCard","Go for the Eyes"],"picked":"SKIP","floor":13},{"not_picked":["Chaos","Go for the Eyes","Sweeping Beam"],"picked":"SKIP","floor":14},{"not_picked":["Reboot","ReplayTheSpireMod:Omega Cannon"],"picked":"Seek","floor":16},{"not_picked":["DiskWipe","Turbo"],"picked":"BootSequence+1","floor":18},{"not_picked":["Hologram","Steam","Force Field"],"picked":"SKIP","floor":21},{"not_picked":["Panic Button+1","BootSequence","conspire:SharedLibrary"],"picked":"SKIP","floor":22},{"not_picked":["Turbo","Rebound","Redo+1"],"picked":"SKIP","floor":24},{"not_picked":["Beam Cell","Gash+1"],"picked":"Conserve Battery","floor":29},{"not_picked":["Beam Cell","ReplaySort","ReplaySolidLightProjector"],"picked":"SKIP","floor":30},{"not_picked":["Chaos","Cold Snap","Rebound"],"picked":"SKIP","floor":31}],"player_experience":42168,"relics_obtained":[{"floor":2,"key":"War Paint"},{"floor":9,"key":"conspire:BottledYoYo"},{"floor":26,"key":"Bag of Preparation"}],"event_choices":[],"is_beta":false,"boss_relics":[{"not_picked":["Nuclear Battery","aspiration:SecretTechniqueScroll"],"picked":"construct:ClawGrip"}],"items_purged_floors":[19],"is_endless":false,"potions_floor_spawned":[1,11,14,16,18,21,24,31],"killed_by":"Hallownest:BossMantisLord","ascension_level":2}}