{"host":"t179ovrkr5k1gnfh","time":1611948275,"event":{"mods":["AchievementEnabler","BaseMod","BetterRewards","Colored Map","Downfall","Minty Spire (QoL Compilation)","StSLib"],"gold_per_floor":[99,117,117,117,67,67,145,245,145,178,194,36,36,61,81,181,181,81,97,97,156,210,110,181,256,306,357,357,411,470,488,502,642,642,642,698,751,319,319,319,319,379,472,472,495,490,490,503,519,519,519,585,29,29,29,29,29,29],"floor_reached":56,"language":"ENG","playtime":6653,"items_purged":["bronze:Defend","bronze:CloningBeam+1","bronze:ClassDefault"],"score":777,"play_id":"3e8c4fae-a632-442a-8f2a-f3756a07dc95","local_time":"20210129202435","is_ascension_mode":false,"campfire_choices":[{"floor":1,"key":"RECALL"},{"floor":9,"key":"REST"},{"data":"bronze:Optimize","floor":13,"key":"SMITH"},{"data":"bronze:Goto","floor":18,"key":"SMITH"},{"data":"bronze:HardenedForm","floor":23,"key":"SMITH"},{"data":"bronze:Overheat","floor":28,"key":"SMITH"},{"data":"bronze:Verify","floor":35,"key":"SMITH"},{"data":"bronze:ForLoop","floor":40,"key":"SMITH"},{"data":"bronze:Shell","floor":47,"key":"SMITH"},{"data":"bronze:Mutator","floor":54,"key":"SMITH"}],"circlet_count":0,"master_deck":["bronze:Strike","bronze:Strike","bronze:Defend","bronze:Defend","bronze:Replicate","bronze:Goto+1","bronze:Optimize+1","bronze:Repair","bronze:Spike","bronze:DazingPulse","bronze:Return+1","bronze:Overheat+1","bronze:HardenedForm+1","bronze:Branch","bronze:FineTuning","bronze:Verify+1","bronze:Return+1","bronze:ForLoop+1","bronze:ForceShield+1","bronze:Philosophize","bronze:Shell+1","expansioncontent:AwakenDeath","bronze:Mutator+1","bronze:FollowUp+1"],"relics":["bronze:BronzeCore","downfall:ShatteredFragment","Kunai","downfall:HeartBlessingRed","HornCleat","Chemical X","Bottled Flame","Coffee Dripper","downfall:HeartBlessingGreen","downfall:KnowingSkull","downfall:HeartBlessingBlue","Question Card","Bag of Marbles","Busted Crown","Unceasing Top","Smiling Mask","Guardian:GemstoneGun","Orichalcum","HandDrill","Oddly Smooth Stone","Happy Flower","FossilizedHelix"],"acts_visited":["Exordium","TheCity","TheBeyond","TheEnding"],"potions_floor_usage":[8,16,21,25,25,25,33,33,38,43,43,46,50,50,50,55,55,56,56],"damage_taken":[{"damage":2,"enemies":"Cultist","floor":2,"turns":5},{"damage":0,"enemies":"downfall:FleeingMerchant","floor":5,"turns":4},{"damage":43,"enemies":"downfall:FleeingMerchant","floor":6,"turns":8},{"damage":12,"enemies":"downfall:Heads","floor":8,"turns":6},{"damage":0,"enemies":"Lagavulin","floor":10,"turns":5},{"damage":0,"enemies":"Small Slimes","floor":11,"turns":3},{"damage":0,"enemies":"downfall:FleeingMerchant","floor":12,"turns":4},{"damage":0,"enemies":"Gremlin Nob","floor":14,"turns":3},{"damage":6,"enemies":"Jaw Worm","floor":15,"turns":2},{"damage":1,"enemies":"SI_SHIV_ARCHETYPE","floor":16,"turns":5},{"damage":10,"enemies":"Chosen","floor":19,"turns":4},{"damage":3,"enemies":"Shell Parasite","floor":21,"turns":3},{"damage":3,"enemies":"Gremlin Leader","floor":25,"turns":4},{"damage":3,"enemies":"Snecko","floor":26,"turns":4},{"damage":3,"enemies":"Snake Plant","floor":27,"turns":3},{"damage":3,"enemies":"Centurion and Healer","floor":29,"turns":5},{"damage":6,"enemies":"3 Cultists","floor":30,"turns":5},{"damage":14,"enemies":"Cultist and Chosen","floor":31,"turns":6},{"damage":5,"enemies":"Centurion and Healer","floor":32,"turns":4},{"damage":12,"enemies":"DF_ARCHETYPE_CLAW","floor":33,"turns":6},{"damage":3,"enemies":"3 Shapes","floor":36,"turns":2},{"damage":18,"enemies":"Orb Walker","floor":37,"turns":3},{"damage":5,"enemies":"downfall:FleeingMerchant","floor":38,"turns":4},{"damage":19,"enemies":"Writhing Mass","floor":42,"turns":5},{"damage":30,"enemies":"2 Orb Walkers","floor":43,"turns":4},{"damage":3,"enemies":"downfall:FleeingMerchant","floor":46,"turns":3},{"damage":5,"enemies":"Spire Growth","floor":48,"turns":4},{"damage":18,"enemies":"Jaw Worm Horde","floor":49,"turns":4},{"damage":23,"enemies":"WA_ARCHETYPE_DIVINITY","floor":50,"turns":9},{"damage":22,"enemies":"downfall:CharBossMerchant","floor":52,"turns":6},{"damage":43,"enemies":"downfall:NeowBoss","floor":55,"turns":12},{"damage":106,"enemies":"downfall:NeowBossFinal","floor":56,"turns":6}],"seed_played":"-5180033942622484126","potions_obtained":[{"floor":6,"key":"ColorlessPotion"},{"floor":10,"key":"sneckomod:MuddlingPotion"},{"floor":14,"key":"EssenceOfSteel"},{"floor":15,"key":"Regen Potion"},{"floor":16,"key":"bronze:FreeFunctionsPotion"},{"floor":19,"key":"Strength Potion"},{"floor":21,"key":"Guardian:BlockOnCardUsePotion"},{"floor":26,"key":"SteroidPotion"},{"floor":32,"key":"CultistPotion"},{"floor":37,"key":"LiquidBronze"},{"floor":43,"key":"bronze:BuildAFunctionPotion"},{"floor":49,"key":"PowerPotion"}],"is_trial":false,"path_per_floor":["R","M","?","?","$","?","T","?","R","E","M","$","R","E","M","B",null,"R","M","?","M","T","R","T","E","M","M","R","M","M","M","M","B",null,"R","M","M","$","?","R","T","M","?","?","T","$","R","M","M","B",null,"E","$","R","B","B"],"character_chosen":"THE_AUTOMATON","items_purchased":["bronze:Repair","Chemical X","bronze:Shell","Unceasing Top","HandDrill","bronze:Mutator","Strength Potion","Happy Flower","FossilizedHelix","ColorlessPotion"],"campfire_rested":1,"item_purchase_floors":[5,12,38,38,46,46,46,53,53,53],"current_hp_per_floor":[77,75,75,54,54,21,21,9,32,42,52,66,66,73,67,77,77,77,77,70,74,74,84,84,87,87,87,87,87,84,77,87,87,87,87,87,87,87,87,87,87,78,85,85,85,87,87,82,87,69,87,72,72,72,52,0,0,0],"gold":29,"neow_bonus":"TEN_PERCENT_HP_BONUS","is_daily":false,"chose_seed":false,"campfire_upgraded":8,"win_rate":0.0,"timestamp":1611948275,"path_taken":["R","M","?","?","$","?","T","?","R","E","M","?","R","E","M","BOSS","R","?","?","?","?","R","T","E","M","M","R","M","?","M","M","BOSS","R","M","M","$","?","R","T","M","?","?","?","$","R","M","M","BOSS","E","$","R","BOSS","BOSS"],"items_purchased_type":["Card","Relic","Card","Relic","Relic","Card","Potion","Relic","Relic","Potion"],"build_version":"2020-12-22","purchased_purges":3,"victory":false,"max_hp_per_floor":[77,77,77,77,77,77,77,77,77,77,77,77,77,77,77,77,77,77,77,77,77,77,87,87,87,87,87,87,87,87,87,87,87,87,87,87,87,87,87,87,87,87,87,87,87,87,87,87,87,87,87,87,87,87,87,92,92,92],"card_choices":[{"not_picked":["bronze:Frontload","bronze:BuggyMess"],"picked":"bronze:Optimize","floor":2},{"not_picked":["bronze:Flail","bronze:MaxOutput"],"picked":"bronze:Turbo","floor":5},{"not_picked":[],"picked":"bronze:Spike","floor":6},{"not_picked":[],"picked":"bronze:DazingPulse","floor":6},{"not_picked":["bronze:Iterate","bronze:BronzeArmor"],"picked":"bronze:Return","floor":6},{"not_picked":["bronze:ForceShield","bronze:WildBeam"],"picked":"bronze:HardenedForm","floor":8},{"not_picked":["bronze:BitShift","bronze:Frontload"],"picked":"bronze:ClassDefault","floor":10},{"not_picked":["bronze:Shield","bronze:OilSpill","bronze:DelayedGuard"],"picked":"SKIP","floor":11},{"not_picked":["bronze:BitShift","bronze:ForLoop"],"picked":"bronze:Branch","floor":12},{"not_picked":["bronze:Fortify","bronze:Invalidate","bronze:BugBarrage"],"picked":"SKIP","floor":14},{"not_picked":["bronze:BurnOut","bronze:BugBarrage"],"picked":"bronze:FineTuning","floor":15},{"not_picked":["bronze:AlphaBuild","bronze:Assembly"],"picked":"bronze:Verify","floor":16},{"not_picked":["bronze:Deprecate","bronze:DelayedSlice","bronze:GetLatest"],"picked":"SKIP","floor":19},{"not_picked":["bronze:OilSpill","bronze:MaxOutput"],"picked":"bronze:Return+1","floor":21},{"not_picked":["bronze:GetLatest","bronze:Break","bronze:FineTuning","bronze:CutThrough+1"],"picked":"SKIP","floor":25},{"not_picked":["bronze:BitShift","bronze:WildBeam","bronze:Return+1","bronze:Fortify+1"],"picked":"SKIP","floor":26},{"not_picked":["bronze:ForceShield","bronze:CutThrough+1","bronze:Return"],"picked":"bronze:CloningBeam+1","floor":27},{"not_picked":["bronze:GetLatest","bronze:ForLoop","bronze:ItsAFeature","bronze:DigitalCarnage"],"picked":"SKIP","floor":29},{"not_picked":["bronze:GetLatest","bronze:ItsAFeature","bronze:DigitalCarnage"],"picked":"bronze:ForLoop","floor":29},{"not_picked":["bronze:Shield","bronze:Boost","bronze:MaxOutput","bronze:BitShift"],"picked":"SKIP","floor":30},{"not_picked":["bronze:ForLoop","bronze:Repulsor+1","bronze:Repair"],"picked":"bronze:ForceShield+1","floor":31},{"not_picked":["bronze:FineTuning+1","bronze:DelayedGuard","bronze:ForceShield"],"picked":"bronze:Philosophize","floor":32},{"not_picked":["bronze:DelayedGuard+1","bronze:Flail+1"],"picked":"SKIP","floor":36},{"not_picked":["bronze:Repulsor","bronze:Turbo"],"picked":"SKIP","floor":37},{"not_picked":["bronze:DigitalCarnage","bronze:DelayedSlice+1"],"picked":"SKIP","floor":38},{"not_picked":["bronze:Shield+1","bronze:Iterate"],"picked":"SKIP","floor":42},{"not_picked":["expansioncontent:InvincibleStrength","expansioncontent:GuardianWhirl"],"picked":"expansioncontent:AwakenDeath","floor":44},{"not_picked":["bronze:DelayedGuard","bronze:ItsAFeature+1"],"picked":"SKIP","floor":46},{"not_picked":["bronze:DelayedGuard+1"],"picked":"bronze:FollowUp+1","floor":48},{"not_picked":["bronze:Turbo","bronze:DelayedSlice+1"],"picked":"SKIP","floor":49},{"not_picked":["bronze:SpaghettiCode","bronze:Overheat"],"picked":"SKIP","floor":52}],"player_experience":252767,"relics_obtained":[{"floor":7,"key":"Kunai"},{"floor":10,"key":"HornCleat"},{"floor":14,"key":"Bottled Flame"},{"floor":24,"key":"Question Card"},{"floor":25,"key":"Bag of Marbles"},{"floor":41,"key":"Smiling Mask"},{"floor":43,"key":"Guardian:GemstoneGun"},{"floor":45,"key":"Orichalcum"},{"floor":52,"key":"Oddly Smooth Stone"}],"event_choices":[{"cards_removed":["bronze:Strike"],"damage_healed":0,"gold_gain":0,"player_choice":"Card Removal","damage_taken":0,"max_hp_gain":0,"max_hp_loss":0,"event_name":"The Cleric","floor":3,"gold_loss":0},{"cards_removed":["bronze:Strike"],"damage_healed":0,"gold_gain":0,"player_choice":"Removed Attack","damage_taken":0,"max_hp_gain":0,"max_hp_loss":0,"event_name":"Falling","floor":39,"gold_loss":0},{"damage_healed":0,"gold_gain":0,"player_choice":"Fight","damage_taken":0,"max_hp_gain":0,"max_hp_loss":0,"event_name":"Mysterious Sphere","floor":43,"gold_loss":0}],"is_beta":false,"boss_relics":[{"not_picked":["SlaversCollar","Runic Dome"],"picked":"Coffee Dripper"},{"not_picked":["expansioncontent:StudyCardRelic","Pandora\u0027s Box"],"picked":"Busted Crown"}],"items_purged_floors":[38,46,53],"is_endless":false,"potions_floor_spawned":[6,10,14,15,16,19,21,26,32,37,43,49],"killed_by":"downfall:NeowBossFinal","ascension_level":0}}