{"host":"pletss163z7s8pvv","time":1611891390,"event":{"mods":["AchievementEnabler","BaseMod","Better Altar","Better Match","Better Note","Better Sensory Stone","Better Skull","Better Third Choice","BetterRewards","CapriCore","ChefMod","Colored Map","Colored Powertips","Conspire","Energized Spire","Evolution","GifTheSpireLib","Hermit","Ironclad Rager","Marked Mod","Minty Spire (QoL Compilation)","Retaliation","Spicy Shops","StS++","StSLib","The Alterego","The Blue Laboratory","The Cursed","The Disciple","The Forsaken"],"gold_per_floor":[115,130,55,55,55,55,85,100,100,100,0,0,0,0,0,109,109,133,133,45,69,69,69,93,93,118,118,118],"floor_reached":27,"language":"ENG","playtime":1369,"items_purged":[],"score":232,"play_id":"2d527d14-1472-4b12-9e85-a43a15e6b6d1","local_time":"20210128213630","daily_mods":["Shiny","Time Dilation","Lethality"],"is_ascension_mode":false,"campfire_choices":[{"floor":6.0,"key":"REST"},{"floor":10.0,"key":"REST"},{"data":"alterego_mod:STier","floor":12.0,"key":"SMITH"},{"floor":15.0,"key":"REST"},{"data":"alterego_mod:GIGAMILK","floor":23.0,"key":"SMITH"}],"circlet_count":0,"master_deck":["alterego_mod:AlterEgo","alterego_mod:GIGAMILK+1","alterego_mod:InsideBaseball","alterego_mod:Weigh+1","alterego_mod:STier+1","alterego_mod:Palingenesis","alterego_mod:Tantrum","alterego_mod:ClassAdvantage","alterego_mod:RingBreak","alterego_mod:PainIsPleasure","alterego_mod:Alter","alterego_mod:IdEs","alterego_mod:Valkyrie","alterego_mod:Rake","alterego_mod:TrickOrTreatment","alterego_mod:Vow","alterego_mod:Venus+1","alterego_mod:SideboobHour","alterego_mod:Antipathy","alterego_mod:BrynhildrRomantia","alterego_mod:VirginLaserPalladion","alterego_mod:Lift","alterego_mod:Exercise","alterego_mod:Bounce","alterego_mod:Bounce","alterego_mod:GIGAMILK+1","alterego_mod:Pet","alterego_mod:Jiggle","alterego_mod:BiFurious","alterego_mod:BustOut"],"relics":["alterego_mod:MasochisticConstitution","EVO:Axolotl","Cauldron","Whetstone","CeramicFish","Pear","MutagenicStrength","Frozen Eye","Lantern"],"acts_visited":["Exordium","TheCity"],"potions_floor_usage":[],"damage_taken":[{"damage":21.0,"enemies":"2 Louse","floor":1.0,"turns":4.0},{"damage":8.0,"enemies":"conspire:RoseBush","floor":2.0,"turns":2.0},{"damage":61.0,"enemies":"Gremlin Nob","floor":7.0,"turns":5.0},{"damage":32.0,"enemies":"Cultist","floor":8.0,"turns":4.0},{"damage":50.0,"enemies":"The Guardian","floor":16.0,"turns":7.0},{"damage":16.0,"enemies":"Chosen","floor":18.0,"turns":2.0},{"damage":34.0,"enemies":"conspire:FuzzyDice","floor":21.0,"turns":4.0},{"damage":25.0,"enemies":"Sentry and Sphere","floor":24.0,"turns":3.0},{"damage":80,"enemies":"Centurion and Healer","floor":27,"turns":2}],"seed_played":"1138922244981197753","potions_obtained":[{"floor":1.0,"key":"Block Potion"},{"floor":3.0,"key":"blueLaboratory:ForbiddenFruitJuice"},{"floor":3.0,"key":"blueLaboratory:Moonshine"}],"is_trial":false,"path_per_floor":["M","M","$","?","?","R","E","M","T","R","$","R","T","$","R","B",null,"M","?","$","M","?","R","M","$","T","M"],"character_chosen":"The_Alterego","items_purchased":["Cauldron","CultistPotion","Frozen Eye","alterego_mod:Jiggle"],"campfire_rested":3,"item_purchase_floors":[3,11,20,20],"current_hp_per_floor":[50,43,43,43,47,68,9,33,33,55,55,55,65,65,84,35,85,73,73,73,40,40,40,16,16,16,0,0],"gold":118,"neow_bonus":"","is_daily":true,"chose_seed":false,"campfire_upgraded":2,"win_rate":0.0,"timestamp":1611891390,"path_taken":["M","M","$","?","?","R","E","?","T","R","?","R","?","$","R","BOSS","M","?","$","M","?","R","M","?","T","M"],"items_purchased_type":["Relic","Potion","Relic","Card"],"build_version":"2020-12-22","purchased_purges":0,"victory":false,"max_hp_per_floor":[71,72,72,72,72,72,73,74,74,74,74,74,84,84,84,85,85,89,89,89,90,90,90,91,91,91,91,91],"card_choices":[{"not_picked":["alterego_mod:PerceptionDisorder","alterego_mod:DiscoLights","alterego_mod:SuperDuperMasochism"],"picked":"SKIP","floor":1.0},{"not_picked":["alterego_mod:Cycle","alterego_mod:Jiggle"],"picked":"alterego_mod:Exercise","floor":2.0},{"not_picked":["alterego_mod:MaintainEyeContact","alterego_mod:SideboobHour"],"picked":"alterego_mod:Bounce","floor":7.0},{"not_picked":["alterego_mod:Crossover","alterego_mod:Swimsuit"],"picked":"alterego_mod:Bounce","floor":8.0},{"not_picked":["alterego_mod:Alter","alterego_mod:PainIsPleasure"],"picked":"alterego_mod:GIGAMILK","floor":16.0},{"not_picked":["alterego_mod:HighServant","alterego_mod:Belts"],"picked":"alterego_mod:Pet","floor":18.0},{"not_picked":["alterego_mod:BreastValley","alterego_mod:Support+1"],"picked":"alterego_mod:BiFurious","floor":21.0},{"not_picked":["alterego_mod:Lingerie","alterego_mod:Belts"],"picked":"alterego_mod:BustOut","floor":24.0}],"player_experience":463321,"relics_obtained":[{"floor":7.0,"key":"Whetstone"},{"floor":9.0,"key":"CeramicFish"},{"floor":13.0,"key":"Pear"},{"floor":26,"key":"Lantern"}],"event_choices":[{"damage_healed":0.0,"max_hp_gain":0.0,"max_hp_loss":0.0,"gold_gain":0.0,"event_name":"Living Wall","player_choice":"Grow","floor":4.0,"gold_loss":0.0,"damage_taken":0.0,"cards_upgraded":["alterego_mod:GIGAMILK"]},{"damage_healed":4.0,"max_hp_gain":0.0,"max_hp_loss":0.0,"gold_gain":0.0,"event_name":"betterSkull:BetterSkull","player_choice":"LEAVE ","floor":5.0,"gold_loss":0.0,"damage_taken":0.0,"cards_upgraded":[],"relics_obtained":[]},{"damage_healed":0.0,"max_hp_gain":0.0,"max_hp_loss":0.0,"gold_gain":0.0,"event_name":"Drug Dealer","player_choice":"Inject Mutagens","floor":19.0,"gold_loss":0.0,"damage_taken":0.0,"relics_obtained":["MutagenicStrength"]},{"damage_healed":0.0,"max_hp_gain":0.0,"max_hp_loss":0.0,"gold_gain":0.0,"event_name":"Vampires","player_choice":"Ignored","floor":22.0,"gold_loss":0.0,"damage_taken":0.0}],"is_beta":false,"boss_relics":[{"not_picked":["energizedSpire:NeverEndingSparkler","Runic Pyramid","StSpp:FireArrow"]}],"items_purged_floors":[],"is_endless":false,"potions_floor_spawned":[1,7,8,16,18],"killed_by":"Centurion and Healer","ascension_level":0}}