{"host":"37r75cyug2ir6qa5","time":1611935358,"event":{"mods":["BaseMod","Colored Map","Downfall","Highlight Path","Minty Spire (QoL Compilation)","Replay The Spire","StSLib"],"gold_per_floor":[117,131,131,131,55,55,83,97,123,35,97,128,144,144,144],"floor_reached":14,"language":"ENG","playtime":643,"items_purged":[],"score":125,"play_id":"433e7206-c7a6-4c2a-8b39-b0521b5813f6","local_time":"20210129234918","is_ascension_mode":true,"campfire_choices":[{"data":"Infinite Blades","floor":6,"key":"SMITH"}],"circlet_count":0,"master_deck":["Strike_G","Strike_G","Defend_G","Defend_G","Survivor","Neutralize","Quick Slash","Infinite Blades+1","Cloak And Dagger","Blur","Deflect","Backstab","Well Laid Plans"],"relics":["Kintsugi","Centennial Puzzle","Bag of Marbles","Orichalcum","Matryoshka"],"acts_visited":["Exordium"],"potions_floor_usage":[7,12,12],"damage_taken":[{"damage":2,"enemies":"2 Louse","floor":1,"turns":4},{"damage":1,"enemies":"Small Slimes","floor":2,"turns":4},{"damage":9,"enemies":"Lagavulin","floor":7,"turns":4},{"damage":0,"enemies":"Jaw Worm","floor":8,"turns":4},{"damage":4,"enemies":"Red Slaver","floor":10,"turns":5},{"damage":13,"enemies":"Gremlin Nob","floor":12,"turns":4},{"damage":0,"enemies":"Looter","floor":13,"turns":3},{"damage":25,"enemies":"Replay:BlueRogue","floor":14,"turns":6}],"seed_played":"-5793562825789749298","potions_obtained":[{"floor":2,"key":"AttackPotion"},{"floor":8,"key":"Block Potion"},{"floor":10,"key":"Swift Potion"},{"floor":11,"key":"Weak Potion"}],"is_trial":false,"path_per_floor":["M","M","?","?","$","R","E","M","T","M","?","E","M","E"],"character_chosen":"THE_SILENT","items_purchased":["Infinite Blades"],"campfire_rested":0,"item_purchase_floors":[5],"current_hp_per_floor":[68,67,67,60,60,60,51,51,51,47,30,17,17,0,0],"gold":144,"neow_bonus":"BOSS_RELIC","is_daily":false,"chose_seed":false,"campfire_upgraded":1,"win_rate":0.0,"timestamp":1611935358,"path_taken":["M","M","?","?","?","R","E","M","T","?","?","E","M","E"],"items_purchased_type":["Card"],"build_version":"2020-12-22","purchased_purges":0,"victory":false,"max_hp_per_floor":[70,70,70,70,70,70,70,70,70,70,70,70,70,70,70],"card_choices":[{"not_picked":["Blade Dance","ReplayTheSpireMod:Shiv Toss"],"picked":"Quick Slash","floor":1},{"not_picked":["Replay:Poison Smokescreen","Dagger Throw","PiercingWail"],"picked":"SKIP","floor":2},{"not_picked":["ReplayTheSpireMod:From All Sides","Toxin Wave"],"picked":"Cloak And Dagger","floor":7},{"not_picked":["Flying Knee","Dagger Spray"],"picked":"Blur","floor":8},{"not_picked":["Blade Dance","Underhanded Strike"],"picked":"Deflect","floor":10},{"not_picked":["Dodge and Roll","PiercingWail"],"picked":"Backstab","floor":11},{"not_picked":["Acrobatics","Dagger Spray","ReplayTheSpireMod:Speed Training"],"picked":"SKIP","floor":12},{"not_picked":["Deadly Poison","Prepared"],"picked":"Well Laid Plans","floor":13}],"player_experience":183878,"relics_obtained":[{"floor":7,"key":"Centennial Puzzle"},{"floor":9,"key":"Bag of Marbles"},{"floor":11,"key":"Orichalcum"},{"floor":12,"key":"Matryoshka"}],"event_choices":[{"cards_removed":["Hallucinations"],"damage_healed":0,"gold_gain":0,"player_choice":"Forget","damage_taken":0,"max_hp_gain":0,"max_hp_loss":0,"event_name":"Living Wall","floor":3,"gold_loss":0},{"cards_removed":["Strike_G"],"damage_healed":0,"gold_gain":0,"player_choice":"Card Removal","damage_taken":7,"max_hp_gain":0,"max_hp_loss":0,"event_name":"Golden Wing","floor":4,"gold_loss":0}],"is_beta":false,"boss_relics":[],"items_purged_floors":[],"is_endless":false,"potions_floor_spawned":[2,8,10],"killed_by":"Replay:BlueRogue","ascension_level":5}}