{"host":"w3znmyy6nqoc7418","time":1611903673,"event":{"mods":["BaseMod","Minty Spire (QoL Compilation)","Replay The Spire","Shop Mod","StSLib"],"gold_per_floor":[112,54,71,71,71,104,121,121,146,164,198,218,237,237,237,336,436,456,473,154,181,194,194,222,222,247,282,297,297,297],"floor_reached":29,"language":"ZHS","playtime":980,"items_purged":["Strike_P"],"score":366,"play_id":"701bff57-a4ed-4baa-af8d-eacb67980774","local_time":"20210129150113","is_ascension_mode":true,"campfire_choices":[{"data":"Devotion","floor":15,"key":"SMITH"},{"data":"Ragnarok","floor":23,"key":"SMITH"},{"data":"SandsOfTime","floor":25,"key":"SMITH"}],"circlet_count":0,"master_deck":["Strike_P","Strike_P","Strike_P","Defend_P","Defend_P","Defend_P","Defend_P","Eruption+1","Vigilance","BattleHymn","SandsOfTime+1","TalkToTheHand","Establishment","Prostrate","FearNoEvil","Devotion+1","Ragnarok+1","Swivel+1","Vengeance+1"],"relics":["PureWater","NeowsBlessing","FaceOfCleric","Bottled Tornado","Replay:Accelerometer","Gremlin Food","Oddly Smooth Stone","Replay:Wanted Poster","Singing Bowl","PreservedInsect","Smiling Mask","Unceasing Top"],"acts_visited":["Exordium","TheCity"],"potions_floor_usage":[11,24,29],"damage_taken":[{"damage":0,"enemies":"Small Slimes","floor":1,"turns":1},{"damage":0,"enemies":"Cultist","floor":3,"turns":1},{"damage":0,"enemies":"Lagavulin","floor":6,"turns":1},{"damage":7,"enemies":"Jaw Worm","floor":7,"turns":4},{"damage":15,"enemies":"3 Louse","floor":10,"turns":3},{"damage":0,"enemies":"Gremlin Nob","floor":11,"turns":3},{"damage":18,"enemies":"Lots of Slimes","floor":12,"turns":4},{"damage":10,"enemies":"Blue Slaver","floor":13,"turns":4},{"damage":36,"enemies":"Hexaghost","floor":16,"turns":6},{"damage":10,"enemies":"3 Byrds","floor":18,"turns":5},{"damage":5,"enemies":"Spheric Guardian","floor":19,"turns":3},{"damage":9,"enemies":"Centurion and Healer","floor":22,"turns":5},{"damage":6,"enemies":"Replay:Snechameleon","floor":24,"turns":3},{"damage":10,"enemies":"Book of Stabbing","floor":27,"turns":4},{"damage":19,"enemies":"3 Cultists","floor":28,"turns":4},{"damage":35,"enemies":"Snake Plant","floor":29,"turns":4}],"seed_played":"2008358632181429060","potions_obtained":[{"floor":3,"key":"Reflective Coating"},{"floor":6,"key":"Block Potion"},{"floor":11,"key":"BlessingOfTheForge"},{"floor":12,"key":"SteroidPotion"},{"floor":16,"key":"ColorlessPotion"}],"is_trial":false,"path_per_floor":["M","$","M","?","?","E","M","T","T","M","E","M","M","?","R","B",null,"M","M","$","T","M","R","E","R","T","E","M","M"],"character_chosen":"WATCHER","items_purchased":["BattleHymn","Singing Bowl"],"campfire_rested":0,"item_purchase_floors":[2,20],"current_hp_per_floor":[72,72,72,72,72,73,67,67,67,53,54,37,28,78,78,43,79,70,66,66,66,60,60,57,57,57,50,32,0,0],"gold":297,"neow_bonus":"THREE_ENEMY_KILL","is_daily":false,"chose_seed":false,"campfire_upgraded":3,"win_rate":0.0,"timestamp":1611903673,"path_taken":["M","$","M","?","?","E","?","?","T","M","E","M","M","?","R","BOSS","M","M","$","?","M","R","E","R","T","E","M","M"],"items_purchased_type":["Card","Relic"],"build_version":"2020-12-22","purchased_purges":1,"victory":false,"max_hp_per_floor":[72,72,72,72,72,73,74,74,74,75,76,77,78,78,78,79,79,80,81,81,81,84,84,87,87,87,90,91,91,91],"card_choices":[{"not_picked":["PathToVictory","SashWhip","Evaluate"],"picked":"SKIP","floor":1},{"not_picked":["EmptyFist","FlurryOfBlows"],"picked":"SandsOfTime","floor":3},{"not_picked":["FlyingSleeves","Wireheading"],"picked":"TalkToTheHand","floor":6},{"not_picked":["Study","Perseverance"],"picked":"Establishment","floor":7},{"not_picked":["Halt","Replay:AtTheReady"],"picked":"Prostrate","floor":10},{"not_picked":["ReachHeaven","Weave"],"picked":"FearNoEvil","floor":11},{"not_picked":["Replay:ManipulateFuture","Replay:BluntJabs"],"picked":"Devotion","floor":12},{"not_picked":["Replay:Vibes","Consecrate","JustLucky"],"picked":"SKIP","floor":13},{"not_picked":["MasterReality","Wish"],"picked":"Ragnarok","floor":16},{"not_picked":["Crescendo","SashWhip"],"picked":"Swivel+1","floor":18},{"not_picked":["JustLucky","Evaluate+1","FlyingSleeves"],"picked":"SKIP","floor":19},{"not_picked":["Prostrate","JustLucky","Evaluate"],"picked":"Singing Bowl","floor":22},{"not_picked":["WreathOfFlame","SashWhip","Nirvana+1"],"picked":"Singing Bowl","floor":24},{"not_picked":["JustLucky","WindmillStrike+1","FlyingSleeves"],"picked":"Singing Bowl","floor":27},{"not_picked":["JustLucky","WaveOfTheHand+1"],"picked":"Vengeance+1","floor":28}],"player_experience":54486,"relics_obtained":[{"floor":6,"key":"Bottled Tornado"},{"floor":8,"key":"Replay:Accelerometer"},{"floor":9,"key":"Gremlin Food"},{"floor":11,"key":"Oddly Smooth Stone"},{"floor":21,"key":"PreservedInsect"},{"floor":24,"key":"Smiling Mask"},{"floor":27,"key":"Unceasing Top"}],"event_choices":[{"damage_healed":0,"gold_gain":0,"player_choice":"Grow","damage_taken":0,"max_hp_gain":0,"max_hp_loss":0,"event_name":"Living Wall","floor":4,"gold_loss":0,"cards_upgraded":["Eruption"]},{"damage_healed":0,"gold_gain":0,"player_choice":"Trade","damage_taken":0,"relics_obtained":["FaceOfCleric"],"max_hp_gain":0,"max_hp_loss":0,"event_name":"FaceTrader","floor":5,"gold_loss":0},{"cards_removed":["BattleHymn"],"damage_healed":50,"gold_gain":0,"player_choice":"Offered Uncommon","damage_taken":0,"max_hp_gain":0,"max_hp_loss":0,"event_name":"Bonfire Elementals","floor":14,"gold_loss":0}],"is_beta":false,"boss_relics":[{"not_picked":["HolyWater","Busted Crown"],"picked":"Replay:Wanted Poster"}],"items_purged_floors":[20],"is_endless":false,"potions_floor_spawned":[3,6,11,12,16,18,22],"killed_by":"Snake Plant","ascension_level":1}}