{"host":"8d3fefv2347kqkpz","time":1611916393,"event":{"mods":["AchievementEnabler","Act Like it!","Aspiration","BaseMod","Better Vampires","Colored Map","Colored Powertips","Conspire","GifTheSpireLib","Highlight Path","Hubris","Mimic Mod","Minty Spire (QoL Compilation)","Quick Restart","Rare Cards Sparkle","Relic Stats","Replay The Spire","Spicy Shops","StSLib","The Jungle","Waifu the Spire"],"gold_per_floor":[109,184,200,10,21,21,47,60,60,70,70,3,18,28,28,131,131,146,163,163,263,273,273,273,273],"floor_reached":24,"language":"ZHS","playtime":752,"items_purged":[],"score":225,"play_id":"afe8d858-d960-47fb-a9a2-1ad45724b9b8","local_time":"20210129183313","is_ascension_mode":false,"campfire_choices":[{"data":"Dodge and Roll","floor":6.0,"key":"SMITH"},{"floor":11.0,"key":"REST"},{"floor":15.0,"key":"REST"},{"floor":23,"key":"REST"}],"circlet_count":0,"master_deck":["Strike_G","Strike_G","Strike_G","Strike_G","Defend_G","Defend_G","Defend_G","Defend_G","Defend_G","Survivor","Neutralize","Die Die Die","Dodge and Roll+1","ReplayTheSpireMod:Scrap Shanks","Noxious Fumes+1","Finesse","Flying Knee","ReplayTheSpireMod:Speed Training","Accuracy","Outmaneuver","Corpse Explosion","ReplayTheSpireMod:Tripwire","Bouncing Flask","Corpse Explosion","ReplayTheSpireMod:Exploit Weakness+1","hubris:Counter+1"],"relics":["Ring of the Snake","StrikeDummy","Bottled Flame","conspire:RoyalGoblet"],"acts_visited":["Exordium","TheCity"],"potions_floor_usage":[],"damage_taken":[{"damage":0.0,"enemies":"Small Slimes","floor":1.0,"turns":4.0},{"damage":0.0,"enemies":"Cultist","floor":3.0,"turns":4.0},{"damage":0.0,"enemies":"Jaw Worm","floor":5.0,"turns":4.0},{"damage":9.0,"enemies":"Lagavulin","floor":7.0,"turns":8.0},{"damage":9.0,"enemies":"Red Slaver","floor":8.0,"turns":4.0},{"damage":0.0,"enemies":"Exordium Thugs","floor":10.0,"turns":4.0},{"damage":9.0,"enemies":"Large Slime","floor":13.0,"turns":6.0},{"damage":3.0,"enemies":"Red Slaver","floor":14.0,"turns":4.0},{"damage":38.0,"enemies":"The Guardian","floor":16.0,"turns":9.0},{"damage":32.0,"enemies":"Shell Parasite","floor":18.0,"turns":7.0},{"damage":9.0,"enemies":"3 Byrds","floor":19.0,"turns":4.0},{"damage":18,"enemies":"3 Cultists","floor":22,"turns":3},{"damage":17,"enemies":"Centurion and Healer","floor":24,"turns":1}],"seed_played":"-8556941985686712295","potions_obtained":[{"floor":7.0,"key":"SteroidPotion"},{"floor":10.0,"key":"LifebloodPotion"},{"floor":13.0,"key":"Reflective Coating"}],"is_trial":false,"path_per_floor":["M","?","M","$","M","R","E","M","T","M","R","$","M","M","R","B",null,"M","M","?","?","M","R","M"],"character_chosen":"THE_SILENT","items_purchased":["Noxious Fumes+1","Finesse","Flying Knee","Corpse Explosion"],"campfire_rested":3,"item_purchase_floors":[4,4,4,12],"current_hp_per_floor":[70,63,63,63,63,63,54,45,45,45,66,66,57,54,70,32,70,38,29,29,29,11,32,15,15],"gold":273,"neow_bonus":"RANDOM_EVENT","is_daily":false,"chose_seed":false,"campfire_upgraded":1,"win_rate":0.0,"timestamp":1611916393,"path_taken":["M","?","?","$","M","R","E","M","T","M","R","$","M","M","R","BOSS","M","M","?","?","M","R","?"],"items_purchased_type":["Card","Card","Card","Card"],"build_version":"2020-12-22","purchased_purges":0,"victory":false,"max_hp_per_floor":[70,70,70,70,70,70,70,70,70,70,70,70,70,70,70,70,70,70,70,70,70,70,70,70,70],"relic_stats":{"counters":[13,62],"obtain_stats":[{"Bottled Flame":9,"conspire:RoyalGoblet":17,"StrikeDummy":7,"Ring of the Snake":0},{"Bottled Flame":5,"conspire:RoyalGoblet":9,"StrikeDummy":4,"Ring of the Snake":0},{"Bottled Flame":24,"conspire:RoyalGoblet":47,"StrikeDummy":20,"Ring of the Snake":0}],"Ring of the Snake":[26]},"card_choices":[{"not_picked":["Poisoned Stab","Quick Slash"],"picked":"Dodge and Roll","floor":1.0},{"not_picked":["Terror","hubris:SlightOfHand"],"picked":"ReplayTheSpireMod:Scrap Shanks","floor":3.0},{"not_picked":["Skewer","Toxin Wave"],"picked":"ReplayTheSpireMod:Speed Training","floor":5.0},{"not_picked":["Heel Hook","Acrobatics"],"picked":"Accuracy","floor":7.0},{"not_picked":["Quick Slash","Toxin Wave","Dodge and Roll"],"picked":"SKIP","floor":8.0},{"not_picked":["Flechettes","Endless Agony"],"picked":"Outmaneuver","floor":10.0},{"not_picked":["Fluid Movement","Bane"],"picked":"ReplayTheSpireMod:Tripwire","floor":13.0},{"not_picked":["Predator","Deflect"],"picked":"Bouncing Flask","floor":14.0},{"not_picked":["Wraith Form v2","A Thousand Cuts"],"picked":"Corpse Explosion","floor":16.0},{"not_picked":["Prepared","Flying Knee"],"picked":"ReplayTheSpireMod:Exploit Weakness+1","floor":18.0},{"not_picked":["Blade Dance+1","Sucker Punch"],"picked":"hubris:Counter+1","floor":19.0},{"not_picked":["Quick Slash+1","Poisoned Stab","Dagger Throw"],"picked":"SKIP","floor":22}],"player_experience":220213,"relics_obtained":[{"floor":7.0,"key":"StrikeDummy"},{"floor":9.0,"key":"Bottled Flame"}],"event_choices":[{"damage_healed":0.0,"max_hp_gain":0.0,"max_hp_loss":0.0,"gold_gain":0.0,"cards_transformed":["Strike_G"],"event_name":"Living Wall","player_choice":"Change","floor":0.0,"gold_loss":0.0,"damage_taken":0.0,"cards_obtained":["Die Die Die"]},{"damage_healed":0.0,"max_hp_gain":0.0,"max_hp_loss":0.0,"gold_gain":75.0,"event_name":"FaceTrader","player_choice":"Touch","floor":2.0,"gold_loss":0.0,"damage_taken":7.0},{"damage_healed":0,"gold_gain":100,"player_choice":"Pray","damage_taken":0,"max_hp_gain":0,"max_hp_loss":0,"event_name":"Golden Shrine","floor":21,"gold_loss":0}],"is_beta":false,"boss_relics":[{"not_picked":["Replay:Ancient Bell","aspiration:DefectSkillbook"],"picked":"conspire:RoyalGoblet"}],"items_purged_floors":[],"is_endless":false,"potions_floor_spawned":[7,10,13,14,19,22],"killed_by":"Centurion and Healer","ascension_level":0}}