{"host":"5h6e4l6hpn0p5lap","time":1611881200,"event":{"mods":["AchievementEnabler","BaseMod","Better Altar","Better Match","Better Sensory Stone","Better Skull","Better Third Choice","Filter the Spire","Highlight Path","Minty Spire (QoL Compilation)","StSLib"],"gold_per_floor":[109,109,40,58,71,71,85,85,85,103,122,134,165,17,17,115,115,134,134,134,152,164,164,164],"floor_reached":23,"language":"ENG","playtime":905,"items_purged":[],"score":220,"play_id":"4d530d97-446b-471d-9a63-d48fd1b931cc","local_time":"20210128194640","is_ascension_mode":false,"campfire_choices":[{"data":"Eruption","floor":6,"key":"SMITH"},{"data":"TalkToTheHand","floor":8,"key":"SMITH"},{"data":"Consecrate","floor":15,"key":"SMITH"}],"circlet_count":0,"master_deck":["Strike_P","Strike_P","Strike_P","Strike_P","Defend_P","Defend_P","Defend_P","Eruption+1","Vigilance+1","FlyingSleeves","EmptyBody","Perseverance","BattleHymn","TalkToTheHand+1","FollowUp","Consecrate+1","CutThroughFate","FearNoEvil","LessonLearned","Decay","ThirdEye","EmptyBody+1"],"relics":["PureWater","Bronze Scales","Bottled Tornado","Lee\u0027s Waffle","SlaversCollar","FaceOfCleric"],"acts_visited":["Exordium","TheCity"],"potions_floor_usage":[7,11,13,13,22],"damage_taken":[{"damage":6,"enemies":"Jaw Worm","floor":1,"turns":3},{"damage":0,"enemies":"Cultist","floor":4,"turns":2},{"damage":0,"enemies":"Small Slimes","floor":5,"turns":3},{"damage":12,"enemies":"Exordium Thugs","floor":7,"turns":5},{"damage":11,"enemies":"Large Slime","floor":10,"turns":2},{"damage":0,"enemies":"3 Louse","floor":11,"turns":2},{"damage":5,"enemies":"Looter","floor":12,"turns":3},{"damage":0,"enemies":"Lagavulin","floor":13,"turns":6},{"damage":35,"enemies":"Hexaghost","floor":16,"turns":7},{"damage":19,"enemies":"Shell Parasite","floor":18,"turns":4},{"damage":19,"enemies":"Spheric Guardian","floor":21,"turns":3},{"damage":32,"enemies":"Snake Plant","floor":22,"turns":4},{"damage":0,"enemies":"Sentry and Sphere","floor":23,"turns":2}],"seed_played":"8196866778209142326","potions_obtained":[{"floor":1,"key":"Weak Potion"},{"floor":4,"key":"Energy Potion"},{"floor":5,"key":"FearPotion"},{"floor":10,"key":"Block Potion"},{"floor":13,"key":"FearPotion"},{"floor":22,"key":"AttackPotion"}],"is_trial":false,"path_per_floor":["M","?","$","M","M","R","M","R","T","M","M","M","E","$","R","B",null,"M","?","?","M","M","M"],"character_chosen":"WATCHER","items_purchased":["Perseverance","Lee\u0027s Waffle"],"campfire_rested":0,"item_purchase_floors":[3,14],"current_hp_per_floor":[66,71,71,71,71,71,59,59,59,48,48,43,43,84,84,49,84,65,65,65,47,16,16,16],"gold":164,"neow_bonus":"TRANSFORM_CARD","is_daily":false,"chose_seed":false,"campfire_upgraded":3,"win_rate":0.0,"timestamp":1611881200,"path_taken":["M","?","$","M","M","R","M","R","T","M","M","?","E","?","R","BOSS","M","?","?","?","M","M"],"items_purchased_type":["Card","Relic"],"build_version":"2020-12-22","purchased_purges":0,"victory":false,"max_hp_per_floor":[72,77,77,77,77,77,77,77,77,77,77,77,77,84,84,84,84,84,84,84,85,86,86,86],"card_choices":[{"not_picked":["InnerPeace","Adaptation"],"picked":"EmptyBody","floor":1},{"not_picked":["CrushJoints","Consecrate"],"picked":"BattleHymn","floor":4},{"not_picked":["FlurryOfBlows","SashWhip"],"picked":"TalkToTheHand","floor":5},{"not_picked":["SignatureMove","DeceiveReality"],"picked":"FollowUp","floor":7},{"not_picked":["Ragnarok","Worship"],"picked":"Consecrate","floor":10},{"not_picked":["Evaluate","BattleHymn","FlyingSleeves"],"picked":"SKIP","floor":11},{"not_picked":["Vengeance","Consecrate"],"picked":"CutThroughFate","floor":12},{"not_picked":["Weave","CarveReality"],"picked":"FearNoEvil","floor":13},{"not_picked":["ConjureBlade","Omniscience"],"picked":"LessonLearned","floor":16},{"not_picked":["FlurryOfBlows","JustLucky","FlyingSleeves+1"],"picked":"SKIP","floor":18},{"not_picked":["SashWhip","FollowUp"],"picked":"ThirdEye","floor":21},{"not_picked":["JustLucky","LikeWater"],"picked":"EmptyBody+1","floor":22}],"player_experience":1011289,"relics_obtained":[{"floor":9,"key":"Bronze Scales"},{"floor":13,"key":"Bottled Tornado"}],"event_choices":[{"damage_healed":0,"gold_gain":0,"player_choice":"Donut","damage_taken":0,"max_hp_gain":5,"max_hp_loss":0,"event_name":"Big Fish","floor":2,"gold_loss":0},{"damage_healed":0,"gold_gain":0,"player_choice":" Defy","damage_taken":0,"max_hp_gain":0,"max_hp_loss":0,"event_name":"betterAltar:BetterAltar","floor":19,"gold_loss":0,"cards_obtained":["Decay"]},{"damage_healed":0,"gold_gain":0,"player_choice":"Trade","damage_taken":0,"relics_obtained":["FaceOfCleric"],"max_hp_gain":0,"max_hp_loss":0,"event_name":"FaceTrader","floor":20,"gold_loss":0}],"is_beta":false,"boss_relics":[{"not_picked":["Black Star","HolyWater"],"picked":"SlaversCollar"}],"items_purged_floors":[],"is_endless":false,"potions_floor_spawned":[1,4,5,10,13,22],"killed_by":"Sentry and Sphere","ascension_level":0}}