{"host":"zlryddw6xv0ljf8b","time":1611895772,"event":{"mods":["AchievementEnabler","BaseMod","Colored Map","Colored Powertips","Highlight Path","Minty Spire (QoL Compilation)","Permanent Neow","Quick Restart","StSLib","UnlockEverythingMod"],"gold_per_floor":[119,69,69,85,101,126,194,221,246,17,27,27,41,61,61,158,158,172,222,240,254,265,265,300,300,300,334,345,361,361,31,31,134,134,154,204,204,217,217,248,248,266,338,367,397,309,309,328,328,328,328,328,36,70,70,70],"floor_reached":55,"language":"ENG","playtime":3886,"items_purged":["Strike_R","Strike_R"],"score":804,"play_id":"4d622722-047e-460f-8958-8242eb96b9db","local_time":"20210128224932","is_ascension_mode":false,"campfire_choices":[{"data":"Armaments","floor":15.0,"key":"SMITH"},{"floor":23.0,"key":"REST"},{"floor":25.0,"key":"REST"},{"floor":32.0,"key":"REST"},{"floor":41.0,"key":"REST"},{"floor":47.0,"key":"RECALL"},{"data":"Heavy Blade","floor":49.0,"key":"SMITH"},{"data":"Demon Form","floor":52.0,"key":"SMITH"}],"circlet_count":0,"master_deck":["Strike_R","Defend_R","Defend_R","Defend_R","Defend_R","Bash","Barricade+1","Pummel","Body Slam","Iron Wave","Armaments+1","Shrug It Off","Flame Barrier","Limit Break","Disarm","Demon Form+1","Disarm+1","Sword Boomerang+1","Shrug It Off","Thunderclap","Spot Weakness","Body Slam","Double Tap","Iron Wave+1","Metallicize","Dropkick","Metallicize","Heavy Blade+1","Limit Break","CurseOfTheBell","Headbutt","Battle Trance","Body Slam+1","Iron Wave","Juggernaut","Clothesline+1","Iron Wave+1"],"relics":["Burning Blood","Dream Catcher","Letter Opener","Bronze Scales","Blood Vial","Philosopher\u0027s Stone","Meat on the Bone","Kunai","Red Skull","Mercury Hourglass","Calling Bell","Potion Belt","InkBottle","Lizard Tail","Bird Faced Urn","Vajra","Molten Egg 2","MawBank","Medical Kit","Bag of Marbles","Bottled Lightning"],"acts_visited":["Exordium","TheCity","TheBeyond","TheEnding"],"potions_floor_usage":[55],"damage_taken":[{"damage":2.0,"enemies":"Small Slimes","floor":1.0,"turns":4.0},{"damage":2.0,"enemies":"Jaw Worm","floor":4.0,"turns":6.0},{"damage":10.0,"enemies":"Cultist","floor":5.0,"turns":4.0},{"damage":18.0,"enemies":"Gremlin Nob","floor":6.0,"turns":4.0},{"damage":11.0,"enemies":"3 Sentries","floor":8.0,"turns":9.0},{"damage":3.0,"enemies":"Exordium Wildlife","floor":11.0,"turns":4.0},{"damage":14.0,"enemies":"Exordium Thugs","floor":13.0,"turns":6.0},{"damage":2.0,"enemies":"Lots of Slimes","floor":14.0,"turns":3.0},{"damage":41.0,"enemies":"Slime Boss","floor":16.0,"turns":20.0},{"damage":29.0,"enemies":"3 Byrds","floor":18.0,"turns":4.0},{"damage":1.0,"enemies":"Chosen","floor":20.0,"turns":6.0},{"damage":16.0,"enemies":"Shelled Parasite and Fungi","floor":21.0,"turns":8.0},{"damage":26.0,"enemies":"Cultist and Chosen","floor":22.0,"turns":6.0},{"damage":34.0,"enemies":"Slavers","floor":24.0,"turns":5.0},{"damage":44.0,"enemies":"Gremlin Leader","floor":27.0,"turns":7.0},{"damage":15.0,"enemies":"Snake Plant","floor":28.0,"turns":4.0},{"damage":28.0,"enemies":"3 Cultists","floor":29.0,"turns":4.0},{"damage":22.0,"enemies":"Champ","floor":33.0,"turns":7.0},{"damage":14.0,"enemies":"3 Shapes","floor":35.0,"turns":6.0},{"damage":11.0,"enemies":"Mind Bloom Boss Battle","floor":36.0,"turns":7.0},{"damage":29.0,"enemies":"3 Darklings","floor":38.0,"turns":3.0},{"damage":15.0,"enemies":"Nemesis","floor":40.0,"turns":8.0},{"damage":0.0,"enemies":"Maw","floor":42.0,"turns":8.0},{"damage":61.0,"enemies":"Reptomancer","floor":44.0,"turns":5.0},{"damage":15.0,"enemies":"Spire Growth","floor":45.0,"turns":5.0},{"damage":23.0,"enemies":"4 Shapes","floor":48.0,"turns":5.0},{"damage":26.0,"enemies":"Time Eater","floor":50.0,"turns":9.0},{"damage":85.0,"enemies":"Shield and Spear","floor":54.0,"turns":8.0},{"damage":58,"enemies":"The Heart","floor":55,"turns":5}],"seed_played":"1370110664261930274","potions_obtained":[{"floor":1.0,"key":"FearPotion"},{"floor":5.0,"key":"DuplicationPotion"},{"floor":6.0,"key":"ColorlessPotion"},{"floor":14.0,"key":"ColorlessPotion"},{"floor":16.0,"key":"EntropicBrew"},{"floor":24.0,"key":"Fire Potion"},{"floor":28.0,"key":"GamblersBrew"},{"floor":33.0,"key":"SteroidPotion"},{"floor":36.0,"key":"HeartOfIron"},{"floor":40.0,"key":"LiquidBronze"},{"floor":44.0,"key":"SteroidPotion"}],"is_trial":false,"path_per_floor":["M","?","?","M","M","E","T","E","T","$","M","$","M","M","R","B",null,"M","?","M","M","M","R","E","R","T","E","M","M","?","$","R","B",null,"M","?","?","M","?","E","R","M","T","E","M","$","R","M","R","B",null,"R","$","E","B"],"character_chosen":"IRONCLAD","items_purchased":["Blood Vial","Metallicize","Mercury Hourglass","Medical Kit","Bag of Marbles"],"campfire_rested":4,"item_purchase_floors":[10,31,31,53,53],"current_hp_per_floor":[80,80,80,80,76,64,64,59,59,59,64,64,58,64,64,31,80,57,57,64,56,38,62,36,60,60,36,41,33,33,33,57,55,80,72,69,69,50,50,51,75,80,80,39,54,54,54,57,57,49,80,80,80,50,0,0],"gold":70,"neow_bonus":"THREE_RARE_CARDS","is_daily":false,"chose_seed":false,"campfire_upgraded":3,"win_rate":0.0,"timestamp":1611895772,"path_taken":["M","?","?","?","M","E","?","E","T","$","M","?","M","M","R","BOSS","M","?","?","M","M","R","E","R","T","E","?","M","?","$","R","BOSS","M","?","?","M","?","E","R","M","T","E","?","$","R","M","R","BOSS","R","$","E","BOSS"],"items_purchased_type":["Relic","Card","Relic","Relic","Relic"],"build_version":"2020-12-22","purchased_purges":2,"victory":false,"max_hp_per_floor":[80,80,80,80,80,80,80,80,80,80,80,80,80,80,80,80,80,80,80,80,80,80,80,80,80,80,80,80,80,80,80,80,80,80,80,80,80,80,80,80,80,80,80,80,80,80,80,80,80,80,80,80,80,80,80,80],"card_choices":[{"not_picked":["Exhume","Berserk"],"picked":"Barricade","floor":0.0},{"not_picked":["Perfected Strike","Rage"],"picked":"Pummel","floor":1.0},{"not_picked":["Cleave","Heavy Blade"],"picked":"Body Slam","floor":4.0},{"not_picked":["Cleave","Wild Strike"],"picked":"Iron Wave","floor":5.0},{"not_picked":["Inflame","Wild Strike"],"picked":"Armaments","floor":6.0},{"not_picked":["Thunderclap","Dual Wield"],"picked":"Shrug It Off","floor":8.0},{"not_picked":["Spot Weakness","Heavy Blade"],"picked":"Flame Barrier","floor":11.0},{"not_picked":["Armaments","Bloodletting"],"picked":"Limit Break","floor":13.0},{"not_picked":["Armaments","Wild Strike"],"picked":"Disarm","floor":14.0},{"not_picked":["Brutality","Exhume"],"picked":"Demon Form","floor":16.0},{"not_picked":["Sever Soul","Anger"],"picked":"Disarm+1","floor":18.0},{"not_picked":["Dark Embrace+1","Wild Strike","True Grit+1"],"picked":"SKIP","floor":20.0},{"not_picked":["Havoc","Shrug It Off"],"picked":"Sword Boomerang+1","floor":21.0},{"not_picked":["Searing Blow","True Grit"],"picked":"Shrug It Off","floor":22.0},{"not_picked":["Inflame","Wild Strike"],"picked":"Thunderclap","floor":23.0},{"not_picked":["Power Through+1","Inflame"],"picked":"Spot Weakness","floor":24.0},{"not_picked":["Headbutt+1","True Grit"],"picked":"Body Slam","floor":25.0},{"not_picked":["Brutality","Flex"],"picked":"Double Tap","floor":27.0},{"not_picked":["Body Slam","Headbutt","Inflame"],"picked":"SKIP","floor":28.0},{"not_picked":["Ghostly Armor","Shrug It Off"],"picked":"Iron Wave+1","floor":29.0},{"not_picked":["Pummel+1","Cleave+1"],"picked":"Heavy Blade","floor":32.0},{"not_picked":["Demon Form","Impervious"],"picked":"Limit Break","floor":33.0},{"not_picked":["Power Through","Flex"],"picked":"Headbutt","floor":35.0},{"not_picked":["Perfected Strike+1","Flame Barrier"],"picked":"Battle Trance","floor":36.0},{"not_picked":["Hemokinesis","Flex"],"picked":"Body Slam+1","floor":38.0},{"not_picked":["Sever Soul+1","Bloodletting+1","Brutality"],"picked":"SKIP","floor":40.0},{"not_picked":["Heavy Blade","Wild Strike+1"],"picked":"Iron Wave","floor":41.0},{"not_picked":["Combust","Shrug It Off"],"picked":"Juggernaut","floor":42.0},{"not_picked":["Iron Wave+1","Flex+1"],"picked":"Clothesline+1","floor":44.0},{"not_picked":["Sentinel+1","Blood for Blood+1"],"picked":"Iron Wave+1","floor":45.0},{"not_picked":["Infernal Blade","Wild Strike+1","Armaments+1"],"picked":"SKIP","floor":48.0},{"not_picked":["True Grit","Iron Wave+1","Headbutt+1"],"picked":"SKIP","floor":54.0}],"player_experience":22568,"relics_obtained":[{"floor":6.0,"key":"Dream Catcher"},{"floor":8.0,"key":"Letter Opener"},{"floor":9.0,"key":"Bronze Scales"},{"floor":24.0,"key":"Meat on the Bone"},{"floor":26.0,"key":"Kunai"},{"floor":27.0,"key":"Red Skull"},{"floor":34.0,"key":"Potion Belt"},{"floor":34.0,"key":"InkBottle"},{"floor":34.0,"key":"Lizard Tail"},{"floor":36.0,"key":"Bird Faced Urn"},{"floor":40.0,"key":"Vajra"},{"floor":43.0,"key":"Molten Egg 2"},{"floor":44.0,"key":"MawBank"},{"floor":54.0,"key":"Bottled Lightning"}],"event_choices":[{"cards_removed":["Clumsy"],"damage_healed":0.0,"max_hp_gain":0.0,"max_hp_loss":0.0,"gold_gain":0.0,"event_name":"The Cleric","player_choice":"Card Removal","floor":2.0,"gold_loss":50.0,"damage_taken":0.0},{"damage_healed":0.0,"max_hp_gain":0.0,"max_hp_loss":0.0,"gold_gain":0.0,"event_name":"Upgrade Shrine","player_choice":"Upgraded","floor":3.0,"gold_loss":0.0,"damage_taken":0.0,"cards_upgraded":["Barricade"]},{"damage_healed":0.0,"max_hp_gain":0.0,"max_hp_loss":0.0,"gold_gain":100.0,"event_name":"The Joust","player_choice":"Bet on Murderer","floor":19.0,"gold_loss":50.0,"damage_taken":0.0},{"damage_healed":0.0,"max_hp_gain":0.0,"max_hp_loss":0.0,"gold_gain":0.0,"cards_transformed":["Strike_R","Strike_R"],"event_name":"Drug Dealer","player_choice":"Became Test Subject","floor":30.0,"gold_loss":0.0,"damage_taken":0.0,"cards_obtained":["Metallicize","Dropkick"]},{"damage_healed":0.0,"max_hp_gain":0.0,"max_hp_loss":0.0,"gold_gain":0.0,"event_name":"MindBloom","player_choice":"Fight","floor":36.0,"gold_loss":0.0,"damage_taken":0.0},{"damage_healed":0.0,"max_hp_gain":0.0,"max_hp_loss":0.0,"gold_gain":0.0,"event_name":"Tomb of Lord Red Mask","player_choice":"Ignored","floor":37.0,"gold_loss":0.0,"damage_taken":0.0},{"damage_healed":0.0,"max_hp_gain":0.0,"max_hp_loss":0.0,"gold_gain":0.0,"event_name":"Mysterious Sphere","player_choice":"Ignored","floor":39.0,"gold_loss":0.0,"damage_taken":0.0}],"is_beta":false,"boss_relics":[{"not_picked":["Runic Pyramid","Empty Cage"],"picked":"Philosopher\u0027s Stone"},{"not_picked":["Tiny House","Black Star"],"picked":"Calling Bell"}],"items_purged_floors":[10,46],"is_endless":false,"potions_floor_spawned":[1,5,6,14,16,18,24,28,33,36,40,44],"killed_by":"The Heart","ascension_level":0}}