{"host":"w06dlwhvl5cs3jlo","time":1611890833,"event":{"mods":["ATMod(°¢èªMod)","Act Like it!","BaseMod","Downfall","Gensokyo","Luminous","Marisa£¨ìFÓê¡¡Ä§ÀíÉ³£©","Minty Spire (QoL Compilation)","Quick Restart","Relic Stats","Remilia£¨ÀÙÃ×ÀòÑÇ£©","RumiaBox-Â¶Ã×æ«µÄÉñÃØºÐ×Ó","Spicy Shops","StSLib","The Servant 0.9.4","UnlockEverythingMod","Yakumo Yukari mod","Youmu£¨»êÆÇÑýÃÎ£©","Yuyuko","¡¾ÒÅÎï¿¨ÅÆ¡¿REMEMod"],"gold_per_floor":[110,110,185,200,200,200,236,271,296,296,306,326,340,340,340,440,440,454,41,41,41],"floor_reached":20,"language":"ZHS","playtime":1276,"items_purged":[],"score":184,"play_id":"faf8193b-00b8-4ab9-ab67-fc09abc7e349","local_time":"20210129112713","daily_mods":["ControlledChaos","Heirloom","Time Dilation","DeadlyEvents","Elite Swarm"],"is_ascension_mode":false,"campfire_choices":[{"floor":6,"key":"REST"},{"floor":10,"key":"REST"},{"floor":15,"key":"REST"}],"circlet_count":0,"master_deck":["Strike_S","Strike_S","Strike_S","Strike_S","Defend_S","Defend_S","Defend_S","Defend_S","KidneyShot","Exchange","AT_FamilyPortrait","SurpressingFire","Rearm","AT_FamilyPortrait","DoubleEdge","PendulumOfEternity","Sabotage","Rearm","RealityMarble","MurderousAura","Solidify","AT_EmpoweredMortalDraw","DoubleEdge","REME_WheelOfFate"],"relics":["Uniform","Frozen Eye","AT_ATBox","REME_ComplimentaryCards","Thread and Needle","Baka","Regal Pillow","Blood Vial","AT_BellDemon","AT_MortalBlade","Unceasing Top","Membership Card"],"acts_visited":["Exordium","TheCity"],"potions_floor_usage":[16],"damage_taken":[{"damage":6,"enemies":"Small Slimes","floor":1,"turns":4},{"damage":0,"enemies":"2 Louse","floor":4,"turns":2},{"damage":3,"enemies":"Jaw Worm","floor":7,"turns":3},{"damage":11,"enemies":"Gremlin Nob","floor":8,"turns":4},{"damage":15,"enemies":"Blue Slaver","floor":11,"turns":3},{"damage":9,"enemies":"2 Fungi Beasts","floor":12,"turns":2},{"damage":3,"enemies":"Looter","floor":13,"turns":3},{"damage":23,"enemies":"Lagavulin","floor":14,"turns":5},{"damage":23,"enemies":"Slime Boss","floor":16,"turns":5},{"damage":82,"enemies":"3 Byrds","floor":18,"turns":3}],"seed_played":"-3155061571947204374","potions_obtained":[{"floor":4,"key":"ColorlessPotion"},{"floor":8,"key":"Strength Potion"},{"floor":12,"key":"Weak Potion"}],"is_trial":true,"path_per_floor":["M","?","?","M","?","R","M","E","T","R","M","M","M","E","R","B",null,"M","$","?"],"character_chosen":"THE_SERVANT","items_purchased":["REME_WheelOfFate","Membership Card"],"campfire_rested":3,"item_purchase_floors":[19,19],"current_hp_per_floor":[59,59,48,48,48,65,62,51,51,65,50,43,42,21,55,34,65,5,5,0,0],"gold":41,"neow_bonus":"","is_daily":false,"chose_seed":false,"campfire_upgraded":0,"win_rate":0.0,"timestamp":1611890833,"path_taken":["M","?","?","M","?","R","?","E","T","R","?","M","M","?","R","BOSS","M","$","?"],"items_purchased_type":["Card","Relic"],"build_version":"2020-12-22","purchased_purges":0,"victory":false,"max_hp_per_floor":[65,65,65,65,65,65,65,65,65,65,65,65,65,65,65,65,65,65,65,65,65],"relic_stats":{"Blood Vial":8,"Regal Pillow":15,"counters":[10,34],"obtain_stats":[{"Blood Vial":9,"AT_BellDemon":14,"Frozen Eye":0,"Regal Pillow":8,"AT_ATBox":0,"AT_MortalBlade":17,"Thread and Needle":0,"Uniform":0,"Baka":1,"Membership Card":19,"Unceasing Top":18,"REME_ComplimentaryCards":0},{"Blood Vial":4,"AT_BellDemon":8,"Frozen Eye":0,"Regal Pillow":4,"AT_ATBox":0,"AT_MortalBlade":9,"Thread and Needle":0,"Uniform":0,"Baka":1,"Membership Card":10,"Unceasing Top":10,"REME_ComplimentaryCards":0},{"Blood Vial":13,"AT_BellDemon":26,"Frozen Eye":0,"Regal Pillow":13,"AT_ATBox":0,"AT_MortalBlade":31,"Thread and Needle":0,"Uniform":0,"Baka":4,"Membership Card":34,"Unceasing Top":34,"REME_ComplimentaryCards":0}],"Unceasing Top":[0]},"card_choices":[{"not_picked":["Potential","Alleviate"],"picked":"SurpressingFire","floor":1},{"not_picked":["Starlight","Foresight"],"picked":"Rearm","floor":4},{"not_picked":["Starlight","Potential"],"picked":"DoubleEdge","floor":7},{"not_picked":["TheWorld","Sunlight"],"picked":"PendulumOfEternity","floor":8},{"not_picked":["DualDimension","Alleviate"],"picked":"Sabotage","floor":11},{"not_picked":["Comet","Spin"],"picked":"Rearm","floor":12},{"not_picked":["Starlight","Reset"],"picked":"RealityMarble","floor":13},{"not_picked":["FlawlessForm","PendulumOfEternity"],"picked":"MurderousAura","floor":14},{"not_picked":["MurderousAura","FlawlessForm"],"picked":"Solidify","floor":16},{"not_picked":["DualDimension","Starlight+1"],"picked":"DoubleEdge","floor":18}],"player_experience":34081,"relics_obtained":[{"floor":1,"key":"Baka"},{"floor":8,"key":"Regal Pillow"},{"floor":9,"key":"Blood Vial"},{"floor":14,"key":"AT_BellDemon"},{"floor":18,"key":"Unceasing Top"}],"event_choices":[{"damage_healed":0,"gold_gain":0,"player_choice":"Leave","damage_taken":0,"max_hp_gain":0,"max_hp_loss":0,"event_name":"The Cleric","floor":2,"gold_loss":0},{"damage_healed":0,"gold_gain":75,"player_choice":"Gather Gold","damage_taken":11,"max_hp_gain":0,"max_hp_loss":0,"event_name":"World of Goop","floor":3,"gold_loss":0}],"is_beta":false,"boss_relics":[{"not_picked":["Calling Bell","sneckomod:SneckoTalon"],"picked":"AT_MortalBlade"}],"items_purged_floors":[],"is_endless":false,"potions_floor_spawned":[4,8,12,14],"ascension_level":0}}