{"host":"qc8p2flj7wsy3zpg","time":1611946847,"event":{"mods":["BaseMod","Highlight Path","Minty Spire (QoL Compilation)","Monster List Patch","Relic Stats","StSLib"],"gold_per_floor":[117,127,26,46,46,71,91,125,178,178,178,192,192,212,212,289,289,308,326,326,64,64,64,80,91,117,151,151,151,151,164,164,238,238,249,94,94,107,125,158,24,35,35,53,83,83,83,110,110,110,110,110],"floor_reached":51,"language":"ENG","playtime":2119,"items_purged":["Strike_R","Writhe"],"score":1559,"play_id":"ea5cccef-3e7d-4176-846f-fbe281d3bdd8","local_time":"20210129130047","is_ascension_mode":true,"campfire_choices":[{"floor":10.0,"key":"REST"},{"floor":13.0,"key":"REST"},{"floor":15.0,"key":"REST"},{"floor":23.0,"key":"REST"},{"floor":28.0,"key":"REST"},{"floor":30.0,"key":"REST"},{"floor":32.0,"key":"REST"},{"floor":47.0,"key":"RECALL"},{"floor":49.0,"key":"REST"}],"circlet_count":0,"master_deck":["AscendersBane","Strike_R+1","Defend_R","Defend_R","Defend_R","Defend_R+1","Bash+1","Headbutt","Pommel Strike","Whirlwind","True Grit","Demon Form","Cleave+1","Seeing Red+1","Sever Soul+1","Shrug It Off+1","Limit Break+1","Sword Boomerang","RitualDagger","Reaper","Spot Weakness","Feel No Pain","Reaper","Exhume","Feel No Pain+1","Parasite","Battle Trance","Spot Weakness+1"],"relics":["Fusion Hammer","InkBottle","Singing Bowl","Bag of Marbles","Astrolabe","Happy Flower","Orrery","PreservedInsect","Nunchaku","Mark of Pain","Regal Pillow","Boot","Incense Burner"],"acts_visited":["Exordium","TheCity","TheBeyond"],"potions_floor_usage":[50,50],"damage_taken":[{"damage":6.0,"enemies":"Cultist","floor":1.0,"turns":3.0},{"damage":2.0,"enemies":"Jaw Worm","floor":2.0,"turns":2.0},{"damage":0.0,"enemies":"2 Louse","floor":4.0,"turns":2.0},{"damage":32.0,"enemies":"Gremlin Nob","floor":6.0,"turns":4.0},{"damage":8.0,"enemies":"Blue Slaver","floor":7.0,"turns":2.0},{"damage":18.0,"enemies":"Lagavulin","floor":8.0,"turns":5.0},{"damage":0.0,"enemies":"Looter","floor":12.0,"turns":2.0},{"damage":0.0,"enemies":"Lots of Slimes","floor":14.0,"turns":1.0},{"damage":45.0,"enemies":"The Guardian","floor":16.0,"turns":11.0},{"damage":5.0,"enemies":"Chosen","floor":18.0,"turns":4.0},{"damage":26.0,"enemies":"2 Thieves","floor":19.0,"turns":3.0},{"damage":34.0,"enemies":"Snake Plant","floor":24.0,"turns":4.0},{"damage":21.0,"enemies":"3 Cultists","floor":25.0,"turns":5.0},{"damage":0.0,"enemies":"Gremlin Leader","floor":27.0,"turns":2.0},{"damage":36.0,"enemies":"Shelled Parasite and Fungi","floor":31.0,"turns":4.0},{"damage":51.0,"enemies":"Collector","floor":33.0,"turns":7.0},{"damage":49.0,"enemies":"3 Darklings","floor":35.0,"turns":3.0},{"damage":45.0,"enemies":"3 Shapes","floor":38.0,"turns":7.0},{"damage":61.0,"enemies":"Maw","floor":39.0,"turns":7.0},{"damage":43.0,"enemies":"Nemesis","floor":40.0,"turns":7.0},{"damage":83.0,"enemies":"Writhing Mass","floor":42.0,"turns":9.0},{"damage":21.0,"enemies":"4 Shapes","floor":44.0,"turns":10.0},{"damage":76.0,"enemies":"Giant Head","floor":45.0,"turns":6.0},{"damage":99.0,"enemies":"Reptomancer","floor":48.0,"turns":6.0},{"damage":95,"enemies":"Donu and Deca","floor":50,"turns":7},{"damage":79,"enemies":"Awakened One","floor":51,"turns":3}],"seed_played":"8395480042520235315","potions_obtained":[{"floor":1.0,"key":"LiquidBronze"},{"floor":7.0,"key":"FearPotion"},{"floor":16.0,"key":"Energy Potion"},{"floor":18.0,"key":"SpeedPotion"},{"floor":25.0,"key":"DuplicationPotion"},{"floor":33.0,"key":"BlessingOfTheForge"},{"floor":35.0,"key":"Fruit Juice"},{"floor":42.0,"key":"FairyPotion"},{"floor":44.0,"key":"ColorlessPotion"},{"floor":45.0,"key":"AttackPotion"}],"is_trial":false,"path_per_floor":["M","M","$","M","?","E","M","E","T","R","?","M","R","M","R","B",null,"M","M","?","$","?","R","M","M","T","E","R","?","R","M","R","B",null,"M","$","?","M","M","E","$","M","T","M","E","?","R","E","R","B","B"],"character_chosen":"IRONCLAD","items_purchased":["Pommel Strike","Orrery","Exhume","Regen Potion","Energy Potion"],"campfire_rested":8,"item_purchase_floors":[3,21,36,41,41],"current_hp_per_floor":[62,60,60,60,60,28,20,4,4,27,4,6,29,31,55,10,63,60,34,34,40,34,60,26,17,17,17,44,44,71,35,62,33,77,63,63,93,77,36,52,52,18,18,104,91,91,91,7,53,39,0,0],"gold":110,"neow_bonus":"BOSS_RELIC","is_daily":false,"chose_seed":false,"campfire_upgraded":0,"win_rate":0.0,"timestamp":1611946847,"path_taken":["M","M","$","M","?","E","M","E","T","R","?","M","R","M","R","BOSS","M","M","?","$","?","R","M","M","T","E","R","?","R","?","R","BOSS","M","$","?","M","M","E","?","M","T","M","E","?","R","E","R","BOSS","BOSS"],"items_purchased_type":["Card","Relic","Card","Potion","Potion"],"build_version":"2020-12-22","purchased_purges":2,"victory":false,"max_hp_per_floor":[75,75,75,75,75,75,75,77,77,77,77,79,79,81,81,81,81,83,83,83,89,89,89,89,91,91,91,91,91,91,91,91,91,91,93,93,93,95,97,102,102,102,102,104,104,104,104,106,106,106,106,106],"relic_stats":{"Nunchaku":[10],"Regal Pillow":15,"Singing Bowl":26,"Happy Flower":[29],"counters":[26,126],"Astrolabe":["Cleave","Seeing Red","Sever Soul"],"PreservedInsect":286,"Boot":[6],"obtain_stats":[{"Regal Pillow":40,"Singing Bowl":8,"Happy Flower":20,"Astrolabe":17,"PreservedInsect":26,"Incense Burner":48,"Boot":45,"Burning Blood":0,"Nunchaku":27,"Orrery":21,"Fusion Hammer":0,"Mark of Pain":34,"Bag of Marbles":9,"InkBottle":6},{"Regal Pillow":20,"Singing Bowl":6,"Happy Flower":11,"Astrolabe":9,"PreservedInsect":13,"Incense Burner":24,"Boot":23,"Burning Blood":0,"Nunchaku":14,"Orrery":11,"Fusion Hammer":0,"Mark of Pain":16,"Bag of Marbles":6,"InkBottle":4},{"Regal Pillow":85,"Singing Bowl":18,"Happy Flower":39,"Astrolabe":32,"PreservedInsect":48,"Incense Burner":116,"Boot":110,"Burning Blood":0,"Nunchaku":50,"Orrery":39,"Fusion Hammer":0,"Mark of Pain":61,"Bag of Marbles":18,"InkBottle":11}],"InkBottle":[31]},"card_choices":[{"not_picked":["Flame Barrier","Thunderclap"],"picked":"Sever Soul","floor":1.0},{"not_picked":["Dark Embrace","Heavy Blade"],"picked":"Headbutt","floor":2.0},{"not_picked":["Havoc","Wild Strike"],"picked":"Fire Breathing","floor":4.0},{"not_picked":["True Grit","Thunderclap"],"picked":"Whirlwind","floor":6.0},{"not_picked":["Anger","Armaments"],"picked":"True Grit","floor":7.0},{"not_picked":["Perfected Strike","Ghostly Armor","Clothesline"],"picked":"Singing Bowl","floor":8.0},{"not_picked":["Clash","Pummel","Headbutt"],"picked":"Singing Bowl","floor":12.0},{"not_picked":["Sword Boomerang","Uppercut","Headbutt"],"picked":"Singing Bowl","floor":14.0},{"not_picked":["Fiend Fire","Berserk"],"picked":"Demon Form","floor":16.0},{"not_picked":["Clothesline","Sever Soul","True Grit"],"picked":"Singing Bowl","floor":18.0},{"not_picked":["Fire Breathing","Hemokinesis+1"],"picked":"Shrug It Off+1","floor":19.0},{"not_picked":["Cleave+1","Entrench+1","Twin Strike+1"],"picked":"Singing Bowl","floor":21.0},{"not_picked":["Metallicize","Clothesline","Body Slam"],"picked":"Singing Bowl","floor":21.0},{"not_picked":["Inflame","Anger+1"],"picked":"Limit Break","floor":21.0},{"not_picked":["Clash","Anger","Armaments"],"picked":"Singing Bowl","floor":21.0},{"not_picked":["Shrug It Off","Havoc"],"picked":"Sword Boomerang","floor":21.0},{"not_picked":["Dual Wield","Rampage"],"picked":"Reaper","floor":24.0},{"not_picked":["Shrug It Off","Infernal Blade","Warcry"],"picked":"Singing Bowl","floor":25.0},{"not_picked":["Bloodletting","Iron Wave+1"],"picked":"Spot Weakness","floor":27.0},{"not_picked":["Cleave","Reckless Charge"],"picked":"Feel No Pain","floor":31.0},{"not_picked":["Demon Form","Exhume"],"picked":"Reaper","floor":33.0},{"not_picked":["Anger","Seeing Red+1","Clash+1"],"picked":"Singing Bowl","floor":35.0},{"not_picked":["Shrug It Off","Cleave","Sentinel"],"picked":"Singing Bowl","floor":38.0},{"not_picked":["Entrench","True Grit","Twin Strike+1"],"picked":"Singing Bowl","floor":39.0},{"not_picked":["Berserk","Burning Pact"],"picked":"Feel No Pain+1","floor":40.0},{"not_picked":["Carnage","Wild Strike"],"picked":"Battle Trance","floor":42.0},{"not_picked":["Body Slam","Hemokinesis","Iron Wave"],"picked":"Singing Bowl","floor":44.0},{"not_picked":["Inflame","Shrug It Off"],"picked":"Spot Weakness+1","floor":45.0},{"not_picked":["Feel No Pain","Armaments","Iron Wave+1"],"picked":"Singing Bowl","floor":48.0}],"player_experience":2296251,"relics_obtained":[{"floor":6.0,"key":"InkBottle"},{"floor":8.0,"key":"Singing Bowl"},{"floor":9.0,"key":"Bag of Marbles"},{"floor":26.0,"key":"PreservedInsect"},{"floor":27.0,"key":"Nunchaku"},{"floor":40.0,"key":"Regal Pillow"},{"floor":45.0,"key":"Boot"},{"floor":48.0,"key":"Incense Burner"}],"event_choices":[{"damage_healed":0.0,"max_hp_gain":0.0,"max_hp_loss":0.0,"gold_gain":0.0,"event_name":"Living Wall","player_choice":"Grow","floor":5.0,"gold_loss":0.0,"damage_taken":0.0,"cards_upgraded":["Bash"]},{"damage_healed":0.0,"max_hp_gain":0.0,"max_hp_loss":0.0,"gold_gain":0.0,"event_name":"Shining Light","player_choice":"Entered Light","floor":11.0,"gold_loss":0.0,"damage_taken":23.0,"cards_upgraded":["Strike_R","Defend_R"]},{"damage_healed":0.0,"max_hp_gain":0.0,"max_hp_loss":0.0,"gold_gain":0.0,"event_name":"The Mausoleum","player_choice":"Opened","floor":20.0,"gold_loss":0.0,"damage_taken":0.0,"relics_obtained":["Happy Flower"],"cards_obtained":["Writhe"]},{"damage_healed":0.0,"max_hp_gain":0.0,"max_hp_loss":0.0,"gold_gain":0.0,"event_name":"Nest","player_choice":"Joined the Cult","floor":22.0,"gold_loss":0.0,"damage_taken":6.0,"cards_obtained":["RitualDagger"]},{"damage_healed":0.0,"max_hp_gain":0.0,"max_hp_loss":0.0,"gold_gain":0.0,"event_name":"Accursed Blacksmith","player_choice":"Forge","floor":29.0,"gold_loss":0.0,"damage_taken":0.0,"cards_upgraded":["Limit Break"]},{"cards_removed":["Sever Soul"],"damage_healed":30.0,"max_hp_gain":0.0,"max_hp_loss":0.0,"gold_gain":0.0,"event_name":"Bonfire Elementals","player_choice":"Offered Uncommon","floor":37.0,"gold_loss":0.0,"damage_taken":0.0},{"cards_removed":["Fire Breathing"],"damage_healed":0.0,"max_hp_gain":0.0,"max_hp_loss":0.0,"gold_gain":0.0,"event_name":"Falling","player_choice":"Removed Power","floor":46.0,"gold_loss":0.0,"damage_taken":0.0}],"is_beta":false,"boss_relics":[{"not_picked":["SacredBark","Busted Crown"],"picked":"Astrolabe"},{"not_picked":["Calling Bell","Tiny House"],"picked":"Mark of Pain"}],"items_purged_floors":[3,21],"is_endless":false,"potions_floor_spawned":[1,7,16,18,25,33,35,42,44,45],"killed_by":"Awakened One","ascension_level":20}}