{"host":"pgm1p3lvdjflie30","time":1611900498,"event":{"mods":["100% Spire Juice","ATMod(阿瑾Mod)","AchievementEnabler","Alarm Clock","Aspiration","BaseMod","Colored Map","Colored Powertips","Conspire","Dark Map","Dota2Spire","Downfall","Energized Spire","Gremlin Mod","Hermit","Highlight Path","Minty Spire (QoL Compilation)","MostiFishMod","Quarter Circle Forward PUNCH!","Quick Restart","Relic Stats","Replay The Spire","Spicy Shops","StSLib","TestMod","The Gatherer","The IronCluck","The Jungle","Waifu the Spire","【?物卡牌】REMEMod","?留之物","篝火指南"],"gold_per_floor":[111,124,124,135,150,150,150,182,182,182,194,194,46,65,65,166,166,180,180,206,49,49,79,79,93,93,93,108,121,43,55,55,156,156,170,0,15,48,48,48,77,77,77,91,91,109,137,154,154,154,154,154,1,30,30],"floor_reached":56,"language":"ZHS","playtime":1633,"items_purged":["Normality"],"score":1471,"play_id":"1c69ed95-a88c-4111-ab1d-c96dcf07d3ce","local_time":"20210129140818","is_ascension_mode":false,"metric_token":2069,"campfire_choices":[{"floor":6,"key":"RECALL"},{"data":"Gatherer:HeartToFruit","floor":10,"key":"SMITH"},{"data":"Gatherer:FlowerBeam","floor":12,"key":"SMITH"},{"data":"Regret","floor":15,"key":"PURGE"},{"data":"Guardian:HyperBeam_Guardian","floor":24,"key":"SMITH"},{"data":"Gatherer:PoisonMastery","floor":32,"key":"SMITH"},{"data":"Gatherer:FlowerBeam+1","floor":40,"key":"SMITH"},{"data":"Gatherer:PoisonMastery","floor":42,"key":"SMITH"},{"data":"Gatherer:FlowerBeam+2","floor":45,"key":"SMITH"},{"floor":49,"key":"DIG"},{"data":"Gatherer:FlamingBottle","floor":52,"key":"SMITH"}],"circlet_count":0,"master_deck":["Gatherer:Strike_Gatherer","Gatherer:Strike_Gatherer","Gatherer:Strike_Gatherer","Gatherer:Strike_Gatherer","Gatherer:Strike_Gatherer","Gatherer:Defend_Gatherer","Gatherer:Defend_Gatherer","Gatherer:Centralize","Gatherer:FlowerWhip","Guardian:HyperBeam_Guardian+1","AT_FamilyPortrait","Gatherer:FragileHammer","Gatherer:QuickSynthesis","Gatherer:FlowerFalling","Gatherer:FlowerBeam+1","Gatherer:HeartToFruit+1","Gatherer:DrugPower","Gatherer:Liquidism","Gatherer:PoisonMastery+1","Gatherer:QuickSynthesis","Gatherer:PoisonMastery+1","Gatherer:CollectorsShot+1","Gatherer:Pollute+1","Gatherer:PotentialSlash","Gatherer:Snatch","Gatherer:FlamingBottle+1","Gatherer:MiningStrike+1","Gatherer:FlowerBeam+3","Gatherer:QuickSynthesis","Gatherer:FlowerFalling+1","Gatherer:BambuSword","Gatherer:TacticalStrike","Gatherer:SealedBomb+1","Gatherer:QuickSynthesis+1","Gatherer:BomberForm"],"relics":["Gatherer:AlchemyBag","AT_ATBox","DaveBox","testmod-TestBox","REME_ComplimentaryCards","testmod-TurbochargingSystem","PatriotShield","NeowsBlessing","SynthV:TestCard","Ring of Fury","Ring of Misfortune","Letter Opener","conspire:DeflatedDodgeball","REME_CardOfGreed","Transparent","Dota2Spire:LotusOrb","AT_BellDemon","theJungle:SneckoAutograph","aspiration:HiddenCompartment","AT_ChloranthyRing","PlaceholderMod:DeVermisMysteriis","Mirror","theJungle:SpiritDisease","conspire:Dentures","aspiration:StickyExplosives","testmod-Antiphasic","aspiration:KMNothing","Spirit Poop","aspiration:KMNothing","aspiration:KMNothing","aspiration:KMNothing","aspiration:KMNothing","aspiration:KMNothing","aspiration:KMNothing","aspiration:KMNothing","aspiration:KMNothing","aspiration:KMNothing","aspiration:KMNothing"],"acts_visited":["Exordium","Exordium","TheBeyond","TheEnding"],"potions_floor_usage":[16,23,28,47,50,55,55,55],"damage_taken":[{"damage":0,"enemies":"2 Louse","floor":1,"turns":1},{"damage":0,"enemies":"Jaw Worm","floor":2,"turns":1},{"damage":0,"enemies":"Cultist","floor":4,"turns":1},{"damage":0,"enemies":"3 Louse","floor":5,"turns":2},{"damage":0,"enemies":"3 Sentries","floor":8,"turns":3},{"damage":1,"enemies":"Exordium Wildlife","floor":11,"turns":2},{"damage":0,"enemies":"Blue Slaver","floor":14,"turns":1},{"damage":17,"enemies":"The Guardian","floor":16,"turns":5},{"damage":16,"enemies":"theJungle:MUSHROOMGANG","floor":18,"turns":1},{"damage":16,"enemies":"theJungle:MamaSnecko","floor":23,"turns":1},{"damage":17,"enemies":"Shell Parasite","floor":25,"turns":1},{"damage":21,"enemies":"theJungle:Snecko_Cultist_And_Trap","floor":28,"turns":1},{"damage":19,"enemies":"theJungle:Lyon","floor":29,"turns":1},{"damage":39,"enemies":"Snake Plant","floor":31,"turns":1},{"damage":80,"enemies":"theJungle:TotemBoss","floor":33,"turns":2},{"damage":86,"enemies":"3 Shapes","floor":35,"turns":2},{"damage":40,"enemies":"3 Darklings","floor":37,"turns":1},{"damage":40,"enemies":"conspire:MimicChest","floor":41,"turns":2},{"damage":29,"enemies":"4 Shapes","floor":44,"turns":1},{"damage":42,"enemies":"Spire Growth","floor":46,"turns":2},{"damage":89,"enemies":"Nemesis","floor":47,"turns":3},{"damage":21,"enemies":"3 Darklings","floor":48,"turns":1},{"damage":128,"enemies":"conspire:OrnateMirror","floor":50,"turns":2},{"damage":22,"enemies":"Shield and Spear","floor":54,"turns":1},{"damage":94,"enemies":"The Heart","floor":55,"turns":3}],"seed_played":"2937061226499960364","potions_obtained":[{"floor":5,"key":"Slimebound:ThreeZeroPotion"},{"floor":11,"key":"BloodPotion"},{"floor":14,"key":"Reflective Coating"},{"floor":16,"key":"GamblersBrew"},{"floor":18,"key":"bronze:BurnAndBuffPotion"},{"floor":25,"key":"bronze:BurnAndBuffPotion"},{"floor":28,"key":"FairyPotion"},{"floor":46,"key":"Strength Potion"},{"floor":47,"key":"Swift Potion"},{"floor":54,"key":"AttackPotion"}],"is_trial":false,"path_per_floor":["M","M","?","M","M","R","?","E","T","R","M","R","$","M","R_BF","B",null,"M","?","T","$","?","E","R","M","T","?","M","M","$","M","R","B",null,"M","?","M","?","?","R","?","R","T","M","R","M","E","M","R_BF","B",null,"R","$","E","B",null],"character_chosen":"THE_GATHERER","items_purchased":["REME_CardOfGreed","AT_BellDemon","testmod-Antiphasic","aspiration:KMNothing","aspiration:KMNothing","aspiration:KMNothing","aspiration:KMNothing","aspiration:KMNothing","aspiration:KMNothing","CultistPotion","Dota2Spire:Clarity"],"campfire_rested":0,"item_purchase_floors":[13,21,30,53,53,53,53,53,53,53,53],"current_hp_per_floor":[72,72,72,72,72,72,72,72,72,72,75,75,75,79,79,66,84,84,74,74,74,74,88,88,92,92,92,96,96,196,200,200,200,200,200,200,200,200,100,100,104,104,104,104,104,104,85,109,109,102,114,114,114,114,88],"gold":30,"neow_bonus":"THREE_ENEMY_KILL","is_daily":false,"chose_seed":false,"campfire_upgraded":8,"win_rate":0.0,"timestamp":1611900498,"path_taken":["M","M","?","M","M","R","?","E","T","R","M","R","?","?","R_BF","BOSS","M","?","?","$","?","E","R","M","T","?","?","M","$","M","R","BOSS","M","?","M","?","?","R","?","R","T","?","R","M","E","M","R_BF","BOSS","R","$","E","BOSS"],"items_purchased_type":["Relic","Relic","Relic","Relic","Relic","Relic","Relic","Relic","Relic","Potion","Potion"],"build_version":"2020-12-22","purchased_purges":1,"victory":true,"max_hp_per_floor":[72,72,72,72,72,72,72,72,72,72,76,76,76,80,80,84,84,84,84,84,84,84,88,88,92,92,92,96,96,196,200,200,200,200,200,200,200,200,100,100,104,104,104,104,104,104,109,109,109,114,114,114,114,114,114],"relic_stats":{"counters":[25,42],"Letter Opener":[11],"obtain_stats":[{"AT_BellDemon":21,"PatriotShield":0,"AT_ATBox":0,"DaveBox":0,"Spirit Poop":43,"PlaceholderMod:DeVermisMysteriis":25,"Dota2Spire:LotusOrb":20,"theJungle:SneckoAutograph":22,"AT_ChloranthyRing":23,"conspire:Dentures":28,"aspiration:StickyExplosives":29,"testmod-TestBox":0,"NeowsBlessing":0,"theJungle:SpiritDisease":27,"testmod-TurbochargingSystem":0,"Letter Opener":7,"aspiration:HiddenCompartment":23,"testmod-Antiphasic":30,"SynthV:TestCard":1,"Transparent":17,"Ring of Misfortune":3,"aspiration:KMNothing":41,"Ring of Fury":3,"aspiration:KaomsHeart":30,"REME_CardOfGreed":13,"conspire:DeflatedDodgeball":8,"Mirror":26,"Gatherer:AlchemyBag":0,"REME_ComplimentaryCards":0},{"AT_BellDemon":9,"PatriotShield":0,"AT_ATBox":0,"DaveBox":0,"Spirit Poop":18,"PlaceholderMod:DeVermisMysteriis":11,"Dota2Spire:LotusOrb":9,"theJungle:SneckoAutograph":9,"AT_ChloranthyRing":10,"conspire:Dentures":12,"aspiration:StickyExplosives":13,"testmod-TestBox":0,"NeowsBlessing":0,"theJungle:SpiritDisease":11,"testmod-TurbochargingSystem":0,"Letter Opener":4,"aspiration:HiddenCompartment":10,"testmod-Antiphasic":13,"SynthV:TestCard":1,"Transparent":8,"Ring of Misfortune":2,"aspiration:KMNothing":18,"Ring of Fury":2,"aspiration:KaomsHeart":13,"REME_CardOfGreed":6,"conspire:DeflatedDodgeball":5,"Mirror":11,"Gatherer:AlchemyBag":0,"REME_ComplimentaryCards":0},{"AT_BellDemon":17,"PatriotShield":0,"AT_ATBox":0,"DaveBox":0,"Spirit Poop":29,"PlaceholderMod:DeVermisMysteriis":19,"Dota2Spire:LotusOrb":17,"theJungle:SneckoAutograph":17,"AT_ChloranthyRing":18,"conspire:Dentures":20,"aspiration:StickyExplosives":21,"testmod-TestBox":0,"NeowsBlessing":0,"theJungle:SpiritDisease":19,"testmod-TurbochargingSystem":0,"Letter Opener":5,"aspiration:HiddenCompartment":18,"testmod-Antiphasic":21,"SynthV:TestCard":1,"Transparent":16,"Ring of Misfortune":2,"aspiration:KMNothing":29,"Ring of Fury":2,"aspiration:KaomsHeart":21,"REME_CardOfGreed":10,"conspire:DeflatedDodgeball":8,"Mirror":19,"Gatherer:AlchemyBag":0,"REME_ComplimentaryCards":0}]},"card_choices":[{"not_picked":["Gatherer:RecoveryHerb","Gatherer:EchoOfNature"],"picked":"Gatherer:FragileHammer","floor":1},{"not_picked":["Gatherer:PotentialSlash","Gatherer:WoolGloves","Gatherer:Convert","Gatherer:Liquidism"],"picked":"Gatherer:QuickSynthesis","floor":2},{"not_picked":["Gatherer:BambuSword","Gatherer:TreeGrowth","Gatherer:GatherMaterial","Gatherer:Polymorphism"],"picked":"Gatherer:FlowerFalling","floor":4},{"not_picked":["Gatherer:FragileHammer","Gatherer:Snatch","Gatherer:EchoOfNature","Gatherer:WoolGloves"],"picked":"Gatherer:FlowerBeam","floor":5},{"not_picked":["Gatherer:Snatch","Gatherer:BalancedGrowth","Gatherer:GlowingPlant","Gatherer:EnergyBasket"],"picked":"Gatherer:HeartToFruit","floor":8},{"not_picked":["Gatherer:BambuSword","Gatherer:Polymorphism","Gatherer:FlowerFalling","Gatherer:QuickSynthesis"],"picked":"Gatherer:DrugPower","floor":11},{"not_picked":["Gatherer:TreeGrowth","Gatherer:ScrollOfWall","Gatherer:FeelingFine","Gatherer:FlowerFalling"],"picked":"Gatherer:Liquidism","floor":14},{"not_picked":["Gatherer:BlackTea","Gatherer:MindSearch","Gatherer:Overflowing","Gatherer:FlamingBottle"],"picked":"Gatherer:PoisonMastery","floor":16},{"not_picked":["Gatherer:Snatch","Gatherer:FlowerShield","Gatherer:GatherMaterial+1","Gatherer:SaveValuables"],"picked":"Gatherer:QuickSynthesis","floor":18},{"not_picked":["Gatherer:Frenzy+1","Gatherer:FlowerFalling","Gatherer:SaveValuables","Gatherer:AcidicSpray+1"],"picked":"Gatherer:PoisonMastery","floor":23},{"not_picked":["Gatherer:Convert+1","Gatherer:FeelingFine","Gatherer:ScrollOfWall","Gatherer:FlowerShield"],"picked":"Gatherer:CollectorsShot+1","floor":25},{"not_picked":["Gatherer:QuickSynthesis","Gatherer:GatherMaterial","Gatherer:Frenzy+1","Gatherer:AromaProtection"],"picked":"Gatherer:Pollute+1","floor":28},{"not_picked":["Gatherer:Snatch","Gatherer:BambuSword","Gatherer:AromaProtection","Gatherer:EchoOfNature+1"],"picked":"Gatherer:PotentialSlash","floor":29},{"not_picked":["Gatherer:Convert+1","Gatherer:PotentialSlash","Gatherer:CollectorsShot+1","Gatherer:FlowerFalling"],"picked":"Gatherer:Snatch","floor":31},{"not_picked":["Gatherer:GrowBook","Gatherer:Photoscythe","Gatherer:Examine","Gatherer:ColorfulGarden"],"picked":"Gatherer:FlamingBottle","floor":33},{"not_picked":["Gatherer:CollectorsShot","Gatherer:AcidicSpray","Gatherer:AromaProtection","Gatherer:BambuSword"],"picked":"Gatherer:MiningStrike+1","floor":35},{"not_picked":["Gatherer:QuickSynthesis+1","Gatherer:OddSpoils","Gatherer:FeelingFine+1","Gatherer:GatherMaterial+1"],"picked":"Gatherer:FlowerBeam+1","floor":37},{"not_picked":["Gatherer:FragileHammer+1","Gatherer:Duplicator","Gatherer:CollectorsShot+1","Gatherer:Snatch+1"],"picked":"Gatherer:QuickSynthesis","floor":38},{"not_picked":["Gatherer:EnergyBasket+1","Gatherer:WoolGloves","Gatherer:UpgradeBag","Gatherer:Enchant"],"picked":"Gatherer:FlowerFalling+1","floor":41},{"not_picked":["Gatherer:StoneFence","Gatherer:FlowerFalling+1","Gatherer:Snatch","Gatherer:Solidify"],"picked":"Gatherer:BambuSword","floor":44},{"not_picked":["Gatherer:DrugPower","Gatherer:OddSpoils+1","Gatherer:PotentialSlash","Gatherer:BambuSword"],"picked":"Gatherer:TacticalStrike","floor":46},{"not_picked":["Gatherer:FlowerShield+1","Gatherer:GatherMaterial+1","Gatherer:DrugPower","Gatherer:BambuSword"],"picked":"Gatherer:SealedBomb+1","floor":47},{"not_picked":["Gatherer:SaveValuables","Gatherer:FlowerShield","Gatherer:Frenzy+1","Gatherer:SmartManeuver+1"],"picked":"Gatherer:QuickSynthesis+1","floor":48},{"not_picked":["Gatherer:CollectorsShot+1","Gatherer:Snatch+1","Gatherer:FlowerShield+1","Gatherer:AromaProtection"],"picked":"Gatherer:BomberForm","floor":54}],"player_experience":261401,"relics_obtained":[{"floor":1,"key":"SynthV:TestCard"},{"floor":3,"key":"Ring of Fury"},{"floor":3,"key":"Ring of Misfortune"},{"floor":8,"key":"conspire:DeflatedDodgeball"},{"floor":20,"key":"Dota2Spire:LotusOrb"},{"floor":23,"key":"aspiration:HiddenCompartment"},{"floor":23,"key":"AT_ChloranthyRing"},{"floor":25,"key":"PlaceholderMod:DeVermisMysteriis"},{"floor":26,"key":"Mirror"},{"floor":28,"key":"conspire:Dentures"},{"floor":29,"key":"aspiration:StickyExplosives"},{"floor":31,"key":"aspiration:KMNothing"},{"floor":33,"key":"aspiration:KMNothing"},{"floor":35,"key":"aspiration:KMNothing"},{"floor":41,"key":"aspiration:KMNothing"},{"floor":43,"key":"Spirit Poop"},{"floor":44,"key":"aspiration:KMNothing"},{"floor":47,"key":"aspiration:KMNothing"},{"floor":49,"key":"aspiration:KMNothing"},{"floor":54,"key":"aspiration:KMNothing"}],"event_choices":[{"damage_healed":0,"gold_gain":0,"player_choice":"Box","damage_taken":0,"relics_obtained":["Letter Opener"],"max_hp_gain":0,"max_hp_loss":0,"event_name":"Big Fish","floor":7,"gold_loss":0,"cards_obtained":["Regret"]},{"damage_healed":0,"gold_gain":0,"player_choice":"Paid","damage_taken":0,"relics_obtained":["Red Mask"],"max_hp_gain":0,"max_hp_loss":0,"event_name":"Tomb of Lord Red Mask","floor":36,"gold_loss":170},{"damage_healed":0,"gold_gain":0,"player_choice":"Swap Relic","damage_taken":0,"relics_obtained":["aspiration:SecretTechniqueScroll"],"max_hp_gain":0,"max_hp_loss":0,"event_name":"?自己的盒子","floor":39,"relics_lost":["aspiration:KaomsHeart"],"gold_loss":0}],"is_beta":false,"boss_relics":[{"not_picked":["testmod-Prudence","ExusiaiGun"],"picked":"Transparent"},{"not_picked":["aspiration:KMNothing","aspiration:KMNothing"],"picked":"aspiration:KMNothing"}],"items_purged_floors":[13],"is_endless":false,"potions_floor_spawned":[5,11,14,16,18,25,28,33,44,46,47,54],"ascension_level":0}}