{"host":"z5ogtnuuoxgup8y1","time":1611957527,"event":{"mods":["BaseMod","Better Third Choice","BetterRewards","Hermit","Hubris","Jorbs\u0027s Wanderer Trilogy","Minty Spire (QoL Compilation)","Replay The Spire","Spicy Shops","StSLib","The Cursed","The Disciple","The Hierophant","The Jungle","The Runesmith"],"gold_per_floor":[117,117,5,5,19,19,49,62,110,129,159,159,84,114,114,187,187,198,198,94,107,20,20,52,64,99,123,150,162,202,224,236,325,337,359,391,403,415,440,479,507,536,599,621,58,58,88,103,103,103],"floor_reached":51,"language":"ENG","playtime":2538,"items_purged":["Looming Evil","Strike_P","Strike_P"],"score":1844,"play_id":"529a2a2b-69e3-46c3-8cc0-784d8011042b","local_time":"20210129215847","is_ascension_mode":true,"campfire_choices":[{"floor":6,"key":"REST"},{"data":"TalkToTheHand","floor":12,"key":"SMITH"},{"floor":15,"key":"DIG"},{"floor":23,"key":"REST"},{"floor":29,"key":"RECALL"},{"data":"Defend_P","floor":49,"key":"PURGE"}],"circlet_count":0,"master_deck":["AscendersBane","Defend_P","Defend_P","Defend_P","Eruption","Vigilance","Tantrum","Dramatic Entrance","FlurryOfBlows","Wallop","WreathOfFlame","Sunder","TalkToTheHand+1","Halt","Ragnarok","Wallop+1","MentalFortress","FollowUp+1","Protect","WheelKick","Protect+1","Vault","ThirdEye+1","ReachHeaven+1","Consecrate","hubris:EnhanceAbility","Deep Breath"],"relics":["PureWater","Membership Card","hubris:FunFungus","ClockworkSouvenir","Counterbalance","Kunai","Runesmith:Locket","Shuriken","Chameleon Ring","ReplayTheSpireMod:Lightbulb","Bronze Scales","Blood Vial","Replay:Bottled Flurry","Fusion Hammer","Anchor","ReplayTheSpireMod:CursedCoin","Gremlin Horn","MawBank","Replay:Rubber Ducky","Ancient Tea Set","Busted Crown","MealTicket","hubris:ToyBattleship","Runesmith:Nanobots","Runesmith:AutoHammer","PrismaticShard","Happy Flower"],"acts_visited":["Exordium","TheCity","TheBeyond"],"potions_floor_usage":[7,11,21,24,27,28,33,39],"damage_taken":[{"damage":0,"enemies":"2 Louse","floor":1,"turns":1},{"damage":0,"enemies":"Small Slimes","floor":5,"turns":2},{"damage":2,"enemies":"Gremlin Nob","floor":7,"turns":4},{"damage":0,"enemies":"Cultist","floor":8,"turns":3},{"damage":0,"enemies":"2 Fungi Beasts","floor":10,"turns":2},{"damage":0,"enemies":"3 Sentries","floor":11,"turns":4},{"damage":22,"enemies":"Hexaghost","floor":16,"turns":7},{"damage":0,"enemies":"Chosen","floor":18,"turns":3},{"damage":0,"enemies":"2 Thieves","floor":21,"turns":1},{"damage":0,"enemies":"Slavers","floor":24,"turns":1},{"damage":3,"enemies":"3 Cultists","floor":27,"turns":3},{"damage":0,"enemies":"Snake Plant","floor":28,"turns":4},{"damage":3,"enemies":"Book of Stabbing","floor":30,"turns":4},{"damage":0,"enemies":"Sentry and Sphere","floor":31,"turns":2},{"damage":21,"enemies":"Automaton","floor":33,"turns":9},{"damage":11,"enemies":"3 Shapes","floor":35,"turns":2},{"damage":0,"enemies":"3 Darklings","floor":36,"turns":3},{"damage":5,"enemies":"Transient","floor":39,"turns":5},{"damage":0,"enemies":"R_Hoarder","floor":40,"turns":7},{"damage":17,"enemies":"Sphere and 2 Shapes","floor":41,"turns":3},{"damage":5,"enemies":"4 Shapes","floor":42,"turns":7},{"damage":7,"enemies":"Writhing Mass","floor":44,"turns":5},{"damage":27,"enemies":"Nemesis","floor":47,"turns":6},{"damage":0,"enemies":"Maw","floor":48,"turns":4},{"damage":6,"enemies":"Time Eater","floor":50,"turns":10}],"seed_played":"6080620742960320689","potions_obtained":[{"floor":8,"key":"Ancient Potion"},{"floor":18,"key":"AttackPotion"},{"floor":25,"key":"Adrenaline Potion"},{"floor":25,"key":"Cursed Concoction"},{"floor":27,"key":"SpeedPotion"},{"floor":31,"key":"AttackPotion"},{"floor":32,"key":"ColorlessPotion"},{"floor":36,"key":"EssenceOfSteel"},{"floor":38,"key":"ColorlessPotion"},{"floor":38,"key":"LifebloodPotion"},{"floor":39,"key":"Venom Potion"},{"floor":46,"key":"Weak Potion"}],"is_trial":false,"path_per_floor":["M","?","$","?","M","R","E","M","T","M","E","R","?","?","R","B",null,"M","?","$","M","$","R","E","R","T","M","M","R","E","M","R","B",null,"M","M","?","?","M","E","M","M","T","M","$","R","E","M","R","B",null],"character_chosen":"WATCHER","items_purchased":["Membership Card","Tantrum","ClockworkSouvenir","Dramatic Entrance","Kunai","FlurryOfBlows","Wallop","Shuriken","TalkToTheHand","Block Potion","BlessingOfTheForge","MentalFortress","Anchor","ReplayTheSpireMod:CursedCoin","Gremlin Horn","Protect","AttackPotion","Runesmith:Nanobots","Runesmith:AutoHammer","PrismaticShard","hubris:EnhanceAbility","Deep Breath"],"campfire_rested":2,"item_purchase_floors":[0,0,0,0,0,0,0,0,3,3,3,20,20,20,20,22,22,45,45,45,45,45],"current_hp_per_floor":[33,12,12,12,12,32,32,32,32,33,36,36,36,36,36,19,56,60,41,41,43,43,64,66,66,66,67,72,72,70,73,73,54,68,63,68,68,68,67,72,56,73,73,66,73,73,49,51,51,57],"gold":103,"neow_bonus":"","is_daily":false,"chose_seed":false,"campfire_upgraded":1,"win_rate":0.0,"timestamp":1611957527,"path_taken":["M","?","$","?","?","R","E","M","T","M","E","R","?","?","R","BOSS","M","?","$","M","$","R","E","R","T","M","M","R","E","M","R","BOSS","M","M","?","?","?","E","M","M","T","M","$","R","E","M","R","BOSS"],"items_purchased_type":["Relic","Card","Relic","Card","Relic","Card","Card","Relic","Card","Potion","Potion","Card","Relic","Relic","Relic","Card","Potion","Relic","Relic","Relic","Card","Card"],"build_version":"2020-12-22","purchased_purges":3,"victory":true,"max_hp_per_floor":[68,68,68,68,68,68,68,68,68,68,68,68,68,68,68,68,68,68,73,73,73,73,73,73,73,73,73,73,73,73,73,73,73,73,73,73,73,73,73,73,73,73,73,73,73,73,73,73,73,73],"card_choices":[{"not_picked":["Tantrum","Pray"],"picked":"WreathOfFlame","floor":1},{"not_picked":["CrushJoints","Sanctity"],"picked":"MentalFortress","floor":5},{"not_picked":["Swivel","Fasting2","Nirvana"],"picked":"SKIP","floor":7},{"not_picked":["EmptyFist","WindmillStrike"],"picked":"Halt","floor":8},{"not_picked":["Replay:AtTheReady","Prostrate","SashWhip"],"picked":"SKIP","floor":10},{"not_picked":["FlyingSleeves","CrushJoints","Crescendo"],"picked":"SKIP","floor":11},{"not_picked":["ConjureBlade","DeusExMachina"],"picked":"Ragnarok","floor":16},{"not_picked":["CrushJoints","Replay:BluntJabs"],"picked":"Wallop+1","floor":18},{"not_picked":["CrushJoints","Consecrate"],"picked":"FollowUp+1","floor":21},{"not_picked":["BowlingBash+1","Crescendo","Replay:AtTheReady+1"],"picked":"SKIP","floor":24},{"not_picked":["WindmillStrike","BowlingBash","ClearTheMind"],"picked":"SKIP","floor":27},{"not_picked":["Conclude","SignatureMove"],"picked":"WheelKick","floor":28},{"not_picked":["Crescendo","PathToVictory","FollowUp"],"picked":"SKIP","floor":30},{"not_picked":["MasterReality","CrushJoints"],"picked":"Protect+1","floor":31},{"not_picked":["SpiritShield","ConjureBlade"],"picked":"Vault","floor":33},{"not_picked":["JustLucky"],"picked":"SKIP","floor":35},{"not_picked":["Replay:BluntJabs+1"],"picked":"SKIP","floor":36},{"not_picked":[],"picked":"ThirdEye+1","floor":39},{"not_picked":[],"picked":"ReachHeaven+1","floor":40},{"not_picked":[],"picked":"Consecrate","floor":41},{"not_picked":["Consecrate"],"picked":"SKIP","floor":42},{"not_picked":["ThirdEye"],"picked":"SKIP","floor":44},{"not_picked":["ExoVibe"],"picked":"SKIP","floor":47},{"not_picked":["stsjorbsmod:Melt"],"picked":"SKIP","floor":48}],"player_experience":690217,"relics_obtained":[{"floor":7,"key":"Chameleon Ring"},{"floor":9,"key":"ReplayTheSpireMod:Lightbulb"},{"floor":11,"key":"Bronze Scales"},{"floor":15,"key":"Replay:Bottled Flurry"},{"floor":24,"key":"MawBank"},{"floor":26,"key":"Replay:Rubber Ducky"},{"floor":30,"key":"Ancient Tea Set"},{"floor":40,"key":"MealTicket"},{"floor":43,"key":"hubris:ToyBattleship"},{"floor":47,"key":"Happy Flower"}],"event_choices":[{"damage_healed":0,"gold_gain":0,"player_choice":"Card ","damage_taken":21,"max_hp_gain":0,"max_hp_loss":0,"event_name":"betterThird:BetterScrap","floor":2,"gold_loss":0,"cards_obtained":["Sunder"]},{"cards_removed":["Strike_P"],"damage_healed":0,"gold_gain":0,"player_choice":"Purged","damage_taken":0,"max_hp_gain":0,"max_hp_loss":0,"event_name":"Purifier","floor":4,"gold_loss":0},{"cards_removed":["Strike_P"],"damage_healed":0,"gold_gain":0,"player_choice":"Card Removal","damage_taken":0,"max_hp_gain":0,"max_hp_loss":0,"event_name":"The Cleric","floor":13,"gold_loss":75},{"damage_healed":0,"gold_gain":30,"player_choice":"Searched \u00272\u0027 times","damage_taken":0,"relics_obtained":["Blood Vial"],"max_hp_gain":0,"max_hp_loss":0,"event_name":"Dead Adventurer","floor":14,"gold_loss":0},{"damage_healed":0,"gold_gain":0,"player_choice":"Shed Blood","damage_taken":24,"max_hp_gain":5,"max_hp_loss":0,"event_name":"Forgotten Altar","floor":19,"gold_loss":0},{"cards_removed":["MentalFortress"],"damage_healed":0,"gold_gain":0,"player_choice":"Removed Power","damage_taken":0,"max_hp_gain":0,"max_hp_loss":0,"event_name":"Falling","floor":37,"gold_loss":0},{"damage_healed":0,"gold_gain":0,"player_choice":"Got Potions","damage_taken":0,"max_hp_gain":0,"max_hp_loss":0,"event_name":"Lab","floor":38,"gold_loss":0}],"is_beta":false,"boss_relics":[{"not_picked":["hubris:GrandSneckoEye","Black Star"],"picked":"Fusion Hammer"},{"not_picked":["SacredBark","hubris:RunicObelisk"],"picked":"Busted Crown"}],"items_purged_floors":[20,22,45],"is_endless":false,"potions_floor_spawned":[5,8,10,18,27,31,36,39,42,47],"ascension_level":15}}