{"host":"840yoaz69lavfcgt","time":1611954558,"event":{"mods":["BaseMod","Colored Powertips","DeckTracker","Highlight Path","Minty Spire (QoL Compilation)","Synergy Search"],"gold_per_floor":[110,110,110,123,0,25,25,25,25,25,25,57,16,48,48,150,150,169,169,169,17,26,26,56,56,83,83,137,157,189,205,205,306,306,322,322,20,39,39,64,64,97,121,151,168,199,199,209,209,209,209,209,0,30,30,30],"floor_reached":55,"language":"ENG","playtime":3147,"items_purged":["Regret"],"score":991,"play_id":"8521c41c-dc69-43f7-8a5f-8dd1e8f5b757","local_time":"20210129160918","is_ascension_mode":true,"campfire_choices":[{"data":"Flame Barrier","floor":8.0,"key":"SMITH"},{"data":"Bash","floor":10.0,"key":"SMITH"},{"data":"Berserk","floor":15.0,"key":"SMITH"},{"floor":23.0,"key":"REST"},{"floor":25.0,"key":"REST"},{"floor":32.0,"key":"REST"},{"floor":41.0,"key":"RECALL"},{"floor":49.0,"key":"REST"},{"data":"Limit Break","floor":52.0,"key":"SMITH"}],"circlet_count":0,"master_deck":["Strike_R+1","Strike_R+1","Strike_R+1","Strike_R+1","Defend_R+1","Defend_R+1","Defend_R+1","Defend_R+1","Bash+1","Armaments+1","Flame Barrier+1","Pommel Strike","Pommel Strike","Berserk+1","Inflame","Wild Strike","Immolate","Iron Wave","Shockwave","Spot Weakness","Flex+1","Feed","Shrug It Off+1","Limit Break+1","Rampage+1","Bandage Up","Trip","Panache","Flex","Heavy Blade+1","Pommel Strike+1","Rampage+1","Barricade","Shrug It Off+1","Warcry","Armaments+1","Seeing Red","Entrench+1","Flash of Steel+1","Body Slam+1"],"relics":["Burning Blood","NeowsBlessing","Sundial","White Beast Statue","Nunchaku","Strawberry","WingedGreaves","Black Star","PreservedInsect","Bottled Lightning","Pen Nib","Happy Flower","Bronze Scales","Gambling Chip","StrikeDummy","Mark of Pain","Membership Card","Molten Egg 2","Juzu Bracelet","Boot","Dream Catcher","Darkstone Periapt","Akabeko","Bag of Preparation","Regal Pillow","Singing Bowl","Ginger","Bird Faced Urn","Turnip","Bag of Marbles"],"acts_visited":["Exordium","TheCity","TheBeyond","TheEnding"],"potions_floor_usage":[55,55],"damage_taken":[{"damage":0.0,"enemies":"2 Louse","floor":1.0,"turns":1.0},{"damage":0.0,"enemies":"Jaw Worm","floor":4.0,"turns":1.0},{"damage":0.0,"enemies":"Gremlin Nob","floor":6.0,"turns":1.0},{"damage":8.0,"enemies":"Lagavulin","floor":12.0,"turns":9.0},{"damage":16.0,"enemies":"Gremlin Nob","floor":14.0,"turns":4.0},{"damage":33.0,"enemies":"Slime Boss","floor":16.0,"turns":8.0},{"damage":53.0,"enemies":"Shell Parasite","floor":18.0,"turns":6.0},{"damage":20.0,"enemies":"2 Thieves","floor":22.0,"turns":4.0},{"damage":17.0,"enemies":"Slavers","floor":24.0,"turns":4.0},{"damage":18.0,"enemies":"3 Cultists","floor":29.0,"turns":5.0},{"damage":29.0,"enemies":"Gremlin Leader","floor":30.0,"turns":4.0},{"damage":13.0,"enemies":"Snake Plant","floor":31.0,"turns":2.0},{"damage":13.0,"enemies":"Champ","floor":33.0,"turns":8.0},{"damage":13.0,"enemies":"3 Shapes","floor":35.0,"turns":3.0},{"damage":7.0,"enemies":"Orb Walker","floor":38.0,"turns":2.0},{"damage":7.0,"enemies":"Nemesis","floor":40.0,"turns":5.0},{"damage":24.0,"enemies":"Reptomancer","floor":42.0,"turns":4.0},{"damage":11.0,"enemies":"Giant Head","floor":44.0,"turns":6.0},{"damage":13.0,"enemies":"Jaw Worm Horde","floor":45.0,"turns":3.0},{"damage":30.0,"enemies":"Reptomancer","floor":46.0,"turns":4.0},{"damage":0.0,"enemies":"Spire Growth","floor":48.0,"turns":2.0},{"damage":61.0,"enemies":"Donu and Deca","floor":50.0,"turns":7.0},{"damage":51.0,"enemies":"Shield and Spear","floor":54.0,"turns":5.0},{"damage":75,"enemies":"The Heart","floor":55,"turns":3}],"seed_played":"9188844149100671497","potions_obtained":[{"floor":6.0,"key":"Energy Potion"},{"floor":12.0,"key":"EssenceOfSteel"},{"floor":14.0,"key":"BloodPotion"},{"floor":16.0,"key":"SteroidPotion"},{"floor":22.0,"key":"LiquidBronze"},{"floor":24.0,"key":"EntropicBrew"},{"floor":29.0,"key":"CultistPotion"},{"floor":30.0,"key":"Energy Potion"},{"floor":31.0,"key":"Regen Potion"},{"floor":33.0,"key":"Fruit Juice"},{"floor":35.0,"key":"ElixirPotion"},{"floor":38.0,"key":"LiquidMemories"},{"floor":40.0,"key":"Block Potion"},{"floor":42.0,"key":"Energy Potion"},{"floor":44.0,"key":"SteroidPotion"},{"floor":45.0,"key":"ColorlessPotion"},{"floor":46.0,"key":"SkillPotion"},{"floor":48.0,"key":"AttackPotion"},{"floor":54.0,"key":"PowerPotion"}],"is_trial":false,"path_per_floor":["M","?","?","M","$","E","$","R","T","R","$","E","$","E","R","B",null,"M","?","?","$","M","R","E","R","T","?","T","M","E","M","R","B",null,"M","?","$","M","?","E","R","E","T","E","M","E","?","M","R","B",null,"R","$","E","B"],"character_chosen":"IRONCLAD","items_purchased":["Pommel Strike","Inflame","PreservedInsect","Membership Card","Flex","Molten Egg 2","Bird Faced Urn","Flash of Steel+1","Strength Potion"],"campfire_rested":4,"item_purchase_floors":[5,13,21,37,37,37,53,53,53],"current_hp_per_floor":[80,80,80,80,80,80,80,80,80,80,80,85,85,75,75,48,87,40,41,41,41,27,54,43,70,70,70,70,58,35,28,55,71,100,93,83,83,88,88,91,91,77,77,79,80,56,56,62,107,52,107,107,107,68,0,0],"gold":30,"neow_bonus":"THREE_ENEMY_KILL","is_daily":false,"chose_seed":false,"campfire_upgraded":4,"win_rate":0.0,"timestamp":1611954558,"path_taken":["M","?","?","?","$","E","?","R","T","R","$","E","?","E","R","BOSS","M","?","?","?","M","R","E","R","T","?","?","M","E","M","R","BOSS","M","?","$","M","?","E","R","E","T","E","M","E","?","M","R","BOSS","R","$","E","BOSS"],"items_purchased_type":["Card","Card","Relic","Relic","Card","Relic","Relic","Card","Potion"],"build_version":"2020-12-22","purchased_purges":1,"victory":false,"max_hp_per_floor":[80,80,80,80,80,80,80,80,80,80,80,87,87,87,87,87,87,87,92,92,92,92,92,92,92,92,92,92,92,92,92,92,100,100,100,100,100,100,100,100,100,100,100,103,107,107,107,107,107,107,107,107,107,107,107,107],"card_choices":[{"not_picked":["Body Slam","Perfected Strike"],"picked":"Armaments","floor":1.0},{"not_picked":["Shrug It Off","Headbutt"],"picked":"Flame Barrier","floor":4.0},{"not_picked":["Anger","Iron Wave"],"picked":"Pommel Strike","floor":6.0},{"not_picked":["Sever Soul","Battle Trance"],"picked":"Berserk","floor":12.0},{"not_picked":["Metallicize","Evolve"],"picked":"Wild Strike","floor":14.0},{"not_picked":["Fiend Fire","Exhume"],"picked":"Immolate","floor":16.0},{"not_picked":["Cleave","Heavy Blade+1"],"picked":"Iron Wave","floor":18.0},{"not_picked":["Pommel Strike","True Grit"],"picked":"Shockwave","floor":22.0},{"not_picked":["Flame Barrier+1","Cleave"],"picked":"Spot Weakness","floor":24.0},{"not_picked":["Clothesline","Rupture"],"picked":"Flex+1","floor":29.0},{"not_picked":["Rampage","Havoc"],"picked":"Feed","floor":30.0},{"not_picked":["Headbutt","Shockwave"],"picked":"Shrug It Off+1","floor":31.0},{"not_picked":["Brutality","Feed"],"picked":"Limit Break","floor":33.0},{"not_picked":["Burning Pact","Cleave"],"picked":"Rampage+1","floor":35.0},{"not_picked":["Deep Breath","Good Instincts"],"picked":"Bandage Up","floor":36.0},{"not_picked":["Metamorphosis","Transmutation"],"picked":"Trip","floor":36.0},{"not_picked":["Mind Blast","Thinking Ahead"],"picked":"Panache","floor":36.0},{"not_picked":["Flex","Iron Wave+1"],"picked":"Heavy Blade+1","floor":38.0},{"not_picked":["Anger+1","Warcry"],"picked":"Pommel Strike+1","floor":40.0},{"not_picked":["Combust","Shockwave"],"picked":"Rampage+1","floor":42.0},{"not_picked":["Rupture","Battle Trance+1"],"picked":"Barricade","floor":44.0},{"not_picked":["Twin Strike+1","Reckless Charge+1"],"picked":"Shrug It Off+1","floor":45.0},{"not_picked":["Barricade","Rampage+1"],"picked":"Warcry","floor":46.0},{"not_picked":["Sword Boomerang+1","Blood for Blood+1"],"picked":"Seeing Red","floor":48.0},{"not_picked":["Carnage+1","Wild Strike+1"],"picked":"Entrench+1","floor":49.0},{"not_picked":["Corruption","Pommel Strike+1"],"picked":"Body Slam+1","floor":54.0}],"player_experience":257562,"relics_obtained":[{"floor":6.0,"key":"White Beast Statue"},{"floor":9.0,"key":"Nunchaku"},{"floor":12.0,"key":"Strawberry"},{"floor":14.0,"key":"WingedGreaves"},{"floor":24.0,"key":"Bottled Lightning"},{"floor":24.0,"key":"Pen Nib"},{"floor":28.0,"key":"Bronze Scales"},{"floor":30.0,"key":"Gambling Chip"},{"floor":30.0,"key":"StrikeDummy"},{"floor":40.0,"key":"Juzu Bracelet"},{"floor":40.0,"key":"Boot"},{"floor":42.0,"key":"Dream Catcher"},{"floor":42.0,"key":"Darkstone Periapt"},{"floor":43.0,"key":"Akabeko"},{"floor":44.0,"key":"Bag of Preparation"},{"floor":44.0,"key":"Regal Pillow"},{"floor":46.0,"key":"Singing Bowl"},{"floor":46.0,"key":"Ginger"},{"floor":54.0,"key":"Turnip"},{"floor":54.0,"key":"Bag of Marbles"}],"event_choices":[{"damage_healed":0.0,"max_hp_gain":0.0,"max_hp_loss":0.0,"gold_gain":0.0,"event_name":"Big Fish","player_choice":"Box","floor":2.0,"gold_loss":0.0,"damage_taken":0.0,"relics_obtained":["Sundial"],"cards_obtained":["Regret"]},{"damage_healed":0.0,"max_hp_gain":0.0,"max_hp_loss":0.0,"gold_gain":0.0,"event_name":"Upgrade Shrine","player_choice":"Upgraded","floor":3.0,"gold_loss":0.0,"damage_taken":0.0,"cards_upgraded":["Armaments"]},{"damage_healed":0.0,"max_hp_gain":5.0,"max_hp_loss":0.0,"gold_gain":0.0,"event_name":"Forgotten Altar","player_choice":"Shed Blood","floor":19.0,"gold_loss":0.0,"damage_taken":22.0},{"damage_healed":0.0,"max_hp_gain":0.0,"max_hp_loss":0.0,"gold_gain":0.0,"event_name":"Back to Basics","player_choice":"Simplicity","floor":20.0,"gold_loss":0.0,"damage_taken":0.0,"cards_upgraded":["Strike_R","Strike_R","Strike_R","Strike_R","Strike_R","Defend_R","Defend_R","Defend_R","Defend_R"]},{"damage_healed":0.0,"max_hp_gain":0.0,"max_hp_loss":0.0,"gold_gain":0.0,"event_name":"The Mausoleum","player_choice":"Opened","floor":27.0,"gold_loss":0.0,"damage_taken":0.0,"relics_obtained":["Happy Flower"]},{"damage_healed":0.0,"max_hp_gain":0.0,"max_hp_loss":0.0,"gold_gain":0.0,"event_name":"SensoryStone","player_choice":"Memory 3","floor":36.0,"gold_loss":0.0,"damage_taken":10.0},{"cards_removed":["Strike_R"],"damage_healed":0.0,"max_hp_gain":0.0,"max_hp_loss":0.0,"gold_gain":0.0,"event_name":"Falling","player_choice":"Removed Attack","floor":39.0,"gold_loss":0.0,"damage_taken":0.0},{"damage_healed":0.0,"max_hp_gain":0.0,"max_hp_loss":0.0,"gold_gain":0.0,"event_name":"Duplicator","player_choice":"Copied","floor":47.0,"gold_loss":0.0,"damage_taken":0.0,"cards_obtained":["Armaments"]}],"is_beta":false,"boss_relics":[{"not_picked":["Pandora\u0027s Box","Velvet Choker"],"picked":"Black Star"},{"not_picked":["Fusion Hammer","Philosopher\u0027s Stone"],"picked":"Mark of Pain"}],"items_purged_floors":[5],"is_endless":false,"potions_floor_spawned":[6,12,14,16,18,22,24,29,30,31,33,35,38,40,42,44,45,46,48,54],"killed_by":"The Heart","ascension_level":2}}