{"host":"mnpd8gh7cwxsn5kh","time":1611943903,"event":{"mods":["BaseMod","Bestiary","Block Reminder","Colored Map","Colored Powertips","Highlight Path","Minty Spire (QoL Compilation)","Relic Sorter","Relic Stats"],"gold_per_floor":[114,114,289,364,30,62,62,62,62,90,22,22,36,51,51,147,147,165,24,24,24,34,60,60,95,95,95,109,109,136,11,11,112,112,125,125,225,8,26,54,54,74,128,163,177,206,206,221,221,221],"floor_reached":51,"language":"ENG","playtime":4374,"items_purged":["Doubt","Pain","Clumsy"],"score":1203,"play_id":"95f7ba09-6c11-4546-976a-fc4419e2312b","local_time":"20210129191143","is_ascension_mode":true,"campfire_choices":[{"data":"Zap","floor":7,"key":"SMITH"},{"data":"Hologram","floor":15,"key":"SMITH"},{"floor":24,"key":"REST"},{"data":"Defragment","floor":27,"key":"SMITH"},{"data":"Parasite","floor":29,"key":"PURGE"},{"data":"Storm","floor":32,"key":"SMITH"},{"data":"Seek","floor":41,"key":"SMITH"},{"data":"Decay","floor":47,"key":"PURGE"},{"data":"Capacitor","floor":49,"key":"SMITH"}],"circlet_count":0,"master_deck":["Strike_B","Strike_B","Defend_B","Defend_B","Defend_B","Zap+1","Dualcast","FTL","Sweeping Beam+1","Reinforced Body","Hologram+1","Streamline","Compile Driver","Cold Snap","Electrodynamics","Buffer+1","Stack+1","Buffer+1","Heatsinks+1","Storm+1","Defragment+1","Self Repair+1","Streamline+1","Go for the Eyes+1","Conserve Battery+1","Seek+1","Force Field","Capacitor+1","Defragment+1","Redo+1","Loop+1","Barrage","White Noise+1","Cold Snap","Cold Snap+1","Capacitor"],"relics":["Cursed Key","Du-Vu Doll","Mummified Hand","Pantograph","Dream Catcher","Lantern","Astrolabe","Gremlin Horn","Anchor","Peace Pipe","Strawberry","Centennial Puzzle","Runic Pyramid","DollysMirror","Bottled Lightning","Nunchaku","CaptainsWheel","Ancient Tea Set"],"acts_visited":["Exordium","TheCity","TheBeyond"],"potions_floor_usage":[16,25,25,33,50,50],"damage_taken":[{"damage":3,"enemies":"Small Slimes","floor":1,"turns":4},{"damage":32,"enemies":"Lagavulin","floor":6,"turns":7},{"damage":15,"enemies":"3 Sentries","floor":10,"turns":5},{"damage":0,"enemies":"2 Louse","floor":13,"turns":1},{"damage":4,"enemies":"Cultist","floor":14,"turns":3},{"damage":37,"enemies":"The Guardian","floor":16,"turns":12},{"damage":12,"enemies":"3 Byrds","floor":18,"turns":3},{"damage":14,"enemies":"2 Thieves","floor":22,"turns":4},{"damage":10,"enemies":"Slavers","floor":23,"turns":5},{"damage":5,"enemies":"Book of Stabbing","floor":25,"turns":6},{"damage":0,"enemies":"Snecko","floor":28,"turns":3},{"damage":0,"enemies":"Gremlin Leader","floor":30,"turns":4},{"damage":0,"enemies":"Champ","floor":33,"turns":7},{"damage":0,"enemies":"Orb Walker","floor":35,"turns":3},{"damage":0,"enemies":"3 Darklings","floor":39,"turns":2},{"damage":0,"enemies":"Giant Head","floor":40,"turns":8},{"damage":0,"enemies":"4 Shapes","floor":42,"turns":2},{"damage":4,"enemies":"Nemesis","floor":44,"turns":5},{"damage":0,"enemies":"Spire Growth","floor":45,"turns":3},{"damage":0,"enemies":"Giant Head","floor":46,"turns":7},{"damage":0,"enemies":"Maw","floor":48,"turns":5},{"damage":0,"enemies":"Donu and Deca","floor":50,"turns":3}],"seed_played":"8587432145436082944","potions_obtained":[{"floor":6,"key":"FairyPotion"},{"floor":10,"key":"Energy Potion"},{"floor":14,"key":"AttackPotion"},{"floor":18,"key":"Swift Potion"},{"floor":30,"key":"PowerPotion"},{"floor":35,"key":"Strength Potion"},{"floor":40,"key":"FocusPotion"},{"floor":44,"key":"FocusPotion"}],"is_trial":false,"path_per_floor":["M","?","?","?","$","E","R","?","T","E","$","?","M","M","R","B",null,"M","$","?","?","M","E","R","E","T","R","M","R","E","$","R","B",null,"M","?","?","$","M","E","R","M","T","E","M","E","R","M","R","B",null],"character_chosen":"DEFECT","items_purchased":["Mummified Hand","Hologram","Streamline","Storm","Capacitor","DollysMirror"],"campfire_rested":1,"item_purchase_floors":[5,11,11,19,38,38],"current_hp_per_floor":[72,60,60,49,49,17,17,17,17,2,2,20,20,16,16,4,57,45,45,45,45,31,21,43,48,55,55,65,65,75,75,75,79,79,79,79,79,79,79,79,79,79,79,79,79,79,79,79,79,79],"gold":221,"neow_bonus":"BOSS_RELIC","is_daily":false,"chose_seed":false,"campfire_upgraded":6,"win_rate":0.0,"timestamp":1611943903,"path_taken":["M","?","?","?","$","E","R","?","T","E","$","?","M","?","R","BOSS","M","$","?","?","M","E","R","E","T","R","M","R","E","?","R","BOSS","M","?","?","$","M","E","R","?","T","E","M","E","R","M","R","BOSS"],"items_purchased_type":["Relic","Card","Card","Card","Card","Relic"],"build_version":"2020-12-22","purchased_purges":3,"victory":true,"max_hp_per_floor":[75,75,75,75,75,75,75,75,75,75,75,75,75,75,75,75,75,75,75,75,75,75,75,75,75,82,82,82,79,79,79,79,79,79,79,79,79,79,79,79,79,79,79,79,79,79,79,79,79,79],"relic_stats":{"Peace Pipe":3,"Dream Catcher":1,"Centennial Puzzle":[3],"Nunchaku":[3],"Gremlin Horn":[10,10],"counters":[22,102],"Mummified Hand":[139],"Pantograph":29,"Astrolabe":["Buffer","Stack","Buffer"],"Cursed Key":3,"obtain_stats":[{"Lantern":10,"Gremlin Horn":20,"Astrolabe":17,"Cursed Key":0,"Ancient Tea Set":46,"Du-Vu Doll":2,"Peace Pipe":25,"Dream Catcher":9,"Anchor":23,"Centennial Puzzle":30,"Nunchaku":43,"CaptainsWheel":44,"Mummified Hand":5,"DollysMirror":38,"Pantograph":6,"Strawberry":26,"Bottled Lightning":40,"Cracked Core":0,"Runic Pyramid":34},{"Lantern":3,"Gremlin Horn":7,"Astrolabe":6,"Cursed Key":0,"Ancient Tea Set":20,"Du-Vu Doll":1,"Peace Pipe":10,"Dream Catcher":2,"Anchor":9,"Centennial Puzzle":12,"Nunchaku":17,"CaptainsWheel":18,"Mummified Hand":1,"DollysMirror":14,"Pantograph":2,"Strawberry":10,"Bottled Lightning":16,"Cracked Core":0,"Runic Pyramid":13},{"Lantern":16,"Gremlin Horn":35,"Astrolabe":32,"Cursed Key":0,"Ancient Tea Set":94,"Du-Vu Doll":4,"Peace Pipe":50,"Dream Catcher":11,"Anchor":44,"Centennial Puzzle":57,"Nunchaku":79,"CaptainsWheel":84,"Mummified Hand":4,"DollysMirror":67,"Pantograph":11,"Strawberry":50,"Bottled Lightning":77,"Cracked Core":0,"Runic Pyramid":64}]},"card_choices":[{"not_picked":["Steam","Blizzard"],"picked":"FTL","floor":1},{"not_picked":["Gash","Leap"],"picked":"Sweeping Beam","floor":6},{"not_picked":["Darkness","Scrape"],"picked":"Reinforced Body","floor":10},{"not_picked":["Blizzard","Auto Shields"],"picked":"Compile Driver","floor":13},{"not_picked":["Blizzard","Heatsinks"],"picked":"Cold Snap","floor":14},{"not_picked":["Rainbow","Seek"],"picked":"Electrodynamics","floor":16},{"not_picked":["Redo","Sweeping Beam"],"picked":"Heatsinks+1","floor":18},{"not_picked":["Aggregate","Barrage"],"picked":"Defragment","floor":22},{"not_picked":["Gash","Loop+1"],"picked":"Self Repair+1","floor":23},{"not_picked":["Compile Driver","Turbo"],"picked":"Streamline+1","floor":24},{"not_picked":["Rip and Tear","Rebound"],"picked":"Go for the Eyes+1","floor":25},{"not_picked":["Leap","Hologram"],"picked":"Cold Snap+1","floor":28},{"not_picked":["Blizzard","Melter"],"picked":"Conserve Battery+1","floor":30},{"not_picked":["Hyperbeam","Core Surge"],"picked":"Seek","floor":33},{"not_picked":["Rebound+1","Conserve Battery"],"picked":"Force Field","floor":35},{"not_picked":["Compile Driver","Go for the Eyes"],"picked":"Redo+1","floor":39},{"not_picked":["BootSequence","Multi-Cast"],"picked":"Loop+1","floor":40},{"not_picked":["Consume","Fusion+1"],"picked":"Barrage","floor":42},{"not_picked":["Seek","Go for the Eyes"],"picked":"White Noise+1","floor":44},{"not_picked":["Rebound+1","Redo+1"],"picked":"Cold Snap","floor":45},{"not_picked":["Stack","Melter"],"picked":"Cold Snap+1","floor":46},{"not_picked":["Rebound","Redo+1"],"picked":"Capacitor","floor":48}],"player_experience":182777,"relics_obtained":[{"floor":6,"key":"Pantograph"},{"floor":9,"key":"Dream Catcher"},{"floor":10,"key":"Lantern"},{"floor":23,"key":"Anchor"},{"floor":25,"key":"Peace Pipe"},{"floor":26,"key":"Strawberry"},{"floor":30,"key":"Centennial Puzzle"},{"floor":40,"key":"Bottled Lightning"},{"floor":43,"key":"Nunchaku"},{"floor":44,"key":"CaptainsWheel"},{"floor":46,"key":"Ancient Tea Set"}],"event_choices":[{"damage_healed":0,"gold_gain":0,"player_choice":"Success","damage_taken":12,"relics_obtained":["Du-Vu Doll"],"max_hp_gain":0,"max_hp_loss":0,"event_name":"Scrap Ooze","floor":2,"gold_loss":0},{"damage_healed":0,"gold_gain":175,"player_choice":"AGREE","damage_taken":0,"max_hp_gain":0,"max_hp_loss":0,"event_name":"Liars Game","floor":3,"gold_loss":0,"cards_obtained":["Doubt"]},{"damage_healed":0,"gold_gain":75,"player_choice":"Gather Gold","damage_taken":11,"max_hp_gain":0,"max_hp_loss":0,"event_name":"World of Goop","floor":4,"gold_loss":0},{"damage_healed":0,"gold_gain":0,"player_choice":"Grow","damage_taken":0,"max_hp_gain":0,"max_hp_loss":0,"event_name":"Living Wall","floor":8,"gold_loss":0,"cards_upgraded":["Sweeping Beam"]},{"damage_healed":18,"gold_gain":0,"player_choice":"Healed and dodged fight","damage_taken":0,"max_hp_gain":0,"max_hp_loss":0,"event_name":"Mushrooms","floor":12,"gold_loss":0,"cards_obtained":["Parasite"]},{"damage_healed":0,"gold_gain":0,"player_choice":"Stole Relic","damage_taken":0,"relics_obtained":["Gremlin Horn"],"max_hp_gain":0,"max_hp_loss":0,"event_name":"Addict","floor":20,"gold_loss":0,"cards_obtained":["Shame"]},{"cards_removed":["Shame"],"damage_healed":0,"gold_gain":0,"player_choice":"Elegance","damage_taken":0,"max_hp_gain":0,"max_hp_loss":0,"event_name":"Back to Basics","floor":21,"gold_loss":0},{"cards_removed":["Cold Snap"],"damage_healed":0,"gold_gain":0,"player_choice":"Removed Attack","damage_taken":0,"max_hp_gain":0,"max_hp_loss":0,"event_name":"Falling","floor":36,"gold_loss":0},{"damage_healed":0,"gold_gain":100,"player_choice":"Pray","damage_taken":0,"max_hp_gain":0,"max_hp_loss":0,"event_name":"Golden Shrine","floor":37,"gold_loss":0}],"is_beta":false,"boss_relics":[{"not_picked":["Coffee Dripper","Runic Dome"],"picked":"Astrolabe"},{"not_picked":["Pandora\u0027s Box","SlaversCollar"],"picked":"Runic Pyramid"}],"items_purged_floors":[5,19,31],"is_endless":false,"potions_floor_spawned":[6,10,14,18,30,35,40,44,45],"ascension_level":5}}