{"host":"a3wpq7kyokchzawk","time":1611922295,"event":{"mods":["BaseMod","Colored Map","Highlight Path","Minty Spire (QoL Compilation)","Permanent Neow","Potion Indicator Mod","Relic Stats","Weighted Paths"],"gold_per_floor":[110,110,121,132,144,173,191,221,273,289,300,314,71,146,146,223,223,237,253,13,13,13,13,45,61,61,78,92,119,130,143,143,143,143],"floor_reached":33,"language":"ENG","playtime":4490,"items_purged":["Strike_G"],"score":610,"play_id":"ee6039df-8e48-4c62-9cb4-f0ffb85cc8ea","local_time":"20210129101135","is_ascension_mode":true,"campfire_choices":[{"floor":15.0,"key":"REST"},{"floor":23.0,"key":"REST"},{"data":"Catalyst","floor":32.0,"key":"SMITH"}],"circlet_count":0,"master_deck":["AscendersBane","Strike_G","Strike_G","Strike_G+1","Strike_G","Defend_G","Defend_G","Defend_G","Defend_G","Defend_G","Survivor","Neutralize+1","Deadly Poison","Caltrops","Blur","Quick Slash","Crippling Poison","Die Die Die","Dodge and Roll","Noxious Fumes","Tools of the Trade","Catalyst+1","Dash","Outmaneuver+1","Backstab","Bouncing Flask","Dodge and Roll","PiercingWail","Underhanded Strike"],"relics":["Ring of the Snake","FossilizedHelix","HornCleat","Bronze Scales","Whetstone","Oddly Smooth Stone","Velvet Choker","ClockworkSouvenir","Mummified Hand","Strawberry","Meat on the Bone","Pen Nib"],"acts_visited":["Exordium","TheCity"],"potions_floor_usage":[33],"damage_taken":[{"damage":0.0,"enemies":"2 Louse","floor":1.0,"turns":4.0},{"damage":0.0,"enemies":"Jaw Worm","floor":3.0,"turns":4.0},{"damage":0.0,"enemies":"Cultist","floor":4.0,"turns":4.0},{"damage":5.0,"enemies":"Gremlin Gang","floor":5.0,"turns":4.0},{"damage":24.0,"enemies":"Gremlin Nob","floor":6.0,"turns":4.0},{"damage":0.0,"enemies":"Large Slime","floor":7.0,"turns":7.0},{"damage":22.0,"enemies":"3 Sentries","floor":8.0,"turns":11.0},{"damage":0.0,"enemies":"Lots of Slimes","floor":10.0,"turns":2.0},{"damage":0.0,"enemies":"Red Slaver","floor":11.0,"turns":3.0},{"damage":0.0,"enemies":"Large Slime","floor":12.0,"turns":5.0},{"damage":12.0,"enemies":"Hexaghost","floor":16.0,"turns":10.0},{"damage":0.0,"enemies":"Shell Parasite","floor":18.0,"turns":5.0},{"damage":10.0,"enemies":"Spheric Guardian","floor":19.0,"turns":6.0},{"damage":16.0,"enemies":"Gremlin Leader","floor":24.0,"turns":6.0},{"damage":16.0,"enemies":"Snake Plant","floor":25.0,"turns":2.0},{"damage":0.0,"enemies":"3 Cultists","floor":27.0,"turns":5.0},{"damage":10.0,"enemies":"Centurion and Healer","floor":28.0,"turns":7.0},{"damage":16.0,"enemies":"Book of Stabbing","floor":29.0,"turns":4.0},{"damage":5.0,"enemies":"Sentry and Sphere","floor":30.0,"turns":5.0},{"damage":0.0,"enemies":"Snake Plant","floor":31.0,"turns":3.0},{"damage":42,"enemies":"Automaton","floor":33,"turns":8}],"seed_played":"2736470311196021692","potions_obtained":[{"floor":1.0,"key":"AttackPotion"},{"floor":4.0,"key":"SteroidPotion"},{"floor":6.0,"key":"Explosive Potion"},{"floor":12.0,"key":"GhostInAJar"},{"floor":16.0,"key":"Fire Potion"},{"floor":27.0,"key":"Fruit Juice"},{"floor":28.0,"key":"FearPotion"},{"floor":30.0,"key":"Swift Potion"}],"is_trial":false,"path_per_floor":["M","?","M","M","M","E","M","E","T","M","M","M","$","?","R","B",null,"M","M","$","?","?","R","E","M","T","M","M","E","M","M","R","B"],"character_chosen":"THE_SILENT","items_purchased":["Noxious Fumes","Oddly Smooth Stone","ClockworkSouvenir"],"campfire_rested":2,"item_purchase_floors":[13,13,20],"current_hp_per_floor":[44,66,66,66,61,37,37,15,15,15,15,15,15,4,23,11,52,52,42,42,24,24,45,36,20,20,37,39,35,42,42,42,0,0],"gold":143,"neow_bonus":"ONE_RARE_RELIC","is_daily":false,"chose_seed":false,"campfire_upgraded":1,"win_rate":0.0,"timestamp":1611922295,"path_taken":["M","?","M","M","M","E","M","E","T","M","M","M","$","?","R","BOSS","M","M","$","?","?","R","E","M","T","M","M","E","M","?","R","BOSS"],"items_purchased_type":["Card","Relic","Relic"],"build_version":"2020-12-22","purchased_purges":1,"victory":false,"max_hp_per_floor":[66,66,66,66,66,66,66,66,66,66,66,66,66,66,66,66,66,66,66,66,71,71,71,78,78,78,83,83,83,83,83,83,83,83],"relic_stats":{"counters":[21,109],"Mummified Hand":[19],"Bronze Scales":[244],"Pen Nib":[2],"Whetstone":["Strike_G","Neutralize"],"obtain_stats":[{"HornCleat":6,"Mummified Hand":22,"Bronze Scales":8,"Strawberry":24,"Oddly Smooth Stone":13,"Velvet Choker":17,"Pen Nib":29,"Whetstone":9,"FossilizedHelix":0,"Ring of the Snake":0,"ClockworkSouvenir":20,"Meat on the Bone":26},{"HornCleat":5,"Mummified Hand":13,"Bronze Scales":7,"Strawberry":14,"Oddly Smooth Stone":10,"Velvet Choker":11,"Pen Nib":18,"Whetstone":7,"FossilizedHelix":0,"Ring of the Snake":0,"ClockworkSouvenir":13,"Meat on the Bone":15},{"HornCleat":20,"Mummified Hand":69,"Bronze Scales":38,"Strawberry":75,"Oddly Smooth Stone":48,"Velvet Choker":58,"Pen Nib":93,"Whetstone":38,"FossilizedHelix":0,"Ring of the Snake":0,"ClockworkSouvenir":69,"Meat on the Bone":77}],"Ring of the Snake":[42],"Meat on the Bone":48},"card_choices":[{"not_picked":["Dodge and Roll","Setup"],"picked":"Deadly Poison","floor":1.0},{"not_picked":["Outmaneuver","Underhanded Strike"],"picked":"Caltrops","floor":3.0},{"not_picked":["Sucker Punch","Acrobatics","Deflect"],"picked":"SKIP","floor":4.0},{"not_picked":["Outmaneuver","Setup"],"picked":"Dagger Spray","floor":5.0},{"not_picked":["Underhanded Strike","Choke"],"picked":"Blur","floor":6.0},{"not_picked":["Acrobatics","Prepared"],"picked":"Quick Slash","floor":7.0},{"not_picked":["Backstab","Sucker Punch"],"picked":"Crippling Poison","floor":8.0},{"not_picked":["Prepared","Masterful Stab"],"picked":"Die Die Die","floor":10.0},{"not_picked":["Poisoned Stab","Outmaneuver"],"picked":"Dodge and Roll","floor":11.0},{"not_picked":["Underhanded Strike","Slice","Well Laid Plans"],"picked":"SKIP","floor":12.0},{"not_picked":["Night Terror","Unload"],"picked":"Tools of the Trade","floor":16.0},{"not_picked":["Acrobatics","Escape Plan"],"picked":"Catalyst","floor":18.0},{"not_picked":["Sucker Punch","Outmaneuver"],"picked":"Dash","floor":19.0},{"not_picked":["Infinite Blades","Crippling Poison+1"],"picked":"Outmaneuver+1","floor":24.0},{"not_picked":["Deflect","Acrobatics"],"picked":"Backstab","floor":25.0},{"not_picked":["Deadly Poison","Tools of the Trade"],"picked":"Bouncing Flask","floor":27.0},{"not_picked":["Deflect","Terror"],"picked":"Dodge and Roll","floor":28.0},{"not_picked":["Prepared","Setup","Sucker Punch"],"picked":"SKIP","floor":29.0},{"not_picked":["Prepared","Setup","Sucker Punch"],"picked":"SKIP","floor":29.0},{"not_picked":["Deadly Poison","Crippling Poison"],"picked":"PiercingWail","floor":30.0},{"not_picked":["Deflect","Terror"],"picked":"Underhanded Strike","floor":31.0}],"player_experience":2501387,"relics_obtained":[{"floor":6.0,"key":"HornCleat"},{"floor":8.0,"key":"Bronze Scales"},{"floor":9.0,"key":"Whetstone"},{"floor":24.0,"key":"Strawberry"},{"floor":26.0,"key":"Meat on the Bone"},{"floor":29.0,"key":"Pen Nib"}],"event_choices":[{"damage_healed":22.0,"max_hp_gain":0.0,"max_hp_loss":0.0,"gold_gain":0.0,"event_name":"Big Fish","player_choice":"Banana","floor":2.0,"gold_loss":0.0,"damage_taken":0.0},{"damage_healed":0.0,"max_hp_gain":0.0,"max_hp_loss":0.0,"gold_gain":75.0,"event_name":"World of Goop","player_choice":"Gather Gold","floor":14.0,"gold_loss":0.0,"damage_taken":11.0},{"damage_healed":0.0,"max_hp_gain":5.0,"max_hp_loss":0.0,"gold_gain":0.0,"event_name":"Forgotten Altar","player_choice":"Shed Blood","floor":21.0,"gold_loss":0.0,"damage_taken":23.0},{"cards_removed":["Dagger Spray"],"damage_healed":0.0,"max_hp_gain":0.0,"max_hp_loss":0.0,"gold_gain":0.0,"event_name":"WeMeetAgain","player_choice":"Gave Card","floor":22.0,"gold_loss":0.0,"damage_taken":0.0,"relics_obtained":["Mummified Hand"]}],"is_beta":false,"boss_relics":[{"not_picked":["Runic Pyramid","Busted Crown"],"picked":"Velvet Choker"}],"items_purged_floors":[20],"is_endless":false,"potions_floor_spawned":[1,4,6,12,16,19,27,28,30],"killed_by":"Automaton","ascension_level":20}}