{"host":"e1pm3b7xpcm97e5w","time":1611949619,"event":{"mods":["BaseMod","Better Skull","Googly Eyes","Minty Spire (QoL Compilation)","Relic Stats","Shop Mod","Spicy Shops","StSLib"],"gold_per_floor":[114,128,128,128,53,53,80,5,28,54,70,90,90,48,48,122,172,122,39,56,73,73,73],"floor_reached":22,"language":"ENG","playtime":653,"items_purged":["Strike_G"],"score":416,"play_id":"6554c6f8-7e6a-4c71-a725-172d3ef95009","local_time":"20210129144659","is_ascension_mode":true,"campfire_choices":[{"data":"Cloak And Dagger","floor":6.0,"key":"SMITH"},{"data":"Backflip","floor":13.0,"key":"SMITH"},{"floor":15.0,"key":"REST"}],"circlet_count":0,"master_deck":["AscendersBane","Strike_G","Strike_G","Strike_G","Defend_G","Defend_G","Defend_G","Defend_G","Defend_G","Survivor","Neutralize+1","Masterful Stab","Cloak And Dagger+1","Catalyst+1","Backflip+1","Noxious Fumes","Adrenaline","Caltrops","Accuracy","Footwork","Dodge and Roll"],"relics":["Ring of the Snake","NeowsBlessing","MealTicket","White Beast Statue","PreservedInsect","Gremlin Horn","Tiny House"],"acts_visited":["Exordium","TheCity"],"potions_floor_usage":[],"damage_taken":[{"damage":0.0,"enemies":"Jaw Worm","floor":1.0,"turns":1.0},{"damage":0.0,"enemies":"Small Slimes","floor":2.0,"turns":1.0},{"damage":0.0,"enemies":"3 Sentries","floor":7.0,"turns":1.0},{"damage":40.0,"enemies":"Lagavulin","floor":10.0,"turns":8.0},{"damage":0.0,"enemies":"Cultist","floor":11.0,"turns":3.0},{"damage":0.0,"enemies":"Lots of Slimes","floor":12.0,"turns":3.0},{"damage":26.0,"enemies":"The Guardian","floor":16.0,"turns":15.0},{"damage":12.0,"enemies":"2 Thieves","floor":18.0,"turns":5.0},{"damage":26.0,"enemies":"Chosen","floor":20.0,"turns":5.0},{"damage":10.0,"enemies":"Shelled Parasite and Fungi","floor":21.0,"turns":8.0}],"seed_played":"7055613525218792457","potions_obtained":[{"floor":1.0,"key":"DuplicationPotion"},{"floor":7.0,"key":"SpeedPotion"},{"floor":10.0,"key":"DuplicationPotion"},{"floor":11.0,"key":"Regen Potion"},{"floor":16.0,"key":"FairyPotion"},{"floor":18.0,"key":"AttackPotion"},{"floor":20.0,"key":"Strength Potion"},{"floor":21.0,"key":"Dexterity Potion"}],"is_trial":false,"path_per_floor":["M","M","?","?","$","R","E","?","T","E","M","M","R","$","R","B",null,"M","$","M","M","?"],"character_chosen":"THE_SILENT","items_purchased":["Noxious Fumes","Accuracy"],"campfire_rested":1,"item_purchase_floors":[14,19],"current_hp_per_floor":[59,59,59,41,56,56,56,56,56,16,16,16,16,31,50,24,61,63,71,45,35,35,35],"gold":73,"neow_bonus":"THREE_ENEMY_KILL","is_daily":false,"chose_seed":false,"campfire_upgraded":2,"win_rate":0.0,"timestamp":1611949619,"path_taken":["M","M","?","?","$","R","E","?","T","E","?","M","R","?","R","BOSS","M","$","M","?","?"],"items_purchased_type":["Card","Card"],"build_version":"2020-12-22","purchased_purges":1,"victory":false,"max_hp_per_floor":[66,66,66,66,66,66,66,66,66,66,66,66,66,66,66,66,71,71,71,71,71,71,71],"relic_stats":{"Gremlin Horn":[6,6],"counters":[10,50],"MealTicket":38,"PreservedInsect":28,"obtain_stats":[{"Tiny House":17,"NeowsBlessing":0,"Gremlin Horn":10,"MealTicket":4,"PreservedInsect":9,"White Beast Statue":7,"Ring of the Snake":0},{"Tiny House":7,"NeowsBlessing":0,"Gremlin Horn":4,"MealTicket":2,"PreservedInsect":3,"White Beast Statue":3,"Ring of the Snake":0},{"Tiny House":32,"NeowsBlessing":0,"Gremlin Horn":11,"MealTicket":2,"PreservedInsect":3,"White Beast Statue":3,"Ring of the Snake":0}],"Ring of the Snake":[20]},"card_choices":[{"not_picked":["Well Laid Plans","Prepared"],"picked":"Masterful Stab","floor":1.0},{"not_picked":["Dagger Spray","Underhanded Strike"],"picked":"Cloak And Dagger","floor":2.0},{"not_picked":["Endless Agony","Blade Dance"],"picked":"Catalyst","floor":7.0},{"not_picked":["Phantasmal Killer","Outmaneuver"],"picked":"Backflip","floor":10.0},{"not_picked":["Quick Slash","Terror","Prepared"],"picked":"SKIP","floor":11.0},{"not_picked":["Quick Slash","Reflex","Outmaneuver"],"picked":"SKIP","floor":12.0},{"not_picked":["Malaise","Storm of Steel"],"picked":"Adrenaline","floor":16.0},{"not_picked":["Prepared","PiercingWail"],"picked":"Caltrops","floor":18.0},{"not_picked":["Accuracy","Quick Slash"],"picked":"Footwork","floor":20.0},{"not_picked":["Concentrate","All Out Attack"],"picked":"Dodge and Roll","floor":21.0}],"player_experience":609928,"relics_obtained":[{"floor":7.0,"key":"White Beast Statue"},{"floor":9.0,"key":"PreservedInsect"},{"floor":10.0,"key":"Gremlin Horn"}],"event_choices":[{"damage_healed":0.0,"max_hp_gain":0.0,"max_hp_loss":0.0,"gold_gain":0.0,"event_name":"Living Wall","player_choice":"Grow","floor":3.0,"gold_loss":0.0,"damage_taken":0.0,"cards_upgraded":["Neutralize"]},{"damage_healed":0.0,"max_hp_gain":0.0,"max_hp_loss":0.0,"gold_gain":0.0,"event_name":"Scrap Ooze","player_choice":"Success","floor":4.0,"gold_loss":0.0,"damage_taken":18.0,"relics_obtained":["MealTicket"]},{"cards_removed":["Strike_G"],"damage_healed":0.0,"max_hp_gain":0.0,"max_hp_loss":0.0,"gold_gain":0.0,"event_name":"The Cleric","player_choice":"Card Removal","floor":8.0,"gold_loss":75.0,"damage_taken":0.0}],"is_beta":false,"boss_relics":[{"not_picked":["Philosopher\u0027s Stone","Velvet Choker"],"picked":"Tiny House"}],"items_purged_floors":[5],"is_endless":false,"potions_floor_spawned":[1,7,10,11,12,16,18,20,21],"ascension_level":18}}