{"host":"4c7oxphrh4ok8x7u","time":1611937245,"event":{"mods":["100% Spire Juice","2.2 Compatiblity","Act Like it!","Arknights The Spire","Aspiration","BaseMod","Beaked The Cultist","Better Skull","Better Vampires","BetterRewards","Challenge The Spire","Conjunction","Conspire","Custom Start","Dota2Spire","Ekko","Evolution","Fiend Mod","Friendly Minions","FruityMod","GifTheSpireLib","Good Game Mod","Halation","Hermit","HololiveMod","Hubris","Hyrulean Relics","Jedi Mod","Jess\u0027s Bottle","Kratos Character Expansion","Minty Spire (QoL Compilation)","MostiFishMod","Permanent Neow","Poor People Problems","Prisma Mod","Quarter Circle Forward PUNCH!","RatMod","Reliquary","Replay The Spire","Robot Space Explorer","SCP261 Mod","Shade Mod","Slay the Relics Exporter","Small Relic Pack","Spicy Shops","Spikes Relics","Spires And Sneckos","StS++","StSLib","Stuff the Spire","The Animator","The Blue Laboratory","The Death Knight","The Edgeheg","The Exalted","The Fake Hero","The Servant 0.9.4","The Trickster","TheVacant","TheWitcher","Wandering Minibosses","WarShipGirlsR/????R mod"],"gold_per_floor":[114,124,144,29,43,68,68,68,68,68,78,107,124,134,134,236,236,256,269,286,298,313,313,323,323,375,149,209,209,209,224,224,353,353,366,377,377,424,444,509,509,529,552,552,552,567,567,610,610,640,640,640,80,105,105],"floor_reached":56,"language":"RUS","playtime":2372,"items_purged":[],"score":1342,"play_id":"6bed090e-6321-42aa-a9c1-f66fa6bd2d0c","local_time":"20210129192045","is_ascension_mode":false,"campfire_choices":[{"data":"MostiFishMod:Neurotoxin","floor":8,"key":"SMITH"},{"data":"Bromod:ArchwingLauncher","floor":10,"key":"SMITH"},{"floor":23,"key":"RECALL"},{"data":"Bromod:Thunderbolt","floor":30,"key":"SMITH"},{"data":"Bromod:EnergySiphon","floor":32,"key":"SMITH"},{"data":"Bromod:SteelCharge","floor":41,"key":"SMITH"},{"data":"Bromod:SteelFiber","floor":44,"key":"SMITH"},{"data":"Bromod:JaggedEdge","floor":49,"key":"SMITH"},{"data":"Bromod:SteelFiber","floor":52,"key":"SMITH"}],"circlet_count":0,"master_deck":["Bromod:Strike_Bro","Bromod:Strike_Bro","Bromod:Strike_Bro","Bromod:Defend_Bro","Bromod:Defend_Bro","Bromod:Defend_Bro","Bromod:SlashDash","Bromod:SlashDash","Bromod:SlashDash","MostiFishMod:Neurotoxin+1","Bromod:SteelCharge+1","Bromod:SteelFiber+1","Bromod:OrganShatter","Bromod:ArchwingLauncher+1","Clumsy","Bromod:LifeStrike","Bromod:NorthWind","Bromod:EnergySiphon+1","Bromod:ContagiousSpread+1","Bromod:NoReturn","Bromod:ToxicFlight+1","Bromod:ContagiousSpread+1","Bromod:Rejuvenation","Bromod:SlipMagazine+1","Bromod:ContagiousSpread+1","Bromod:Stormbringer","Bromod:Thunderbolt+1","Bromod:NoReturn","Bromod:ArchwingLauncher+1","Bromod:JaggedEdge+1","Bromod:OrganShatter+1","Bromod:LifeStrike","Bromod:Rejuvenation","Bromod:SteelFiber+1","Bromod:SlipMagazine"],"relics":["Bromod:Ordis","Bromod:AscarisDevice","EVO:Axolotl","DaveBox","REME:ComplimentaryCards","DianDianMeat","SynthV:TestCard","HollowDreamFlower","halation:PinkSoulGem","reliquary:RedPaperclip","Dota2Spire:HandOfMidas","Bag of Marbles","Pet Ghost","hubris:Icosahedron","ExusiaiGun","jedi:cryingmask","Bromod:ArcaneConsequence","wanderingMiniBosses:Inkheart","reliquary:RosewoodLute","hubris:Towel","StSpp:TwinEgg","Toolbox","BrkXgEgg","jedi:heavyjacket"],"acts_visited":["Exordium","TheCity","TheBeyond","TheEnding"],"potions_floor_usage":[6,21,21,33],"damage_taken":[{"damage":6,"enemies":"Cultist","floor":1,"turns":4},{"damage":0,"enemies":"Small Slimes","floor":2,"turns":5},{"damage":10,"enemies":"2 Louse","floor":3,"turns":3},{"damage":8,"enemies":"Red Slaver","floor":5,"turns":5},{"damage":6,"enemies":"Gremlin Nob","floor":6,"turns":4},{"damage":5,"enemies":"Exordium Thugs","floor":11,"turns":6},{"damage":10,"enemies":"Lagavulin","floor":12,"turns":6},{"damage":7,"enemies":"Large Slime","floor":13,"turns":5},{"damage":1,"enemies":"Lots of Slimes","floor":14,"turns":3},{"damage":23,"enemies":"Slime Boss","floor":16,"turns":6},{"damage":0,"enemies":"3 Byrds","floor":18,"turns":4},{"damage":2,"enemies":"Spheric Guardian","floor":19,"turns":3},{"damage":2,"enemies":"Snake Plant","floor":20,"turns":4},{"damage":29,"enemies":"Centurion and Healer","floor":21,"turns":8},{"damage":24,"enemies":"Shelled Parasite and Fungi","floor":22,"turns":4},{"damage":6,"enemies":"Snake Plant","floor":24,"turns":4},{"damage":24,"enemies":"Replay:Snechameleon","floor":28,"turns":4},{"damage":8,"enemies":"Cultist and Chosen","floor":31,"turns":3},{"damage":47,"enemies":"Automaton","floor":33,"turns":6},{"damage":12,"enemies":"Orb Walker","floor":35,"turns":2},{"damage":0,"enemies":"3 Darklings","floor":36,"turns":2},{"damage":10,"enemies":"Spire Growth","floor":38,"turns":3},{"damage":31,"enemies":"4 Shapes","floor":39,"turns":3},{"damage":3,"enemies":"Nemesis","floor":40,"turns":3},{"damage":0,"enemies":"Jaw Worm Horde","floor":42,"turns":2},{"damage":0,"enemies":"Writhing Mass","floor":46,"turns":1},{"damage":0,"enemies":"Transient","floor":48,"turns":4},{"damage":79,"enemies":"Awakened One","floor":50,"turns":7},{"damage":0,"enemies":"Shield and Spear","floor":54,"turns":1},{"damage":34,"enemies":"The Heart","floor":55,"turns":2}],"seed_played":"-5749988074741932655","potions_obtained":[{"floor":1,"key":"DeathKnight:RimePotion"},{"floor":3,"key":"Weak Potion"},{"floor":6,"key":"Bromod:Endo"},{"floor":13,"key":"jedi:StrikingPotion"},{"floor":20,"key":"Explosive Potion"},{"floor":21,"key":"SkillPotion"},{"floor":24,"key":"SCP261:AppleJuicePotion"},{"floor":33,"key":"SpiresAndSneckos:LightningMarble"},{"floor":46,"key":"Ancient Potion"},{"floor":54,"key":"Bromod:HealthRestore"}],"is_trial":false,"path_per_floor":["M","M","M","$","M","E","?","R","T","R","M","E","M","M","R","B",null,"M","M","M","M","M","R","M","?","T","$","E","?","R","M","R","B",null,"M","M","?","M","M","E","R","M","T","R","?","M","?","M","R","B",null,"R","$","E","B",null],"character_chosen":"THE_EXALTED","items_purchased":["HollowDreamFlower","Bromod:Thunderbolt","Bag of Marbles","StSpp:TwinEgg","Toolbox","BrkXgEgg"],"campfire_rested":0,"item_purchase_floors":[4,27,27,53,53,53],"current_hp_per_floor":[75,79,74,80,83,98,98,98,98,98,120,130,139,141,141,141,153,166,178,195,177,179,179,197,197,197,215,219,219,219,254,254,240,314,302,328,328,345,333,337,337,365,365,365,365,398,398,408,408,379,408,408,408,434,421],"gold":105,"neow_bonus":"THREE_CARDS","is_daily":false,"chose_seed":false,"campfire_upgraded":8,"win_rate":0.0,"timestamp":1611937245,"path_taken":["M","M","?","?","M","E","?","R","T","R","M","E","M","M","R","BOSS","M","M","M","M","M","R","M","?","T","$","E","?","R","M","R","BOSS","M","M","?","?","M","E","R","M","T","R","?","M","?","M","R","BOSS","R","$","E","BOSS"],"items_purchased_type":["Relic","Card","Relic","Relic","Relic","Relic"],"build_version":"2020-12-22","purchased_purges":0,"victory":true,"max_hp_per_floor":[81,85,90,96,103,111,111,111,111,111,120,130,141,141,141,153,153,166,180,195,195,211,211,228,228,228,246,265,265,265,285,285,314,314,314,336,336,359,359,359,359,383,383,383,383,408,408,408,408,408,408,408,408,434,434],"card_choices":[{"not_picked":["Bromod:SlashDash","Bromod:OrganShatter"],"picked":"Bromod:SteelCharge","floor":0},{"not_picked":["Bromod:FastHands","Bromod:HornetStrike"],"picked":"Bromod:SteelFiber","floor":1},{"not_picked":["Bromod:FastHands","Bromod:HornetStrike","Bromod:KillingBlow","Bromod:ShatteringImpact"],"picked":"Bromod:OrganShatter","floor":2},{"not_picked":["Bromod:PointBlank","Bromod:ReflexCoil","Bromod:SpeedTrigger","Bromod:Maglev"],"picked":"Bromod:ArchwingLauncher","floor":3},{"not_picked":["Bromod:BulletJump","Bromod:FinishingTouch","Bromod:HornetStrike","Bromod:BriefRespite"],"picked":"Bromod:LifeStrike","floor":5},{"not_picked":["Bromod:PressurePoint","Bromod:QuickDraw","Bromod:ArchwingLauncher","Bromod:OrganShatter"],"picked":"Bromod:NorthWind","floor":6},{"not_picked":["Bromod:Redirection","Bromod:FinishingTouch","Bromod:BodyCount","Bromod:Reflection"],"picked":"Bromod:EnergySiphon","floor":11},{"not_picked":["Bromod:Redirection","Bromod:SpeedTrigger","Bromod:Vitality","Bromod:FastHands"],"picked":"Bromod:ContagiousSpread","floor":12},{"not_picked":["Bromod:BloodRush","Bromod:Foundry","Bromod:Maglev","Bromod:HellsChamber"],"picked":"Bromod:NoReturn","floor":13},{"not_picked":["Bromod:ShatteringImpact","Bromod:SlashDash","Bromod:BulletJump","Bromod:FastHands","Bromod:QuickDraw"],"picked":"SKIP","floor":14},{"not_picked":["Bromod:ExaltedBlade","Bromod:QuickThinking","Bromod:Blaze","Bromod:FashionFrame"],"picked":"Bromod:ToxicFlight","floor":16},{"not_picked":["Bromod:OrganShatter","Bromod:Foundry","Bromod:SeismicWave","Bromod:ReflexCoil"],"picked":"Bromod:ContagiousSpread+1","floor":18},{"not_picked":["Bromod:BodyCount","Bromod:PressurePoint+1","Bromod:FinishingTouch","Bromod:Redirection+1"],"picked":"Bromod:Rejuvenation","floor":19},{"not_picked":["Bromod:OrganShatter","Bromod:RadialBlind","Bromod:BulletJump","Bromod:Rage"],"picked":"Bromod:SlipMagazine+1","floor":20},{"not_picked":["Bromod:Maglev","Bromod:ShatteringImpact+1","Bromod:BulletJump","Bromod:PressurePoint","Bromod:SlashDash"],"picked":"SKIP","floor":21},{"not_picked":["Bromod:EnergySiphon+1","Bromod:RadialBlind","Bromod:PressurePoint","Bromod:BulletJump"],"picked":"Bromod:ContagiousSpread+1","floor":22},{"not_picked":["Bromod:Stretch","Bromod:PressurePoint","Bromod:BulletJump","Bromod:SlipMagazine"],"picked":"Bromod:Stormbringer","floor":24},{"not_picked":["Bromod:Vitality","Bromod:ToxicBarrage","Bromod:BodyCount","Bromod:Foundry"],"picked":"Bromod:NoReturn","floor":28},{"not_picked":["Bromod:SlashDash+1","Bromod:ShatteringImpact","Bromod:FastHands","Bromod:TargetCracker"],"picked":"Bromod:ArchwingLauncher+1","floor":31},{"not_picked":["Bromod:FocusEnergy","Bromod:ConditionOverload","Bromod:VoltaicStrike","Bromod:RendingStrike"],"picked":"Bromod:JaggedEdge","floor":33},{"not_picked":["Bromod:BriefRespite","Bromod:SeismicWave+1","Bromod:Redirection","Bromod:Fury+1","Bromod:PointBlank"],"picked":"SKIP","floor":35},{"not_picked":["Bromod:Redirection+1","Bromod:ReflexCoil","Bromod:Reflection","Bromod:ShatteringImpact"],"picked":"Bromod:OrganShatter+1","floor":36},{"not_picked":["Bromod:FastHands+1","Bromod:SlashDash+1","Bromod:Reflection","Bromod:PressurePoint+1"],"picked":"Bromod:LifeStrike","floor":38},{"not_picked":["Bromod:QuickDraw","Bromod:Redirection","Bromod:NoReturn","Bromod:SpeedTrigger","Bromod:PressurePoint+1"],"picked":"SKIP","floor":39},{"not_picked":["Bromod:SlipMagazine","Bromod:Provoked","Bromod:Reflection+1","Bromod:Vitality","Bromod:FinishingTouch+1"],"picked":"SKIP","floor":40},{"not_picked":["Bromod:SlipMagazine+1","Bromod:TargetCracker","Bromod:OrganShatter+1","Bromod:ReflexCoil"],"picked":"Bromod:Rejuvenation","floor":42},{"not_picked":["Bromod:BodyCount+1","Bromod:Provoked","Bromod:Redirection","Bromod:ShatteringImpact+1"],"picked":"Bromod:SteelFiber","floor":46},{"not_picked":["Bromod:QuickDraw+1","Bromod:SpeedTrigger+1","Bromod:BulletJump+1","Bromod:BodyCount","Bromod:OrganShatter+1"],"picked":"SKIP","floor":48},{"not_picked":["Bromod:TargetCracker","Bromod:ReflexCoil","Bromod:BodyCount","Bromod:BulletJump"],"picked":"Bromod:SlipMagazine","floor":54}],"player_experience":784789,"relics_obtained":[{"floor":1,"key":"SynthV:TestCard"},{"floor":6,"key":"Bag of Preparation"},{"floor":12,"key":"SnafuTest:BearRelic"},{"floor":26,"key":"Dota2Spire:HandOfMidas"},{"floor":28,"key":"Pet Ghost"},{"floor":40,"key":"Bromod:ArcaneConsequence"},{"floor":42,"key":"wanderingMiniBosses:Inkheart"},{"floor":43,"key":"reliquary:RosewoodLute"},{"floor":54,"key":"jedi:heavyjacket"}],"event_choices":[{"damage_healed":0,"gold_gain":0,"player_choice":"Gave Potion","damage_taken":0,"relics_obtained":["jedi:cryingmask"],"max_hp_gain":0,"max_hp_loss":0,"event_name":"WeMeetAgain","floor":37,"gold_loss":0},{"cards_removed":["Bromod:Defend_Bro"],"damage_healed":0,"gold_gain":0,"player_choice":"Removed Skill","damage_taken":0,"max_hp_gain":0,"max_hp_loss":0,"event_name":"Falling","floor":45,"gold_loss":0}],"is_beta":false,"boss_relics":[{"not_picked":["reliquary:KinkedSpring","jedi:battlestandard"],"picked":"reliquary:RedPaperclip"},{"not_picked":["Busted Crown","GreenFoldingFan"],"picked":"ExusiaiGun"}],"items_purged_floors":[],"is_endless":false,"potions_floor_spawned":[1,3,6,13,16,19,20,21,24,33,36,39,46,54],"ascension_level":0}}