{"host":"0rnesvkxrqb3qgnn","time":1611925852,"event":{"mods":["BaseMod","Colored Map","Colored Powertips","Highlight Path","Minty Spire (QoL Compilation)","Relic Stats","StSLib"],"gold_per_floor":[110,127,138,66,77,77,106,106,106,106,106],"floor_reached":10,"language":"ENG","playtime":668,"items_purged":[],"score":85,"play_id":"13cd706b-ab0b-4d42-ae98-21bc6331b2a7","local_time":"20210130001052","is_ascension_mode":true,"campfire_choices":[{"data":"Poisoned Stab","floor":6,"key":"SMITH"},{"data":"Accuracy","floor":8,"key":"SMITH"}],"circlet_count":0,"master_deck":["Strike_G","Strike_G","Strike_G","Strike_G","Strike_G","Defend_G","Defend_G","Defend_G","Defend_G","Defend_G","Survivor","Neutralize","Jack Of All Trades","Deflect","Poisoned Stab+1","Adrenaline","Accuracy+1","Blade Dance"],"relics":["Ring of the Snake","Dead Branch","Girya"],"acts_visited":["Exordium"],"potions_floor_usage":[10],"damage_taken":[{"damage":0,"enemies":"Cultist","floor":1,"turns":3},{"damage":0,"enemies":"Small Slimes","floor":2,"turns":3},{"damage":4,"enemies":"2 Louse","floor":3,"turns":4},{"damage":35,"enemies":"Gremlin Gang","floor":5,"turns":5},{"damage":28,"enemies":"Lagavulin","floor":7,"turns":8},{"damage":10,"enemies":"3 Sentries","floor":10,"turns":2}],"seed_played":"-9004995907984353061","potions_obtained":[{"floor":7,"key":"Poison Potion"}],"is_trial":false,"path_per_floor":["M","M","M","$","M","R","E","R","T","E"],"character_chosen":"THE_SILENT","items_purchased":["Accuracy"],"campfire_rested":0,"item_purchase_floors":[4],"current_hp_per_floor":[70,70,66,66,31,31,3,3,3,0,0],"gold":106,"neow_bonus":"RANDOM_COLORLESS","is_daily":false,"chose_seed":false,"campfire_upgraded":2,"win_rate":0.0,"timestamp":1611925852,"path_taken":["M","M","M","?","M","R","E","R","T","E"],"items_purchased_type":["Card"],"build_version":"2020-12-22","purchased_purges":0,"victory":false,"max_hp_per_floor":[70,70,70,70,70,70,70,70,70,70,70],"relic_stats":{"counters":[6,25],"Dead Branch":[6],"obtain_stats":[{"Girya":9,"Dead Branch":7,"Ring of the Snake":0},{"Girya":5,"Dead Branch":5,"Ring of the Snake":0},{"Girya":23,"Dead Branch":23,"Ring of the Snake":0}],"Ring of the Snake":[12]},"card_choices":[{"not_picked":["Purity","Impatience"],"picked":"Jack Of All Trades","floor":0},{"not_picked":["Dagger Throw","Backflip"],"picked":"Deflect","floor":1},{"not_picked":["Slice","Deflect"],"picked":"Poisoned Stab","floor":2},{"not_picked":["Slice","Quick Slash"],"picked":"Adrenaline","floor":3},{"not_picked":["Deflect","Underhanded Strike","Calculated Gamble"],"picked":"SKIP","floor":5},{"not_picked":["Deflect","Venomology"],"picked":"Blade Dance","floor":7}],"player_experience":147965,"relics_obtained":[{"floor":7,"key":"Dead Branch"},{"floor":9,"key":"Girya"}],"event_choices":[],"is_beta":false,"boss_relics":[],"items_purged_floors":[],"is_endless":false,"potions_floor_spawned":[7],"killed_by":"3 Sentries","ascension_level":5}}