{"host":"toh0bbw446wnuexf","time":1611881676,"event":{"mods":["BaseMod","Downfall","Hermit","Minty Spire (QoL Compilation)","Random Character Button","StSLib"],"gold_per_floor":[99,109,119,119,137,151,451,451,468,468,483,483,500,410,425,425,425,425],"floor_reached":16,"language":"ENG","playtime":1425,"items_purged":["champ:Execute"],"score":106,"play_id":"3c98455f-cd32-4a43-9b87-277f4dff5deb","local_time":"20210129135436","is_ascension_mode":true,"campfire_choices":[{"data":"champ:Improvising","floor":1,"key":"SMITH"},{"data":"champ:BringItOn","floor":8,"key":"SMITH"},{"data":"champ:Shatter","floor":12,"key":"SMITH"}],"circlet_count":0,"master_deck":["champ:Strike","champ:Strike","champ:Strike","champ:Strike","champ:Defend","champ:Defend","champ:Defend","champ:Defend","champ:Improvising+1","champ:AdrenalArmor","champ:GutPunch","champ:BringItOn+1","champ:Shatter+1","champ:Backstep"],"relics":["champ:ChampionCrown","Old Coin"],"acts_visited":["Exordium"],"potions_floor_usage":[16,16],"damage_taken":[{"damage":0,"enemies":"2 Louse","floor":2,"turns":2},{"damage":10,"enemies":"Cultist","floor":3,"turns":3},{"damage":10,"enemies":"Small Slimes","floor":5,"turns":3},{"damage":20,"enemies":"Gremlin Gang","floor":6,"turns":5},{"damage":41,"enemies":"Red Slaver","floor":9,"turns":5},{"damage":0,"enemies":"3 Louse","floor":11,"turns":4},{"damage":8,"enemies":"Blue Slaver","floor":13,"turns":3},{"damage":15,"enemies":"downfall:FleeingMerchant","floor":14,"turns":4},{"damage":39,"enemies":"Large Slime","floor":15,"turns":6},{"damage":100,"enemies":"SI_SHIV_ARCHETYPE","floor":16,"turns":12}],"seed_played":"-6227151101344483576","potions_obtained":[{"floor":3,"key":"CultistPotion"},{"floor":5,"key":"hexamod:SoulburnPotion"},{"floor":13,"key":"SkillPotion"},{"floor":15,"key":"Regen Potion"}],"is_trial":false,"path_per_floor":["R","M","M","?","M","M","T","R","M","?","M","R","M","$","M","B"],"character_chosen":"THE_CHAMP","items_purchased":[],"campfire_rested":0,"item_purchase_floors":[],"current_hp_per_floor":[90,90,90,90,90,80,80,80,69,69,69,69,61,56,47,0,0,0],"gold":425,"neow_bonus":"ONE_RANDOM_RARE_CARD","is_daily":false,"chose_seed":false,"campfire_upgraded":3,"win_rate":0.0,"timestamp":1611881676,"path_taken":["R","M","M","?","?","M","T","R","M","?","M","R","M","$","M","BOSS"],"items_purchased_type":[],"build_version":"2020-12-22","purchased_purges":1,"victory":false,"max_hp_per_floor":[90,90,90,90,90,90,90,90,90,90,90,90,90,90,90,90,90,90],"card_choices":[{"not_picked":["champ:CrownThrow","champ:Circumvent"],"picked":"champ:AdrenalArmor","floor":2},{"not_picked":["champ:Circumvent","champ:EnGarde"],"picked":"champ:GutPunch","floor":3},{"not_picked":["champ:StanceDance","champ:TornadoPunch"],"picked":"champ:BringItOn","floor":5},{"not_picked":["champ:StanceDance","champ:Endure","champ:DefensiveShout"],"picked":"SKIP","floor":6},{"not_picked":["champ:GutPunch","champ:BringItOn"],"picked":"champ:Shatter","floor":9},{"not_picked":["champ:BladeFlurry","champ:DefensiveShout","champ:FocusedDefense"],"picked":"SKIP","floor":11},{"not_picked":["champ:BladeFlurry","champ:CrownThrow","champ:Circumvent"],"picked":"SKIP","floor":13},{"not_picked":["champ:Shatter","champ:Circumvent","champ:TornadoPunch"],"picked":"SKIP","floor":14},{"not_picked":["champ:PerfectedStrike","champ:EnGarde"],"picked":"champ:Backstep","floor":15}],"player_experience":615886,"relics_obtained":[{"floor":7,"key":"Old Coin"}],"event_choices":[{"cards_removed":["champ:Taunt"],"damage_healed":0,"gold_gain":0,"player_choice":"Offered Basic","damage_taken":0,"max_hp_gain":0,"max_hp_loss":0,"event_name":"Bonfire Elementals","floor":4,"gold_loss":0}],"is_beta":false,"boss_relics":[],"items_purged_floors":[14],"is_endless":false,"potions_floor_spawned":[3,5,13,15],"killed_by":"SI_SHIV_ARCHETYPE","ascension_level":2}}