{"host":"nnt34ungdh9fkcmy","time":1611889054,"event":{"mods":["BaseMod","Downfall","Minty Spire (QoL Compilation)","StSLib","SuperFastMode"],"gold_per_floor":[114,129,144,144,244,274,274,289,289,289,33,33,33,48,48,148,148,163,78,78,93,93,123,123,123,123,123],"floor_reached":25,"language":"ENG","playtime":672,"items_purged":["sneckomod:UnknownCommonAttack"],"score":219,"play_id":"b9020680-46c1-43bc-9391-95beaf1984d8","local_time":"20210128195734","daily_mods":["downfall:Improvised","Flight","Night Terrors"],"is_ascension_mode":false,"campfire_choices":[{"data":"Guardian:RefractedBeam","floor":7,"key":"SMITH"},{"data":"Guardian:RefractedBeam+1","floor":10,"key":"SMITH"},{"data":"Apotheosis","floor":12,"key":"SMITH"},{"data":"Guardian:RefractedBeam+2","floor":15,"key":"SMITH"},{"data":"Guardian:RefractedBeam+3","floor":24,"key":"SMITH"}],"circlet_count":0,"master_deck":["Guardian:Strike_Guardian","Guardian:Strike_Guardian","Guardian:Strike_Guardian","Guardian:Strike_Guardian","Guardian:Defend_Guardian","Guardian:Defend_Guardian","Guardian:Defend_Guardian","Guardian:Defend_Guardian","Guardian:CurlUp","Guardian:TwinSlam","sneckomod:UnknownCommonAttack","sneckomod:UnknownCommonAttack","sneckomod:UnknownCommonSkill","sneckomod:UnknownCommonSkill","sneckomod:UnknownCommonSkill","sneckomod:UnknownUncommonAttack","sneckomod:UnknownUncommonSkill","sneckomod:UnknownUncommonPower","sneckomod:Unknown","Guardian:RefractedBeam+4","Guardian:Reroute","Apotheosis+1","Guardian:AncientConstruct","Guardian:ShieldSpikes"],"relics":["Guardian:ModeShifter","Oddly Smooth Stone","Akabeko","Shuriken","Philosopher\u0027s Stone","bronze:BronzeIdol","Enchiridion","Toy Ornithopter"],"acts_visited":["Exordium","TheCity"],"potions_floor_usage":[6,23],"damage_taken":[{"damage":0,"enemies":"Jaw Worm","floor":1,"turns":2},{"damage":0,"enemies":"Small Slimes","floor":2,"turns":2},{"damage":4,"enemies":"Cultist","floor":3,"turns":4},{"damage":18,"enemies":"Gremlin Nob","floor":6,"turns":5},{"damage":4,"enemies":"Exordium Thugs","floor":8,"turns":5},{"damage":0,"enemies":"Large Slime","floor":14,"turns":3},{"damage":25,"enemies":"Hexaghost","floor":16,"turns":7},{"damage":18,"enemies":"2 Thieves","floor":18,"turns":3},{"damage":0,"enemies":"Spheric Guardian","floor":21,"turns":2},{"damage":32,"enemies":"Slavers","floor":23,"turns":5},{"damage":37,"enemies":"Gremlin Leader","floor":25,"turns":2}],"seed_played":"1138922244981197753","potions_obtained":[{"floor":1,"key":"ColorlessPotion"},{"floor":3,"key":"PowerPotion"},{"floor":8,"key":"SmokeBomb"}],"is_trial":false,"path_per_floor":["M","M","M","?","?","E","R","M","T","R","$","R","T","M","R","B",null,"M","?","?","M","$","E","R","E"],"character_chosen":"GUARDIAN","items_purchased":["Apotheosis"],"campfire_rested":0,"item_purchase_floors":[11],"current_hp_per_floor":[80,80,76,81,81,63,63,59,59,59,59,59,59,59,59,34,85,67,67,51,51,51,29,29,0,0,0],"gold":123,"neow_bonus":"","is_daily":true,"chose_seed":false,"campfire_upgraded":5,"win_rate":0.0,"timestamp":1611889054,"path_taken":["M","M","M","?","?","E","R","?","T","R","?","R","?","M","R","BOSS","M","?","?","M","?","E","R","E"],"items_purchased_type":["Card"],"build_version":"2020-12-22","purchased_purges":1,"victory":false,"max_hp_per_floor":[80,80,80,85,85,85,85,85,85,85,85,85,85,85,85,85,85,85,85,85,85,85,85,85,85,85,85],"card_choices":[{"not_picked":["Guardian:Emergency","Guardian:WalkerClaw"],"picked":"Guardian:Gem_Cyan","floor":1},{"not_picked":["Guardian:Emergency","Guardian:PrismaticBarrier"],"picked":"Guardian:RefractedBeam","floor":2},{"not_picked":["Guardian:SpikerProtocol","Guardian:TimeBomb"],"picked":"Guardian:Gem_Crimson","floor":3},{"not_picked":["Guardian:Gem_Red","Guardian:FloatingOrbs","Guardian:Orbwalk"],"picked":"SKIP","floor":6},{"not_picked":["Guardian:VentSteam","Guardian:WalkerClaw"],"picked":"Guardian:Reroute","floor":8},{"not_picked":["Guardian:ChargeCore","Guardian:PrimingBeam","Guardian:SentryBeam"],"picked":"SKIP","floor":14},{"not_picked":["Guardian:GatlingBeam","Guardian:StasisField"],"picked":"Guardian:AncientConstruct","floor":16},{"not_picked":["Guardian:RollAttack+1","Guardian:Incinerate","Guardian:Emergency"],"picked":"SKIP","floor":18},{"not_picked":["Guardian:Reroute+1","Guardian:GuardianWhirl"],"picked":"Guardian:ShieldSpikes","floor":21},{"not_picked":["Guardian:Suspension","Guardian:FloatingOrbs","Guardian:Reroute+1"],"picked":"SKIP","floor":23}],"player_experience":278261,"relics_obtained":[{"floor":6,"key":"Oddly Smooth Stone"},{"floor":9,"key":"Akabeko"},{"floor":13,"key":"Shuriken"},{"floor":20,"key":"Enchiridion"},{"floor":23,"key":"Toy Ornithopter"}],"event_choices":[{"damage_healed":0,"gold_gain":0,"player_choice":"Donut","damage_taken":0,"max_hp_gain":5,"max_hp_loss":0,"event_name":"Big Fish","floor":4,"gold_loss":0},{"damage_healed":0,"gold_gain":100,"player_choice":"Gold","damage_taken":0,"max_hp_gain":0,"max_hp_loss":0,"event_name":"Wheel of Change","floor":5,"gold_loss":0},{"damage_healed":0,"gold_gain":0,"player_choice":"Obtained Relic","damage_taken":0,"relics_obtained":["bronze:BronzeIdol"],"max_hp_gain":0,"max_hp_loss":0,"event_name":"Addict","floor":19,"gold_loss":85},{"damage_healed":0,"gold_gain":0,"player_choice":"Obtained Book","damage_taken":16,"max_hp_gain":0,"max_hp_loss":0,"event_name":"Cursed Tome","floor":20,"gold_loss":0}],"is_beta":false,"boss_relics":[{"not_picked":["bronze:MakeshiftBattery","Astrolabe"],"picked":"Philosopher\u0027s Stone"}],"items_purged_floors":[11],"is_endless":false,"potions_floor_spawned":[1,3,8,21],"killed_by":"Gremlin Leader","ascension_level":0}}