{"host":"snjtcuf7krqplf70","time":1611955918,"event":{"mods":["AchievementEnabler","BaseMod","Colored Map","Colored Powertips","Minty Spire (QoL Compilation)","StSLib"],"gold_per_floor":[115,115,115,133,143,143,158,190,190,190,190],"floor_reached":10,"language":"ENG","playtime":415,"items_purged":[],"score":96,"play_id":"8c89d5ad-41b5-4e35-b4d9-96f64559c886","local_time":"20210129133158","is_ascension_mode":true,"campfire_choices":[{"data":"Adaptation","floor":6,"key":"SMITH"}],"circlet_count":0,"master_deck":["Strike_P","Strike_P","Strike_P","Defend_P","Defend_P","Defend_P","Defend_P","Eruption","Vigilance","Adaptation+1","Consecrate","ForeignInfluence","EmptyFist","ClearTheMind","SignatureMove"],"relics":["PureWater","Pear","TungstenRod"],"acts_visited":["Exordium"],"potions_floor_usage":[],"damage_taken":[{"damage":0,"enemies":"Small Slimes","floor":1,"turns":4},{"damage":2,"enemies":"2 Louse","floor":4,"turns":3},{"damage":0,"enemies":"Cultist","floor":5,"turns":2},{"damage":2,"enemies":"Blue Slaver","floor":7,"turns":2},{"damage":8,"enemies":"Lagavulin","floor":8,"turns":6},{"damage":73,"enemies":"Gremlin Nob","floor":10,"turns":6}],"seed_played":"-906222205368995337","potions_obtained":[],"is_trial":false,"path_per_floor":["M","?","?","M","M","R","M","E","T","E"],"character_chosen":"WATCHER","items_purchased":[],"campfire_rested":0,"item_purchase_floors":[],"current_hp_per_floor":[72,77,70,68,68,68,66,68,68,0,0],"gold":190,"neow_bonus":"THREE_CARDS","is_daily":false,"chose_seed":false,"campfire_upgraded":1,"win_rate":0.0,"timestamp":1611955918,"path_taken":["M","?","?","M","M","R","M","E","T","E"],"items_purchased_type":[],"build_version":"2020-12-22","purchased_purges":0,"victory":false,"max_hp_per_floor":[72,77,77,77,77,77,77,87,87,87,87],"card_choices":[{"not_picked":["FlurryOfBlows","ThirdEye"],"picked":"Adaptation","floor":0},{"not_picked":["CutThroughFate","Prostrate"],"picked":"Consecrate","floor":1},{"not_picked":["FearNoEvil","SashWhip"],"picked":"ForeignInfluence","floor":4},{"not_picked":["ThirdEye","Evaluate"],"picked":"EmptyFist","floor":5},{"not_picked":["CrushJoints","InnerPeace"],"picked":"ClearTheMind","floor":7},{"not_picked":["Evaluate","Scrawl"],"picked":"SignatureMove","floor":8}],"player_experience":147768,"relics_obtained":[{"floor":8,"key":"Pear"},{"floor":9,"key":"TungstenRod"}],"event_choices":[{"damage_healed":0,"gold_gain":0,"player_choice":"Donut","damage_taken":0,"max_hp_gain":5,"max_hp_loss":0,"event_name":"Big Fish","floor":2,"gold_loss":0},{"cards_removed":["Strike_P"],"damage_healed":0,"gold_gain":0,"player_choice":"Card Removal","damage_taken":7,"max_hp_gain":0,"max_hp_loss":0,"event_name":"Golden Wing","floor":3,"gold_loss":0}],"is_beta":false,"boss_relics":[],"items_purged_floors":[],"is_endless":false,"potions_floor_spawned":[],"killed_by":"Gremlin Nob","ascension_level":1}}