{"host":"jqln3q8z91cyrmpl","time":1611934638,"event":{"mods":["AchievementEnabler","BaseMod","Colored Map","DeckTracker","Keyboard Shortcuts","Minty Spire (QoL Compilation)","SuperFastMode"],"gold_per_floor":[114,39,39,39,39,73,73,115,140,176,45,81,93,121,121,230,275,289,164,263,283,306,341,341,191,191,230,255,255,290,365,365,476,503,528,542,557,497,517,195,195,154,154,167,167,178,130,141,141,141,141,141,42,80,80,80],"floor_reached":55,"language":"KOR","playtime":1948,"items_purged":["Strike_B","Strike_B","Machine Learning","Streamline+1","Glacier"],"score":1065,"play_id":"6dc0241c-80e6-4d8f-a60e-419c3cccb748","local_time":"20210130003718","is_ascension_mode":true,"campfire_choices":[{"data":"Zap","floor":7.0,"key":"SMITH"},{"data":"Streamline","floor":15.0,"key":"SMITH"},{"floor":24.0,"key":"REST"},{"floor":29.0,"key":"REST"},{"floor":32.0,"key":"REST"},{"data":"Chill","floor":41.0,"key":"SMITH"},{"floor":45.0,"key":"REST"},{"floor":49,"key":"RECALL"},{"data":"Double Energy","floor":52,"key":"SMITH"}],"circlet_count":0,"master_deck":["Zap+1","Gash","Conserve Battery+1","Sweeping Beam","Gash","All For One","Go for the Eyes","Double Energy+1","Chill+1","Genetic Algorithm","Hologram","Skim+1","FTL+1","All For One","BootSequence+1","Hyperbeam+1","Beam Cell+1","Leap","Leap+1"],"relics":["Cracked Core","NeowsBlessing","Mummified Hand","CeramicFish","MawBank","Centennial Puzzle","Pandora\u0027s Box","Potion Belt","Pen Nib","CaptainsWheel","Red Mask","Vajra","Astrolabe","War Paint","Oddly Smooth Stone"],"acts_visited":["Exordium","TheCity","TheBeyond","TheEnding"],"potions_floor_usage":[48,48,50,55,55,55,55,55],"damage_taken":[{"damage":0.0,"enemies":"Small Slimes","floor":1.0,"turns":1.0},{"damage":0.0,"enemies":"3 Sentries","floor":6.0,"turns":1.0},{"damage":0.0,"enemies":"Lagavulin","floor":8.0,"turns":1.0},{"damage":0.0,"enemies":"Jaw Worm","floor":10.0,"turns":3.0},{"damage":26.0,"enemies":"3 Sentries","floor":12.0,"turns":8.0},{"damage":3.0,"enemies":"2 Louse","floor":13.0,"turns":2.0},{"damage":1.0,"enemies":"Looter","floor":14.0,"turns":3.0},{"damage":33.0,"enemies":"The Guardian","floor":16.0,"turns":9.0},{"damage":12.0,"enemies":"Chosen","floor":18.0,"turns":3.0},{"damage":8.0,"enemies":"3 Byrds","floor":21.0,"turns":3.0},{"damage":1.0,"enemies":"3 Cultists","floor":22.0,"turns":3.0},{"damage":27.0,"enemies":"Gremlin Leader","floor":23.0,"turns":6.0},{"damage":35.0,"enemies":"Book of Stabbing","floor":27.0,"turns":4.0},{"damage":12.0,"enemies":"Masked Bandits","floor":28.0,"turns":4.0},{"damage":6.0,"enemies":"Slavers","floor":30.0,"turns":6.0},{"damage":14.0,"enemies":"Collector","floor":33.0,"turns":9.0},{"damage":6.0,"enemies":"3 Shapes","floor":35.0,"turns":2.0},{"damage":0.0,"enemies":"3 Darklings","floor":36.0,"turns":4.0},{"damage":12.0,"enemies":"Maw","floor":37.0,"turns":5.0},{"damage":1.0,"enemies":"4 Shapes","floor":39.0,"turns":3.0},{"damage":0.0,"enemies":"Sphere and 2 Shapes","floor":44.0,"turns":2.0},{"damage":2.0,"enemies":"Jaw Worm Horde","floor":46.0,"turns":2.0},{"damage":7,"enemies":"Writhing Mass","floor":48,"turns":5},{"damage":31,"enemies":"Donu and Deca","floor":50,"turns":6},{"damage":20,"enemies":"Shield and Spear","floor":54,"turns":5},{"damage":49,"enemies":"The Heart","floor":55,"turns":3}],"seed_played":"-8479573375888469019","potions_obtained":[{"floor":1.0,"key":"DuplicationPotion"},{"floor":6.0,"key":"PotionOfCapacity"},{"floor":12.0,"key":"Regen Potion"},{"floor":18.0,"key":"BlessingOfTheForge"},{"floor":21.0,"key":"Regen Potion"},{"floor":33.0,"key":"DistilledChaos"},{"floor":46.0,"key":"ColorlessPotion"},{"floor":48,"key":"Fire Potion"},{"floor":54,"key":"LiquidMemories"}],"is_trial":false,"path_per_floor":["M","$","?","?","?","E","R","E","T","M","$","E","M","M","R","B",null,"M","$","?","M","M","E","R","$","T","E","?","R","E","?","R","B",null,"M","M","M","?","M","$","R","$","T","M","R","M","$","M","R","B",null,"R","$","E","B"],"character_chosen":"DEFECT","items_purchased":["Hologram","War Paint","Leap","Strength Potion","ColorlessPotion","FearPotion"],"campfire_rested":4,"item_purchase_floors":[11,40,42,47,53,53],"current_hp_per_floor":[68,68,73,73,66,66,66,66,66,66,66,40,37,36,36,18,65,53,53,53,45,53,26,50,50,50,15,3,27,21,13,37,23,66,60,60,48,48,47,47,47,47,47,47,71,69,69,62,62,31,68,68,68,48,0,0],"gold":80,"neow_bonus":"THREE_ENEMY_KILL","is_daily":false,"chose_seed":false,"campfire_upgraded":4,"win_rate":0.0,"timestamp":1611934638,"path_taken":["M","$","?","?","?","E","R","E","T","M","$","E","M","M","R","BOSS","M","$","?","M","M","E","R","$","T","E","?","R","E","?","R","BOSS","M","?","?","?","M","$","R","$","T","M","R","M","?","M","R","BOSS","R","$","E","BOSS"],"items_purchased_type":["Card","Relic","Card","Potion","Potion","Potion"],"build_version":"2020-12-22","purchased_purges":5,"victory":false,"max_hp_per_floor":[75,75,80,80,80,80,80,80,80,80,80,80,80,80,80,80,80,80,80,80,80,80,80,80,80,80,80,80,80,80,80,80,80,80,80,80,80,80,80,80,80,80,80,80,80,80,80,80,80,80,80,80,80,80,80,80],"card_choices":[{"not_picked":["Tempest","Force Field"],"picked":"Streamline","floor":1.0},{"not_picked":["Rebound","Cold Snap"],"picked":"Gash","floor":6.0},{"not_picked":["Undo","Consume"],"picked":"Conserve Battery","floor":8.0},{"not_picked":["Steam","Echo Form"],"picked":"Sweeping Beam","floor":10.0},{"not_picked":["Hyperbeam","Darkness"],"picked":"Gash","floor":12.0},{"not_picked":["Lockon","Go for the Eyes","Gash"],"picked":"SKIP","floor":13.0},{"not_picked":["Chill","Conserve Battery"],"picked":"Rebound","floor":14.0},{"not_picked":["Rainbow","Creative AI"],"picked":"All For One","floor":16.0},{"not_picked":["Conserve Battery","Recycle","Chaos"],"picked":"SKIP","floor":18.0},{"not_picked":["Chill","Gash"],"picked":"Genetic Algorithm","floor":21.0},{"not_picked":["Loop+1","Steam"],"picked":"Hologram","floor":22.0},{"not_picked":["Coolheaded","Go for the Eyes"],"picked":"Skim","floor":23.0},{"not_picked":["Hologram+1","Auto Shields"],"picked":"FTL+1","floor":27.0},{"not_picked":["Machine Learning","Conserve Battery","Chill+1"],"picked":"SKIP","floor":30.0},{"not_picked":["Reboot","Rainbow"],"picked":"All For One","floor":33.0},{"not_picked":["Barrage+1","Steam Power+1"],"picked":"Beam Cell+1","floor":35.0},{"not_picked":["Glacier","Sweeping Beam","Streamline"],"picked":"SKIP","floor":36.0},{"not_picked":["Steam+1","Streamline","Sweeping Beam"],"picked":"SKIP","floor":37.0},{"not_picked":["Gash","Steam","Beam Cell"],"picked":"SKIP","floor":39.0},{"not_picked":["Defragment+1","Steam+1","Sunder"],"picked":"SKIP","floor":44.0},{"not_picked":["Compile Driver","Coolheaded","Chill"],"picked":"SKIP","floor":46.0},{"not_picked":["Heatsinks","White Noise","Gash"],"picked":"SKIP","floor":48},{"not_picked":["Coolheaded","Streamline"],"picked":"Leap+1","floor":54}],"player_experience":397599,"relics_obtained":[{"floor":6.0,"key":"Mummified Hand"},{"floor":8.0,"key":"CeramicFish"},{"floor":9.0,"key":"MawBank"},{"floor":12.0,"key":"Centennial Puzzle"},{"floor":23.0,"key":"Potion Belt"},{"floor":26.0,"key":"Pen Nib"},{"floor":27.0,"key":"CaptainsWheel"},{"floor":28.0,"key":"Red Mask"},{"floor":30.0,"key":"Vajra"},{"floor":54,"key":"Oddly Smooth Stone"}],"event_choices":[{"damage_healed":0.0,"max_hp_gain":5.0,"max_hp_loss":0.0,"gold_gain":0.0,"event_name":"Big Fish","player_choice":"Donut","floor":3.0,"gold_loss":0.0,"damage_taken":0.0},{"damage_healed":0.0,"max_hp_gain":0.0,"max_hp_loss":0.0,"gold_gain":0.0,"event_name":"The Cleric","player_choice":"Leave","floor":4.0,"gold_loss":0.0,"damage_taken":0.0},{"cards_removed":["Strike_B"],"damage_healed":0.0,"max_hp_gain":0.0,"max_hp_loss":0.0,"gold_gain":0.0,"event_name":"Golden Wing","player_choice":"Card Removal","floor":5.0,"gold_loss":0.0,"damage_taken":7.0},{"damage_healed":0.0,"max_hp_gain":0.0,"max_hp_loss":0.0,"gold_gain":99.0,"event_name":"Nest","player_choice":"Stole From Cult","floor":20.0,"gold_loss":0.0,"damage_taken":0.0},{"damage_healed":0.0,"max_hp_gain":0.0,"max_hp_loss":0.0,"gold_gain":0.0,"event_name":"Masked Bandits","player_choice":"Fought Bandits","floor":28.0,"gold_loss":0.0,"damage_taken":0.0},{"damage_healed":0.0,"max_hp_gain":0.0,"max_hp_loss":0.0,"gold_gain":75.0,"event_name":"FaceTrader","player_choice":"Touch","floor":31.0,"gold_loss":0.0,"damage_taken":8.0},{"cards_removed":["Biased Cognition"],"damage_healed":0.0,"max_hp_gain":0.0,"max_hp_loss":0.0,"gold_gain":0.0,"event_name":"Designer","player_choice":"Single Remove","floor":38.0,"gold_loss":60.0,"damage_taken":0.0}],"is_beta":false,"boss_relics":[{"not_picked":["Busted Crown","Coffee Dripper"],"picked":"Pandora\u0027s Box"},{"not_picked":["SlaversCollar","Calling Bell"],"picked":"Astrolabe"}],"items_purged_floors":[2,11,19,25,40],"is_endless":false,"potions_floor_spawned":[1,6,12,18,21,33,46,48,54],"killed_by":"The Heart","ascension_level":8}}