{"host":"o3b7ow6d1xe49css","time":1611907911,"event":{"mods":["Act Like it!","Aspiration","BaseMod","Bestiary","Better Altar","Better Match","Better Note","Better Sensory Stone","Better Skull","Better Third Choice","Colored Powertips","Conspire","Energized Spire","Force Act Four","GifTheSpireLib","Halation","Hermit","Hubris","Infinite Spire","Lobotomy","Minty Spire (QoL Compilation)","Quick Restart","Relic Filter Mod","Reliquary","Replay The Spire","Spicy Shops","Spikes Relics","Spire Arcade","StSLib","Stuff the Spire","The Blue Laboratory","Wandering Minibosses"],"gold_per_floor":[112,124,134,147,167,199,234,184,258,11,43,76,76,101,101,199,199,219,237,237,250,175,203,203,234,234,234,234],"floor_reached":27,"language":"ENG","playtime":1172,"items_purged":["Strike_P"],"score":639,"play_id":"b57d5c9c-2140-4eb4-b155-6a24e2d345fe","local_time":"20210128231151","daily_mods":["Heirloom","Flight"],"is_ascension_mode":true,"campfire_choices":[{"data":"Eruption","floor":13,"key":"SMITH"},{"data":"Crescendo","floor":15,"key":"SMITH"},{"floor":24,"key":"REST"}],"circlet_count":0,"master_deck":["Strike_P","Strike_P","Strike_P","Defend_P","Defend_P","Defend_P","Defend_P","Eruption+1","Vigilance","GreedKing","UniverseFragment","Indignation","OldLady","Consecrate","Scorched","CutThroughFate","CrushJoints","BowlingBash+1","Crescendo+1","Protect","Scrawl","LessonLearned+1","SandsOfTime+1","Tantrum+1","hubris:EnhanceAbility"],"relics":["PureWater","Ring of Chaos","hubris:AstralHammer","CogitoBucket","halation:LettersToHer","hubris:GlazedTorus","Molten Egg 2","CaptainsWheel","hubris:SlimyHat","Ice Cream","halation:Toothbrush","StuffTheSpire:Kangaroo","LuminousBracelet","Unceasing Top","StrikeDummy"],"acts_visited":["Exordium","TheCity"],"potions_floor_usage":[3,7,12,23,23],"damage_taken":[{"damage":1,"enemies":"2 Louse","floor":1,"turns":4},{"damage":2,"enemies":"Jaw Worm","floor":2,"turns":3},{"damage":6,"enemies":"Small Slimes","floor":3,"turns":5},{"damage":3,"enemies":"Blue Slaver","floor":4,"turns":3},{"damage":7,"enemies":"Looter","floor":5,"turns":4},{"damage":0,"enemies":"3 Sentries","floor":6,"turns":3},{"damage":19,"enemies":"Lagavulin","floor":7,"turns":4},{"damage":0,"enemies":"Gremlin Nob","floor":11,"turns":2},{"damage":0,"enemies":"3 Sentries","floor":12,"turns":1},{"damage":0,"enemies":"Gremlin Nob","floor":14,"turns":2},{"damage":0,"enemies":"Slime Boss","floor":16,"turns":3},{"damage":0,"enemies":"Chosen","floor":18,"turns":1},{"damage":13,"enemies":"Shell Parasite","floor":19,"turns":3},{"damage":0,"enemies":"Centurion and Healer","floor":21,"turns":1},{"damage":62,"enemies":"Nightmare","floor":23,"turns":4},{"damage":0,"enemies":"Slavers","floor":25,"turns":1},{"damage":40,"enemies":"Gremlin Leader","floor":27,"turns":2}],"seed_played":"1243800648956677728","potions_obtained":[{"floor":2,"key":"blueLaboratory:FrostheartPotion"},{"floor":3,"key":"GamblersBrew"},{"floor":5,"key":"blueLaboratory:PyrophylliteBrew"},{"floor":12,"key":"LiquidMemories"},{"floor":21,"key":"CultistPotion"},{"floor":25,"key":"Milkshake"}],"is_trial":true,"path_per_floor":["M","M","M","M","M","E","E","$","T","$","E","E","R","E","R","B",null,"M","M","$","M","?","NM","R","E","T","E"],"character_chosen":"WATCHER","items_purchased":["CrushJoints","BowlingBash+1","CaptainsWheel","Crescendo"],"campfire_rested":1,"item_purchase_floors":[8,10,10,10],"current_hp_per_floor":[71,69,63,60,53,53,34,34,34,34,34,34,34,34,34,34,63,78,70,70,70,70,10,36,36,36,0,0],"gold":234,"neow_bonus":"","is_daily":false,"chose_seed":false,"campfire_upgraded":2,"win_rate":0.0,"timestamp":1611907911,"path_taken":["M","M","M","M","M","E","E","$","T","$","E","E","R","E","R","BOSS","M","M","$","M","?","NM","R","E","T","E"],"items_purchased_type":["Card","Card","Relic","Card"],"build_version":"2020-12-22","purchased_purges":1,"victory":false,"max_hp_per_floor":[72,72,72,72,72,72,72,72,72,72,72,72,72,72,72,72,72,87,87,87,87,87,87,87,87,87,87,87],"card_choices":[{"not_picked":["CherryBlossoms","PunishingBird","Murderer"],"picked":"Singing Bowl","floor":1},{"not_picked":["Rudolta","Wellcheers"],"picked":"GreedKing","floor":1},{"not_picked":["Replay:AtTheReady","InnerPeace","FollowUp"],"picked":"SKIP","floor":1},{"not_picked":["Porccubus","MeatLantern","PunishingBird"],"picked":"Singing Bowl","floor":2},{"not_picked":["OSAHOGD","CrumblingArmor"],"picked":"UniverseFragment","floor":2},{"not_picked":["Swivel","ThirdEye"],"picked":"Indignation","floor":2},{"not_picked":["CherryBlossoms","OSAHOGD"],"picked":"OldLady","floor":3},{"not_picked":["Blasphemy","SandsOfTime"],"picked":"Consecrate","floor":3},{"not_picked":["BeautyBeast","OSAHOGD","MHz"],"picked":"Singing Bowl","floor":4},{"not_picked":["JustLucky","Halt","Worship"],"picked":"SKIP","floor":4},{"not_picked":["BeautyBeast","CherryBlossoms","MeatLantern"],"picked":"Singing Bowl","floor":5},{"not_picked":["Replay:AtTheReady","FollowUp","Replay:ManipulateFuture"],"picked":"SKIP","floor":5},{"not_picked":["CrumblingArmor","MeatLantern","Bloodbath"],"picked":"Singing Bowl","floor":6},{"not_picked":["SnowQueen","CrumblingArmor"],"picked":"Scorched","floor":6},{"not_picked":["Replay:BluntJabs","ForeignInfluence"],"picked":"CutThroughFate","floor":6},{"not_picked":["QueenBee","WallGazer","ShyLook"],"picked":"Singing Bowl","floor":7},{"not_picked":["Halt","Perseverance","ThirdEye"],"picked":"SKIP","floor":7},{"not_picked":["Bloodbath","QueenOfHatred","Alriune"],"picked":"Singing Bowl","floor":11},{"not_picked":["Pray","Replay:AtTheReady","EmptyFist+1"],"picked":"SKIP","floor":11},{"not_picked":["GalaxyChild","MeatLantern","CherryBlossoms"],"picked":"Singing Bowl","floor":12},{"not_picked":["Replay:LoomingThreat","Adaptation","ReachHeaven+1"],"picked":"SKIP","floor":12},{"not_picked":["BeautyBeast","Murderer","QueenOfHatred"],"picked":"Singing Bowl","floor":14},{"not_picked":["Replay:DivineShield","FlyingSleeves+1"],"picked":"Protect","floor":14},{"not_picked":["MeatLantern","Freischutz","LaLuna"],"picked":"Singing Bowl","floor":16},{"not_picked":["SpiritShield","Wish"],"picked":"Scrawl","floor":16},{"not_picked":["Funeral","BigBadWolf","Bloodbath"],"picked":"Singing Bowl","floor":18},{"not_picked":["Replay:ManipulateFuture","ClearTheMind","Vengeance+1"],"picked":"SKIP","floor":18},{"not_picked":["MeatLantern","Scarecrow","WhitesApple"],"picked":"Singing Bowl","floor":19},{"not_picked":["ThirdEye","Collect","Replay:Cycle"],"picked":"SKIP","floor":19},{"not_picked":["WhitesApple","Porccubus","Scarecrow"],"picked":"Singing Bowl","floor":21},{"not_picked":["LikeWater+1","BowlingBash+1"],"picked":"LessonLearned+1","floor":21},{"not_picked":["TalkToTheHand","Replay:Vibes"],"picked":"SandsOfTime","floor":22},{"not_picked":["Nirvana","Worship"],"picked":"Tantrum","floor":22},{"not_picked":["Poisoned Strike","Transmutation"],"picked":"hubris:EnhanceAbility","floor":22},{"not_picked":["Funeral","FieryBird","CherryBlossoms"],"picked":"Singing Bowl","floor":23},{"not_picked":["Replay:Hum+1","Study","LikeWater"],"picked":"SKIP","floor":23},{"not_picked":["Rudolta","NakedNest","VoidDream"],"picked":"Singing Bowl","floor":25},{"not_picked":["Wireheading","SandsOfTime+1","Sanctity"],"picked":"SKIP","floor":25}],"player_experience":1886043,"relics_obtained":[{"floor":6,"key":"halation:LettersToHer"},{"floor":7,"key":"hubris:GlazedTorus"},{"floor":9,"key":"Molten Egg 2"},{"floor":9,"key":"halation:LettersToHer"},{"floor":11,"key":"hubris:SlimyHat"},{"floor":12,"key":"Ice Cream"},{"floor":14,"key":"halation:Toothbrush"},{"floor":23,"key":"Unceasing Top"},{"floor":25,"key":"StrikeDummy"}],"event_choices":[{"damage_healed":0,"gold_gain":0,"player_choice":"1","damage_taken":0,"max_hp_gain":0,"max_hp_loss":0,"event_name":"betterMatch:BetterMatch","floor":22,"gold_loss":0,"cards_obtained":["betterMatch:UncommonCard","betterMatch:UncommonCard","betterMatch:ColorlessRareCard"]}],"is_beta":false,"boss_relics":[{"not_picked":["hubris:BlackHole","energizedSpire:BlackCloud"],"picked":"StuffTheSpire:Kangaroo"}],"items_purged_floors":[10],"is_endless":false,"potions_floor_spawned":[2,3,5,12,21,25],"killed_by":"Gremlin Leader","ascension_level":5}}