{"host":"pesfwaef25r60kxm","time":1611909129,"event":{"mods":["ATMod(阿瑾Mod)","Act Like it!","Arknights The Spire","BaseMod","Colored Powertips","Gensokyo","Minty Spire (QoL Compilation)","Replay The Spire","RumiaBox-露米娅的神秘盒子","Spicy Shops","StSLib","WarShipGirlsR/战舰少女R mod","[IsaacMod]以撒尖塔","noobMod","【遗物卡牌】REMEMod"],"gold_per_floor":[113,34,52,67,298,298,330,341,341,359,390,441,454,464,464,567,567,583,583,670,698,726,765,813,926,938,1020,1032,1196,1277,736,736,862,862,905,905,997,1039,1076,1127,1127,1178,1224,1331,848,848,267,303,303,428,428,428,42,117,2],"floor_reached":56,"language":"ZHS","playtime":2613,"items_purged":["Strike_B","Biased Cognition+1","Decay"],"score":1974,"play_id":"282ab93c-e290-41c9-bd45-4c9846f180fe","local_time":"20210129163209","is_ascension_mode":true,"campfire_choices":[{"data":"FIFO Queue","floor":6,"key":"SMITH"},{"data":"Electrodynamics","floor":15,"key":"SMITH"},{"data":"Seek","floor":28,"key":"SMITH"},{"floor":32,"key":"RECALL"},{"data":"Seek","floor":41,"key":"SMITH"},{"data":"Seek","floor":49,"key":"SMITH"},{"data":"Machine Learning","floor":52,"key":"SMITH"}],"circlet_count":0,"master_deck":["Ball Lightning","Electrodynamics+1","Machine Learning+1","Lockon","Seek+1","Apotheosis","AT_ThunderBolt","REME_SelfUpgrade+1","Thunder Strike+1","Seek+1","Ball Lightning","Buffer+1","AT_WaterDrop","Amplify","REME_Shoggoth","Fission","Meteor Strike+1","Echo Form","Creative AI","AT_WaterDrop","Electrodynamics","Pot Of Greed","Pot Of Greed","Echo Form","Magnetism","Pot Of Greed","Seek+1","Defragment"],"relics":["Cracked Core","HushsDoor","ice","Gensokyo:CelestialsFlawlessClothing","Void","AT_GoldPhoenixTree","Pet Ghost","Replay:Antivirus Software","AT_EbonyIvory","Nuclear Battery","GuppysPaw","AT_MibuBalloonWealth","Turnip","Blue Candle","Geode","Membership Card","EdensBlessing","SumBook","Replay:Accelerometer","MagicMushroom","SatanicBible","Emotion Chip","Letter Opener","Mummified Hand","Grinning Jar","AT_ArchangelStaff","BargainBundle","DollysMirror","AT_PhaseBoots","MagicDraw3","Lantern","Centennial Puzzle","TheBattery","Sling","ClockworkSouvenir","Vajra","Guide Book","ZombieArmy","SSSystem","REME_OnlineShoppingPlatform","SecretRecord","Bag of Preparation"],"acts_visited":["Exordium","TheCity","TheCity","TheEnding"],"potions_floor_usage":[44,55,55,55,55,55,55,55,55,55,55,55,55],"damage_taken":[{"damage":16,"enemies":"Gensokyo:3_Fairies","floor":1,"turns":4},{"damage":8,"enemies":"Gensokyo:2_Kodama","floor":3,"turns":4},{"damage":12,"enemies":"Gensokyo:Python","floor":4,"turns":3},{"damage":10,"enemies":"Gensokyo:Cirno","floor":5,"turns":6},{"damage":10,"enemies":"Gensokyo:Cirno","floor":7,"turns":6},{"damage":0,"enemies":"Gensokyo:VengefulSpirit","floor":8,"turns":5},{"damage":43,"enemies":"Gensokyo:Gryphon_and_Rabbit","floor":10,"turns":4},{"damage":0,"enemies":"Gensokyo:Mamizou","floor":11,"turns":6},{"damage":0,"enemies":"Gensokyo:LivingMonolith","floor":13,"turns":2},{"damage":31,"enemies":"Gensokyo:3_Kodama","floor":14,"turns":3},{"damage":0,"enemies":"Gensokyo:Reimu","floor":16,"turns":3},{"damage":3,"enemies":"3 Byrds","floor":18,"turns":2},{"damage":0,"enemies":"2 Thieves","floor":21,"turns":2},{"damage":11,"enemies":"Centurion and Healer","floor":22,"turns":3},{"damage":33,"enemies":"Gremlin Leader","floor":23,"turns":3},{"damage":0,"enemies":"Snake Plant","floor":24,"turns":2},{"damage":24,"enemies":"Slavers","floor":25,"turns":3},{"damage":0,"enemies":"Sentry and Sphere","floor":27,"turns":2},{"damage":0,"enemies":"Gremlin Leader","floor":29,"turns":3},{"damage":8,"enemies":"Cultist and Chosen","floor":30,"turns":3},{"damage":0,"enemies":"Champ","floor":33,"turns":3},{"damage":0,"enemies":"Gensokyo:AncientGuardian","floor":35,"turns":2},{"damage":0,"enemies":"Gensokyo:3_Boulders","floor":37,"turns":2},{"damage":0,"enemies":"Gensokyo:Sharpion","floor":38,"turns":2},{"damage":0,"enemies":"Gensokyo:Rafflesia","floor":39,"turns":2},{"damage":0,"enemies":"Gensokyo:Doremy","floor":40,"turns":2},{"damage":0,"enemies":"Gensokyo:Marisa","floor":42,"turns":2},{"damage":0,"enemies":"Gensokyo:Kasen","floor":44,"turns":2},{"damage":0,"enemies":"Gensokyo:SeedOfUnknown","floor":48,"turns":2},{"damage":0,"enemies":"Gensokyo:Yuyuko","floor":50,"turns":2},{"damage":0,"enemies":"Shield and Spear","floor":54,"turns":1},{"damage":0,"enemies":"LittleHush","floor":55,"turns":10}],"seed_played":"-1900317517693500916","potions_obtained":[{"floor":4,"key":"SteroidPotion"},{"floor":7,"key":"CultistPotion"},{"floor":8,"key":"Dexterity Potion"},{"floor":10,"key":"DuplicationPotion"},{"floor":35,"key":"PowerPotion"},{"floor":40,"key":"PowerPotion"}],"is_trial":false,"path_per_floor":["M","COS","M","M","?","R","E","M","T","M","E","T","M","M","R","B",null,"M","?","?","M","M","E","M","E","T","M","R","E","M","$","R","B",null,"M","?","M","M","M","E","R","E","T","E","$","T","COS","M","R","B",null,"R","$","E","B",null],"character_chosen":"DEFECT","items_purchased":["Apotheosis","GuppysPaw","Membership Card","EdensBlessing","SumBook","Replay:Accelerometer","SatanicBible","BargainBundle","DollysMirror","AT_SpeedBoots","MagicDraw3","Lantern","Languid Potion","Magnetism","Seek","Vajra","Guide Book","ZombieArmy","SSSystem","REME_OnlineShoppingPlatform","SecretRecord"],"campfire_rested":0,"item_purchase_floors":[17,17,31,31,31,31,34,45,45,45,45,45,45,45,45,53,53,53,53,53,53],"current_hp_per_floor":[41,41,33,21,11,11,1,75,75,32,32,32,32,91,91,91,72,69,69,69,69,58,25,25,93,93,93,93,96,92,92,92,100,97,97,57,78,90,98,98,98,110,110,110,110,110,110,110,110,113,113,113,113,113,562],"gold":2,"neow_bonus":"RANDOM_EVENT","is_daily":false,"chose_seed":false,"campfire_upgraded":6,"win_rate":0.0,"timestamp":1611909129,"path_taken":["M","COS","M","M","?","R","E","?","T","?","E","?","M","M","R","BOSS","M","?","?","M","M","E","M","E","T","M","R","E","M","$","R","BOSS","M","?","M","?","M","E","R","E","T","E","$","?","COS","M","R","BOSS","R","$","E","BOSS"],"items_purchased_type":["Card","Relic","Relic","Relic","Relic","Relic","Relic","Relic","Relic","Relic","Relic","Relic","Potion","Card","Card","Relic","Relic","Relic","Relic","Relic","Relic"],"build_version":"2020-12-22","purchased_purges":3,"victory":true,"max_hp_per_floor":[75,75,75,75,75,75,75,76,76,86,87,87,87,91,91,92,72,90,90,90,92,93,97,97,93,93,93,93,96,96,96,96,100,97,97,97,97,98,98,98,98,110,110,110,110,110,110,110,110,113,113,113,113,113,562],"card_choices":[{"not_picked":["Cold Snap","ReplaySolidLightProjector"],"picked":"Ball Lightning","floor":1},{"not_picked":["Go for the Eyes","Streamline","Genetic Algorithm"],"picked":"SKIP","floor":3},{"not_picked":["ReplayTheSpireMod:Calculation Training","Streamline"],"picked":"FIFO Queue","floor":4},{"not_picked":["Rebound","Sweeping Beam"],"picked":"Electrodynamics","floor":5},{"not_picked":["Redo","Force Field"],"picked":"Machine Learning","floor":7},{"not_picked":["Conserve Battery","Reinforced Body","Cold Snap"],"picked":"SKIP","floor":8},{"not_picked":["Distribution","Leap","AT_HeatAcrobatics"],"picked":"SKIP","floor":10},{"not_picked":["Reprogram","Glacier"],"picked":"Lockon","floor":11},{"not_picked":["Stack","Compile Driver","Steam Power"],"picked":"SKIP","floor":13},{"not_picked":["Fusion","Panic Button","Doom and Gloom"],"picked":"SKIP","floor":14},{"not_picked":["Multi-Cast","Machine Learning"],"picked":"Seek","floor":16},{"not_picked":["AT_HeatAcrobatics","BasicCrystalCard"],"picked":"AT_ThunderBolt","floor":18},{"not_picked":["Go for the Eyes","AT_WarpDrive","Cold Snap"],"picked":"SKIP","floor":21},{"not_picked":["BootSequence+1","Leap","White Noise"],"picked":"SKIP","floor":22},{"not_picked":["Panic Button","Rip and Tear","Ball Lightning"],"picked":"SKIP","floor":23},{"not_picked":["Glacier","Conserve Battery+1"],"picked":"REME_SelfUpgrade+1","floor":24},{"not_picked":["ReplaySolidLightProjector+1","Hyperbeam","Go for the Eyes+1","Hologram+1"],"picked":"Thunder Strike","floor":25},{"not_picked":["Rebound","Coolheaded","Steam","Barrage+1","ReplayGash"],"picked":"SKIP","floor":27},{"not_picked":["White Noise","Barrage","Fan+1","Compile Driver"],"picked":"Seek","floor":29},{"not_picked":["Steam","Go for the Eyes","Turbo+1","Beam Cell"],"picked":"Ball Lightning","floor":30},{"not_picked":["Mirror Shield","Echo Form","Core Surge","Machine Learning"],"picked":"Creative AI","floor":33},{"not_picked":["Gash+1","BasicCrystalCard","Panic Button+1","AT_HeatAcrobatics","Redo"],"picked":"SKIP","floor":35},{"not_picked":["AT_HeatAcrobatics+1","Sunder+1","Turbo"],"picked":"SKIP","floor":37},{"not_picked":["Compile Driver+1","AT_StudyProgram","ReplayTheSpireMod:Repulse"],"picked":"SKIP","floor":37},{"not_picked":["Leap+1","Rebound+1","Fusion"],"picked":"SKIP","floor":38},{"not_picked":["Go for the Eyes+1","REME_SelfUpgrade+1","Rebound"],"picked":"SKIP","floor":38},{"not_picked":["ReplayTheSpireMod:Reroute Power","Tempest+1","Compile Driver"],"picked":"SKIP","floor":39},{"not_picked":["Hologram","Consume","Steam"],"picked":"SKIP","floor":39},{"not_picked":["Coolheaded+1","AT_HeatAcrobatics","Time Bomb"],"picked":"SKIP","floor":40},{"not_picked":["Coolheaded","AT_HeatAcrobatics+1","Cold Snap","ReplayTheSpireMod:Reroute Power"],"picked":"Electrodynamics","floor":42},{"not_picked":["Ball Lightning+1","Go for the Eyes","BasicCrystalCard+1","REME_Whirling+1","Hologram+1"],"picked":"SKIP","floor":44},{"not_picked":["Stack","Reprogram+1"],"picked":"Defragment","floor":47},{"not_picked":["AT_HeatAcrobatics","Steam+1","Leap","Sunder+1"],"picked":"SKIP","floor":48},{"not_picked":["Reprogram+1","Leap","ReplayTheSpireMod:System Scan+1"],"picked":"SKIP","floor":54}],"player_experience":102535,"relics_obtained":[{"floor":5,"key":"AT_GoldPhoenixTree"},{"floor":7,"key":"Pet Ghost"},{"floor":11,"key":"Replay:Antivirus Software"},{"floor":12,"key":"AT_EbonyIvory"},{"floor":20,"key":"MawBank"},{"floor":23,"key":"AT_MibuBalloonWealth"},{"floor":25,"key":"Turnip"},{"floor":26,"key":"Blue Candle"},{"floor":29,"key":"Geode"},{"floor":40,"key":"Letter Opener"},{"floor":42,"key":"Mummified Hand"},{"floor":43,"key":"Grinning Jar"},{"floor":44,"key":"AT_ArchangelStaff"},{"floor":46,"key":"Centennial Puzzle"},{"floor":54,"key":"Bag of Preparation"}],"event_choices":[{"damage_healed":0,"gold_gain":0,"player_choice":"Inject Mutagens","damage_taken":0,"relics_obtained":["MutagenicStrength"],"max_hp_gain":0,"max_hp_loss":0,"event_name":"Drug Dealer","floor":19,"gold_loss":0}],"is_beta":false,"boss_relics":[{"not_picked":["Philosopher\u0027s Stone","Astrolabe"],"picked":"Nuclear Battery"},{"not_picked":[]},{"not_picked":["Cursed Key","Replay:Ancient Bell"],"picked":"MagicMushroom"},{"not_picked":[]}],"items_purged_floors":[17,45,53],"is_endless":false,"potions_floor_spawned":[4,7,8,10,24,25,27,29,35,38,40,48,54],"ascension_level":2}}