{"host":"hixkpep13ay54y5b","time":1611935688,"event":{"mods":["AchievementEnabler","BaseMod","BetterRewards","Colored Map","Hubris","Infinite Spire","Minty Spire (QoL Compilation)","Quick Restart","Replay The Spire","Shop Mod","StSLib","SuperFastMode"],"gold_per_floor":[109,109,109,128,147,147,182,205,205,221,246,246,246,100,100,225,225,238,148,171,186,202,202,202,202],"floor_reached":24,"language":"ENG","playtime":590,"items_purged":[],"score":223,"play_id":"3d0ad657-f828-45f4-9875-644340d8423d","local_time":"20210129105448","is_ascension_mode":false,"campfire_choices":[{"data":"Defend_R","floor":6.0,"key":"SMITH"},{"data":"Inflame","floor":12.0,"key":"SMITH"},{"data":"Defend_R","floor":15.0,"key":"SMITH"},{"data":"Defend_R","floor":23,"key":"SMITH"}],"circlet_count":0,"master_deck":["Strike_R","Strike_R","Strike_R","Strike_R+1","Defend_R+1","Defend_R+1","Defend_R+1","Defend_R","Bash","Battle Trance","Cleave","Thunderclap","Inflame+1","Armaments+1"],"relics":["Burning Blood","NeowsBlessing","Golden Idol","FaceOfCleric","Replay:Towering Pillar of Hats","hubris:BundleOfHerbs","Odd Mushroom","MerchantsRug","infinitespire:Cupcake"],"acts_visited":["Exordium","TheCity"],"potions_floor_usage":[22],"damage_taken":[{"damage":0.0,"enemies":"Jaw Worm","floor":1.0,"turns":1.0},{"damage":0.0,"enemies":"2 Louse","floor":4.0,"turns":1.0},{"damage":0.0,"enemies":"Cultist","floor":5.0,"turns":1.0},{"damage":47.0,"enemies":"Lagavulin","floor":7.0,"turns":8.0},{"damage":6.0,"enemies":"Gremlin Gang","floor":8.0,"turns":2.0},{"damage":0.0,"enemies":"Large Slime","floor":10.0,"turns":4.0},{"damage":10.0,"enemies":"The Mushroom Lair","floor":11.0,"turns":4.0},{"damage":43.0,"enemies":"The Guardian","floor":16.0,"turns":14.0},{"damage":5,"enemies":"Chosen","floor":18,"turns":3},{"damage":20,"enemies":"Shell Parasite","floor":20,"turns":5},{"damage":7,"enemies":"Snecko","floor":21,"turns":5},{"damage":26,"enemies":"Centurion and Healer","floor":22,"turns":10},{"damage":69,"enemies":"Nightmare","floor":24,"turns":10}],"seed_played":"-4711810932691731390","potions_obtained":[{"floor":1.0,"key":"Reflective Coating"},{"floor":7.0,"key":"Adrenaline Potion"},{"floor":10.0,"key":"Fruit Juice"},{"floor":20,"key":"SteroidPotion"},{"floor":22,"key":"Elixir"}],"is_trial":false,"path_per_floor":["M","?","?","M","M","R","E","M","T","M","?","R","?","$","R","B",null,"M","?","M","M","M","R","NM"],"character_chosen":"IRONCLAD","items_purchased":["MerchantsRug"],"campfire_rested":0,"item_purchase_floors":[14],"current_hp_per_floor":[80,60,60,67,74,74,34,35,35,47,44,44,44,44,44,8,92,93,93,80,80,61,61,0,0],"gold":202,"neow_bonus":"THREE_ENEMY_KILL","is_daily":false,"chose_seed":false,"campfire_upgraded":4,"win_rate":0.0,"timestamp":1611935688,"path_taken":["M","?","?","?","?","R","E","M","T","M","?","R","?","$","R","BOSS","M","?","?","M","M","R","NM"],"items_purchased_type":["Relic"],"build_version":"2020-12-22","purchased_purges":0,"victory":false,"max_hp_per_floor":[80,80,80,81,82,82,83,84,84,90,91,91,91,91,91,92,92,93,93,94,95,96,96,96,96],"card_choices":[{"not_picked":["Second Wind","Sword Boomerang"],"picked":"Battle Trance","floor":1.0},{"not_picked":["Clash","Armaments"],"picked":"Cleave","floor":4.0},{"not_picked":["Wild Strike","Body Slam"],"picked":"Thunderclap","floor":5.0},{"not_picked":["Blood for Blood","Iron Wave","Rage"],"picked":"SKIP","floor":7.0},{"not_picked":["Shockwave","Combust","Seeing Red"],"picked":"SKIP","floor":8.0},{"not_picked":["ReplayTheSpireMod:Strike From Hell","Clash","Rage"],"picked":"SKIP","floor":10.0},{"not_picked":["Life Link","Carnage"],"picked":"Inflame","floor":11.0},{"not_picked":["Twin Strike","True Grit"],"picked":"Armaments+1","floor":18},{"not_picked":["ReplayReversal","ReplayTheSpireMod:Strike From Hell","Battle Trance"],"picked":"SKIP","floor":20},{"not_picked":["Headbutt","ReplayTheSpireMod:Corrosion Curse","Thunderclap"],"picked":"SKIP","floor":21},{"not_picked":["Replay:Undeath\u0027s Touch","Evolve","Ghostly Armor"],"picked":"SKIP","floor":22}],"player_experience":158084,"relics_obtained":[{"floor":7.0,"key":"Replay:Towering Pillar of Hats"},{"floor":9.0,"key":"hubris:BundleOfHerbs"},{"floor":11.0,"key":"Odd Mushroom"}],"event_choices":[{"damage_healed":0.0,"max_hp_gain":0.0,"max_hp_loss":0.0,"gold_gain":0.0,"event_name":"Golden Idol","player_choice":"Take Damage","floor":2.0,"gold_loss":0.0,"damage_taken":20.0,"relics_obtained":["Golden Idol"]},{"damage_healed":0.0,"max_hp_gain":0.0,"max_hp_loss":0.0,"gold_gain":0.0,"event_name":"FaceTrader","player_choice":"Trade","floor":3.0,"gold_loss":0.0,"damage_taken":0.0,"relics_obtained":["FaceOfCleric"]},{"damage_healed":0.0,"max_hp_gain":0.0,"max_hp_loss":0.0,"gold_gain":0.0,"event_name":"Mushrooms","player_choice":"Fought Mushrooms","floor":11.0,"gold_loss":0.0,"damage_taken":0.0},{"cards_removed":["Strike_R"],"damage_healed":0,"gold_gain":0,"player_choice":"Upgrade and Remove","damage_taken":0,"max_hp_gain":0,"max_hp_loss":0,"event_name":"Designer","floor":19,"gold_loss":90,"cards_upgraded":["Strike_R"]}],"is_beta":false,"boss_relics":[{"not_picked":["infinitespire:Burning Sword","Calling Bell"],"picked":"infinitespire:Cupcake"}],"items_purged_floors":[],"is_endless":false,"potions_floor_spawned":[1,7,10,20,22],"killed_by":"Nightmare","ascension_level":0}}