{"host":"tr12w2fixbnujl15","time":1611956717,"event":{"mods":["100% Spire Juice","2.2 Compatiblity","A Penny For Your Troubles","Arknights The Spire","BaseMod","Better Skull","Better Vampires","BetterRewards","CapriCore","Clockwork Mod","Colored Powertips","Evolution","Gremlin Skip","Hermit","Hubris","Infinite Spire","JesterMod","Kalas","KinomotoSakuraMod(????)","Koishi","Mad Scientist","Magitek Elite","Mathematician","Minty Spire (QoL Compilation)","Permanent Neow","Quick Restart","Reimu??????","Relic Filter","Remilia_Scarlet Moed?????·?????3.3.5","Replay The Spire","Shop Mod","StSLib","SuperFastMode","The Accelerator","The Animator","The Bug Knight","The Construct","The Cursed","The Hayseed","The Hierophant","The Immortal","The Mystic","The Necromancer","The Runesmith","The Sage","The Senshi","The Servant 0.9.4","The Spell Scribe","The Vixen","TheFirefly","TheSwordswoman","TheVelvet","Transform Curses","WarShipGirlsR/????R mod","Yakumo Yukari mod","[IsaacMod]????"],"gold_per_floor":[116,116,141,159,209,209,221,221,246,246,103,103,116,140,140,248,248,289,289,289,82,82,128,128,146,173,173,16,43,53,80,80,190,190,219,179,50,99,99],"floor_reached":38,"language":"ENG","playtime":1187,"items_purged":[],"score":432,"play_id":"6de4c903-5b4f-47e1-998b-e2f8890dd6bf","local_time":"20210129164517","is_ascension_mode":false,"campfire_choices":[{"data":"Eruption","floor":6,"key":"SMITH"},{"data":"Vigilance","floor":10,"key":"SMITH"},{"data":"DeceiveReality","floor":12,"key":"SMITH"},{"data":"Ragnarok","floor":15,"key":"SMITH"},{"floor":24,"key":"REST"},{"floor":27,"key":"REST"},{"floor":32,"key":"REST"}],"circlet_count":0,"master_deck":["Strike_P+1","Strike_P","Strike_P","Strike_P","Defend_P","Defend_P","Defend_P","Defend_P","Eruption+1","Vigilance+1","DeceiveReality+1","Evaluate","PathToVictory+1","Conclude","Worship","Ragnarok+1","DevaForm","Conclude+1","hubris:Fate","BattleHymn+1","Replay:Anticipation","WaveOfTheHand","Replay:BluntJabs+1","FlurryOfBlows+1","SandsOfTime+1","Pray","BowlingBash+1","Perseverance","CutThroughFate+1","Consecrate+1","Replay:AllIn","FlyingSleeves+1","BowlingBash+1"],"relics":["HolyWater","EVO:Axolotl","HushsDoor","NeowsBlessing","MoneyPower","HowToJump","InkBottle","RuthlessExorcism:ReiMu","HollowMod:PaleOreRelic","SalivaCoin","Molten Egg 2","BargainBundle","Gremlin Food","hubris:SlimyHat","MerchantsRug","SacredBark"],"acts_visited":["Exordium","TheCity","TheBeyond"],"potions_floor_usage":[30,33,33,33,33,35,38],"damage_taken":[{"damage":0,"enemies":"Jaw Worm","floor":1,"turns":1},{"damage":0,"enemies":"Cultist","floor":4,"turns":1},{"damage":0,"enemies":"Hiden Room Battle","floor":5,"turns":1},{"damage":0,"enemies":"infinitespire:Voidling","floor":7,"turns":6},{"damage":0,"enemies":"Looter","floor":13,"turns":3},{"damage":0,"enemies":"Exordium Thugs","floor":14,"turns":5},{"damage":0,"enemies":"Slime Boss","floor":16,"turns":6},{"damage":19,"enemies":"Shell Parasite","floor":18,"turns":4},{"damage":30,"enemies":"Nightmare","floor":23,"turns":6},{"damage":0,"enemies":"Spheric Guardian","floor":25,"turns":3},{"damage":8,"enemies":"Centurion and Healer","floor":29,"turns":4},{"damage":0,"enemies":"Chosen and Byrds","floor":30,"turns":5},{"damage":4,"enemies":"Snecko","floor":31,"turns":3},{"damage":23,"enemies":"Automaton","floor":33,"turns":4},{"damage":20,"enemies":"3 Darklings","floor":35,"turns":2},{"damage":55,"enemies":"3 Shapes","floor":38,"turns":4}],"seed_played":"7760061467269487368","potions_obtained":[{"floor":2,"key":"Elixir"},{"floor":2,"key":"sagemod:Wine"},{"floor":2,"key":"LiquidMemories"},{"floor":5,"key":"BlessingOfTheForge"},{"floor":7,"key":"DistilledChaos"},{"floor":14,"key":"EntropicBrew"},{"floor":33,"key":"GamblersBrew"},{"floor":36,"key":"FearPotion"},{"floor":36,"key":"Milkshake"},{"floor":36,"key":"GamblersBrew"}],"is_trial":false,"path_per_floor":["M","?","T","M","?","R","M","?","T","R","$","R","M","M","R","B",null,"M","?","AVR","$","?","NM","R","M","T","R","$","M","M","M","R","B",null,"M","?","$","M"],"character_chosen":"WATCHER","items_purchased":["SalivaCoin","BargainBundle","BattleHymn","Replay:Anticipation","WaveOfTheHand","Replay:BluntJabs+1","FlurryOfBlows+1","MerchantsRug","BowlingBash+1","LiquidBronze"],"campfire_rested":3,"item_purchase_floors":[11,21,21,21,21,21,21,28,37,37],"current_hp_per_floor":[72,72,72,72,72,72,72,72,72,72,72,72,72,72,72,72,72,53,72,72,72,72,42,63,63,63,72,72,64,64,60,72,49,72,52,52,52,0,0],"gold":99,"neow_bonus":"THREE_ENEMY_KILL","is_daily":false,"chose_seed":false,"campfire_upgraded":4,"win_rate":0.0,"timestamp":1611956717,"path_taken":["M","?","?","M","?","R","M","?","T","R","$","R","M","?","R","BOSS","M","?","AVR","?","?","NM","R","?","T","R","$","M","M","M","R","BOSS","M","?","$","M"],"items_purchased_type":["Relic","Relic","Card","Card","Card","Card","Card","Relic","Card","Potion"],"build_version":"2020-12-22","purchased_purges":0,"victory":false,"max_hp_per_floor":[72,72,72,72,72,72,72,72,72,72,72,72,72,72,72,72,72,72,72,72,72,72,72,72,72,72,72,72,72,72,72,72,72,72,72,72,72,72,72],"card_choices":[{"not_picked":[],"picked":"Bomb","floor":0},{"not_picked":["Consecrate","Replay:DivineShield"],"picked":"DeceiveReality","floor":1},{"not_picked":["SashWhip","DeceiveReality"],"picked":"Evaluate","floor":4},{"not_picked":["Protect","Nirvana"],"picked":"PathToVictory","floor":5},{"not_picked":["CrushJoints","Replay:ManipulateFuture"],"picked":"Conclude","floor":7},{"not_picked":["Replay:BluntJabs","Perseverance"],"picked":"Worship","floor":13},{"not_picked":["Replay:AtTheReady","Halt"],"picked":"Ragnarok","floor":14},{"not_picked":["Scrawl","Replay:LoomingThreat"],"picked":"DevaForm","floor":16},{"not_picked":["Protect+1","EmptyFist"],"picked":"Conclude","floor":18},{"not_picked":["WaveOfTheHand","EmptyBody"],"picked":"Pray","floor":23},{"not_picked":["Protect","FearNoEvil+1"],"picked":"BowlingBash+1","floor":25},{"not_picked":["ClearTheMind","ThirdEye"],"picked":"Perseverance","floor":29},{"not_picked":["Replay:Anticipation","Protect"],"picked":"CutThroughFate+1","floor":30},{"not_picked":["EmptyBody","FlyingSleeves+1"],"picked":"Consecrate+1","floor":31},{"not_picked":["Judgement","Ragnarok+1"],"picked":"Replay:AllIn","floor":33},{"not_picked":["Pray+1","ThirdEye+1"],"picked":"FlyingSleeves+1","floor":35}],"player_experience":90918,"relics_obtained":[{"floor":3,"key":"HowToJump"},{"floor":5,"key":"InkBottle"},{"floor":5,"key":"RuthlessExorcism:ReiMu"},{"floor":9,"key":"HollowMod:PaleOreRelic"},{"floor":23,"key":"Gremlin Food"},{"floor":26,"key":"hubris:SlimyHat"}],"event_choices":[{"damage_healed":0,"gold_gain":0,"player_choice":"Got Potions","damage_taken":0,"max_hp_gain":0,"max_hp_loss":0,"event_name":"Lab","floor":2,"gold_loss":0},{"damage_healed":0,"gold_gain":0,"player_choice":"Fight","damage_taken":0,"max_hp_gain":0,"max_hp_loss":0,"event_name":"HidenRoomEvent","floor":5,"gold_loss":0},{"damage_healed":19,"gold_gain":0,"player_choice":"Full Heal","damage_taken":0,"max_hp_gain":0,"max_hp_loss":0,"event_name":"Wheel of Change","floor":19,"gold_loss":0},{"damage_healed":0,"gold_gain":0,"player_choice":"Read","damage_taken":0,"max_hp_gain":0,"max_hp_loss":0,"event_name":"The Library","floor":22,"gold_loss":0,"cards_obtained":["SandsOfTime"]},{"damage_healed":0,"gold_gain":0,"player_choice":"Bought 3 Potions","damage_taken":0,"max_hp_gain":0,"max_hp_loss":0,"event_name":"The Woman in Blue","floor":36,"gold_loss":0}],"is_beta":false,"boss_relics":[{"not_picked":["Replay:Bronze Core","Replay:Wanted Poster"],"picked":"HolyWater"},{"not_picked":[]},{"not_picked":["Sozu","Replay:Drink Me"],"picked":"SacredBark"},{"not_picked":[]}],"items_purged_floors":[],"is_endless":false,"potions_floor_spawned":[5,7,14,18,29,33],"killed_by":"3 Shapes","ascension_level":0}}