{"host":"0fmi5fguj5lvt8pf","time":1611921715,"event":{"mods":["BaseMod","Colored Map","Curses Come First","Downfall","Minty Spire (QoL Compilation)","Permanent Neow","StSLib"],"gold_per_floor":[0,20,20,35,485,52,52,106,126,137,137,237,237,122,132,236,236,236,249,264,214,226,226,253,253,268,268,284,309,329,329,329,329],"floor_reached":31,"language":"ENG","playtime":1766,"items_purged":["downfall:Icky","downfall:Icky"],"score":247,"play_id":"3a711dca-e99a-4804-bf9d-5b4ab369e456","local_time":"20210129040155","is_ascension_mode":false,"campfire_choices":[{"data":"champ:Taunt","floor":1.0,"key":"SMITH"},{"data":"champ:StanceDance","floor":11.0,"key":"SMITH"},{"floor":13,"key":"REST"},{"data":"champ:AdrenalArmor","floor":18,"key":"SMITH"},{"floor":25,"key":"RECALL"}],"circlet_count":0,"master_deck":["champ:Strike","champ:Strike","champ:Strike","champ:Strike","champ:Defend","champ:Defend","champ:Defend","champ:Execute","champ:Taunt+1","champ:StanceDance+1","champ:Endure","downfall:Icky","champ:HeartStrike","champ:Encircle","champ:CrookedStrike","champ:AdrenalArmor+1","champ:CrownThrow","champ:CrownThrow+1","champ:EnchantCrown+1","champ:Duel","champ:DeathBlow","champ:FanOfKnives"],"relics":["champ:ChampionCrown","CaptainsWheel","Singing Bowl","CloakClasp","champ:PowerArmor","downfall:RedIOU","Tiny Chest","Bronze Scales"],"acts_visited":["Exordium","TheCity"],"potions_floor_usage":[12,16,22,22,29],"damage_taken":[{"damage":21.0,"enemies":"Jaw Worm","floor":2.0,"turns":4.0},{"damage":15.0,"enemies":"Small Slimes","floor":4.0,"turns":3.0},{"damage":20.0,"enemies":"downfall:FleeingMerchant","floor":6.0,"turns":4.0},{"damage":14.0,"enemies":"2 Louse","floor":9.0,"turns":3.0},{"damage":22.0,"enemies":"Lots of Slimes","floor":10.0,"turns":5.0},{"damage":44,"enemies":"Lots of Slimes","floor":12,"turns":7},{"damage":23,"enemies":"downfall:FleeingMerchant","floor":14,"turns":4},{"damage":10,"enemies":"Red Slaver","floor":15,"turns":2},{"damage":87,"enemies":"DF_ARCHETYPE_STREAMLINE","floor":16,"turns":12},{"damage":33,"enemies":"3 Byrds","floor":19,"turns":5},{"damage":67,"enemies":"Snake Plant","floor":20,"turns":6},{"damage":43,"enemies":"3 Cultists","floor":22,"turns":6},{"damage":41,"enemies":"Shelled Parasite and Fungi","floor":26,"turns":5},{"damage":45,"enemies":"Sentry and Sphere","floor":28,"turns":6},{"damage":33,"enemies":"Book of Stabbing","floor":29,"turns":6},{"damage":42,"enemies":"Centurion and Healer","floor":30,"turns":4},{"damage":20,"enemies":"Snake Plant","floor":31,"turns":4}],"seed_played":"-3476283734184777963","potions_obtained":[{"floor":4.0,"key":"Energy Potion"},{"floor":10.0,"key":"hexamod:SoulburnPotion"},{"floor":12,"key":"Guardian:BlockOnCardUsePotion"},{"floor":15,"key":"Swift Potion"},{"floor":19,"key":"sneckomod:MuddlingPotion"},{"floor":20,"key":"FearPotion"},{"floor":29,"key":"SteroidPotion"}],"is_trial":false,"path_per_floor":["R","M","?","M","?","$","T","T","M","M","R","?","R","$","M","B",null,"R","M","M","?","M","?","T","R","M","?","M","E","M","M"],"character_chosen":"THE_CHAMP","items_purchased":["Singing Bowl","champ:Encircle"],"campfire_rested":1,"item_purchase_floors":[6,6],"current_hp_per_floor":[90,89,89,89,89,89,89,89,85,75,75,48,76,75,75,40,98,98,95,53,88,70,70,70,70,64,64,44,33,21,9,9,9],"gold":329,"neow_bonus":"ONE_RARE_RELIC","is_daily":false,"chose_seed":false,"campfire_upgraded":3,"win_rate":0.0,"timestamp":1611921715,"path_taken":["R","M","?","M","?","?","T","?","M","?","R","?","R","$","M","BOSS","R","M","M","?","M","?","T","R","M","?","M","E","M","?"],"items_purchased_type":["Relic","Card"],"build_version":"2020-12-22","purchased_purges":2,"victory":false,"max_hp_per_floor":[90,90,90,90,90,90,90,90,90,92,92,94,94,96,96,98,98,98,98,98,98,98,98,98,98,98,98,98,100,100,100,100,100],"card_choices":[{"not_picked":["champ:PerfectedStrike","champ:GutPunch"],"picked":"champ:StanceDance","floor":2.0},{"not_picked":["champ:Encircle","champ:ShieldSigil"],"picked":"champ:Endure","floor":4.0},{"not_picked":["champ:Backstep","champ:HeavySlash"],"picked":"champ:HeartStrike","floor":6.0},{"not_picked":["champ:SetATrap","champ:Haymaker"],"picked":"champ:CrookedStrike","floor":9.0},{"not_picked":["champ:DeathBlow","champ:DefensiveStyle","champ:Lariat"],"picked":"Singing Bowl","floor":10.0},{"not_picked":["champ:BladeFlurry","champ:StanceDance","champ:Shatter"],"picked":"Singing Bowl","floor":12},{"not_picked":["champ:BladeFlurry","champ:IronFortress","champ:HoldFirm"],"picked":"Singing Bowl","floor":14},{"not_picked":["champ:ShieldSigil","champ:BladeFlurry"],"picked":"champ:AdrenalArmor","floor":15},{"not_picked":["champ:DancingMaster","champ:CheapShot","champ:GladiatorForm"],"picked":"Singing Bowl","floor":16},{"not_picked":["champ:Backstep+1","champ:Haymaker"],"picked":"champ:CrownThrow","floor":19},{"not_picked":["champ:BladeFlurry","champ:TornadoPunch"],"picked":"champ:CrownThrow+1","floor":20},{"not_picked":["champ:CrownThrow","champ:PerfectedStrike"],"picked":"champ:EnchantCrown","floor":22},{"not_picked":["champ:Haymaker","champ:DefensiveStyle"],"picked":"champ:Duel","floor":26},{"not_picked":["champ:FancyFootwork","champ:PreciseThrust"],"picked":"champ:DeathBlow","floor":28},{"not_picked":["champ:BladeFlurry+1","champ:PreciseThrust","champ:StanceDance"],"picked":"Singing Bowl","floor":29},{"not_picked":["champ:ShieldWall","champ:FlashCut+1"],"picked":"champ:FanOfKnives","floor":30}],"player_experience":1447625,"relics_obtained":[{"floor":7.0,"key":"Oddly Smooth Stone"},{"floor":12,"key":"CloakClasp"},{"floor":24,"key":"Tiny Chest"},{"floor":29,"key":"Bronze Scales"}],"event_choices":[{"cards_removed":["champ:Defend"],"damage_healed":0.0,"max_hp_gain":0.0,"max_hp_loss":0.0,"gold_gain":0.0,"event_name":"The Cleric","player_choice":"Card Removal","floor":3.0,"gold_loss":0.0,"damage_taken":0.0},{"damage_healed":0,"gold_gain":0,"player_choice":"Forge","damage_taken":0,"max_hp_gain":0,"max_hp_loss":0,"event_name":"Accursed Blacksmith","floor":27,"gold_loss":0,"cards_upgraded":["champ:EnchantCrown"]}],"is_beta":false,"boss_relics":[{"not_picked":["Sozu","bronze:MakeshiftBattery"],"picked":"champ:PowerArmor"}],"items_purged_floors":[6,14],"is_endless":false,"potions_floor_spawned":[4,10,12,15,19,20,29],"killed_by":"Snake Plant","ascension_level":0}}