{"host":"qik6c64y69p9jmph","time":1611944217,"event":{"mods":["AchievementEnabler","BaseMod","Highlight Path","Minty Spire (QoL Compilation)","Quick Restart","StSLib","Synergy Search"],"gold_per_floor":[117,117,67,87,105,138,138,152,203,222,239,239,269,302,302,407,407,423,443,542,394,394,394],"floor_reached":22,"language":"ENG","playtime":2123,"items_purged":[],"score":255,"play_id":"38e92b0c-0d8f-4e39-869c-6dd3afbd1381","local_time":"20210129131657","is_ascension_mode":true,"campfire_choices":[{"floor":7,"key":"REST"},{"floor":12,"key":"REST"},{"data":"Barricade","floor":15,"key":"SMITH"}],"circlet_count":0,"master_deck":["Strike_R","Strike_R","Strike_R","Strike_R","Strike_R","Defend_R","Defend_R","Defend_R","Defend_R","Bash","Barricade+1","Flame Barrier","Iron Wave","Armaments","Evolve","Shrug It Off+1"],"relics":["Burning Blood","Blue Candle","PreservedInsect","Centennial Puzzle","Ancient Tea Set","Paper Frog","Black Star","Omamori"],"acts_visited":["Exordium","TheCity"],"potions_floor_usage":[4,8,11,16,18],"damage_taken":[{"damage":6,"enemies":"Cultist","floor":1,"turns":3},{"damage":15,"enemies":"2 Louse","floor":4,"turns":4},{"damage":3,"enemies":"Jaw Worm","floor":5,"turns":6},{"damage":56,"enemies":"Gremlin Nob","floor":6,"turns":6},{"damage":3,"enemies":"Looter","floor":8,"turns":4},{"damage":9,"enemies":"Exordium Wildlife","floor":10,"turns":4},{"damage":9,"enemies":"2 Fungi Beasts","floor":11,"turns":4},{"damage":30,"enemies":"3 Sentries","floor":14,"turns":14},{"damage":5,"enemies":"Slime Boss","floor":16,"turns":12},{"damage":16,"enemies":"3 Byrds","floor":18,"turns":8},{"damage":24,"enemies":"Chosen","floor":19,"turns":10},{"damage":33,"enemies":"Centurion and Healer","floor":22,"turns":5}],"seed_played":"5283415416712014210","potions_obtained":[{"floor":1,"key":"Regen Potion"},{"floor":6,"key":"Weak Potion"},{"floor":10,"key":"AttackPotion"},{"floor":14,"key":"AttackPotion"},{"floor":16,"key":"ColorlessPotion"},{"floor":18,"key":"LiquidBronze"},{"floor":19,"key":"Ancient Potion"}],"is_trial":false,"path_per_floor":["M","?","?","M","M","E","R","M","T","M","M","R","?","E","R","B",null,"M","M","?","$","M"],"character_chosen":"IRONCLAD","items_purchased":["Omamori"],"campfire_rested":2,"item_purchase_floors":[21],"current_hp_per_floor":[72,72,72,75,78,28,52,55,55,52,49,73,73,49,49,50,73,63,45,45,45,12,12],"gold":394,"neow_bonus":"ONE_RANDOM_RARE_CARD","is_daily":false,"chose_seed":false,"campfire_upgraded":1,"win_rate":0.0,"timestamp":1611944217,"path_taken":["M","?","?","M","M","E","R","M","T","M","?","R","?","E","R","BOSS","M","M","?","$","M"],"items_purchased_type":["Relic"],"build_version":"2020-12-22","purchased_purges":0,"victory":false,"max_hp_per_floor":[80,80,80,80,80,80,80,80,80,80,80,80,80,80,80,80,80,80,80,80,80,80,80],"card_choices":[{"not_picked":["Metallicize","Anger"],"picked":"Flame Barrier","floor":1},{"not_picked":["Clothesline","True Grit","Clash"],"picked":"SKIP","floor":4},{"not_picked":["Intimidate","Bludgeon","Pummel"],"picked":"SKIP","floor":5},{"not_picked":["Clash","Pommel Strike"],"picked":"Iron Wave","floor":6},{"not_picked":["Berserk","Fire Breathing"],"picked":"Armaments","floor":8},{"not_picked":["Dual Wield","Spot Weakness","Feel No Pain"],"picked":"SKIP","floor":10},{"not_picked":["Perfected Strike","Havoc","Heavy Blade"],"picked":"SKIP","floor":11},{"not_picked":["Uppercut","Iron Wave"],"picked":"Evolve","floor":14},{"not_picked":["Sword Boomerang","Second Wind","Flex"],"picked":"SKIP","floor":18},{"not_picked":["Warcry","Sentinel+1"],"picked":"Shrug It Off+1","floor":19}],"player_experience":543238,"relics_obtained":[{"floor":6,"key":"PreservedInsect"},{"floor":9,"key":"Centennial Puzzle"},{"floor":14,"key":"Paper Frog"}],"event_choices":[{"damage_healed":0,"gold_gain":0,"player_choice":"Box","damage_taken":0,"relics_obtained":["Blue Candle"],"max_hp_gain":0,"max_hp_loss":0,"event_name":"Big Fish","floor":2,"gold_loss":0,"cards_obtained":["Regret"]},{"cards_removed":["Regret"],"damage_healed":0,"gold_gain":0,"player_choice":"Card Removal","damage_taken":0,"max_hp_gain":0,"max_hp_loss":0,"event_name":"The Cleric","floor":3,"gold_loss":50},{"damage_healed":0,"gold_gain":30,"player_choice":"Searched \u00272\u0027 times","damage_taken":0,"relics_obtained":["Ancient Tea Set"],"max_hp_gain":0,"max_hp_loss":0,"event_name":"Dead Adventurer","floor":13,"gold_loss":0},{"damage_healed":0,"gold_gain":99,"player_choice":"Stole From Cult","damage_taken":0,"max_hp_gain":0,"max_hp_loss":0,"event_name":"Nest","floor":20,"gold_loss":0}],"is_beta":false,"boss_relics":[{"not_picked":["Empty Cage","Fusion Hammer"],"picked":"Black Star"}],"items_purged_floors":[],"is_endless":false,"potions_floor_spawned":[1,6,10,14,16,18,19],"killed_by":"Centurion and Healer","ascension_level":6}}