{"host":"6yti76gw1x84gcsv","time":1611949038,"event":{"mods":["100% Spire Juice","2.2 Compatiblity","AchievementEnabler","Act Like it!","Aspiration","BaseMod","Beaked The Cultist","Better Altar","Better Sensory Stone","Better Silent Start","Better-Laid Plans","BetterRewards","Block Reminder","CapriCore","Colored Map","Colored Powertips","Conspire","Curses Come First","Displayed Cursed Tome","Downfall","Faster Ascension Climbing","Fox Events","Friendly Minions","GifTheSpireLib","Good Game Mod","Googly Eyes","GungeonMod","Hermit","HololiveMod","Hubris","Jess\u0027s Bottle","Lobotomy","Marked Mod","Minty Spire (QoL Compilation)","MostiFishMod","Pale of the Ancients","Permanent Neow","Potionbrewer","Prisma Mod","Reimu??????","Relic Filter Mod","Relic Stats","Reliquary","Replay The Spire","Shade Mod","Shop Mod","Smile Girya","Spire Arcade","StS++","StSLib","Synergy Search","The Construct","The Hierophant","The Immortal","The Jungle","The Mystic","The Runesmith","The Senshi","Uncapped","WarShipGirlsR/????R mod","Wide Potions"],"gold_per_floor":[108,123,141,216,12,38,38,54,79,85,85,116,127,127,179,276,276,258,68,96,124,124,124,124,124],"floor_reached":24,"language":"ENG","playtime":2420,"items_purged":[],"score":208,"play_id":"a3c887c9-56ca-451e-a69a-a54233308716","local_time":"20210129143718","is_ascension_mode":false,"campfire_choices":[{"data":"Bash","floor":7,"key":"SMITH"},{"data":"Replay:Undeath\u0027s Touch","floor":11,"key":"SMITH"},{"floor":23,"key":"REST"}],"circlet_count":0,"master_deck":["Strike_R","Strike_R","Strike_R","Strike_R","Strike_R","Defend_R","Defend_R","Defend_R+1","Bash+1","construct:LongRangeLance","BigBird","Dropkick","ReplayTheSpireMod:LeadingStrike","ShyLook","Anger","Cleave","Alriune","Replay:Undeath\u0027s Touch+1","Twin Strike","UniverseFragment","conspire:ExplosiveBarrier","Bloodbath","Funeral","Thunderclap","CrumblingArmor","Hemogenesis","GalaxyChild","Spot Weakness","Havoc","LaLuna","Run Through+1","CherryBlossoms","Armaments+1"],"relics":["Burning Blood","DaveBox","REME:ComplimentaryCards","CogitoBucket","NightmareShop","SynthV:TestCard","DemoMod:ClearGuonStone","War Paint","potionbrewer:Torch","HellTrain","reliquary:IridiumChain","aspiration:MobileForge","CeramicFish","ChangeAnything"],"acts_visited":["Exordium","TheCity"],"potions_floor_usage":[10,12,16,16],"damage_taken":[{"damage":0,"enemies":"2 Louse","floor":1,"turns":3},{"damage":0,"enemies":"Cultist","floor":2,"turns":3},{"damage":9,"enemies":"Small Slimes","floor":3,"turns":3},{"damage":30,"enemies":"Lagavulin","floor":6,"turns":5},{"damage":2,"enemies":"Blue Slaver","floor":8,"turns":2},{"damage":25,"enemies":"Large Slime","floor":10,"turns":4},{"damage":21,"enemies":"Gremlin Nob","floor":12,"turns":4},{"damage":8,"enemies":"Looter","floor":13,"turns":3},{"damage":91,"enemies":"Fading Forest","floor":16,"turns":11},{"damage":16,"enemies":"2 Thieves","floor":18,"turns":4},{"damage":76,"enemies":"Shell Parasite","floor":20,"turns":5},{"damage":52,"enemies":"Cultist and Chosen","floor":21,"turns":5}],"seed_played":"8311058573529461952","potions_obtained":[{"floor":1,"key":"StSpp:SecondWindPotion"},{"floor":3,"key":"Toxic Potion"},{"floor":8,"key":"SpeedPotion"},{"floor":13,"key":"Explosive Potion"},{"floor":18,"key":"sneckomod:MuddlingPotion"}],"is_trial":false,"path_per_floor":["M","M","M","?","$","E","R","M","T","M","R","E","M","$","R_BF","B",null,"M","$","M","M","?","R","M"],"character_chosen":"IRONCLAD","items_purchased":["Cleave","DemoMod:ClearGuonStone","CeramicFish","Havoc"],"campfire_rested":1,"item_purchase_floors":[5,5,19,19],"current_hp_per_floor":[80,80,77,69,69,68,68,80,80,79,79,71,80,80,80,53,80,80,80,32,18,18,42,0,0],"gold":124,"neow_bonus":"","is_daily":false,"chose_seed":false,"campfire_upgraded":2,"win_rate":0.0,"timestamp":1611949038,"path_taken":["M","M","M","?","$","E","R","M","T","?","R","E","M","$","R_BF","BOSS","M","$","M","M","?","R","M"],"items_purchased_type":["Card","Relic","Relic","Card"],"build_version":"2020-12-22","purchased_purges":0,"victory":false,"max_hp_per_floor":[80,80,80,80,80,80,80,80,80,80,80,80,80,80,80,80,80,80,80,80,80,80,80,80,80],"relic_stats":{"counters":[15,59],"CeramicFish":45,"War Paint":["Defend_R","Defend_R"],"obtain_stats":[{"DaveBox":0,"CeramicFish":19,"DemoMod:GlassGuonStoneRelic":1,"construct:LongRangeLance":1,"War Paint":6,"Burning Blood":0,"reliquary:IridiumChain":12,"potionbrewer:Torch":9,"REME:ComplimentaryCards":0,"CogitoBucket":0,"SynthV:TestCard":1,"NightmareShop":0,"aspiration:MobileForge":17,"DemoMod:ClearGuonStone":5,"HellTrain":10,"ChangeAnything":20},{"DaveBox":0,"CeramicFish":11,"DemoMod:GlassGuonStoneRelic":1,"construct:LongRangeLance":1,"War Paint":4,"Burning Blood":0,"reliquary:IridiumChain":8,"potionbrewer:Torch":5,"REME:ComplimentaryCards":0,"CogitoBucket":0,"SynthV:TestCard":1,"NightmareShop":0,"aspiration:MobileForge":10,"DemoMod:ClearGuonStone":3,"HellTrain":7,"ChangeAnything":13},{"DaveBox":0,"CeramicFish":43,"DemoMod:GlassGuonStoneRelic":3,"construct:LongRangeLance":3,"War Paint":14,"Burning Blood":0,"reliquary:IridiumChain":25,"potionbrewer:Torch":16,"REME:ComplimentaryCards":0,"CogitoBucket":0,"SynthV:TestCard":3,"NightmareShop":0,"aspiration:MobileForge":39,"DemoMod:ClearGuonStone":9,"HellTrain":21,"ChangeAnything":49}],"Burning Blood":46},"card_choices":[{"not_picked":["Scorched","BeautyBeast"],"picked":"BigBird","floor":1},{"not_picked":["ReplayTheSpireMod:Stacked","Replay:Undeath\u0027s Touch"],"picked":"Dropkick","floor":1},{"not_picked":["OldLady","MeatLantern"],"picked":"DreamingCurrent","floor":2},{"not_picked":["Rampage","Sentinel","Uppercut","StSpp:Sprint"],"picked":"ReplayTheSpireMod:LeadingStrike","floor":2},{"not_picked":["SpiderBud","RedShoes"],"picked":"ShyLook","floor":3},{"not_picked":["ReplayTheSpireMod:Corrosion Curse","ReplayTheSpireMod:LeadingStrike","Flex","Twin Strike"],"picked":"Anger","floor":3},{"not_picked":["VoidDream","UniverseFragment"],"picked":"Alriune","floor":6},{"not_picked":["ReplayReversal","Whirlwind","Sword Boomerang","StSpp:Sprint"],"picked":"Replay:Undeath\u0027s Touch","floor":6},{"not_picked":["MHz","PunishingBird"],"picked":"OldLady","floor":8},{"not_picked":["Flex","Anger","Pommel Strike","Shrug It Off"],"picked":"Twin Strike","floor":8},{"not_picked":["BeautyBeast","Murderer"],"picked":"UniverseFragment","floor":10},{"not_picked":["ReplayTheSpireMod:Strike From Hell","StSpp:Succumb","Heavy Blade","Cleave"],"picked":"conspire:ExplosiveBarrier","floor":10},{"not_picked":["OSAHOGD","Murderer"],"picked":"Bloodbath","floor":12},{"not_picked":["Ghostly Armor","StSpp:Succumb","Shrug It Off","Iron Wave"],"picked":"Body Slam","floor":12},{"not_picked":["FieryBird","MeatLantern"],"picked":"Funeral","floor":13},{"not_picked":["Battle Trance","StSpp:Vengeance","StSpp:Sprint","Clothesline"],"picked":"Thunderclap","floor":13},{"not_picked":["WallGazer","FairyFestival"],"picked":"CrumblingArmor","floor":16},{"not_picked":["MostiFishMod:UltimateDefense","MostiFishMod:TemporaryOutbreak","Reaper","MostiFishMod:FireWorks"],"picked":"Hemogenesis","floor":16},{"not_picked":["MHz","Variant"],"picked":"GalaxyChild","floor":18},{"not_picked":["Cleave","Blood for Blood","Sword Boomerang","Rupture+1"],"picked":"Spot Weakness","floor":18},{"not_picked":["Scarecrow","MHz"],"picked":"LaLuna","floor":20},{"not_picked":["StSpp:Sprint","Clothesline","Twin Strike","StSpp:Turnabout"],"picked":"Run Through+1","floor":20},{"not_picked":["WallGazer","OSAHOGD"],"picked":"CherryBlossoms","floor":21},{"not_picked":["MostiFishMod:BrandingRite","Flex","StSpp:TheBiggerTheyAre","Havoc"],"picked":"Armaments+1","floor":21}],"player_experience":169534,"relics_obtained":[{"floor":1,"key":"SynthV:TestCard"},{"floor":6,"key":"War Paint"},{"floor":9,"key":"potionbrewer:Torch"},{"floor":12,"key":"reliquary:IridiumChain"}],"event_choices":[{"damage_healed":0,"gold_gain":75,"player_choice":"Touch","damage_taken":8,"max_hp_gain":0,"max_hp_loss":0,"event_name":"FaceTrader","floor":4,"gold_loss":0},{"cards_removed":["DreamingCurrent"],"damage_healed":0,"gold_gain":0,"player_choice":"Elegance","damage_taken":0,"max_hp_gain":0,"max_hp_loss":0,"event_name":"Back to Basics","floor":22,"gold_loss":0}],"is_beta":false,"boss_relics":[{"not_picked":["beaked:MawFillet","hubris:VirtuousBlindfold"],"picked":"aspiration:MobileForge"}],"items_purged_floors":[],"is_endless":false,"potions_floor_spawned":[1,3,8,13,18],"killed_by":"Sentry and Sphere","ascension_level":0}}