{"host":"1sqx9dmsrxu9kvq7","time":1611953835,"event":{"mods":["2.2 Compatiblity","Act Like it!","BaseMod","CapriCore","Colored Powertips","Custom Start","Friendly Minions","Gensokyo","Highlight Path","Koishi","KomeijiMod","Marisa（霧雨　魔理沙）","Minty Spire (QoL Compilation)","Quick Restart","Rare Cards Sparkle","Reimu（博??梦）","Relic Stats","Remilia（蕾米莉?）","Shop Mod","Spicy Shops","StSLib","The Administrix","The Blue Laboratory","The Immortal","The Servant 0.9.4","Waifu the Spire","Yakumo Yukari mod","Yuyuko"],"gold_per_floor":[113,113,126,76,88,88,108,108,108,108,46,62,79,91,91,188,238,256,266,266,277,527,527,543,74,99,99,99,99,111,31,31,136,136,153,153,163,163,163,163,175,175,175,191,191,204,216,226,226,226],"floor_reached":51,"language":"ENG","playtime":3947,"items_purged":[],"score":618,"play_id":"10249aec-b5ac-4191-8252-4e5a667bfa54","local_time":"20210129145715","is_ascension_mode":false,"campfire_choices":[{"data":"MasterSpark","floor":6,"key":"SMITH"},{"data":"Gensokyo:BlessingOfFortitude","floor":8,"key":"SMITH"},{"data":"UpSweep","floor":10,"key":"SMITH"},{"data":"AlertArray:ReiMu","floor":15,"key":"SMITH"},{"data":"JA","floor":23,"key":"SMITH"},{"data":"RunawayExorcism:ReiMu","floor":27,"key":"SMITH"},{"floor":29,"key":"REST"},{"floor":32,"key":"REST"},{"floor":40,"key":"REST"},{"data":"IllusionStar","floor":42,"key":"SMITH"},{"data":"MilkyWay","floor":45,"key":"SMITH"},{"floor":49,"key":"REST"}],"circlet_count":0,"master_deck":["NB:ReiMu","Stagnation:ReiMu","Defend_Lin:ReiMu","Defend_Lin:ReiMu","Strike_Lin:ReiMu","Strike_Lin:ReiMu","Defend_MRS","Defend_MRS","MasterSpark+1","UpSweep+1","Strike_MRS","Strike_MRS","SpreadBorder2:ReiMu","CardOfSanctity:ReiMu","Gensokyo:BlessingOfFortitude+1","SubAcupoint:ReiMu","IllusionStar+1","TightArray:ReiMu+1","AlertArray:ReiMu+1","ShootingEcho","JA+1","MysteriousBeam","AsteroidBelt","Conquer:ReiMu","FantasyMoon:ReiMu","Singularity","EnergyFlow","RunawayExorcism:ReiMu+1","Reinforced Body","MilkyWay+1","KamiRite:ReiMu","PowerUp+1","NonDirectionalLaser","SubAcupoint:ReiMu+1","SubcavityInstant:ReiMu","OctopathBindingBorder2:ReiMu","SpiritualOutbreak2:ReiMu+1"],"relics":["MiniHakkero","FlyPower:ReiMu","Thread and Needle","Tiny House","Gensokyo:Companionship","KyoryuNoHagoromo","RuthlessExorcism:ReiMu","RampagingMagicTools","Gremlin Horn","FossilizedHelix"],"acts_visited":["Gensokyo:Gensokyo","Gensokyo:Gensokyoer","Gensokyo:Gensokyoest"],"potions_floor_usage":[],"damage_taken":[{"damage":1,"enemies":"Gensokyo:2_Kodama","floor":1,"turns":4},{"damage":0,"enemies":"Gensokyo:3_Fairies","floor":3,"turns":4},{"damage":0,"enemies":"Gensokyo:Python","floor":5,"turns":3},{"damage":1,"enemies":"Gensokyo:Gryphon_and_Rabbit","floor":7,"turns":6},{"damage":0,"enemies":"Gensokyo:LivingMonolith","floor":12,"turns":3},{"damage":0,"enemies":"Gensokyo:Python_and_Kodama","floor":13,"turns":4},{"damage":2,"enemies":"Gensokyo:3_Kodama","floor":14,"turns":4},{"damage":14,"enemies":"Gensokyo:Kokoro","floor":16,"turns":13},{"damage":5,"enemies":"Gensokyo:AngelMirror","floor":18,"turns":3},{"damage":0,"enemies":"Gensokyo:CosmicMonolith","floor":19,"turns":3},{"damage":0,"enemies":"Gensokyo:Swordslinger","floor":21,"turns":4},{"damage":0,"enemies":"Gensokyo:Wraith","floor":24,"turns":3},{"damage":18,"enemies":"Gensokyo:Monolith_and_Dog","floor":30,"turns":3},{"damage":26,"enemies":"Gensokyo:Kaguya","floor":33,"turns":13},{"damage":9,"enemies":"Gensokyo:3_Boulders","floor":35,"turns":4},{"damage":2,"enemies":"Gensokyo:3_Bats","floor":37,"turns":3},{"damage":1,"enemies":"Gensokyo:SeedOfUnknown","floor":41,"turns":7},{"damage":0,"enemies":"Gensokyo:Dusk_and_Dawn","floor":44,"turns":5},{"damage":7,"enemies":"Gensokyo:4_Bats","floor":46,"turns":3},{"damage":3,"enemies":"Gensokyo:SeedOfUnknown","floor":47,"turns":6},{"damage":9,"enemies":"Gensokyo:Sharpion","floor":48,"turns":4},{"damage":31,"enemies":"Gensokyo:Scarlet_Devils","floor":50,"turns":11}],"seed_played":"1628655026006931522","potions_obtained":[{"floor":1,"key":"GamblersBrew"},{"floor":13,"key":"blueLaboratory:FrostheartPotion"},{"floor":14,"key":"blueLaboratory:BottleOfVodka"},{"floor":24,"key":"blueLaboratory:StoneskinPotion"},{"floor":41,"key":"SmokeBomb"}],"is_trial":true,"path_per_floor":["M","?","M","?","M","R","M","R","T","R","COS","M","M","M","R","B",null,"M","M","$","M","?","R","M","$","T","R","?","R","M","COS","R","B",null,"M","?","M","?","?","R","M","R","T","M","R","M","M","M","R","B",null],"character_chosen":"MARISA","items_purchased":["EnergyFlow","KyoryuNoHagoromo","RunawayExorcism:ReiMu"],"campfire_rested":4,"item_purchase_floors":[25,25,25],"current_hp_per_floor":[74,75,75,75,75,75,74,74,74,74,74,74,74,72,72,58,80,75,75,75,75,75,75,75,75,75,75,75,76,58,58,76,50,76,67,67,65,54,54,76,75,75,75,75,75,68,65,56,76,45],"gold":226,"neow_bonus":"","is_daily":false,"chose_seed":false,"campfire_upgraded":8,"win_rate":0.0,"timestamp":1611953835,"path_taken":["M","?","?","?","M","R","M","R","T","R","COS","M","M","M","R","BOSS","M","M","?","M","?","R","M","?","T","R","?","R","M","COS","R","BOSS","M","?","M","?","?","R","M","R","T","M","R","M","M","M","R","BOSS"],"items_purchased_type":["Card","Relic","Card"],"build_version":"2020-12-22","purchased_purges":0,"victory":true,"max_hp_per_floor":[75,75,75,75,75,75,75,75,75,75,75,75,75,75,75,75,80,80,80,80,80,76,76,76,76,76,76,76,76,76,76,76,76,76,76,76,76,76,76,76,76,76,76,76,76,76,76,76,76,76],"relic_stats":{"Gremlin Horn":[5,5],"counters":[22,113],"obtain_stats":[{"Tiny House":17,"Gensokyo:Companionship":18,"Gremlin Horn":43,"Thread and Needle":9,"MiniHakkero":0,"RampagingMagicTools":34,"FlyPower:ReiMu":0,"KyoryuNoHagoromo":25,"FossilizedHelix":44,"RuthlessExorcism:ReiMu":26},{"Tiny House":8,"Gensokyo:Companionship":9,"Gremlin Horn":17,"Thread and Needle":4,"MiniHakkero":0,"RampagingMagicTools":14,"FlyPower:ReiMu":0,"KyoryuNoHagoromo":12,"FossilizedHelix":18,"RuthlessExorcism:ReiMu":12},{"Tiny House":41,"Gensokyo:Companionship":42,"Gremlin Horn":84,"Thread and Needle":17,"MiniHakkero":0,"RampagingMagicTools":70,"FlyPower:ReiMu":0,"KyoryuNoHagoromo":54,"FossilizedHelix":87,"RuthlessExorcism:ReiMu":54}]},"card_choices":[{"not_picked":["AsteroidBelt","Enchanting:ReiMu"],"picked":"SpreadBorder2:ReiMu","floor":1},{"not_picked":["Intuition:ReiMu","SuperPerseids"],"picked":"CardOfSanctity:ReiMu","floor":3},{"not_picked":["IllusionStar","6A"],"picked":"SubAcupoint:ReiMu","floor":5},{"not_picked":["DarkMatter","AirStrike:ReiMu"],"picked":"IllusionStar","floor":7},{"not_picked":["ForcedLanding:ReiMu","OneTimeOff"],"picked":"TightArray:ReiMu","floor":12},{"not_picked":["PayForSelf:ReiMu","IllusionStar"],"picked":"AlertArray:ReiMu","floor":13},{"not_picked":["GalacticHalo","DC"],"picked":"ShootingEcho","floor":14},{"not_picked":["CollectingQuirk","BlastKick2:ReiMu"],"picked":"JA","floor":16},{"not_picked":["ManaGlint:ReiMu","GalacticHalo"],"picked":"MysteriousBeam","floor":17},{"not_picked":["MysteriousBeam","SporeBomb"],"picked":"AsteroidBelt","floor":18},{"not_picked":["IllusionStar","UnstableBomb"],"picked":"Conquer:ReiMu","floor":19},{"not_picked":["LuminesStrike","GrandCross"],"picked":"FantasyMoon:ReiMu","floor":21},{"not_picked":["TakeOff:ReiMu","FineLineFantasy:ReiMu"],"picked":"Singularity","floor":24},{"not_picked":["CollectionFlower2:ReiMu+1","DoubleButterfly:ReiMu+1"],"picked":"MilkyWay","floor":30},{"not_picked":["CollectingQuirk","RunawayExorcism:ReiMu"],"picked":"KamiRite:ReiMu","floor":33},{"not_picked":["GrandCross","GravityBeat"],"picked":"PowerUp+1","floor":35},{"not_picked":["PassingAway:ReiMu","WitchLeyline"],"picked":"NonDirectionalLaser","floor":37},{"not_picked":["WitchOfGreed+1","Meditation:ReiMu+1"],"picked":"SubAcupoint:ReiMu+1","floor":41},{"not_picked":["CareerPray:ReiMu+1","DC+1"],"picked":"SubcavityInstant:ReiMu","floor":44},{"not_picked":["YinYangSign:ReiMu","EventHorizon+1","DoubleButterfly:ReiMu+1"],"picked":"SKIP","floor":46},{"not_picked":["AirStrike:ReiMu","TightArray:ReiMu"],"picked":"OctopathBindingBorder2:ReiMu","floor":47},{"not_picked":["SafetyPray:ReiMu","Conquer:ReiMu+1"],"picked":"SpiritualOutbreak2:ReiMu+1","floor":48}],"player_experience":205705,"relics_obtained":[{"floor":9,"key":"Thread and Needle"},{"floor":26,"key":"RuthlessExorcism:ReiMu"},{"floor":43,"key":"Gremlin Horn"}],"event_choices":[],"is_beta":false,"boss_relics":[{"not_picked":["Empty Cage","Busted Crown"],"picked":"Tiny House"},{"not_picked":["SacredBark","Snecko Eye"],"picked":"RampagingMagicTools"}],"items_purged_floors":[],"is_endless":false,"potions_floor_spawned":[1,13,14,18,24,41,44],"ascension_level":0}}