{"host":"lq2h7q9ca6uwu60x","time":1611901995,"event":{"mods":["Act Like it!","BaseMod","Gensokyo","Marisa£®ÏF”Í°°ƒß¿Ì…≥£©","Minty Spire (QoL Compilation)","SIMod","StSLib"],"gold_per_floor":[116,136,236,316,316,316,332,342,342,342,356,55,85,97,109,200,212,235,247,272,184,64,64,64,64,133,165,0,0,13,13,13],"floor_reached":31,"language":"ZHS","playtime":1275,"items_purged":["Strike_TS","Writhe"],"score":518,"play_id":"f7e5f06b-aae8-4195-a2a8-4372dbb3eda0","local_time":"20210129143315","is_ascension_mode":true,"campfire_choices":[{"data":"1","floor":6.0,"key":"LIFT"},{"data":"2","floor":10.0,"key":"LIFT"},{"data":"3","floor":15.0,"key":"LIFT"},{"data":"HarmonyShield","floor":23,"key":"SMITH"}],"circlet_count":0,"master_deck":["AscendersBane","Strike_RR","Strike_RD","Defend_PP","Defend_FS","Defend_AJ","ConcertedEfforts+1","HarmonyShield+1","RunningOfTheLeaves","Perfectionism","FriendshipIsMagic","InspirationRecovery+1","Dear_Princess"],"relics":["Velvet Choker","Girya","FossilizedHelix","Medical Kit","MawBank","Gensokyo:PortableGap","Runic Dome","Gensokyo:MaskOfHope","Gensokyo:DayTheSeaSplit","Celestia","Matryoshka","Luna","Frozen Eye"],"acts_visited":["Exordium","Gensokyo:Gensokyo"],"potions_floor_usage":[16,20,31],"damage_taken":[{"damage":0.0,"enemies":"Gensokyo:3_Fairies","floor":1.0,"turns":5.0},{"damage":0.0,"enemies":"Gensokyo:Gryphon","floor":2.0,"turns":4.0},{"damage":0.0,"enemies":"Gensokyo:2_Kodama","floor":7.0,"turns":3.0},{"damage":5.0,"enemies":"Gensokyo:Kitsune","floor":8.0,"turns":3.0},{"damage":0.0,"enemies":"Gensokyo:2_Rabbits","floor":11.0,"turns":4.0},{"damage":0.0,"enemies":"Gensokyo:Aya","floor":13.0,"turns":4.0},{"damage":0,"enemies":"Gensokyo:Reimu","floor":16,"turns":11},{"damage":0,"enemies":"Gensokyo:CosmicMonolith","floor":18,"turns":5},{"damage":14,"enemies":"Gensokyo:3_Dogs","floor":20,"turns":6},{"damage":3,"enemies":"Gensokyo:Tenshi","floor":27,"turns":4},{"damage":47,"enemies":"Gensokyo:Wraith","floor":30,"turns":5},{"damage":27,"enemies":"Gensokyo:Koishi","floor":31,"turns":6}],"seed_played":"8471241791131990237","potions_obtained":[{"floor":7.0,"key":"SpeedPotion"},{"floor":11.0,"key":"FearPotion"},{"floor":16,"key":"Regen Potion"},{"floor":18,"key":"Swift Potion"}],"is_trial":false,"path_per_floor":["M","M","?","?","?","R","M","M","T","R","M","$","E","?","R","B",null,"M","?","M","$","?","R","?","T","T","E","?","?","M","E"],"character_chosen":"TWI_CLASS","items_purchased":["Medical Kit","Perfectionism"],"campfire_rested":0,"item_purchase_floors":[12,12],"current_hp_per_floor":[74,74,74,74,58,58,58,53,53,53,53,53,53,53,53,53,69,69,69,55,55,55,55,55,55,55,52,52,52,5,0,0],"gold":13,"neow_bonus":"BOSS_RELIC","is_daily":false,"chose_seed":false,"campfire_upgraded":1,"win_rate":0.0,"timestamp":1611901995,"path_taken":["M","M","?","?","?","R","?","M","T","R","M","$","E","?","R","BOSS","M","?","?","$","?","R","?","?","T","E","?","?","?","E"],"items_purchased_type":["Relic","Card"],"build_version":"2020-12-22","purchased_purges":2,"victory":false,"max_hp_per_floor":[82,82,82,82,82,82,82,82,82,82,82,82,82,74,74,74,74,74,74,74,74,74,74,71,71,71,68,68,68,68,68,68],"card_choices":[{"not_picked":["GemstoneDetection","FarmExpert","AllByMyself"],"picked":"SKIP","floor":1.0},{"not_picked":["ThrowingApples","HideCarefully","Lasso"],"picked":"SKIP","floor":2.0},{"not_picked":["FarmExpert","ISayNo","Whining"],"picked":"SKIP","floor":7.0},{"not_picked":["BatchProduction","ServeMeal"],"picked":"RunningOfTheLeaves","floor":8.0},{"not_picked":["TasteRainbow","FarmExpert","Stare"],"picked":"SKIP","floor":11.0},{"not_picked":["AllByMyself","Magic_Beam","FollowTherRainbow"],"picked":"SKIP","floor":13.0},{"not_picked":["MirrorLake","Sisterhood"],"picked":"FriendshipIsMagic","floor":16},{"not_picked":["Smile","Magic","RashStunts"],"picked":"SKIP","floor":18},{"not_picked":["ServeMeal","Yay","TasteRainbow"],"picked":"SKIP","floor":20},{"not_picked":["TasteRainbow","BehindTheScene"],"picked":"InspirationRecovery","floor":27},{"not_picked":["Smile","TasteRainbow"],"picked":"Dear_Princess","floor":30}],"player_experience":862323,"relics_obtained":[{"floor":9.0,"key":"FossilizedHelix"},{"floor":13.0,"key":"MawBank"},{"floor":25,"key":"Celestia"},{"floor":26,"key":"Matryoshka"},{"floor":27,"key":"Luna"}],"event_choices":[],"is_beta":false,"boss_relics":[{"not_picked":["Calling Bell","SacredBark"],"picked":"Runic Dome"}],"items_purged_floors":[12,21],"is_endless":false,"potions_floor_spawned":[7,11,16,18],"killed_by":"Gensokyo:Koishi","ascension_level":13}}