{"host":"2hea6pl5vmah38iy","time":1611914400,"event":{"mods":["AchievementEnabler","BaseMod","Colored Map","DeckTracker","Keyboard Shortcuts","Minty Spire (QoL Compilation)","Rare Cards Sparkle","StSLib","SuperFastMode","everything is the same but u backflip on backflip"],"gold_per_floor":[118,137,157,157,157,200,216,239,239,239,239,255,95,118,118,216,216,241,141,141,16,16,57,57,82,82,103,103,119,133,152,152,248,248,263,113,138,152,172,216,216,250,250,230,55,393,414,439,439,439,439,439,97,128,128],"floor_reached":56,"language":"KOR","playtime":3075,"items_purged":["Defend_P","Strike_P","Defend_P","Strike_P","Strike_P","Strike_P"],"score":2359,"play_id":"2f6450f3-e905-4099-9950-36030c4f3886","local_time":"20210129190000","is_ascension_mode":true,"campfire_choices":[{"data":"Eruption","floor":11.0,"key":"SMITH"},{"data":"MentalFortress","floor":15.0,"key":"SMITH"},{"floor":24,"key":"REST"},{"floor":28,"key":"REST"},{"data":"Adaptation","floor":32,"key":"SMITH"},{"floor":41,"key":"RECALL"},{"data":"FearNoEvil","floor":49,"key":"SMITH"},{"data":"Vigilance","floor":52,"key":"SMITH"}],"circlet_count":0,"master_deck":["AscendersBane","Defend_P","Defend_P","Eruption+1","Vigilance+1","FlurryOfBlows+1","EmptyFist+1","MentalFortress+1","Adaptation+1","Vault","FearNoEvil+1","Flash of Steel"],"relics":["PureWater","NeowsBlessing","Golden Idol","Orichalcum","Whetstone","Bottled Flame","Runic Pyramid","Centennial Puzzle","Pantograph","VioletLotus","Yang","Toy Ornithopter","Old Coin","Strawberry","Blue Candle"],"acts_visited":["Exordium","TheCity","TheBeyond","TheEnding"],"potions_floor_usage":[16,18,30,50,55,55],"damage_taken":[{"damage":0.0,"enemies":"Cultist","floor":1.0,"turns":1.0},{"damage":0.0,"enemies":"Jaw Worm","floor":2.0,"turns":1.0},{"damage":0.0,"enemies":"Small Slimes","floor":3.0,"turns":1.0},{"damage":34.0,"enemies":"3 Sentries","floor":6.0,"turns":7.0},{"damage":5.0,"enemies":"Looter","floor":7.0,"turns":3.0},{"damage":8.0,"enemies":"Blue Slaver","floor":12.0,"turns":5.0},{"damage":3.0,"enemies":"Lots of Slimes","floor":14.0,"turns":3.0},{"damage":26,"enemies":"Slime Boss","floor":16,"turns":9},{"damage":11,"enemies":"Shell Parasite","floor":18,"turns":4},{"damage":26,"enemies":"Gremlin Leader","floor":23,"turns":6},{"damage":7,"enemies":"3 Byrds","floor":25,"turns":4},{"damage":18,"enemies":"Centurion and Healer","floor":27,"turns":3},{"damage":18,"enemies":"Snake Plant","floor":29,"turns":4},{"damage":0,"enemies":"Snecko","floor":30,"turns":5},{"damage":4,"enemies":"Sentry and Sphere","floor":31,"turns":4},{"damage":12,"enemies":"Champ","floor":33,"turns":8},{"damage":1,"enemies":"3 Shapes","floor":35,"turns":4},{"damage":3,"enemies":"3 Darklings","floor":37,"turns":3},{"damage":0,"enemies":"Jaw Worm Horde","floor":38,"turns":4},{"damage":5,"enemies":"4 Shapes","floor":39,"turns":5},{"damage":1,"enemies":"Reptomancer","floor":40,"turns":5},{"damage":0,"enemies":"Giant Head","floor":42,"turns":7},{"damage":9,"enemies":"Nemesis","floor":46,"turns":6},{"damage":6,"enemies":"Spire Growth","floor":47,"turns":3},{"damage":0,"enemies":"Time Eater","floor":50,"turns":8},{"damage":0,"enemies":"Shield and Spear","floor":54,"turns":3},{"damage":31,"enemies":"The Heart","floor":55,"turns":6}],"seed_played":"2372372359411732324","potions_obtained":[{"floor":2.0,"key":"FairyPotion"},{"floor":6.0,"key":"EssenceOfSteel"},{"floor":14.0,"key":"Swift Potion"},{"floor":16,"key":"GamblersBrew"},{"floor":18,"key":"Strength Potion"},{"floor":27,"key":"BlessingOfTheForge"},{"floor":31,"key":"Strength Potion"}],"is_trial":false,"path_per_floor":["M","M","M","?","$","E","M","T","T","?","R","M","$","M","R","B",null,"M","$","?","$","?","E","R","M","T","M","R","M","M","M","R","B",null,"M","$","M","M","M","E","R","E","T","?","$","E","M","T","R","B",null,"R","$","E","B",null],"character_chosen":"WATCHER","items_purchased":["Adaptation","ColorlessPotion","Flash of Steel"],"campfire_rested":2,"item_purchase_floors":[13,53,53],"current_hp_per_floor":[61,61,61,61,61,27,22,22,22,27,27,19,19,16,16,14,54,43,43,43,43,43,17,37,30,30,12,32,14,14,10,10,23,56,55,55,52,52,47,46,46,46,46,46,46,37,31,38,38,68,73,73,73,73,47],"gold":128,"neow_bonus":"THREE_ENEMY_KILL","is_daily":false,"chose_seed":false,"campfire_upgraded":5,"win_rate":0.0,"timestamp":1611914400,"path_taken":["M","M","?","?","$","E","M","?","T","?","R","M","$","M","R","BOSS","M","$","?","$","?","E","R","M","T","M","R","M","M","M","R","BOSS","M","$","M","M","M","E","R","E","T","?","$","E","?","?","R","BOSS","R","$","E","BOSS"],"items_purchased_type":["Card","Potion","Card"],"build_version":"2020-12-22","purchased_purges":6,"victory":true,"max_hp_per_floor":[68,68,68,62,62,62,62,62,62,67,67,67,67,67,67,67,67,67,67,67,67,67,67,67,67,67,67,67,67,67,67,67,67,67,67,67,67,67,67,67,67,67,67,67,67,67,67,74,74,74,74,74,74,74,74],"card_choices":[{"not_picked":["Protect","EmptyBody"],"picked":"FlurryOfBlows","floor":1.0},{"not_picked":["JustLucky","ThirdEye","Consecrate"],"picked":"SKIP","floor":2.0},{"not_picked":["Evaluate","Conclude","WindmillStrike"],"picked":"SKIP","floor":3.0},{"not_picked":["EmptyBody","Crescendo","Consecrate"],"picked":"SKIP","floor":6.0},{"not_picked":["Prostrate","SashWhip"],"picked":"EmptyFist","floor":7.0},{"not_picked":["EmptyBody","Wireheading"],"picked":"MentalFortress","floor":12.0},{"not_picked":["SashWhip","CutThroughFate","BattleHymn"],"picked":"SKIP","floor":14.0},{"not_picked":["DevaForm","Judgement"],"picked":"Vault","floor":16},{"not_picked":["EmptyFist","Crescendo"],"picked":"FearNoEvil","floor":18},{"not_picked":["FlyingSleeves+1","Halt","Sanctity"],"picked":"SKIP","floor":23},{"not_picked":["Crescendo+1","EmptyBody","Weave"],"picked":"SKIP","floor":25},{"not_picked":["FlyingSleeves","Prostrate","BowlingBash"],"picked":"SKIP","floor":27},{"not_picked":["CutThroughFate","WaveOfTheHand+1","ThirdEye"],"picked":"SKIP","floor":29},{"not_picked":["EmptyBody","DevaForm","Prostrate"],"picked":"SKIP","floor":30},{"not_picked":["Prostrate","Halt","Evaluate"],"picked":"SKIP","floor":31},{"not_picked":["EmptyBody","EmptyMind","Perseverance"],"picked":"SKIP","floor":35},{"not_picked":["FlyingSleeves+1","Prostrate+1","WindmillStrike"],"picked":"SKIP","floor":37},{"not_picked":["Consecrate","CarveReality","ClearTheMind"],"picked":"SKIP","floor":38},{"not_picked":["Prostrate","SashWhip","InnerPeace+1"],"picked":"SKIP","floor":39},{"not_picked":["Evaluate","WheelKick+1","Sanctity+1"],"picked":"SKIP","floor":40},{"not_picked":["FlyingSleeves","JustLucky","Halt"],"picked":"SKIP","floor":42},{"not_picked":["ThirdEye","FollowUp","Vengeance"],"picked":"SKIP","floor":46},{"not_picked":["Crescendo+1","FollowUp","JustLucky+1"],"picked":"SKIP","floor":47},{"not_picked":["WreathOfFlame","Study","Wallop"],"picked":"SKIP","floor":54}],"player_experience":534112,"relics_obtained":[{"floor":6.0,"key":"Orichalcum"},{"floor":8.0,"key":"Whetstone"},{"floor":9.0,"key":"Bottled Flame"},{"floor":23,"key":"Centennial Puzzle"},{"floor":26,"key":"Pantograph"},{"floor":40,"key":"Yang"},{"floor":42,"key":"Toy Ornithopter"},{"floor":46,"key":"Old Coin"},{"floor":48,"key":"Strawberry"},{"floor":54,"key":"Blue Candle"}],"event_choices":[{"damage_healed":0.0,"max_hp_gain":0.0,"max_hp_loss":6.0,"gold_gain":0.0,"event_name":"Golden Idol","player_choice":"Lose Max HP","floor":4.0,"gold_loss":0.0,"damage_taken":0.0,"relics_obtained":["Golden Idol"]},{"damage_healed":0.0,"max_hp_gain":5.0,"max_hp_loss":0.0,"gold_gain":0.0,"event_name":"Big Fish","player_choice":"Donut","floor":10.0,"gold_loss":0.0,"damage_taken":0.0},{"damage_healed":0,"gold_gain":0,"player_choice":"Ignored","damage_taken":0,"max_hp_gain":0,"max_hp_loss":0,"event_name":"Vampires","floor":20,"gold_loss":0},{"damage_healed":0,"gold_gain":0,"player_choice":"Ignored","damage_taken":0,"max_hp_gain":0,"max_hp_loss":0,"event_name":"Ghosts","floor":22,"gold_loss":0},{"damage_healed":0,"gold_gain":0,"player_choice":"Bought 1 Potion","damage_taken":0,"max_hp_gain":0,"max_hp_loss":0,"event_name":"The Woman in Blue","floor":44,"gold_loss":0}],"is_beta":false,"boss_relics":[{"not_picked":["Tiny House","Cursed Key"],"picked":"Runic Pyramid"},{"not_picked":["Busted Crown","Calling Bell"],"picked":"VioletLotus"}],"items_purged_floors":[13,19,21,36,45,53],"is_endless":false,"potions_floor_spawned":[2,6,14,16,18,27,31,35,40,47,54],"ascension_level":17}}