{"host":"bczg3e1yq3rp3pkk","time":1611887799,"event":{"mods":["Act Like it!","BaseMod","Conspire","Hermit","KinomotoSakuraMod(木之本樱)","Marisa（F雨　魔理沙）","Minty Spire (QoL Compilation)","Quick Restart","Replay The Spire","RumiaBox-露米娅的神秘盒子","Shop Mod","StSLib","The Bug Knight","The Construct","The Hierophant","The Servant 0.9.4","Warlord Emblem","[GremlinLeader]The Maniac","【遗物卡牌】REMEMod"],"gold_per_floor":[11,23,43,54,68,68,96,96,96,96,96],"floor_reached":10,"language":"ZHS","playtime":471,"items_purged":[],"score":70,"play_id":"3a113c61-fdba-4a43-828c-02178a9a109b","local_time":"20210129103639","is_ascension_mode":false,"campfire_choices":[{"data":"maniac:ExceedEnchantment","floor":6,"key":"SMITH"}],"circlet_count":0,"master_deck":["maniac:Strike","maniac:Strike","maniac:Strike","maniac:Strike","maniac:Strike","maniac:Defend","maniac:Defend","maniac:Defend","maniac:Defend","maniac:BurnBlood","maniac:AbyssShackle","maniac:ExceedEnchantment+1","Limit Break","maniac:Precision","maniac:DashForward","maniac:BladeShoot","maniac:BladeShoot","Pot Of Greed","Pot Of Greed"],"relics":["maniac:DamagedAnvil","maniac:BrokenHorn","REME_ComplimentaryCards","GodSword5","Grinning Jar"],"acts_visited":["Exordium"],"potions_floor_usage":[],"damage_taken":[{"damage":3,"enemies":"conspire:RoseBush","floor":1,"turns":2},{"damage":6,"enemies":"2 Louse","floor":2,"turns":2},{"damage":13,"enemies":"Jaw Worm","floor":3,"turns":2},{"damage":14,"enemies":"2 Fungi Beasts","floor":4,"turns":3},{"damage":0,"enemies":"Large Slime","floor":5,"turns":3},{"damage":35,"enemies":"3 Sentries","floor":7,"turns":6},{"damage":41,"enemies":"Lagavulin","floor":10,"turns":5}],"seed_played":"4781438408507264764","potions_obtained":[{"floor":2,"key":"ColorlessPotion"},{"floor":3,"key":"Regen Potion"},{"floor":4,"key":"SkillPotion"},{"floor":7,"key":"Regen Potion"}],"is_trial":false,"path_per_floor":["M","M","M","M","M","R","E","?","T","E"],"character_chosen":"THE_MANIAC","items_purchased":[],"campfire_rested":0,"item_purchase_floors":[],"current_hp_per_floor":[77,71,58,44,44,44,9,41,41,0,0],"gold":96,"neow_bonus":"THREE_RARE_CARDS","is_daily":false,"chose_seed":false,"campfire_upgraded":1,"win_rate":0.0,"timestamp":1611887799,"path_taken":["M","M","M","M","M","R","E","?","T","E"],"items_purchased_type":[],"build_version":"2020-12-22","purchased_purges":0,"victory":false,"max_hp_per_floor":[80,80,80,80,80,80,80,80,80,80,80],"card_choices":[{"not_picked":["maniac:RallyToMe","maniac:Simulacrum"],"picked":"maniac:ExceedEnchantment","floor":0},{"not_picked":["maniac:UntravelledPath","maniac:FindAShortcut"],"picked":"maniac:Precision","floor":1},{"not_picked":["maniac:UntravelledPath","maniac:Intimidate"],"picked":"maniac:DashForward","floor":2},{"not_picked":["maniac:Intimidate","maniac:WardAndDefend","maniac:UntravelledPath"],"picked":"SKIP","floor":3},{"not_picked":["maniac:MortalSteel","maniac:ListenToNone"],"picked":"maniac:BladeShoot","floor":4},{"not_picked":["maniac:WardAndDefend","maniac:SpectralFlash"],"picked":"maniac:BladeShoot","floor":5},{"not_picked":["maniac:FindAShortcut","maniac:RallyToMe","maniac:Exterminator"],"picked":"SKIP","floor":7}],"player_experience":384808,"relics_obtained":[{"floor":7,"key":"GodSword5"},{"floor":9,"key":"Grinning Jar"}],"event_choices":[{"damage_healed":26,"gold_gain":0,"player_choice":"Banana","damage_taken":0,"max_hp_gain":0,"max_hp_loss":0,"event_name":"Big Fish","floor":8,"gold_loss":0}],"is_beta":false,"boss_relics":[],"items_purged_floors":[],"is_endless":false,"potions_floor_spawned":[2,3,4,7],"killed_by":"Lagavulin","ascension_level":0}}