{"host":"avjwtc49fhlk6kym","time":1611891748,"event":{"mods":["AchievementEnabler","BaseMod","Better Match","Better Note","Better Third Choice","Colored Map","Colored Powertips","Displayed Cursed Tome","Highlight Path","Minty Spire (QoL Compilation)","Permanent Neow","Quick Restart","StSLib"],"gold_per_floor":[116,116,133,150,164,164,176,211,237,237,15,15,15,15,15,115,115,126,143,64,64,84,84,84,84,111,111,140,140,140,155,155,256,256,272,287,307,307,307],"floor_reached":38,"language":"ENG","playtime":1236,"items_purged":["Injury"],"score":394,"play_id":"a89cc1d3-261a-4b5a-b4f1-362ac22c46d0","local_time":"20210128224228","is_ascension_mode":false,"campfire_choices":[{"data":"Eruption","floor":6.0,"key":"SMITH"},{"floor":10.0,"key":"REST"},{"data":"Wallop","floor":12.0,"key":"SMITH"},{"data":"MasterReality","floor":15.0,"key":"SMITH"},{"floor":23.0,"key":"REST"},{"floor":25.0,"key":"REST"},{"data":"ForeignInfluence","floor":29.0,"key":"SMITH"},{"floor":32.0,"key":"REST"}],"circlet_count":0,"master_deck":["Strike_P","Strike_P","Strike_P","Defend_P","Defend_P","Defend_P","Eruption+1","Vigilance","Judgement+1","CutThroughFate","Conclude","Wallop+1","BowlingBash","FollowUp","Protect","LikeWater","MasterReality+1","DevaForm","ForeignInfluence+1","FearNoEvil","CarveReality","ReachHeaven+1","FollowUp","Wish","Devotion","ClearTheMind+1","FearNoEvil+1"],"relics":["PureWater","VioletLotus","Nloth\u0027s Gift","Toy Ornithopter","Blood Vial","Sozu"],"acts_visited":["Exordium","TheCity","TheBeyond"],"potions_floor_usage":[],"damage_taken":[{"damage":6.0,"enemies":"Jaw Worm","floor":1.0,"turns":2.0},{"damage":0.0,"enemies":"Small Slimes","floor":3.0,"turns":2.0},{"damage":0.0,"enemies":"2 Louse","floor":4.0,"turns":2.0},{"damage":2.0,"enemies":"Blue Slaver","floor":5.0,"turns":2.0},{"damage":0.0,"enemies":"2 Fungi Beasts","floor":7.0,"turns":2.0},{"damage":19.0,"enemies":"Lagavulin","floor":8.0,"turns":5.0},{"damage":5.0,"enemies":"The Guardian","floor":16.0,"turns":10.0},{"damage":12.0,"enemies":"2 Thieves","floor":18.0,"turns":3.0},{"damage":19.0,"enemies":"Spheric Guardian","floor":19.0,"turns":4.0},{"damage":12.0,"enemies":"3 Cultists","floor":22.0,"turns":3.0},{"damage":26.0,"enemies":"Gremlin Leader","floor":28.0,"turns":6.0},{"damage":10.0,"enemies":"Cultist and Chosen","floor":31.0,"turns":5.0},{"damage":22.0,"enemies":"Champ","floor":33.0,"turns":10.0},{"damage":0.0,"enemies":"3 Shapes","floor":35.0,"turns":3.0},{"damage":10,"enemies":"Orb Walker","floor":36,"turns":4},{"damage":53,"enemies":"4 Shapes","floor":37,"turns":4},{"damage":18,"enemies":"Writhing Mass","floor":38,"turns":4}],"seed_played":"8141459026989184130","potions_obtained":[{"floor":1.0,"key":"BottledMiracle"},{"floor":4.0,"key":"Regen Potion"},{"floor":5.0,"key":"Explosive Potion"},{"floor":8.0,"key":"Energy Potion"},{"floor":18.0,"key":"PowerPotion"},{"floor":19.0,"key":"Swift Potion"},{"floor":33.0,"key":"SteroidPotion"}],"is_trial":false,"path_per_floor":["M","?","M","M","M","R","M","E","T","R","$","R","?","$","R","B",null,"M","M","$","?","M","R","?","R","T","?","E","R","?","M","R","B",null,"M","M","M","M"],"character_chosen":"WATCHER","items_purchased":["MasterReality","FearNoEvil"],"campfire_rested":4,"item_purchase_floors":[11,20],"current_hp_per_floor":[66,66,66,66,64,64,64,58,58,72,72,72,72,72,72,67,72,60,41,41,41,29,50,50,71,71,71,45,45,45,37,58,38,72,72,62,11,0,0],"gold":307,"neow_bonus":"THREE_RARE_CARDS","is_daily":false,"chose_seed":false,"campfire_upgraded":4,"win_rate":0.0,"timestamp":1611891748,"path_taken":["M","?","M","M","M","R","M","E","T","R","$","R","?","$","R","BOSS","M","M","$","?","M","R","?","R","T","?","E","R","?","?","R","BOSS","M","?","M","M"],"items_purchased_type":["Card","Card"],"build_version":"2020-12-22","purchased_purges":1,"victory":false,"max_hp_per_floor":[72,72,72,72,72,72,72,72,72,72,72,72,72,72,72,72,72,72,72,72,72,72,72,72,72,72,72,72,72,72,72,72,72,72,72,72,72,72,72],"card_choices":[{"not_picked":["Devotion","Scrawl"],"picked":"Judgement","floor":0.0},{"not_picked":["InnerPeace","Tantrum"],"picked":"CutThroughFate","floor":1.0},{"not_picked":["SashWhip","Adaptation"],"picked":"Conclude","floor":3.0},{"not_picked":["Study","ThirdEye"],"picked":"Wallop","floor":4.0},{"not_picked":["Sanctity","Weave"],"picked":"BowlingBash","floor":5.0},{"not_picked":["FlurryOfBlows","EmptyFist"],"picked":"FollowUp","floor":7.0},{"not_picked":["Perseverance","WindmillStrike"],"picked":"Protect","floor":8.0},{"not_picked":["CutThroughFate","FlyingSleeves"],"picked":"LikeWater","floor":10.0},{"not_picked":["Ragnarok","SpiritShield"],"picked":"DevaForm","floor":16.0},{"not_picked":["SashWhip","Evaluate"],"picked":"ForeignInfluence","floor":18.0},{"not_picked":["WindmillStrike","Weave","Evaluate"],"picked":"SKIP","floor":19.0},{"not_picked":["EmptyFist","Halt+1"],"picked":"ReachHeaven+1","floor":22.0},{"not_picked":["FlyingSleeves+1","Blasphemy"],"picked":"FollowUp","floor":28.0},{"not_picked":["Prostrate","SashWhip"],"picked":"Wish","floor":31.0},{"not_picked":["Brilliance","Judgement"],"picked":"Devotion","floor":33.0},{"not_picked":["WreathOfFlame","ForeignInfluence"],"picked":"ClearTheMind+1","floor":35},{"not_picked":["ReachHeaven+1","ClearTheMind"],"picked":"FearNoEvil+1","floor":36},{"not_picked":["EmptyBody","Nirvana+1","DevaForm"],"picked":"SKIP","floor":37}],"player_experience":416221,"relics_obtained":[{"floor":8.0,"key":"Dream Catcher"},{"floor":26.0,"key":"Toy Ornithopter"},{"floor":28.0,"key":"Blood Vial"}],"event_choices":[{"damage_healed":0.0,"max_hp_gain":0.0,"max_hp_loss":0.0,"gold_gain":0.0,"event_name":"betterThird:BetterSerpent","player_choice":"Ignored","floor":2.0,"gold_loss":0.0,"damage_taken":116.0},{"damage_healed":0.0,"max_hp_gain":0.0,"max_hp_loss":0.0,"gold_gain":0.0,"event_name":"Living Wall","player_choice":"Grow","floor":13.0,"gold_loss":0.0,"damage_taken":0.0,"cards_upgraded":["Judgement"]},{"damage_healed":0.0,"max_hp_gain":0.0,"max_hp_loss":0.0,"gold_gain":0.0,"cards_transformed":["Strike_P"],"event_name":"Transmorgrifier","player_choice":"Transformed","floor":21.0,"gold_loss":0.0,"damage_taken":0.0,"cards_obtained":["CarveReality"]},{"damage_healed":0.0,"max_hp_gain":0.0,"max_hp_loss":0.0,"gold_gain":0.0,"event_name":"N\u0027loth","player_choice":"Traded Relic","floor":24.0,"relics_lost":["Dream Catcher"],"gold_loss":0.0,"damage_taken":0.0,"relics_obtained":["Nloth\u0027s Gift"]},{"cards_removed":["Strike_P"],"damage_healed":0.0,"max_hp_gain":0.0,"max_hp_loss":0.0,"gold_gain":0.0,"event_name":"betterNote:BetterNote","player_choice":"Give","floor":27.0,"gold_loss":0.0,"damage_taken":0.0,"cards_obtained":["Defend_P"]},{"cards_removed":["Defend_P"],"damage_healed":0.0,"max_hp_gain":0.0,"max_hp_loss":0.0,"gold_gain":0.0,"event_name":"Bonfire Elementals","player_choice":"Offered Basic","floor":30.0,"gold_loss":0.0,"damage_taken":0.0}],"is_beta":false,"boss_relics":[{"not_picked":["Busted Crown","Ectoplasm"],"picked":"VioletLotus"},{"not_picked":["Philosopher\u0027s Stone","Velvet Choker"],"picked":"Sozu"}],"items_purged_floors":[11],"is_endless":false,"potions_floor_spawned":[1,4,5,8,18,19,33],"killed_by":"Writhing Mass","ascension_level":0}}