{"host":"350rh84kbmtekt58","time":1611959278,"event":{"mods":["AchievementEnabler","Act Like it!","BaseMod","Better Synergies","Block Reminder","CapriCore","Challenge The Spire","Colored Map","Colored Powertips","Communication Mod","Downfall","Energized Spire","Friendly Minions","GifTheSpireLib","Highlight Path","Minty Spire (QoL Compilation)","Quick Restart","Replay The Spire","Shop Mod","StSLib","The Animator","The Disciple","The Immortal","The Marked","The Runesmith","The Servant 0.9.4","The Wild Card","Transform Curses","yUi"],"gold_per_floor":[110,124,47,65,65,95,95,108,108,108,187,222,241,258,258,357,357,374,77,87,106,120,120,45,45,45,45,61,72,92,105,105,208,208,225,275,275,289,639,676,676,685,708,302,302,302],"floor_reached":45,"language":"ENG","playtime":4310,"items_purged":["Voices"],"score":757,"play_id":"a5136ab7-45d8-41f7-975a-c917ee62c5ee","local_time":"20210129162758","is_ascension_mode":false,"campfire_choices":[{"floor":7,"key":"REST"},{"floor":15,"key":"REST"},{"data":"MoonPhase","floor":23,"key":"SMITH"},{"data":"Slimebound:CheckThePlaybook","floor":27,"key":"SMITH"},{"floor":32,"key":"REST"},{"floor":42,"key":"RECALL"}],"circlet_count":0,"master_deck":["Strike_S","Strike_S","Strike_S","Defend_S+1","Defend_S+1","Defend_S","Defend_S","KidneyShot+1","Exchange","Spin","FanOfKnives","MoonPhase+1","DoubleEdge","Rearm","Moondial","Barrier","Hightail","TheWorld","BestPractice+1","SurpressingFire+1","Dilation","CurseOfTheBell","SpecialFormula","SilverBlades+1","Defy","StarChef+1","Misdirection","Slimebound:CheckThePlaybook+1","downfall:Icky","SurpressingFire+1","Moonlight+1","Collapse","GearUp","Embodiment+1","BottledTime+1","RealityMarble+1","KillingDoll","animator:Curse_GriefSeed","Hallucinations","ShatteredReality","Read","Specialist+1","Specialist+1","ShatteredReality","StarChef+1","BestPractice+1","SoulSculpture","WasteNot+1","Replace+1","ReplayTheSpireMod:Faulty Equipment","ShiftingGears+1"],"relics":["Uniform","NeowsBlessing","Frozen Egg 2","Happy Flower","Mercury Hourglass","Orichalcum","Calling Bell","Runesmith:AutoHammer","StrikeDummy","Ginger","Replay:Bottled Eggs","Replay:Bronze Core","Replay:PocketPolymizer","Ring of Greed","Ring of Misfortune","Old Coin","Blue Doll","CeramicFish","Bag of Marbles","Lantern","Orrery"],"acts_visited":["Exordium","TheCity","TheBeyond"],"potions_floor_usage":[6,6,20,21,22,33],"damage_taken":[{"damage":0,"enemies":"Cultist","floor":1,"turns":1},{"damage":0,"enemies":"Jaw Worm","floor":2,"turns":1},{"damage":0,"enemies":"Small Slimes","floor":4,"turns":1},{"damage":30,"enemies":"Gremlin Nob","floor":6,"turns":4},{"damage":8,"enemies":"Looter","floor":8,"turns":2},{"damage":7,"enemies":"3 Sentries","floor":12,"turns":4},{"damage":0,"enemies":"Large Slime","floor":13,"turns":5},{"damage":0,"enemies":"Gremlin Gang","floor":14,"turns":3},{"damage":0,"enemies":"Slime Boss","floor":16,"turns":6},{"damage":11,"enemies":"2 Thieves","floor":18,"turns":4},{"damage":0,"enemies":"Spheric Guardian","floor":20,"turns":6},{"damage":11,"enemies":"Shelled Parasite and Fungi","floor":21,"turns":5},{"damage":4,"enemies":"Cultist and Chosen","floor":22,"turns":8},{"damage":12,"enemies":"Centurion and Healer","floor":28,"turns":5},{"damage":13,"enemies":"Snake Plant","floor":29,"turns":4},{"damage":9,"enemies":"Shelled Parasite and Fungi","floor":30,"turns":5},{"damage":6,"enemies":"Sentry and Sphere","floor":31,"turns":3},{"damage":0,"enemies":"Champ","floor":33,"turns":12},{"damage":39,"enemies":"3 Shapes","floor":35,"turns":3},{"damage":7,"enemies":"Mind Bloom Boss Battle","floor":36,"turns":9},{"damage":9,"enemies":"3 Darklings","floor":38,"turns":4},{"damage":0,"enemies":"Giant Head","floor":40,"turns":9},{"damage":61,"enemies":"Writhing Mass","floor":45,"turns":4}],"seed_played":"3061885436623603814","potions_obtained":[{"floor":1,"key":"hexamod:SoulburnPotion"},{"floor":2,"key":"hexamod:SoulburnPotion"},{"floor":18,"key":"LiquidBronze"},{"floor":20,"key":"ColorlessPotion"},{"floor":21,"key":"Flashbang"},{"floor":31,"key":"Weak Potion"}],"is_trial":false,"path_per_floor":["M","M","$","M","?","E","R","M","T","?","?","E","M","M","R","B",null,"M","$","M","M","M","R","?","?","T","R","M","M","M","M","R","B",null,"M","?","?","M","?","E","?","R","T","$","M"],"character_chosen":"THE_SERVANT","items_purchased":["MoonPhase","Replay:Bottled Eggs","SilverBlades+1","Lantern","Specialist+1","ShatteredReality","StarChef+1","Orrery"],"campfire_rested":3,"item_purchase_floors":[3,19,19,44,44,44,44,44],"current_hp_per_floor":[65,65,65,65,58,28,47,39,39,26,26,19,19,19,38,38,65,54,54,59,48,49,49,49,49,49,49,45,32,28,32,51,56,65,26,27,27,26,26,31,31,31,31,31,0,0],"gold":302,"neow_bonus":"THREE_ENEMY_KILL","is_daily":false,"chose_seed":false,"campfire_upgraded":2,"win_rate":0.0,"timestamp":1611959278,"path_taken":["M","M","$","?","?","E","R","M","T","?","?","E","?","M","R","BOSS","M","$","M","M","M","R","?","?","T","R","M","M","M","M","R","BOSS","M","?","?","M","?","E","?","R","T","$","M"],"items_purchased_type":["Card","Relic","Card","Relic","Card","Card","Card","Relic"],"build_version":"2020-12-22","purchased_purges":1,"victory":false,"max_hp_per_floor":[65,65,65,65,65,65,65,65,65,65,65,65,65,65,65,65,65,65,65,65,65,65,65,65,65,65,65,65,65,65,65,65,65,65,65,65,65,65,65,65,65,65,65,65,65,65],"card_choices":[{"not_picked":["Comet","TimeWarp"],"picked":"Spin","floor":1},{"not_picked":["Collapse","DoubleEdge"],"picked":"FanOfKnives","floor":2},{"not_picked":["Unruled","BottledTime"],"picked":"DoubleEdge","floor":4},{"not_picked":["Collapse","MoonPhase+1"],"picked":"Rearm","floor":6},{"not_picked":["DoubleEdge","Shuttle"],"picked":"Moondial","floor":8},{"not_picked":["Starlight","Alleviate"],"picked":"Barrier","floor":11},{"not_picked":["Comet","Revamp"],"picked":"Hightail","floor":11},{"not_picked":["DoubleEdge","Spin"],"picked":"Ricochet","floor":11},{"not_picked":["Rearm","WasteNot+1"],"picked":"TheWorld","floor":12},{"not_picked":["SurpressingFire+1","Replace"],"picked":"BestPractice+1","floor":13},{"not_picked":["Reset","Sabotage"],"picked":"SurpressingFire+1","floor":14},{"not_picked":["SoulSculpture","Deny"],"picked":"Dilation","floor":16},{"not_picked":["ReturningBlade","Potential"],"picked":"SpecialFormula","floor":18},{"not_picked":["Starlight+1","Alleviate"],"picked":"Defy","floor":20},{"not_picked":["Alleviate+1","Deny"],"picked":"StarChef+1","floor":21},{"not_picked":["Ricochet","Rearm"],"picked":"Misdirection","floor":22},{"not_picked":["Replace","Shuttle"],"picked":"SurpressingFire+1","floor":28},{"not_picked":["Ricochet","Starlight+1"],"picked":"Moonlight+1","floor":29},{"not_picked":["ReturningBlade","Alleviate+1"],"picked":"Collapse","floor":30},{"not_picked":["Revamp","BottledTime"],"picked":"GearUp","floor":31},{"not_picked":["LightFlow","Sunlight"],"picked":"Embodiment+1","floor":33},{"not_picked":["TimeWarp","Manipulate"],"picked":"BottledTime+1","floor":35},{"not_picked":["Rewind+1","FastForward+1"],"picked":"RealityMarble+1","floor":36},{"not_picked":["Ricochet+1","Moonlight+1"],"picked":"KillingDoll","floor":38},{"not_picked":["Replace","Contraction+1"],"picked":"ShatteredReality","floor":40},{"not_picked":["StarChef+1","Rewind+1"],"picked":"BestPractice+1","floor":44},{"not_picked":["Moonlight","Spin+1"],"picked":"SoulSculpture","floor":44},{"not_picked":["TimeWarp+1","Replace"],"picked":"WasteNot+1","floor":44},{"not_picked":["StarChef+1","Ricochet+1"],"picked":"Replace+1","floor":44},{"not_picked":["Unruled+1","Manipulate"],"picked":"ShiftingGears+1","floor":44}],"player_experience":211483,"relics_obtained":[{"floor":6,"key":"Happy Flower"},{"floor":9,"key":"Mercury Hourglass"},{"floor":12,"key":"Orichalcum"},{"floor":17,"key":"Runesmith:AutoHammer"},{"floor":17,"key":"StrikeDummy"},{"floor":17,"key":"Ginger"},{"floor":36,"key":"Replay:PocketPolymizer"},{"floor":39,"key":"Ring of Greed"},{"floor":39,"key":"Ring of Misfortune"},{"floor":39,"key":"Old Coin"},{"floor":39,"key":"Blue Doll"},{"floor":40,"key":"CeramicFish"},{"floor":43,"key":"Bag of Marbles"}],"event_choices":[{"damage_healed":0,"gold_gain":0,"player_choice":"Success","damage_taken":7,"relics_obtained":["Frozen Egg 2"],"max_hp_gain":0,"max_hp_loss":0,"event_name":"Scrap Ooze","floor":5,"gold_loss":0},{"damage_healed":0,"gold_gain":0,"player_choice":"Entered Light","damage_taken":13,"max_hp_gain":0,"max_hp_loss":0,"event_name":"Shining Light","floor":10,"gold_loss":0,"cards_upgraded":["Defend_S","Defend_S"]},{"cards_removed":["Strike_S"],"damage_healed":0,"gold_gain":0,"player_choice":"Gave Gold","damage_taken":0,"max_hp_gain":0,"max_hp_loss":0,"event_name":"Beggar","floor":24,"gold_loss":75},{"damage_healed":0,"gold_gain":0,"player_choice":"Fight","damage_taken":0,"max_hp_gain":0,"max_hp_loss":0,"event_name":"MindBloom","floor":36,"gold_loss":0},{"damage_healed":0,"gold_gain":0,"player_choice":"Ignored","damage_taken":0,"max_hp_gain":0,"max_hp_loss":0,"event_name":"Tomb of Lord Red Mask","floor":37,"gold_loss":0},{"damage_healed":0,"gold_gain":0,"player_choice":"Ignored","damage_taken":0,"max_hp_gain":0,"max_hp_loss":0,"event_name":"The Moai Head","floor":41,"gold_loss":0}],"is_beta":false,"boss_relics":[{"not_picked":["energizedSpire:DeadBattery","Runic Pyramid"],"picked":"Calling Bell"},{"not_picked":["Replay:Wanted Poster","MysterySword"],"picked":"Replay:Bronze Core"}],"items_purged_floors":[44],"is_endless":false,"potions_floor_spawned":[1,2,18,20,21,31],"killed_by":"Writhing Mass","ascension_level":0}}