{"host":"3p68uopcdpnmkayy","time":1611936592,"event":{"mods":["AchievementEnabler","Act Like it!","Arknights The Spire","BaseMod","Colored Map","Colored Powertips","Conspire","Fox Events","GifTheSpireLib","Hallownest","Hubris","Luminous","Minty Spire (QoL Compilation)","Pikachu Mod","Relic Filter","Replay The Spire","Shade Mod","Spikes Relics","StSLib","Stuff the Spire","The Bug Knight","The Hierophant"],"gold_per_floor":[119,132,152,163,177,177,189,189,189,189,189,204,204,58,58,157,157,132,132,132,132],"floor_reached":20,"language":"ENG","playtime":1035,"items_purged":[],"score":166,"play_id":"9a3fe231-abc0-468d-9faa-6977303106ea","local_time":"20210129180952","is_ascension_mode":false,"campfire_choices":[{"floor":6,"key":"REST"},{"floor":8,"key":"REST"},{"data":"Pikachu:Cut","floor":10,"key":"SMITH"},{"data":"Pikachu:Rage","floor":13,"key":"SMITH"},{"floor":15,"key":"REST"}],"circlet_count":0,"master_deck":["Pikachu:TailWhip","Pikachu:Growl","Pikachu:ThunderShock","Pikachu:ElectroBall","Pikachu:QuickAttack","Pikachu:ThunderShock","Pikachu:Defend_Yellow","Pikachu:Defend_Yellow","Pikachu:Defend_Yellow","Pikachu:Flash","Pikachu:Secret_Power","Pikachu:Cut+1","Pikachu:Strength","Pikachu:Rage+1"],"relics":["Pikachu:LeftoversRelic","HollowMod:PaleOreRelic","Toy Ornithopter","hubris:Towel","SpikesRelics:DaevaFist","hubris:TinFlute"],"acts_visited":["Exordium","TheCity"],"potions_floor_usage":[12,16,16,16],"damage_taken":[{"damage":0,"enemies":"Cultist","floor":1,"turns":4},{"damage":0,"enemies":"Small Slimes","floor":2,"turns":4},{"damage":11,"enemies":"Jaw Worm","floor":3,"turns":4},{"damage":11,"enemies":"Blue Slaver","floor":4,"turns":4},{"damage":31,"enemies":"Exordium Thugs","floor":5,"turns":6},{"damage":7,"enemies":"Red Slaver","floor":7,"turns":3},{"damage":15,"enemies":"Exordium Wildlife","floor":12,"turns":4},{"damage":11,"enemies":"The Guardian","floor":16,"turns":7},{"damage":37,"enemies":"2 Thieves","floor":18,"turns":5},{"damage":46,"enemies":"3 Byrds","floor":20,"turns":3}],"seed_played":"-2183741774119121005","potions_obtained":[{"floor":1,"key":"FearPotion"},{"floor":2,"key":"BlessingOfTheForge"},{"floor":5,"key":"Fire Potion"},{"floor":12,"key":"Doom Potion"}],"is_trial":false,"path_per_floor":["M","M","M","M","M","R","M","R","T","R","?","M","R","$","R","B",null,"M","?","M"],"character_chosen":"THE_DEFAULT","items_purchased":["SpikesRelics:DaevaFist"],"campfire_rested":3,"item_purchase_floors":[14],"current_hp_per_floor":[70,70,59,50,21,42,37,58,58,58,58,50,50,50,70,59,70,33,33,0,0],"gold":132,"neow_bonus":"RANDOM_COMMON_RELIC","is_daily":false,"chose_seed":false,"campfire_upgraded":2,"win_rate":0.0,"timestamp":1611936592,"path_taken":["M","M","M","?","M","R","M","R","T","R","?","M","R","$","R","BOSS","M","?","M"],"items_purchased_type":["Relic"],"build_version":"2020-12-22","purchased_purges":0,"victory":false,"max_hp_per_floor":[70,70,70,70,70,70,70,70,70,70,70,70,70,70,70,70,70,70,70,70,70],"card_choices":[{"not_picked":["Pikachu:Swift","Pikachu:WildCharge"],"picked":"Pikachu:Secret_Power","floor":1},{"not_picked":["Pikachu:Attract","Pikachu:QuickAttack"],"picked":"Pikachu:Cut","floor":2},{"not_picked":["Pikachu:Charge_Beam","Pikachu:Thunderbolt"],"picked":"Pikachu:Strength","floor":3},{"not_picked":["Pikachu:WildCharge","Pikachu:LightScreen","Pikachu:Spark"],"picked":"SKIP","floor":4},{"not_picked":["Pikachu:ThunderPunch","Pikachu:LightScreen","Pikachu:Charge_Beam"],"picked":"SKIP","floor":5},{"not_picked":["Pikachu:Feint","Pikachu:Metronome","Pikachu:Spark"],"picked":"SKIP","floor":7},{"not_picked":["Pikachu:QuickAttack","Pikachu:VoltSwitch"],"picked":"Pikachu:Rage","floor":12},{"not_picked":["Pikachu:Secret_Power","Pikachu:Growl","Pikachu:Feint"],"picked":"SKIP","floor":18}],"player_experience":210495,"relics_obtained":[{"floor":9,"key":"Toy Ornithopter"}],"event_choices":[{"damage_healed":0,"gold_gain":0,"player_choice":"Opened","damage_taken":0,"relics_obtained":["hubris:TinFlute"],"max_hp_gain":0,"max_hp_loss":0,"event_name":"The Mausoleum","floor":19,"gold_loss":0}],"is_beta":false,"boss_relics":[{"not_picked":["Ectoplasm","Ring of Chaos","ReplayTheSpireMod:DimensionalGlitch"]}],"items_purged_floors":[],"is_endless":false,"potions_floor_spawned":[1,2,5,12],"killed_by":"3 Byrds","ascension_level":0}}