{"host":"2pffx5rqbod9ds0c","time":1611884738,"event":{"mods":["BaseMod","Better Altar","Better Match","Better Note","Better Sensory Stone","Better Skull","Better Third Choice","Custom Start","HololiveMod","Hubris","Minty Spire (QoL Compilation)","Quick Restart","Relic Stats","Spicy Shops","StSLib"],"gold_per_floor":[111,111,129,179,204,204,240,240,264,264,264,264,278,312,312,312,312],"floor_reached":16,"language":"ENG","playtime":509,"items_purged":[],"score":216,"play_id":"21dd1f96-f193-463f-901e-c0aa8fed5dba","local_time":"20210128174538","is_ascension_mode":true,"campfire_choices":[{"data":"Dash","floor":6.0,"key":"SMITH"},{"floor":10.0,"key":"REST"},{"data":"Cloak And Dagger","floor":12.0,"key":"SMITH"},{"floor":15,"key":"REST"}],"circlet_count":0,"master_deck":["AscendersBane","Strike_G","Strike_G","Strike_G","Defend_G","Defend_G","Defend_G","Defend_G","Defend_G","Survivor","Neutralize","Cloak And Dagger+1","Dash+1"],"relics":["Ring of the Snake","Golden Idol","Bag of Preparation","Ancient Tea Set","Paper Crane"],"acts_visited":["Exordium"],"potions_floor_usage":[14],"damage_taken":[{"damage":0.0,"enemies":"Jaw Worm","floor":1.0,"turns":7.0},{"damage":6.0,"enemies":"Cultist","floor":3.0,"turns":6.0},{"damage":2.0,"enemies":"2 Louse","floor":5.0,"turns":3.0},{"damage":25.0,"enemies":"3 Sentries","floor":7.0,"turns":15.0},{"damage":0.0,"enemies":"Looter","floor":13.0,"turns":3.0},{"damage":21,"enemies":"Lagavulin","floor":14,"turns":9},{"damage":26,"enemies":"The Guardian","floor":16,"turns":2}],"seed_played":"1527165003837250233","potions_obtained":[{"floor":3.0,"key":"AttackPotion"},{"floor":14,"key":"Ancient Potion"}],"is_trial":false,"path_per_floor":["M","?","M","?","M","R","E","?","T","R","?","R","M","E","R","B"],"character_chosen":"THE_SILENT","items_purchased":[],"campfire_rested":2,"item_purchase_floors":[],"current_hp_per_floor":[59,36,30,30,28,28,3,3,3,22,22,22,22,1,20,0,0],"gold":312,"neow_bonus":"REMOVE_CARD","is_daily":false,"chose_seed":false,"campfire_upgraded":2,"win_rate":0.0,"timestamp":1611884738,"path_taken":["M","?","M","?","?","R","E","?","T","R","?","R","M","E","R","BOSS"],"items_purchased_type":[],"build_version":"2020-12-22","purchased_purges":0,"victory":false,"max_hp_per_floor":[66,66,66,66,66,66,66,66,66,66,66,66,66,66,66,66,66],"relic_stats":{"counters":[7,45],"Golden Idol":26,"Bag of Preparation":[6],"obtain_stats":[{"Golden Idol":2,"Bag of Preparation":7,"Paper Crane":14,"Ancient Tea Set":9,"Ring of the Snake":0},{"Golden Idol":1,"Bag of Preparation":4,"Paper Crane":6,"Ancient Tea Set":4,"Ring of the Snake":0},{"Golden Idol":7,"Bag of Preparation":31,"Paper Crane":43,"Ancient Tea Set":31,"Ring of the Snake":0}],"Ring of the Snake":[14]},"card_choices":[{"not_picked":["Dagger Throw","Skewer"],"picked":"Cloak And Dagger","floor":1.0},{"not_picked":["Deadly Poison","Backflip"],"picked":"Dash","floor":3.0},{"not_picked":["Acrobatics","hubris:SlightOfHand","Backflip"],"picked":"SKIP","floor":5.0},{"not_picked":["Accuracy","Predator","hubris:SlightOfHand"],"picked":"SKIP","floor":7.0},{"not_picked":["Finisher","Prepared","Blur"],"picked":"SKIP","floor":13.0},{"not_picked":["Flechettes","Predator","Venomology"],"picked":"SKIP","floor":14}],"player_experience":849810,"relics_obtained":[{"floor":7.0,"key":"Bag of Preparation"},{"floor":9.0,"key":"Ancient Tea Set"},{"floor":14,"key":"Paper Crane"}],"event_choices":[{"damage_healed":0.0,"max_hp_gain":0.0,"max_hp_loss":0.0,"gold_gain":0.0,"event_name":"Golden Idol","player_choice":"Take Damage","floor":2.0,"gold_loss":0.0,"damage_taken":23.0,"relics_obtained":["Golden Idol"]},{"damage_healed":0.0,"max_hp_gain":0.0,"max_hp_loss":0.0,"gold_gain":50.0,"event_name":"Golden Shrine","player_choice":"Pray","floor":4.0,"gold_loss":0.0,"damage_taken":0.0},{"damage_healed":0.0,"max_hp_gain":0.0,"max_hp_loss":0.0,"gold_gain":1.0,"event_name":"betterThird:BetterScrap","player_choice":"LEAVE","floor":8.0,"gold_loss":0.0,"damage_taken":0.0,"cards_obtained":["Creative AI"]},{"cards_removed":["Strike_G"],"damage_healed":0.0,"max_hp_gain":0.0,"max_hp_loss":0.0,"gold_gain":0.0,"event_name":"Wheel of Change","player_choice":"Card Removal","floor":11.0,"gold_loss":0.0,"damage_taken":0.0}],"is_beta":false,"boss_relics":[],"items_purged_floors":[],"is_endless":false,"potions_floor_spawned":[3,14],"killed_by":"The Guardian","ascension_level":20}}