{"host":"pmmuxs046gii331m","time":1611925844,"event":{"mods":["AchievementEnabler","BaseMod","Colored Powertips","Downfall","Gold Saver","Minty Spire (QoL Compilation)","Permanent Neow","Quick Restart","StSLib"],"gold_per_floor":[994,994,1094,1104,1121,1134,1134,1134,1150,1168,1179,1192,1192,1218,1229,1333,1333,1233,1251,1270,1285,1302,1302,1356,1375,992,1023,723,723,723,723,734,830,830,830,848,848,858,751,751,805,605,623,173,197,197,222,235,254,254,254,281,131,131,131,131],"floor_reached":57,"language":"ENG","playtime":6236,"items_purged":["hexamod:Defend","hexamod:Strike","downfall:Bewildered","Parasite"],"score":1208,"play_id":"88ed6140-25b5-45b5-aceb-b3344090a2a8","local_time":"20210129081044","is_ascension_mode":false,"campfire_choices":[{"data":"hexamod:FastForward","floor":1.0,"key":"SMITH"},{"data":"hexamod:Float","floor":8.0,"key":"SMITH"},{"data":"hexamod:HeatShield","floor":13.0,"key":"SMITH"},{"data":"hexamod:SearingWound","floor":18.0,"key":"SMITH"},{"data":"hexamod:Incineration","floor":23.0,"key":"SMITH"},{"data":"hexamod:EmpoweredFlame","floor":30.0,"key":"SMITH"},{"data":"hexamod:ForkedFlame","floor":35.0,"key":"SMITH"},{"floor":40.0,"key":"RECALL"},{"data":"hexamod:CatchUp","floor":42.0,"key":"SMITH"},{"floor":54,"key":"REST"}],"circlet_count":0,"master_deck":["hexamod:Sear+1","hexamod:Float+1","hexamod:FastForward+1","hexamod:HeatShield+1","hexamod:StepThrough","hexamod:GhostLash","hexamod:Incineration+1","hexamod:GhostShield","hexamod:ThermalTransfer","hexamod:AdvancingGuard","hexamod:SearingWound+1","hexamod:SoulSteal+1","hexamod:BurningTouch+1","hexamod:ChargedBarrage+1","hexamod:SpectersWail","hexamod:CatchUp+1","hexamod:EmpoweredFlame+1","hexamod:CouncilsJustice","hexamod:CouncilsJustice","hexamod:CouncilsJustice","Ghostly","Ghostly","Ghostly","hexamod:ForkedFlame+1","hexamod:PhantomFireball+1","hexamod:EmpoweredFlame+1"],"relics":["hexamod:SpiritBrand","hexamod:SoulOfChaos","InkBottle","Sozu","downfall:HeartBlessingGreen","hexamod:MatchstickCase","Calipers","hexamod:InflammatoryLetter","War Paint","sneckomod:BabySnecko","SlaversCollar","Mango","downfall:HeartBlessingRed","downfall:HeartBlessingBlue","Lee\u0027s Waffle","Blood Vial","Orichalcum","CaptainsWheel","Lantern","hexamod:JarOfFuel"],"acts_visited":["Exordium","TheCity","TheBeyond","TheEnding"],"potions_floor_usage":[],"damage_taken":[{"damage":0.0,"enemies":"Small Slimes","floor":4.0,"turns":3.0},{"damage":1.0,"enemies":"Cultist","floor":5.0,"turns":4.0},{"damage":0.0,"enemies":"2 Louse","floor":6.0,"turns":3.0},{"damage":24.0,"enemies":"Exordium Thugs","floor":9.0,"turns":5.0},{"damage":3.0,"enemies":"2 Fungi Beasts","floor":10.0,"turns":3.0},{"damage":8.0,"enemies":"Red Slaver","floor":11.0,"turns":2.0},{"damage":0.0,"enemies":"Exordium Thugs","floor":12.0,"turns":5.0},{"damage":8.0,"enemies":"3 Sentries","floor":14.0,"turns":5.0},{"damage":6.0,"enemies":"Large Slime","floor":15.0,"turns":6.0},{"damage":14.0,"enemies":"IC_STATUS_ARCHETYPE","floor":16.0,"turns":7.0},{"damage":0.0,"enemies":"Shell Parasite","floor":19.0,"turns":3.0},{"damage":5.0,"enemies":"Spheric Guardian","floor":20.0,"turns":4.0},{"damage":9.0,"enemies":"Shelled Parasite and Fungi","floor":21.0,"turns":5.0},{"damage":12.0,"enemies":"Snake Plant","floor":22.0,"turns":3.0},{"damage":12.0,"enemies":"Centurion and Healer","floor":25.0,"turns":5.0},{"damage":4.0,"enemies":"downfall:FleeingMerchant","floor":26.0,"turns":4.0},{"damage":4.0,"enemies":"Slavers","floor":27.0,"turns":3.0},{"damage":1.0,"enemies":"downfall:FleeingMerchant","floor":28.0,"turns":4.0},{"damage":0.0,"enemies":"Shelled Parasite and Fungi","floor":32.0,"turns":3.0},{"damage":14.0,"enemies":"WA_ARCHETYPE_CALM","floor":33.0,"turns":9.0},{"damage":0.0,"enemies":"3 Darklings","floor":36.0,"turns":3.0},{"damage":14.0,"enemies":"3 Shapes","floor":38.0,"turns":4.0},{"damage":0.0,"enemies":"downfall:FleeingMerchant","floor":39.0,"turns":2.0},{"damage":17.0,"enemies":"Writhing Mass","floor":43.0,"turns":4.0},{"damage":0.0,"enemies":"Giant Head","floor":47.0,"turns":6.0},{"damage":0.0,"enemies":"Transient","floor":48.0,"turns":5.0},{"damage":0.0,"enemies":"Maw","floor":49.0,"turns":6.0},{"damage":15.0,"enemies":"DF_ARCHETYPE_ORBS","floor":50.0,"turns":8.0},{"damage":29,"enemies":"downfall:CharBossMerchant","floor":52,"turns":7},{"damage":9,"enemies":"downfall:NeowBoss","floor":55,"turns":12},{"damage":22,"enemies":"downfall:NeowBossFinal","floor":56,"turns":11}],"seed_played":"8597805396596829436","potions_obtained":[{"floor":4.0,"key":"Dexterity Potion"},{"floor":12.0,"key":"Block Potion"},{"floor":14.0,"key":"Fire Potion"},{"floor":16.0,"key":"Explosive Potion"}],"is_trial":false,"path_per_floor":["R","?","?","M","M","M","T","R","M","M","M","M","R","E","M","B",null,"R","M","M","M","M","R","T","M","$","E","$","?","R","?","M","B",null,"R","M","?","M","$","R","T","R","M","$","T","?","E","M","M","B",null,"E","$","R","B","B",null],"character_chosen":"THE_SPIRIT","items_purchased":["Calipers","War Paint","hexamod:EmpoweredFlame","Mango","Lee\u0027s Waffle","Blood Vial","hexamod:JarOfFuel"],"campfire_rested":1,"item_purchase_floors":[26,28,28,39,44,44,53],"current_hp_per_floor":[70,70,70,70,69,69,69,69,45,42,34,34,34,26,20,6,70,70,70,65,56,44,44,44,32,28,24,23,23,23,23,23,9,35,35,35,35,21,35,35,35,45,28,63,63,63,63,63,63,48,63,34,34,52,45,25],"gold":131,"neow_bonus":"THREE_CARDS","is_daily":false,"chose_seed":false,"campfire_upgraded":8,"win_rate":0.0,"timestamp":1611925844,"path_taken":["R","?","?","M","?","M","T","R","M","M","M","M","R","E","M","BOSS","R","M","M","M","M","R","T","M","$","E","$","?","R","?","M","BOSS","R","M","?","M","$","R","T","R","M","$","?","?","E","M","M","BOSS","E","$","R","BOSS","BOSS"],"items_purchased_type":["Relic","Relic","Card","Relic","Relic","Relic","Relic"],"build_version":"2020-12-22","purchased_purges":4,"victory":true,"max_hp_per_floor":[70,70,70,70,70,70,70,70,70,70,70,70,70,70,70,70,70,70,70,70,70,70,70,70,70,70,70,70,70,70,35,35,35,35,35,35,35,35,49,49,49,59,59,63,63,63,63,63,63,63,63,63,63,63,63,63],"card_choices":[{"not_picked":["hexamod:ShieldOfDarkness","hexamod:EtherealExpedition"],"picked":"hexamod:FastForward","floor":0.0},{"not_picked":["hexamod:SuperheatedStrike","hexamod:FastForward"],"picked":"hexamod:HeatShield","floor":4.0},{"not_picked":["hexamod:BurningTouch","hexamod:PhantomFireball"],"picked":"hexamod:StepThrough","floor":5.0},{"not_picked":["hexamod:AdvancingGuard","hexamod:InspiringFlames"],"picked":"hexamod:GhostLash","floor":6.0},{"not_picked":["hexamod:HeatCrush","hexamod:HeatShield","hexamod:RainOfEmbers"],"picked":"SKIP","floor":9.0},{"not_picked":["hexamod:SuperheatedStrike","hexamod:Hexaguard"],"picked":"hexamod:Incineration","floor":10.0},{"not_picked":["hexamod:FlamesFromBeyond","hexamod:HeatMetal","hexamod:NightmareStrike"],"picked":"SKIP","floor":11.0},{"not_picked":["hexamod:PhantomCloak","hexamod:ApocalypseNow"],"picked":"hexamod:GhostShield","floor":12.0},{"not_picked":["hexamod:NecessarySacrifice","hexamod:HeatMetal"],"picked":"hexamod:ThermalTransfer","floor":14.0},{"not_picked":["hexamod:ThermalTransfer","hexamod:BacktrackSmack"],"picked":"hexamod:AdvancingGuard","floor":15.0},{"not_picked":["hexamod:WildfireWeapon","hexamod:ApocalypticArmor"],"picked":"hexamod:SearingWound","floor":16.0},{"not_picked":["hexamod:HeatMetal","hexamod:GhostShield+1","hexamod:HeatCrush"],"picked":"SKIP","floor":19.0},{"not_picked":["hexamod:AdvancingGuard+1","hexamod:ThermalTransfer","hexamod:DynamicBlow"],"picked":"SKIP","floor":20.0},{"not_picked":["hexamod:SuperheatedStrike+1","hexamod:SpectersWail"],"picked":"hexamod:SoulSteal+1","floor":21.0},{"not_picked":["hexamod:Firestarter","hexamod:ParanormalForm","hexamod:HauntingEcho+1"],"picked":"SKIP","floor":22.0},{"not_picked":["hexamod:HauntingEcho+1","hexamod:FlamesFromBeyond"],"picked":"hexamod:BurningTouch+1","floor":25.0},{"not_picked":["hexamod:NightmareStrike+1","hexamod:FastForward"],"picked":"hexamod:ChargedBarrage","floor":26.0},{"not_picked":["hexamod:ThirdSeal","hexamod:NecessarySacrifice"],"picked":"hexamod:SpectersWail","floor":27.0},{"not_picked":["hexamod:WildfireWeapon","hexamod:GhostOfSpireFuture+1"],"picked":"hexamod:CatchUp","floor":28.0},{"not_picked":["hexamod:ShieldOfDarkness","hexamod:NightmareGuise","hexamod:FastForward"],"picked":"SKIP","floor":32.0},{"not_picked":["hexamod:TimeOfNeed","hexamod:ParanormalForm"],"picked":"hexamod:ForkedFlame","floor":33.0},{"not_picked":["hexamod:Again","hexamod:NightmareGuise","hexamod:RecurringNightmare+1"],"picked":"SKIP","floor":36.0},{"not_picked":["hexamod:RetreatToShadows+1","hexamod:SpectersWail+1"],"picked":"hexamod:PhantomFireball+1","floor":38.0},{"not_picked":["hexamod:SuperheatedStrike+1","hexamod:HeatMetal+1","hexamod:FlamesFromBeyond+1"],"picked":"SKIP","floor":39.0},{"not_picked":["hexamod:GhostflameBarrier+1","hexamod:StepThrough"],"picked":"hexamod:EmpoweredFlame+1","floor":43.0},{"not_picked":["hexamod:SuperheatedStrike","hexamod:AdvancingGuard+1","hexamod:SpectralSpark+1"],"picked":"SKIP","floor":47.0},{"not_picked":["hexamod:ChargedBarrage","hexamod:PhantomCloak+1","hexamod:NightmareStrike+1"],"picked":"SKIP","floor":48.0},{"not_picked":["hexamod:GhostflameBarrier","hexamod:CatchUp+1","hexamod:EtherealExpedition+1"],"picked":"SKIP","floor":49.0},{"not_picked":["hexamod:ExtraCrispy","hexamod:NightmareGuise+1","hexamod:ShieldOfDarkness+1"],"picked":"SKIP","floor":52}],"player_experience":420605,"relics_obtained":[{"floor":7.0,"key":"hexamod:SoulOfChaos"},{"floor":14.0,"key":"InkBottle"},{"floor":24.0,"key":"hexamod:MatchstickCase"},{"floor":27.0,"key":"hexamod:InflammatoryLetter"},{"floor":45.0,"key":"Orichalcum"},{"floor":47.0,"key":"CaptainsWheel"},{"floor":52,"key":"Lantern"}],"event_choices":[{"damage_healed":0.0,"max_hp_gain":0.0,"max_hp_loss":0.0,"gold_gain":0.0,"event_name":"Lab","player_choice":"Got Potions","floor":37.0,"gold_loss":0.0,"damage_taken":0.0}],"is_beta":false,"boss_relics":[{"not_picked":["Black Star","Coffee Dripper"],"picked":"Sozu"},{"not_picked":["Runic Pyramid","Snecko Eye"],"picked":"SlaversCollar"}],"items_purged_floors":[26,28,39,44],"is_endless":false,"potions_floor_spawned":[4,12,14,16,21,22,25,32,36,43,47,48],"ascension_level":0}}