{"host":"ac6e1xz8pi3qqstb","time":1611921593,"event":{"mods":["BaseMod","Minty Spire (QoL Compilation)","MostiFishMod","Relic Stats","Replay The Spire","StSLib","[IsaacMod]ÒÔÈö¼âËþ"],"gold_per_floor":[116,133,147,78,88,116,116,116,140,150,150,165,165,176,176,274,274,285,298,138,154,168,168,168,183,260,260,44,55,55,85,85,183,183,196,207,207,207,260,260,273,289,289,301,317,334,346,364,364,364],"floor_reached":51,"language":"ZHS","playtime":1389,"items_purged":["Bash"],"score":629,"play_id":"17ffb7ec-ce0c-473f-8249-0921827aaee5","local_time":"20210129195953","is_ascension_mode":false,"campfire_choices":[{"data":"Rupture","floor":8.0,"key":"SMITH"},{"data":"Massacre","floor":11.0,"key":"SMITH"},{"data":"Armaments","floor":13.0,"key":"SMITH"},{"data":"Massacre","floor":15.0,"key":"SMITH"},{"data":"Limit Break","floor":23.0,"key":"SMITH"},{"data":"Brutality","floor":30.0,"key":"SMITH"},{"data":"Heavy Blade","floor":32,"key":"SMITH"},{"data":"Life Link","floor":40,"key":"SMITH"},{"data":"MostiFishMod:FireWorks","floor":49,"key":"SMITH"}],"circlet_count":0,"master_deck":["Strike_R","Strike_R","Strike_R","Strike_R","Strike_R","Defend_R","Defend_R","Defend_R","Defend_R","Pommel Strike","ReplayTheSpireMod:Muscle Training","Armaments+1","Massacre+1","Rupture+1","Massacre+1","Brutality+1","Hemokinesis","Limit Break+1","Flex","ReplayTheSpireMod:Limb From Limb+1","Flame Barrier+1","Brutality","Heavy Blade+1","Inflame","Demon Form","Life Link+1","ReplayTheSpireMod:Limb From Limb+1","MostiFishMod:FireWorks+1"],"relics":["Burning Blood","DaveBox","HushsDoor","Civilization","NeowsBlessing","PokeGo","SynthV:TestCard","Bronze Scales","Omamori","GuanYuAspect","ReplayTheSpireMod:Ninjato","Shuriken","PunchingBag","ChiXiaoBlade","Ginger","Orichalcum"],"acts_visited":["Exordium","TheCity","TheBeyond"],"potions_floor_usage":[39,50,50],"damage_taken":[{"damage":0.0,"enemies":"Cultist","floor":1.0,"turns":1.0},{"damage":0.0,"enemies":"2 Louse","floor":2.0,"turns":2.0},{"damage":0.0,"enemies":"Small Slimes","floor":3.0,"turns":1.0},{"damage":1.0,"enemies":"Exordium Wildlife","floor":5.0,"turns":3.0},{"damage":1.0,"enemies":"3 Sentries","floor":6.0,"turns":4.0},{"damage":3.0,"enemies":"Blue Slaver","floor":10.0,"turns":2.0},{"damage":0.0,"enemies":"Looter","floor":12.0,"turns":1.0},{"damage":0.0,"enemies":"3 Louse","floor":14.0,"turns":2.0},{"damage":34.0,"enemies":"Slime Boss","floor":16.0,"turns":7.0},{"damage":1.0,"enemies":"Shell Parasite","floor":18.0,"turns":3.0},{"damage":1.0,"enemies":"3 Byrds","floor":19.0,"turns":2.0},{"damage":2.0,"enemies":"Snake Plant","floor":21.0,"turns":2.0},{"damage":3.0,"enemies":"Chosen and Byrds","floor":22.0,"turns":3.0},{"damage":3.0,"enemies":"Snecko","floor":25.0,"turns":2.0},{"damage":5.0,"enemies":"Shelled Parasite and Fungi","floor":29.0,"turns":2.0},{"damage":15.0,"enemies":"Book of Stabbing","floor":31.0,"turns":3.0},{"damage":26,"enemies":"Collector","floor":33,"turns":6},{"damage":0,"enemies":"Orb Walker","floor":35,"turns":1},{"damage":22,"enemies":"3 Shapes","floor":36,"turns":3},{"damage":26,"enemies":"2 Orb Walkers","floor":39,"turns":4},{"damage":5,"enemies":"Maw","floor":41,"turns":2},{"damage":5,"enemies":"3 Darklings","floor":42,"turns":3},{"damage":0,"enemies":"4 Shapes","floor":44,"turns":1},{"damage":0,"enemies":"Jaw Worm Horde","floor":45,"turns":1},{"damage":27,"enemies":"Maw","floor":46,"turns":3},{"damage":24,"enemies":"3 Darklings","floor":47,"turns":3},{"damage":2,"enemies":"Sphere and 2 Shapes","floor":48,"turns":2},{"damage":50,"enemies":"Replay:Hell Engine","floor":50,"turns":5}],"seed_played":"5032955333766062082","potions_obtained":[{"floor":2.0,"key":"Adrenaline Potion"},{"floor":12.0,"key":"SkillPotion"},{"floor":14.0,"key":"Languid Potion"},{"floor":39,"key":"Explosive Potion"}],"is_trial":false,"path_per_floor":["M","M","M","$","M","E","$","R","T","M","R","M","R","M","R","B",null,"M","M","$","M","M","R","?","M","T","T","$","M","R","E","R","B",null,"M","M","$","?","?","R","M","M","T","M","M","M","M","M","R","B",null],"character_chosen":"IRONCLAD","items_purchased":["Massacre","Limit Break","Flex","Brutality"],"campfire_rested":0,"item_purchase_floors":[4,20,20,28],"current_hp_per_floor":[81,84,89,89,94,99,99,99,99,104,104,109,109,114,114,91,60,63,68,68,73,78,78,61,68,68,68,68,77,77,83,83,86,105,108,101,101,101,103,103,113,127,127,133,138,132,134,145,145,130],"gold":364,"neow_bonus":"THREE_ENEMY_KILL","is_daily":false,"chose_seed":false,"campfire_upgraded":9,"win_rate":0.0,"timestamp":1611921593,"path_taken":["M","M","M","$","?","E","?","R","T","?","R","M","R","M","R","BOSS","M","?","$","?","M","R","?","M","T","?","?","M","R","E","R","BOSS","M","M","$","?","?","R","M","?","T","M","M","M","?","M","R","BOSS"],"items_purchased_type":["Card","Card","Card","Card"],"build_version":"2020-12-22","purchased_purges":1,"victory":true,"max_hp_per_floor":[81,84,89,89,94,99,99,99,99,104,104,109,109,114,114,119,60,65,70,70,75,80,80,85,90,90,90,90,95,95,100,100,105,105,110,115,115,115,120,120,125,130,130,135,140,145,150,155,155,160],"relic_stats":{"counters":[28,74],"Shuriken":[7],"Bronze Scales":[149],"Ginger":[8],"Orichalcum":[24],"obtain_stats":[{"KeepersGift":0,"ReplayTheSpireMod:Ninjato":26,"PunchingBag":31,"DaveBox":0,"NeowsBlessing":0,"Omamori":9,"Ginger":39,"Orichalcum":43,"Burning Blood":0,"Civilization":0,"PokeGo":0,"SynthV:TestCard":1,"GuanYuAspect":17,"Shuriken":27,"Bronze Scales":6,"ChiXiaoBlade":34,"HushsDoor":0},{"KeepersGift":0,"ReplayTheSpireMod:Ninjato":14,"PunchingBag":16,"DaveBox":0,"NeowsBlessing":0,"Omamori":5,"Ginger":20,"Orichalcum":22,"Burning Blood":0,"Civilization":0,"PokeGo":0,"SynthV:TestCard":1,"GuanYuAspect":9,"Shuriken":14,"Bronze Scales":5,"ChiXiaoBlade":17,"HushsDoor":0},{"KeepersGift":0,"ReplayTheSpireMod:Ninjato":35,"PunchingBag":40,"DaveBox":0,"NeowsBlessing":0,"Omamori":11,"Ginger":54,"Orichalcum":59,"Burning Blood":0,"Civilization":0,"PokeGo":0,"SynthV:TestCard":1,"GuanYuAspect":23,"Shuriken":35,"Bronze Scales":11,"ChiXiaoBlade":46,"HushsDoor":0}],"Burning Blood":47},"card_choices":[{"not_picked":["Shrug It Off","True Grit"],"picked":"Pommel Strike","floor":1.0},{"not_picked":["Warcry","True Grit","MostiFishMod:HellRitual","Twin Strike"],"picked":"ReplayTheSpireMod:Muscle Training","floor":2.0},{"not_picked":["Heavy Blade","Sever Soul","Flex","Thunderclap"],"picked":"Armaments","floor":3.0},{"not_picked":["MostiFishMod:BrandingRite","Twin Strike","Rampage","Bloodletting"],"picked":"Rupture","floor":5.0},{"not_picked":["Whirlwind","Warcry","Replay:Undeath\u0027s Touch","Reckless Charge","Uppercut"],"picked":"SKIP","floor":6.0},{"not_picked":["Seeing Red","ReplayReversal","Rupture","Disarm"],"picked":"Massacre","floor":10.0},{"not_picked":["Bomb","Seeing Red","Sentinel","Twin Strike","Clash"],"picked":"SKIP","floor":12.0},{"not_picked":["Massacre","Inflame","Demonic Infusion","Anger","Clash"],"picked":"SKIP","floor":14.0},{"not_picked":["MostiFishMod:OrdinaryWorld","Fiend Fire","MostiFishMod:RainCloud","Reaper"],"picked":"Brutality","floor":16.0},{"not_picked":["Infernal Blade","Sword Boomerang","Clothesline","Twin Strike","Iron Wave"],"picked":"SKIP","floor":18.0},{"not_picked":["Wild Strike","MostiFishMod:BrandingRite+1","True Grit","Cleave"],"picked":"Hemokinesis","floor":19.0},{"not_picked":["Feel No Pain+1","Shrug It Off","Sword Boomerang","Body Slam+1","Massacre+1"],"picked":"SKIP","floor":21.0},{"not_picked":["Armaments+1","Anger+1","Ghostly Armor","Clash"],"picked":"ReplayTheSpireMod:Limb From Limb+1","floor":22.0},{"not_picked":["Evolve+1","Clothesline","Reckless Charge","Thunderclap+1"],"picked":"Flame Barrier+1","floor":25.0},{"not_picked":["Sword Boomerang","ReplayReversal+1","Anger","Power Through+1"],"picked":"Heavy Blade","floor":29.0},{"not_picked":["MostiFishMod:Mania","Perfected Strike","Pommel Strike","Carnage"],"picked":"Inflame","floor":31.0},{"not_picked":["Demonic Infusion","MostiFishMod:RainCloud","MostiFishMod:Chiaki","Bludgeon"],"picked":"Demon Form","floor":33},{"not_picked":["Massacre","Pommel Strike","Rampage+1","ReplayTheSpireMod:Strike From Hell","Searing Blow+1"],"picked":"SKIP","floor":35},{"not_picked":["Anger+1","Defy Death","Dropkick","Flame Barrier"],"picked":"Life Link","floor":36},{"not_picked":["Clothesline","Clash","Armaments","Feed"],"picked":"ReplayTheSpireMod:Limb From Limb+1","floor":39},{"not_picked":["Headbutt+1","Replay:Undeath\u0027s Touch+1","Run Through+1","Shrug It Off","Cleave"],"picked":"SKIP","floor":41},{"not_picked":["Dropkick","Carnage+1","ReplayTheSpireMod:Strike From Hell","Clothesline+1","Body Slam"],"picked":"SKIP","floor":42},{"not_picked":["Body Slam+1","Cleave+1","Iron Wave","Power Through+1","Clothesline+1"],"picked":"SKIP","floor":44},{"not_picked":["Havoc","Shrug It Off","Second Wind+1","Hemokinesis"],"picked":"MostiFishMod:FireWorks","floor":45},{"not_picked":["Iron Wave","Havoc","Twin Strike+1","Evolve+1","Battle Trance"],"picked":"SKIP","floor":46},{"not_picked":["ReplayReversal","ReplayTheSpireMod:Stacked","Headbutt","Battle Trance+1","Dual Wield"],"picked":"SKIP","floor":47},{"not_picked":["Havoc","Replay:Undeath\u0027s Touch","Second Wind","Heavy Blade","Uppercut"],"picked":"SKIP","floor":48}],"player_experience":429909,"relics_obtained":[{"floor":1.0,"key":"SynthV:TestCard"},{"floor":6.0,"key":"Bronze Scales"},{"floor":9.0,"key":"Omamori"},{"floor":26.0,"key":"ReplayTheSpireMod:Ninjato"},{"floor":27.0,"key":"Shuriken"},{"floor":31.0,"key":"PunchingBag"},{"floor":39,"key":"Ginger"},{"floor":43,"key":"Orichalcum"}],"event_choices":[{"damage_healed":0.0,"max_hp_gain":5.0,"max_hp_loss":0.0,"gold_gain":0.0,"event_name":"Forgotten Altar","player_choice":"Shed Blood","floor":24.0,"gold_loss":0.0,"damage_taken":20.0},{"damage_healed":0,"gold_gain":0,"player_choice":"Fight","damage_taken":0,"max_hp_gain":0,"max_hp_loss":0,"event_name":"Mysterious Sphere","floor":39,"gold_loss":0}],"is_beta":false,"boss_relics":[{"not_picked":["Astrolabe","Empty Cage"],"picked":"GuanYuAspect"},{"not_picked":[]},{"not_picked":["ChampionBelt","Calling Bell"],"picked":"ChiXiaoBlade"},{"not_picked":[]}],"items_purged_floors":[28],"is_endless":false,"potions_floor_spawned":[2,12,14,22,25,31,39,44,46,48],"ascension_level":0}}