{"host":"zsnmfqgcm92hlreo","time":1611905498,"event":{"mods":["AchievementEnabler","BaseMod","Bestiary","Block Reminder","Colored Powertips","Minty Spire (QoL Compilation)","Permanent Neow","Quick Restart","Relic Stats","Weighted Paths"],"gold_per_floor":[114,114,133,150,150,183,183,218,218,250,250,3,17,48,48,125,125,135,135,135,149,198,233,245,245,245,66,83,83,135,164,164,241,241,253,293,304,304,195,195,53,85,85,85,120,120,194,223,223,223,253,253,253,6,38,38],"floor_reached":57,"language":"ENG","playtime":3531,"items_purged":["Parasite","Strike_P"],"score":3329,"play_id":"4893e70a-5ebb-4783-96ce-224d457a921f","local_time":"20210129013138","is_ascension_mode":true,"campfire_choices":[{"floor":7.0,"key":"REST"},{"floor":15.0,"key":"REST"},{"floor":32.0,"key":"REST"},{"floor":40.0,"key":"REST"},{"floor":49.0,"key":"RECALL"},{"floor":53.0,"key":"REST"}],"circlet_count":0,"master_deck":["AscendersBane","Defend_P+1","Defend_P+1","Defend_P+1","Eruption+1","Vigilance+1","CutThroughFate+1","FearNoEvil+1","Vengeance+1","Fasting2+1","InnerPeace+1","ThirdEye+1","LessonLearned+1","SpiritShield+1","BowlingBash+1","Writhe","TalkToTheHand+1","FlyingSleeves+1","Ghostly+1","Ghostly+1","Ghostly+1","ReachHeaven+1","Fasting2+1","Devotion+1","Swivel+1","Wish+1","CutThroughFate+1","EmptyMind+1","Madness+1","Madness+1","MentalFortress+1","Crescendo+1","CutThroughFate+1","Evaluate"],"relics":["Fusion Hammer","Tiny Chest","Blue Candle","Blood Vial","Happy Flower","OrangePellets","Bag of Preparation","Snecko Eye","Toy Ornithopter","Regal Pillow","CloakClasp","Matryoshka","Akabeko","Juzu Bracelet","Letter Opener","Busted Crown","Potion Belt","MealTicket","Mark of the Bloom","Ginger","Mummified Hand","Calipers","TeardropLocket"],"acts_visited":["Exordium","TheCity","TheBeyond","TheEnding"],"potions_floor_usage":[55,56,56,56],"damage_taken":[{"damage":0.0,"enemies":"Small Slimes","floor":1.0,"turns":3.0},{"damage":7.0,"enemies":"Jaw Worm","floor":3.0,"turns":4.0},{"damage":0.0,"enemies":"Cultist","floor":4.0,"turns":2.0},{"damage":9.0,"enemies":"3 Sentries","floor":6.0,"turns":8.0},{"damage":13.0,"enemies":"Lagavulin","floor":8.0,"turns":6.0},{"damage":20.0,"enemies":"3 Sentries","floor":10.0,"turns":13.0},{"damage":10.0,"enemies":"Exordium Wildlife","floor":13.0,"turns":3.0},{"damage":11.0,"enemies":"Gremlin Nob","floor":14.0,"turns":3.0},{"damage":0.0,"enemies":"The Guardian","floor":16.0,"turns":8.0},{"damage":12.0,"enemies":"Chosen","floor":18.0,"turns":3.0},{"damage":0.0,"enemies":"Shell Parasite","floor":21.0,"turns":2.0},{"damage":0.0,"enemies":"Book of Stabbing","floor":23.0,"turns":5.0},{"damage":4.0,"enemies":"Shelled Parasite and Fungi","floor":24.0,"turns":4.0},{"damage":0.0,"enemies":"Sentry and Sphere","floor":28.0,"turns":8.0},{"damage":20.0,"enemies":"Gremlin Leader","floor":31.0,"turns":4.0},{"damage":1.0,"enemies":"Champ","floor":33.0,"turns":6.0},{"damage":0.0,"enemies":"Orb Walker","floor":35.0,"turns":2.0},{"damage":1.0,"enemies":"3 Shapes","floor":36.0,"turns":5.0},{"damage":16.0,"enemies":"Maw","floor":37.0,"turns":7.0},{"damage":0.0,"enemies":"Nemesis","floor":42.0,"turns":3.0},{"damage":0.0,"enemies":"Reptomancer","floor":45.0,"turns":2.0},{"damage":0.0,"enemies":"Giant Head","floor":48.0,"turns":5.0},{"damage":7.0,"enemies":"Donu and Deca","floor":50.0,"turns":7.0},{"damage":0.0,"enemies":"Time Eater","floor":51.0,"turns":8.0},{"damage":6,"enemies":"Shield and Spear","floor":55,"turns":6},{"damage":0,"enemies":"The Heart","floor":56,"turns":8}],"seed_played":"-7342018269082059594","potions_obtained":[{"floor":3.0,"key":"Strength Potion"},{"floor":4.0,"key":"Dexterity Potion"},{"floor":6.0,"key":"SneckoOil"},{"floor":10.0,"key":"ColorlessPotion"},{"floor":16.0,"key":"SkillPotion"},{"floor":23.0,"key":"CultistPotion"},{"floor":24.0,"key":"Regen Potion"},{"floor":33.0,"key":"Swift Potion"},{"floor":37.0,"key":"LiquidMemories"}],"is_trial":false,"path_per_floor":["M","?","M","M","?","E","R","E","T","E","?","$","M","E","R","B",null,"M","?","?","M","T","E","M","?","T","$","M","?","T","E","R","B",null,"M","M","M","?","$","R","$","E","T","?","E","?","T","E","R","B","B",null,"R","$","E","B",null],"character_chosen":"WATCHER","items_purchased":["OrangePellets","ReachHeaven","MentalFortress","Crescendo","Nirvana","CutThroughFate","CultistPotion","Weak Potion","StancePotion"],"campfire_rested":5,"item_purchase_floors":[12,27,39,39,41,41,54,54,54],"current_hp_per_floor":[61,61,54,54,47,38,58,45,45,27,44,44,36,27,46,48,61,51,51,51,58,58,65,61,32,32,32,32,32,32,12,32,31,32,32,31,16,10,10,32,32,32,32,32,32,32,32,32,32,25,25,25,25,25,19,19],"gold":38,"neow_bonus":"BOSS_RELIC","is_daily":false,"chose_seed":false,"campfire_upgraded":0,"win_rate":0.0,"timestamp":1611905498,"path_taken":["M","?","M","M","?","E","R","E","T","E","?","$","M","E","R","BOSS","M","?","?","M","?","E","?","?","T","$","M","?","?","E","R","BOSS","M","M","M","?","$","R","$","E","T","?","E","?","?","E","R","BOSS","BOSS","R","$","E","BOSS"],"items_purchased_type":["Relic","Card","Card","Card","Card","Card","Potion","Potion","Potion"],"build_version":"2020-12-22","purchased_purges":2,"victory":true,"max_hp_per_floor":[68,68,68,68,68,68,68,68,68,68,68,65,65,65,65,65,65,65,65,65,65,65,65,65,32,32,32,32,32,32,32,32,32,32,32,32,32,32,32,32,32,32,32,32,32,32,32,32,32,32,32,32,32,32,32,32],"relic_stats":{"Regal Pillow":24,"Mark of the Bloom":76,"Happy Flower":[33],"counters":[26,135],"Blue Candle":[2],"Bag of Preparation":[36],"CloakClasp":[262],"Juzu Bracelet":0,"Letter Opener":[102],"Ginger":[6],"Blood Vial":15,"OrangePellets":[56],"Busted Crown":14,"Mummified Hand":[23],"Snecko Eye":[61,48,54,54],"Tiny Chest":3,"MealTicket":0,"obtain_stats":[{"Potion Belt":42,"Regal Pillow":22,"Mark of the Bloom":44,"Calipers":48,"Happy Flower":10,"Blue Candle":8,"Bag of Preparation":14,"CloakClasp":23,"Juzu Bracelet":30,"Letter Opener":31,"Ginger":45,"TeardropLocket":55,"Akabeko":30,"Blood Vial":9,"OrangePellets":12,"Matryoshka":26,"Busted Crown":34,"Mummified Hand":47,"Snecko Eye":17,"Tiny Chest":6,"MealTicket":43,"Fusion Hammer":0,"PureWater":0,"Toy Ornithopter":20},{"Potion Belt":20,"Regal Pillow":11,"Mark of the Bloom":20,"Calipers":22,"Happy Flower":6,"Blue Candle":5,"Bag of Preparation":8,"CloakClasp":12,"Juzu Bracelet":14,"Letter Opener":15,"Ginger":21,"TeardropLocket":25,"Akabeko":14,"Blood Vial":5,"OrangePellets":6,"Matryoshka":13,"Busted Crown":16,"Mummified Hand":21,"Snecko Eye":9,"Tiny Chest":4,"MealTicket":20,"Fusion Hammer":0,"PureWater":0,"Toy Ornithopter":10},{"Potion Belt":99,"Regal Pillow":55,"Mark of the Bloom":99,"Calipers":106,"Happy Flower":36,"Blue Candle":23,"Bag of Preparation":42,"CloakClasp":60,"Juzu Bracelet":72,"Letter Opener":76,"Ginger":101,"TeardropLocket":127,"Akabeko":72,"Blood Vial":23,"OrangePellets":36,"Matryoshka":64,"Busted Crown":82,"Mummified Hand":101,"Snecko Eye":50,"Tiny Chest":17,"MealTicket":99,"Fusion Hammer":0,"PureWater":0,"Toy Ornithopter":53}],"Toy Ornithopter":10},"card_choices":[{"not_picked":["Collect","FearNoEvil"],"picked":"CutThroughFate","floor":1.0},{"not_picked":["FearNoEvil","Prostrate"],"picked":"Vengeance","floor":3.0},{"not_picked":["PathToVictory","WindmillStrike","WreathOfFlame"],"picked":"SKIP","floor":4.0},{"not_picked":["EmptyFist","Adaptation"],"picked":"Fasting2","floor":6.0},{"not_picked":["Collect","JustLucky","ForeignInfluence"],"picked":"SKIP","floor":8.0},{"not_picked":["Collect","MentalFortress"],"picked":"InnerPeace","floor":10.0},{"not_picked":["Evaluate","Swivel"],"picked":"ThirdEye","floor":13.0},{"not_picked":["Worship","SandsOfTime"],"picked":"LessonLearned","floor":14.0},{"not_picked":["Devotion","Vault"],"picked":"SpiritShield","floor":16.0},{"not_picked":["EmptyFist","PathToVictory"],"picked":"BowlingBash","floor":18.0},{"not_picked":["SignatureMove","EmptyBody"],"picked":"TalkToTheHand","floor":21.0},{"not_picked":["JustLucky","PathToVictory","CrushJoints"],"picked":"SKIP","floor":23.0},{"not_picked":["FollowUp","Evaluate"],"picked":"FlyingSleeves+1","floor":24.0},{"not_picked":["EmptyMind","Blasphemy","Vengeance"],"picked":"SKIP","floor":28.0},{"not_picked":["Perseverance","EmptyFist"],"picked":"Swivel","floor":31.0},{"not_picked":["Establishment","Scrawl"],"picked":"Wish","floor":33.0},{"not_picked":[],"picked":"CutThroughFate","floor":35.0},{"not_picked":["EmptyMind"],"picked":"SKIP","floor":36.0},{"not_picked":[],"picked":"EmptyMind","floor":36.0},{"not_picked":["PathToVictory"],"picked":"SKIP","floor":37.0},{"not_picked":["EmptyBody"],"picked":"SKIP","floor":42.0},{"not_picked":["EmptyBody"],"picked":"SKIP","floor":45.0},{"not_picked":["EmptyBody"],"picked":"SKIP","floor":45.0},{"not_picked":[],"picked":"Evaluate","floor":48.0},{"not_picked":["Conclude"],"picked":"SKIP","floor":55}],"player_experience":931053,"relics_obtained":[{"floor":6.0,"key":"Tiny Chest"},{"floor":8.0,"key":"Blue Candle"},{"floor":9.0,"key":"Blood Vial"},{"floor":10.0,"key":"Happy Flower"},{"floor":14.0,"key":"Bag of Preparation"},{"floor":22.0,"key":"Regal Pillow"},{"floor":23.0,"key":"CloakClasp"},{"floor":26.0,"key":"Matryoshka"},{"floor":30.0,"key":"Akabeko"},{"floor":30.0,"key":"Juzu Bracelet"},{"floor":31.0,"key":"Letter Opener"},{"floor":42.0,"key":"Potion Belt"},{"floor":43.0,"key":"MealTicket"},{"floor":45.0,"key":"Ginger"},{"floor":47.0,"key":"Mummified Hand"},{"floor":48.0,"key":"Calipers"},{"floor":55,"key":"TeardropLocket"}],"event_choices":[{"damage_healed":0.0,"max_hp_gain":0.0,"max_hp_loss":0.0,"gold_gain":0.0,"cards_transformed":["Strike_P"],"event_name":"Living Wall","player_choice":"Change","floor":2.0,"gold_loss":0.0,"damage_taken":0.0,"cards_obtained":["FearNoEvil"]},{"cards_removed":["Strike_P"],"damage_healed":0.0,"max_hp_gain":0.0,"max_hp_loss":0.0,"gold_gain":0.0,"event_name":"Golden Wing","player_choice":"Card Removal","floor":5.0,"gold_loss":0.0,"damage_taken":7.0},{"damage_healed":17.0,"max_hp_gain":0.0,"max_hp_loss":0.0,"gold_gain":0.0,"event_name":"Mushrooms","player_choice":"Healed and dodged fight","floor":11.0,"gold_loss":0.0,"damage_taken":0.0,"cards_obtained":["Parasite"]},{"damage_healed":0.0,"max_hp_gain":0.0,"max_hp_loss":0.0,"gold_gain":0.0,"event_name":"Vampires","player_choice":"Ignored","floor":19.0,"gold_loss":0.0,"damage_taken":0.0},{"damage_healed":0.0,"max_hp_gain":0.0,"max_hp_loss":0.0,"gold_gain":0.0,"event_name":"The Mausoleum","player_choice":"Opened","floor":20.0,"gold_loss":0.0,"damage_taken":0.0,"relics_obtained":["Toy Ornithopter"],"cards_obtained":["Writhe"]},{"damage_healed":0.0,"max_hp_gain":0.0,"max_hp_loss":33.0,"gold_gain":0.0,"event_name":"Ghosts","player_choice":"Became a Ghost","floor":25.0,"gold_loss":0.0,"damage_taken":0.0,"cards_obtained":["Ghostly","Ghostly","Ghostly"]},{"damage_healed":0.0,"max_hp_gain":0.0,"max_hp_loss":0.0,"gold_gain":0.0,"cards_transformed":["Strike_P","Defend_P"],"event_name":"Drug Dealer","player_choice":"Became Test Subject","floor":29.0,"gold_loss":0.0,"damage_taken":0.0,"cards_obtained":["Fasting2","Devotion"]},{"damage_healed":0.0,"max_hp_gain":0.0,"max_hp_loss":0.0,"gold_gain":0.0,"event_name":"Winding Halls","player_choice":"Embrace Madness","floor":38.0,"gold_loss":0.0,"damage_taken":6.0,"cards_obtained":["Madness","Madness"]},{"damage_healed":0.0,"max_hp_gain":0.0,"max_hp_loss":0.0,"gold_gain":0.0,"event_name":"MindBloom","player_choice":"Upgrade","floor":44.0,"gold_loss":0.0,"damage_taken":0.0,"cards_upgraded":["Defend_P","Defend_P","Defend_P","Eruption","Vengeance","InnerPeace","SpiritShield","BowlingBash","TalkToTheHand","Ghostly","Ghostly","Ghostly","Fasting2","Devotion","Swivel","Wish","CutThroughFate","EmptyMind","Madness","Madness","MentalFortress","Crescendo","Nirvana","CutThroughFate"],"relics_obtained":["Mark of the Bloom"]},{"cards_removed":["Nirvana"],"damage_healed":0.0,"max_hp_gain":0.0,"max_hp_loss":0.0,"gold_gain":0.0,"event_name":"Falling","player_choice":"Removed Power","floor":46.0,"gold_loss":0.0,"damage_taken":0.0}],"is_beta":false,"boss_relics":[{"not_picked":["Philosopher\u0027s Stone","Astrolabe"],"picked":"Snecko Eye"},{"not_picked":["Calling Bell","Velvet Choker"],"picked":"Busted Crown"}],"items_purged_floors":[12,27],"is_endless":false,"potions_floor_spawned":[3,4,6,10,16,18,23,24,33,35,37],"ascension_level":20}}