{"host":"pe7ycb8t2t906so2","time":1611880212,"event":{"mods":["BaseMod","Colored Map","Highlight Path","Minty Spire (QoL Compilation)"],"gold_per_floor":[109,259,334,348,348,348,382,382,434,434,201,218,118,29,29,100,100,118,129,4,4,4],"floor_reached":21,"language":"FRA","playtime":702,"items_purged":["Regret","Doubt","Strike_P"],"score":463,"play_id":"66aac705-caca-4b5f-bc16-243dd43cbc0d","local_time":"20210128193012","is_ascension_mode":true,"campfire_choices":[{"data":"CutThroughFate","floor":6,"key":"SMITH"},{"data":"Sanctity","floor":8,"key":"SMITH"},{"data":"Meditate","floor":10,"key":"SMITH"},{"data":"Deep Breath","floor":15,"key":"SMITH"}],"circlet_count":0,"master_deck":["AscendersBane","Strike_P","Defend_P","Defend_P","Defend_P+1","Defend_P+1","Eruption","Vigilance","CutThroughFate+1","Sanctity+1","Meditate+1","Deep Breath+1","Alpha","ThirdEye"],"relics":["PureWater","NeowsBlessing","Centennial Puzzle","Tiny Chest","Pen Nib","War Paint","Empty Cage"],"acts_visited":["Exordium","TheCity"],"potions_floor_usage":[16,19,19],"damage_taken":[{"damage":0,"enemies":"Small Slimes","floor":1,"turns":1},{"damage":0,"enemies":"2 Louse","floor":4,"turns":1},{"damage":0,"enemies":"Gremlin Nob","floor":7,"turns":1},{"damage":0,"enemies":"Jaw Worm","floor":12,"turns":2},{"damage":0,"enemies":"Slime Boss","floor":16,"turns":6},{"damage":13,"enemies":"Chosen","floor":18,"turns":4},{"damage":26,"enemies":"Shell Parasite","floor":19,"turns":5},{"damage":9,"enemies":"Snake Plant","floor":21,"turns":4}],"seed_played":"8585052492396410659","potions_obtained":[{"floor":4,"key":"SpeedPotion"},{"floor":7,"key":"Strength Potion"},{"floor":18,"key":"Weak Potion"}],"is_trial":false,"path_per_floor":["M","?","?","M","?","R","E","R","T","R","$","M","$","$","R","B",null,"M","M","$","M"],"character_chosen":"WATCHER","items_purchased":["War Paint","Deep Breath"],"campfire_rested":0,"item_purchase_floors":[11,14],"current_hp_per_floor":[61,61,50,50,50,50,50,50,50,50,50,50,50,50,50,50,64,51,25,25,16,16],"gold":4,"neow_bonus":"THREE_ENEMY_KILL","is_daily":false,"chose_seed":false,"campfire_upgraded":4,"win_rate":0.0,"timestamp":1611880212,"path_taken":["M","?","?","M","?","R","E","R","T","R","$","M","?","$","R","BOSS","M","M","$","M"],"items_purchased_type":["Relic","Card"],"build_version":"2020-12-22","purchased_purges":3,"victory":false,"max_hp_per_floor":[68,68,68,68,68,68,68,68,68,68,68,68,68,68,68,68,68,68,68,68,68,68],"card_choices":[{"not_picked":["FlyingSleeves","Conclude"],"picked":"CutThroughFate","floor":1},{"not_picked":["Protect","ClearTheMind"],"picked":"Sanctity","floor":4},{"not_picked":["Vengeance","Halt"],"picked":"Meditate","floor":7},{"not_picked":["EmptyMind","Weave","Halt"],"picked":"SKIP","floor":12},{"not_picked":["Devotion","DeusExMachina"],"picked":"Alpha","floor":16},{"not_picked":["SashWhip","EmptyBody","WindmillStrike"],"picked":"SKIP","floor":18},{"not_picked":["SashWhip","FollowUp"],"picked":"ThirdEye","floor":19}],"player_experience":968899,"relics_obtained":[{"floor":7,"key":"Tiny Chest"},{"floor":9,"key":"Pen Nib"}],"event_choices":[{"damage_healed":0,"gold_gain":150,"player_choice":"AGREE","damage_taken":0,"max_hp_gain":0,"max_hp_loss":0,"event_name":"Liars Game","floor":2,"gold_loss":0,"cards_obtained":["Doubt"]},{"damage_healed":0,"gold_gain":75,"player_choice":"Gather Gold","damage_taken":11,"max_hp_gain":0,"max_hp_loss":0,"event_name":"World of Goop","floor":3,"gold_loss":0},{"damage_healed":0,"gold_gain":0,"player_choice":"Box","damage_taken":0,"relics_obtained":["Centennial Puzzle"],"max_hp_gain":0,"max_hp_loss":0,"event_name":"Big Fish","floor":5,"gold_loss":0,"cards_obtained":["Regret"]}],"is_beta":false,"boss_relics":[{"not_picked":["Philosopher\u0027s Stone","Sozu"],"picked":"Empty Cage"}],"items_purged_floors":[11,13,20],"is_endless":false,"potions_floor_spawned":[4,7,18],"killed_by":"Snake Plant","ascension_level":17}}