{"host":"gc0hqzwg2gd3zszy","time":1611933688,"event":{"mods":["BaseMod","DeckTracker","Minty Spire (QoL Compilation)","Relic Stats","SuperFastMode"],"gold_per_floor":[109,109,124,124,199,238,238,271,294,334,353,353,71,71,71,167,167,187,205,125,125,125,125,152,152,175,193,193,214,114,164,164,164,164],"floor_reached":33,"language":"KOR","playtime":1094,"items_purged":["Strike_P","Defend_P","Defend_P"],"score":568,"play_id":"01ec0b44-c30d-43ab-bffe-b0bffedec298","local_time":"20210130002128","is_ascension_mode":true,"campfire_choices":[{"data":"Eruption","floor":7.0,"key":"SMITH"},{"floor":12.0,"key":"REST"},{"floor":15.0,"key":"REST"},{"data":"WheelKick","floor":23.0,"key":"SMITH"},{"data":"CutThroughFate","floor":25.0,"key":"SMITH"},{"data":"MentalFortress","floor":32.0,"key":"SMITH"}],"circlet_count":0,"master_deck":["AscendersBane","Strike_P","Strike_P","Defend_P","Eruption+1","Vigilance","CutThroughFate+1","BowlingBash","InnerPeace+1","WheelKick+1","EmptyMind+1","Halt+1","DeusExMachina+1","InnerPeace+1","MentalFortress+1"],"relics":["PureWater","NeowsBlessing","Golden Idol","Toy Ornithopter","The Courier","Tiny Chest","Toxic Egg 2","Empty Cage","Potion Belt","MealTicket"],"acts_visited":["Exordium","TheCity"],"potions_floor_usage":[33],"damage_taken":[{"damage":0.0,"enemies":"Jaw Worm","floor":1.0,"turns":1.0},{"damage":0.0,"enemies":"2 Louse","floor":3.0,"turns":1.0},{"damage":0.0,"enemies":"Lagavulin","floor":6.0,"turns":1.0},{"damage":16.0,"enemies":"Gremlin Nob","floor":8.0,"turns":3.0},{"damage":22.0,"enemies":"Lagavulin","floor":10.0,"turns":6.0},{"damage":11.0,"enemies":"Small Slimes","floor":11.0,"turns":3.0},{"damage":20.0,"enemies":"The Guardian","floor":16.0,"turns":11.0},{"damage":0.0,"enemies":"Chosen","floor":18.0,"turns":2.0},{"damage":3.0,"enemies":"2 Thieves","floor":19.0,"turns":3.0},{"damage":22.0,"enemies":"Cultist and Chosen","floor":27.0,"turns":5.0},{"damage":9.0,"enemies":"Shelled Parasite and Fungi","floor":29.0,"turns":3.0},{"damage":63,"enemies":"Champ","floor":33,"turns":13}],"seed_played":"-3065167623548341309","potions_obtained":[{"floor":8.0,"key":"SpeedPotion"},{"floor":11.0,"key":"Dexterity Potion"},{"floor":18.0,"key":"Explosive Potion"},{"floor":22.0,"key":"Fire Potion"},{"floor":22.0,"key":"Block Potion"},{"floor":29.0,"key":"DistilledChaos"}],"is_trial":false,"path_per_floor":["M","?","M","?","?","E","R","E","T","E","M","R","$","?","R","B",null,"M","M","$","?","?","R","T","R","T","M","?","M","$","?","R","B"],"character_chosen":"WATCHER","items_purchased":["WheelKick","EmptyMind+1","Halt+1","AttackPotion"],"campfire_rested":2,"item_purchase_floors":[13,13,13,13],"current_hp_per_floor":[61,38,38,60,49,49,49,33,33,16,5,25,25,25,45,35,60,60,62,62,62,62,62,62,62,62,40,40,36,51,51,51,0,0],"gold":164,"neow_bonus":"THREE_ENEMY_KILL","is_daily":false,"chose_seed":false,"campfire_upgraded":4,"win_rate":0.0,"timestamp":1611933688,"path_taken":["M","?","M","?","?","E","R","E","T","E","M","R","$","?","R","BOSS","M","M","$","?","?","R","?","R","T","?","?","M","$","?","R","BOSS"],"items_purchased_type":["Card","Card","Card","Potion"],"build_version":"2020-12-22","purchased_purges":3,"victory":false,"max_hp_per_floor":[68,68,68,68,68,68,68,68,68,68,68,68,68,68,68,68,68,68,68,68,68,68,68,68,68,68,68,68,68,68,68,68,68,68],"relic_stats":{"counters":[12,52],"Golden Idol":65,"Tiny Chest":1,"MealTicket":15,"obtain_stats":[{"Potion Belt":24,"NeowsBlessing":0,"Golden Idol":2,"Tiny Chest":9,"MealTicket":26,"The Courier":8,"PureWater":0,"Toxic Egg 2":10,"Empty Cage":17,"Toy Ornithopter":6},{"Potion Belt":9,"NeowsBlessing":0,"Golden Idol":1,"Tiny Chest":4,"MealTicket":9,"The Courier":4,"PureWater":0,"Toxic Egg 2":5,"Empty Cage":7,"Toy Ornithopter":3},{"Potion Belt":31,"NeowsBlessing":0,"Golden Idol":1,"Tiny Chest":6,"MealTicket":31,"The Courier":6,"PureWater":0,"Toxic Egg 2":12,"Empty Cage":26,"Toy Ornithopter":3}],"Toy Ornithopter":30},"card_choices":[{"not_picked":["FlurryOfBlows","Meditate"],"picked":"CutThroughFate","floor":1.0},{"not_picked":["Pray","JustLucky"],"picked":"BowlingBash","floor":3.0},{"not_picked":["Prostrate","MasterReality","Collect"],"picked":"SKIP","floor":6.0},{"not_picked":["ThirdEye","SashWhip","ClearTheMind"],"picked":"SKIP","floor":8.0},{"not_picked":["Brilliance","FollowUp","CrushJoints"],"picked":"SKIP","floor":10.0},{"not_picked":["Halt+1","SashWhip"],"picked":"InnerPeace+1","floor":11.0},{"not_picked":["Wish+1","Alpha+1"],"picked":"DeusExMachina+1","floor":16.0},{"not_picked":["Evaluate+1","LikeWater"],"picked":"InnerPeace+1","floor":18.0},{"not_picked":["Halt+1","FlurryOfBlows+1","Evaluate+1"],"picked":"SKIP","floor":19.0},{"not_picked":["Conclude","Crescendo+1","Protect+1"],"picked":"SKIP","floor":27.0},{"not_picked":["Sanctity+1","Protect+1","LikeWater"],"picked":"SKIP","floor":29.0}],"player_experience":1373992,"relics_obtained":[{"floor":6.0,"key":"Toy Ornithopter"},{"floor":8.0,"key":"The Courier"},{"floor":9.0,"key":"Tiny Chest"},{"floor":10.0,"key":"Toxic Egg 2"},{"floor":24.0,"key":"Potion Belt"},{"floor":26.0,"key":"MealTicket"}],"event_choices":[{"damage_healed":0.0,"max_hp_gain":0.0,"max_hp_loss":0.0,"gold_gain":0.0,"event_name":"Golden Idol","player_choice":"Take Damage","floor":2.0,"gold_loss":0.0,"damage_taken":23.0,"relics_obtained":["Golden Idol"]},{"damage_healed":22.0,"max_hp_gain":0.0,"max_hp_loss":0.0,"gold_gain":0.0,"event_name":"Big Fish","player_choice":"Banana","floor":4.0,"gold_loss":0.0,"damage_taken":0.0},{"damage_healed":0.0,"max_hp_gain":0.0,"max_hp_loss":0.0,"gold_gain":75.0,"event_name":"World of Goop","player_choice":"Gather Gold","floor":5.0,"gold_loss":0.0,"damage_taken":11.0},{"damage_healed":0.0,"max_hp_gain":0.0,"max_hp_loss":0.0,"gold_gain":0.0,"event_name":"Liars Game","player_choice":"Ignored","floor":14.0,"gold_loss":0.0,"damage_taken":0.0},{"damage_healed":0.0,"max_hp_gain":0.0,"max_hp_loss":0.0,"gold_gain":0.0,"event_name":"Vampires","player_choice":"Ignored","floor":21.0,"gold_loss":0.0,"damage_taken":0.0},{"damage_healed":0.0,"max_hp_gain":0.0,"max_hp_loss":0.0,"gold_gain":0.0,"event_name":"Lab","player_choice":"Got Potions","floor":22.0,"gold_loss":0.0,"damage_taken":0.0},{"damage_healed":0.0,"max_hp_gain":0.0,"max_hp_loss":0.0,"gold_gain":0.0,"event_name":"The Library","player_choice":"Read","floor":28.0,"gold_loss":0.0,"damage_taken":0.0,"cards_obtained":["MentalFortress"]},{"damage_healed":0.0,"max_hp_gain":0.0,"max_hp_loss":0.0,"gold_gain":50.0,"event_name":"Golden Shrine","player_choice":"Pray","floor":31.0,"gold_loss":0.0,"damage_taken":0.0}],"is_beta":false,"boss_relics":[{"not_picked":["Fusion Hammer","Runic Pyramid"],"picked":"Empty Cage"}],"items_purged_floors":[13,20,30],"is_endless":false,"potions_floor_spawned":[8,11,18,29],"killed_by":"Champ","ascension_level":20}}