{"host":"d9m9v0h6vo0edadb","time":1611915522,"event":{"mods":["BaseMod","Hermit","Keyboard Shortcuts","Minty Spire (QoL Compilation)","StSLib","SuperFastMode","The Cursed"],"gold_per_floor":[115,130,140,140,152,152,227,253,279,56,71,71,86,100,100,100,100],"floor_reached":16,"language":"KOR","playtime":215,"items_purged":["Strike_G"],"score":208,"play_id":"806246de-e476-440e-8a2c-8dd141b3fdbb","local_time":"20210129191842","is_ascension_mode":true,"campfire_choices":[{"data":"Storm of Steel","floor":6.0,"key":"SMITH"},{"data":"Prepared","floor":15,"key":"SMITH"}],"circlet_count":0,"master_deck":["AscendersBane","Strike_G","Strike_G","Strike_G","Strike_G","Defend_G","Defend_G","Defend_G","Defend_G","Defend_G","Survivor","Neutralize","Quick Slash","Noxious Fumes","Storm of Steel+1","Backflip","Noxious Fumes","Prepared+1"],"relics":["Ring of the Snake","Ancient Tea Set","Juzu Bracelet","Membership Card"],"acts_visited":["Exordium"],"potions_floor_usage":[16],"damage_taken":[{"damage":0.0,"enemies":"2 Louse","floor":1.0,"turns":3.0},{"damage":0.0,"enemies":"Jaw Worm","floor":2.0,"turns":4.0},{"damage":0.0,"enemies":"Cultist","floor":3.0,"turns":3.0},{"damage":21.0,"enemies":"Large Slime","floor":5.0,"turns":8.0},{"damage":11.0,"enemies":"Gremlin Nob","floor":8.0,"turns":3.0},{"damage":0.0,"enemies":"Blue Slaver","floor":11.0,"turns":3.0},{"damage":2,"enemies":"2 Fungi Beasts","floor":13,"turns":4},{"damage":1,"enemies":"Exordium Wildlife","floor":14,"turns":4},{"damage":8,"enemies":"Hexaghost","floor":16,"turns":7}],"seed_played":"-7585238027359244188","potions_obtained":[{"floor":5.0,"key":"LiquidMemories"},{"floor":8.0,"key":"DistilledChaos"},{"floor":11.0,"key":"SteroidPotion"}],"is_trial":false,"path_per_floor":["M","M","M","?","M","R","?","E","T","$","M","?","M","M","R","B"],"character_chosen":"THE_SILENT","items_purchased":["Membership Card","Backflip"],"campfire_rested":0,"item_purchase_floors":[10,10],"current_hp_per_floor":[65,65,65,65,44,44,33,22,22,22,22,22,20,19,19,11,11],"gold":100,"neow_bonus":"TEN_PERCENT_HP_BONUS","is_daily":false,"chose_seed":false,"campfire_upgraded":2,"win_rate":0.0,"timestamp":1611915522,"path_taken":["M","M","M","?","M","R","?","E","T","$","M","?","M","M","R","BOSS"],"items_purchased_type":["Relic","Card"],"build_version":"2020-12-22","purchased_purges":1,"victory":false,"max_hp_per_floor":[72,72,72,72,72,72,72,72,72,72,72,72,72,72,72,72,72],"card_choices":[{"not_picked":["Slice","Underhanded Strike","Outmaneuver"],"picked":"SKIP","floor":1.0},{"not_picked":["Outmaneuver","Backflip"],"picked":"Quick Slash","floor":2.0},{"not_picked":["Dash","PiercingWail"],"picked":"Noxious Fumes","floor":3.0},{"not_picked":["Backflip","Blur"],"picked":"Storm of Steel","floor":5.0},{"not_picked":["Bane","Flying Knee","Poisoned Stab"],"picked":"SKIP","floor":8.0},{"not_picked":["Blur","Sucker Punch","Caltrops"],"picked":"SKIP","floor":11.0},{"not_picked":["Backflip","Flying Knee"],"picked":"Noxious Fumes","floor":13},{"not_picked":["Reflex","Blade Dance"],"picked":"Prepared","floor":14}],"player_experience":995364,"relics_obtained":[{"floor":8.0,"key":"Ancient Tea Set"},{"floor":9.0,"key":"Juzu Bracelet"}],"event_choices":[{"damage_healed":0.0,"max_hp_gain":0.0,"max_hp_loss":0.0,"gold_gain":0.0,"event_name":"Liars Game","player_choice":"Ignored","floor":4.0,"gold_loss":0.0,"damage_taken":0.0},{"damage_healed":0.0,"max_hp_gain":0.0,"max_hp_loss":0.0,"gold_gain":75.0,"event_name":"World of Goop","player_choice":"Gather Gold","floor":7.0,"gold_loss":0.0,"damage_taken":11.0},{"damage_healed":0,"gold_gain":0,"player_choice":"Searched \u00270\u0027 times","damage_taken":0,"max_hp_gain":0,"max_hp_loss":0,"event_name":"Dead Adventurer","floor":12,"gold_loss":0}],"is_beta":false,"boss_relics":[],"items_purged_floors":[10],"is_endless":false,"potions_floor_spawned":[5,8,11,13],"killed_by":"Hexaghost","ascension_level":20}}