{"host":"takgv9cv6xf64vhq","time":1611933066,"event":{"mods":["BaseMod","Colored Powertips","Downfall","Hubris","LagranYue(拉格朗・月)","Marisa（F雨　魔理沙）","Minty Spire (QoL Compilation)","Replay The Spire","StSLib","The Animator","The Cursed","The Jungle","TheHeartMod"],"gold_per_floor":[116,116,41,61,77,77,77,116,142,197,197,372,406,444,444,591,591,619,665,705,705,748,800,340,340,340,340,388,431,431,431,431,439,439],"floor_reached":33,"language":"ZHS","playtime":2181,"items_purged":["Pain","Doubt"],"score":310,"play_id":"b84fc358-2722-47be-b334-53b05353821e","local_time":"20210129231106","is_ascension_mode":true,"campfire_choices":[{"data":"Eruption","floor":6.0,"key":"SMITH"},{"data":"EmptyMind","floor":15.0,"key":"SMITH"},{"data":"Blasphemy","floor":25.0,"key":"SMITH"},{"data":"ForeignInfluence","floor":27.0,"key":"SMITH"},{"data":"Replay:DivineShield","floor":32,"key":"SMITH"}],"circlet_count":0,"master_deck":["Strike_P","Strike_P","Strike_P","Strike_P","Defend_P","Defend_P","Defend_P","Defend_P","Eruption+1","Vigilance","Replay:ManipulateFuture","ForeignInfluence+1","BowlingBash","EmptyMind+1","Replay:Anticipation","FlurryOfBlows","FlurryOfBlows","DevaForm","Replay:DivineShield+1","Protect+1","Slimebound:CheckThePlaybook","Prostrate+1","Blasphemy+1","EmptyFist","CutThroughFate","J.A.X."],"relics":["PureWater","NeowsBlessing","WarpedTongs","Golden Idol","Potion Belt","Replay:Bandana","Darkstone Periapt","Iron Hammer","hubris:Backtick","LagranYue:MagicReflectiveArmorRelic","hexamod:BolsterEngine","ReplayTheSpireMod:Lightbulb","Simple Rune","Boot"],"acts_visited":["Exordium","TheCity"],"potions_floor_usage":[],"damage_taken":[{"damage":0.0,"enemies":"Jaw Worm","floor":1.0,"turns":1.0},{"damage":0.0,"enemies":"Cultist","floor":4.0,"turns":1.0},{"damage":0.0,"enemies":"2 Louse","floor":5.0,"turns":1.0},{"damage":5.0,"enemies":"Gremlin Nob","floor":8.0,"turns":3.0},{"damage":15.0,"enemies":"3 Sentries","floor":10.0,"turns":5.0},{"damage":0.0,"enemies":"Exordium Wildlife","floor":13.0,"turns":3.0},{"damage":3.0,"enemies":"Large Slime","floor":14.0,"turns":3.0},{"damage":37.0,"enemies":"The Guardian","floor":16.0,"turns":9.0},{"damage":0.0,"enemies":"Chosen","floor":18.0,"turns":4.0},{"damage":5.0,"enemies":"3 Byrds","floor":19.0,"turns":6.0},{"damage":0.0,"enemies":"Cultist and Chosen","floor":20.0,"turns":9.0},{"damage":24.0,"enemies":"Centurion and Healer","floor":22.0,"turns":5.0},{"damage":3.0,"enemies":"Slavers","floor":23.0,"turns":8.0},{"damage":6.0,"enemies":"Gremlin Leader","floor":28.0,"turns":3.0},{"damage":0,"enemies":"Chosen and Byrds","floor":29,"turns":3},{"damage":16,"enemies":"Collector","floor":33,"turns":2}],"seed_played":"-4461524648957195278","potions_obtained":[{"floor":1.0,"key":"champ:CounterPotion"},{"floor":8.0,"key":"Regen Potion"},{"floor":13.0,"key":"Explosive Potion"},{"floor":18.0,"key":"SpeedPotion"},{"floor":23.0,"key":"Ancient Potion"}],"is_trial":false,"path_per_floor":["M","?","$","M","M","R","?","E","T","E","T","?","M","M","R","B",null,"M","M","M","?","M","E","$","R","T","R","E","M","?","?","R","B"],"character_chosen":"WATCHER","items_purchased":["ReplayTheSpireMod:Lightbulb","Simple Rune"],"campfire_rested":0,"item_purchase_floors":[24,24],"current_hp_per_floor":[72,72,72,72,72,72,54,49,49,46,46,52,52,49,49,12,78,78,73,73,46,22,19,19,19,19,19,16,16,16,16,16,0,0],"gold":439,"neow_bonus":"THREE_ENEMY_KILL","is_daily":false,"chose_seed":false,"campfire_upgraded":5,"win_rate":0.0,"timestamp":1611933066,"path_taken":["M","?","?","?","M","R","?","E","T","E","?","?","?","M","R","BOSS","M","?","M","?","M","E","$","R","T","R","E","M","?","?","R","BOSS"],"items_purchased_type":["Relic","Relic"],"build_version":"2020-12-22","purchased_purges":2,"victory":false,"max_hp_per_floor":[72,72,72,72,72,72,72,72,72,72,72,78,78,78,78,78,78,78,78,78,78,78,78,78,78,78,78,81,81,81,81,81,81,81],"card_choices":[{"not_picked":["WreathOfFlame","Replay:Anticipation"],"picked":"Replay:ManipulateFuture","floor":1.0},{"not_picked":["EmptyFist","Replay:AtTheReady"],"picked":"ForeignInfluence","floor":4.0},{"not_picked":["WreathOfFlame","PathToVictory"],"picked":"BowlingBash","floor":5.0},{"not_picked":["LikeWater","Crescendo"],"picked":"EmptyMind","floor":8.0},{"not_picked":["Protect","JustLucky"],"picked":"Replay:Anticipation","floor":10.0},{"not_picked":["Protect","SashWhip"],"picked":"FlurryOfBlows","floor":13.0},{"not_picked":["ConjureBlade","Replay:Vibes"],"picked":"FlurryOfBlows","floor":14.0},{"not_picked":["SpiritShield","MasterReality"],"picked":"DevaForm","floor":16.0},{"not_picked":["EmptyMind","Sanctity"],"picked":"Replay:DivineShield","floor":18.0},{"not_picked":["CrushJoints+1","BattleHymn"],"picked":"Protect+1","floor":19.0},{"not_picked":["Replay:AtTheReady","WreathOfFlame+1","Replay:Vibes"],"picked":"SKIP","floor":20.0},{"not_picked":["WindmillStrike","Replay:BluntJabs"],"picked":"Prostrate+1","floor":22.0},{"not_picked":["Replay:LoomingThreat","CrushJoints"],"picked":"Blasphemy","floor":23.0},{"not_picked":["JustLucky","ClearTheMind"],"picked":"EmptyFist","floor":28.0},{"not_picked":["EmptyFist","FollowUp"],"picked":"CutThroughFate","floor":29}],"player_experience":200265,"relics_obtained":[{"floor":8.0,"key":"Potion Belt"},{"floor":9.0,"key":"Replay:Bandana"},{"floor":10.0,"key":"Darkstone Periapt"},{"floor":11.0,"key":"Iron Hammer"},{"floor":23.0,"key":"hexamod:BolsterEngine"},{"floor":28.0,"key":"Boot"}],"event_choices":[{"damage_healed":0.0,"max_hp_gain":0.0,"max_hp_loss":0.0,"gold_gain":0.0,"event_name":"Accursed Blacksmith","player_choice":"Rummage","floor":2.0,"gold_loss":0.0,"damage_taken":0.0,"relics_obtained":["WarpedTongs"],"cards_obtained":["Pain"]},{"damage_healed":0.0,"max_hp_gain":0.0,"max_hp_loss":0.0,"gold_gain":0.0,"event_name":"Golden Idol","player_choice":"Take Damage","floor":7.0,"gold_loss":0.0,"damage_taken":18.0,"relics_obtained":["Golden Idol"]},{"damage_healed":0.0,"max_hp_gain":0.0,"max_hp_loss":0.0,"gold_gain":175.0,"event_name":"Liars Game","player_choice":"AGREE","floor":12.0,"gold_loss":0.0,"damage_taken":0.0,"cards_obtained":["Doubt"]},{"damage_healed":0,"gold_gain":0,"player_choice":"Obtain J.A.X.","damage_taken":0,"max_hp_gain":0,"max_hp_loss":0,"event_name":"Drug Dealer","floor":30,"gold_loss":0,"cards_obtained":["J.A.X."]},{"damage_healed":0,"gold_gain":0,"player_choice":"Ignored","damage_taken":0,"max_hp_gain":0,"max_hp_loss":0,"event_name":"N\u0027loth","floor":31,"gold_loss":0}],"is_beta":false,"boss_relics":[{"not_picked":["Velvet Choker","hubris:VirtuousBlindfold"],"picked":"hubris:Backtick"}],"items_purged_floors":[3,24],"is_endless":false,"potions_floor_spawned":[1,8,13,18,23],"killed_by":"Collector","ascension_level":1}}