{"host":"5jyeqch4fosnsiz2","time":1611952338,"event":{"mods":["BaseMod","Bestiary","Colored Map","Colored Powertips","Filter the Spire","Minty Spire (QoL Compilation)","Relic Stats","StSLib","Waifu the Spire","ojb\u0027s Better Paths Mod","ojb\u0027s Info Mod"],"gold_per_floor":[19,33,33,52,65,97,112,123,123,152,152,166,341,9,9,108,108,118,132,59,79,29,58,58,58,85,85,120,137,156,156,156,156,156],"floor_reached":33,"language":"ENG","playtime":1349,"items_purged":["Doubt"],"score":299,"play_id":"756618d9-ab27-43e9-8363-fa309d8b7886","local_time":"20210129153218","is_ascension_mode":false,"campfire_choices":[{"floor":15,"key":"REST"},{"floor":25,"key":"REST"},{"data":"Reaper","floor":27,"key":"SMITH"},{"data":"Impervious","floor":32,"key":"SMITH"}],"circlet_count":0,"master_deck":["Strike_R+1","Strike_R+1","Strike_R+1","Strike_R+1","Strike_R+1","Defend_R+1","Defend_R+1","Defend_R+1","Defend_R+1","Bash","Metallicize","Pommel Strike","Body Slam","Feed+1","Sword Boomerang","Whirlwind","Reaper+1","Impervious+1"],"relics":["Burning Blood","Ice Cream","Calipers","Red Skull","CaptainsWheel","Shuriken","Calling Bell","Bronze Scales","Pantograph","Champion Belt","Blood Vial","Smiling Mask","Toxic Egg 2","MutagenicStrength"],"acts_visited":["Exordium","TheCity"],"potions_floor_usage":[6,8,16,23,23,28,28,33],"damage_taken":[{"damage":0,"enemies":"Small Slimes","floor":1,"turns":3},{"damage":5,"enemies":"Cultist","floor":2,"turns":4},{"damage":13,"enemies":"2 Louse","floor":4,"turns":3},{"damage":10,"enemies":"Large Slime","floor":5,"turns":9},{"damage":20,"enemies":"Lagavulin","floor":6,"turns":6},{"damage":20,"enemies":"Blue Slaver","floor":7,"turns":5},{"damage":19,"enemies":"2 Fungi Beasts","floor":8,"turns":4},{"damage":14,"enemies":"Gremlin Nob","floor":10,"turns":4},{"damage":7,"enemies":"Looter","floor":12,"turns":5},{"damage":41,"enemies":"Slime Boss","floor":16,"turns":7},{"damage":46,"enemies":"Shell Parasite","floor":18,"turns":9},{"damage":35,"enemies":"2 Thieves","floor":19,"turns":3},{"damage":25,"enemies":"Chosen and Byrds","floor":21,"turns":6},{"damage":19,"enemies":"Gremlin Leader","floor":23,"turns":7},{"damage":34,"enemies":"Slavers","floor":28,"turns":6},{"damage":0,"enemies":"Snake Plant","floor":29,"turns":5},{"damage":21,"enemies":"3 Cultists","floor":30,"turns":5},{"damage":81,"enemies":"Champ","floor":33,"turns":14}],"seed_played":"7226082004989125466","potions_obtained":[{"floor":5,"key":"SteroidPotion"},{"floor":7,"key":"ColorlessPotion"},{"floor":8,"key":"Ancient Potion"},{"floor":12,"key":"Energy Potion"},{"floor":21,"key":"SkillPotion"},{"floor":23,"key":"PowerPotion"},{"floor":30,"key":"AttackPotion"}],"is_trial":false,"path_per_floor":["M","M","?","M","M","E","M","M","T","E","?","M","?","$","R","B",null,"M","M","$","M","$","E","?","R","T","R","E","M","M","?","R","B"],"character_chosen":"IRONCLAD","items_purchased":["Shuriken","Impervious","SkillPotion"],"campfire_rested":2,"item_purchase_floors":[14,20,22],"current_hp_per_floor":[80,80,80,73,69,55,41,31,31,23,23,26,26,26,52,17,87,49,30,30,19,19,11,11,37,37,37,11,28,35,35,35,0,0],"gold":156,"neow_bonus":"ONE_RARE_RELIC","is_daily":false,"chose_seed":false,"campfire_upgraded":2,"win_rate":0.0,"timestamp":1611952338,"path_taken":["M","M","?","?","M","E","M","M","T","E","?","M","?","$","R","BOSS","M","M","$","M","$","E","?","R","T","R","E","M","M","?","R","BOSS"],"items_purchased_type":["Relic","Card","Potion"],"build_version":"2020-12-22","purchased_purges":1,"victory":false,"max_hp_per_floor":[80,80,80,80,80,80,80,83,83,83,83,87,87,87,87,87,87,87,87,87,87,87,87,87,87,87,87,87,87,91,91,91,91,91],"relic_stats":{"Blood Vial":8,"counters":[18,105],"Shuriken":[5],"Bronze Scales":[193],"Pantograph":25,"Champion Belt":[10],"Smiling Mask":0,"obtain_stats":[{"Ice Cream":0,"Calipers":6,"Smiling Mask":26,"Burning Blood":0,"Calling Bell":17,"Blood Vial":23,"CaptainsWheel":10,"Shuriken":14,"Bronze Scales":17,"Pantograph":17,"MutagenicStrength":31,"Champion Belt":17,"Toxic Egg 2":28,"Red Skull":9},{"Ice Cream":0,"Calipers":5,"Smiling Mask":14,"Burning Blood":0,"Calling Bell":10,"Blood Vial":14,"CaptainsWheel":8,"Shuriken":9,"Bronze Scales":10,"Pantograph":10,"MutagenicStrength":17,"Champion Belt":10,"Toxic Egg 2":15,"Red Skull":7},{"Ice Cream":0,"Calipers":25,"Smiling Mask":75,"Burning Blood":0,"Calling Bell":50,"Blood Vial":75,"CaptainsWheel":38,"Shuriken":43,"Bronze Scales":50,"Pantograph":50,"MutagenicStrength":91,"Champion Belt":50,"Toxic Egg 2":81,"Red Skull":34}],"Burning Blood":95},"card_choices":[{"not_picked":["Headbutt","True Grit","Wild Strike"],"picked":"SKIP","floor":1},{"not_picked":["Iron Wave","Limit Break"],"picked":"Metallicize","floor":2},{"not_picked":["Perfected Strike","Heavy Blade"],"picked":"Pommel Strike","floor":4},{"not_picked":["Heavy Blade","Battle Trance","Flex"],"picked":"SKIP","floor":5},{"not_picked":["Heavy Blade","Anger"],"picked":"Body Slam","floor":6},{"not_picked":["Rampage","Headbutt"],"picked":"Feed","floor":7},{"not_picked":["Blood for Blood","Havoc","Pommel Strike"],"picked":"SKIP","floor":8},{"not_picked":["Metallicize","Perfected Strike"],"picked":"Sword Boomerang","floor":10},{"not_picked":["Clash","Havoc"],"picked":"Whirlwind","floor":12},{"not_picked":["Limit Break","Berserk"],"picked":"Reaper","floor":16},{"not_picked":["Perfected Strike","Second Wind","Rupture+1"],"picked":"SKIP","floor":18},{"not_picked":["Armaments","Sever Soul","Reckless Charge+1"],"picked":"SKIP","floor":19},{"not_picked":["Clash+1","Wild Strike+1","Iron Wave+1"],"picked":"SKIP","floor":21},{"not_picked":["Sever Soul","Whirlwind","Heavy Blade"],"picked":"SKIP","floor":23},{"not_picked":["Clothesline+1","Iron Wave","Rampage+1"],"picked":"SKIP","floor":28},{"not_picked":["Battle Trance+1","Clothesline","Flex+1"],"picked":"SKIP","floor":29},{"not_picked":["Headbutt","Pommel Strike","Burning Pact+1"],"picked":"SKIP","floor":30}],"player_experience":337599,"relics_obtained":[{"floor":6,"key":"Calipers"},{"floor":9,"key":"Red Skull"},{"floor":10,"key":"CaptainsWheel"},{"floor":17,"key":"Bronze Scales"},{"floor":17,"key":"Pantograph"},{"floor":17,"key":"Champion Belt"},{"floor":23,"key":"Blood Vial"},{"floor":26,"key":"Smiling Mask"},{"floor":28,"key":"Toxic Egg 2"}],"event_choices":[{"damage_healed":0,"gold_gain":0,"player_choice":"Full Heal","damage_taken":0,"max_hp_gain":0,"max_hp_loss":0,"event_name":"Wheel of Change","floor":3,"gold_loss":0},{"damage_healed":0,"gold_gain":0,"player_choice":"Grow","damage_taken":0,"max_hp_gain":0,"max_hp_loss":0,"event_name":"Living Wall","floor":11,"gold_loss":0,"cards_upgraded":["Feed"]},{"damage_healed":0,"gold_gain":175,"player_choice":"AGREE","damage_taken":0,"max_hp_gain":0,"max_hp_loss":0,"event_name":"Liars Game","floor":13,"gold_loss":0,"cards_obtained":["Doubt"]},{"damage_healed":0,"gold_gain":0,"player_choice":"Simplicity","damage_taken":0,"max_hp_gain":0,"max_hp_loss":0,"event_name":"Back to Basics","floor":24,"gold_loss":0,"cards_upgraded":["Strike_R","Strike_R","Strike_R","Strike_R","Strike_R","Defend_R","Defend_R","Defend_R","Defend_R"]},{"damage_healed":0,"gold_gain":0,"player_choice":"Inject Mutagens","damage_taken":0,"relics_obtained":["MutagenicStrength"],"max_hp_gain":0,"max_hp_loss":0,"event_name":"Drug Dealer","floor":31,"gold_loss":0}],"is_beta":false,"boss_relics":[{"not_picked":["Astrolabe","Tiny House"],"picked":"Calling Bell"}],"items_purged_floors":[14],"is_endless":false,"potions_floor_spawned":[5,7,8,12,21,23,30],"killed_by":"Champ","ascension_level":0}}