{"host":"y24pqu7jih1n8m3t","time":1611888484,"event":{"mods":["AchievementEnabler","BaseMod","Bestiary","Block Reminder","Colored Map","Colored Powertips","DeckTracker","Highlight Path","Minty Spire (QoL Compilation)","Permanent Neow","Quick Restart","Rare Cards Sparkle","Relic Stats"],"gold_per_floor":[116,37,37,55,55,55,55,55],"floor_reached":7,"language":"ENG","playtime":296,"items_purged":[],"score":45,"play_id":"d4dd15c7-2337-4952-9ecb-5f6c919c42bc","local_time":"20210128214804","is_ascension_mode":true,"campfire_choices":[{"data":"Dualcast","floor":6,"key":"SMITH"}],"circlet_count":0,"master_deck":["Strike_B","Strike_B","Strike_B","Defend_B","Defend_B","Defend_B","Defend_B","Zap","Dualcast+1","Conserve Battery","Self Repair","Coolheaded","Auto Shields"],"relics":["Cracked Core","Calipers"],"acts_visited":["Exordium"],"potions_floor_usage":[],"damage_taken":[{"damage":2,"enemies":"Small Slimes","floor":1,"turns":3},{"damage":0,"enemies":"Cultist","floor":4,"turns":4},{"damage":32,"enemies":"3 Sentries","floor":7,"turns":7}],"seed_played":"6594364464646512596","potions_obtained":[],"is_trial":false,"path_per_floor":["M","$","?","M","?","R","E"],"character_chosen":"DEFECT","items_purchased":["Self Repair"],"campfire_rested":0,"item_purchase_floors":[2],"current_hp_per_floor":[66,66,71,73,73,73,41,41],"gold":55,"neow_bonus":"ONE_RARE_RELIC","is_daily":false,"chose_seed":false,"campfire_upgraded":1,"win_rate":0.0,"timestamp":1611888484,"path_taken":["M","$","?","M","?","R","E"],"items_purchased_type":["Card"],"build_version":"2020-12-22","purchased_purges":0,"victory":false,"max_hp_per_floor":[68,68,73,73,73,73,73,73],"relic_stats":{"counters":[3,14],"obtain_stats":[{"Calipers":0,"Cracked Core":0},{"Calipers":0,"Cracked Core":0},{"Calipers":0,"Cracked Core":0}]},"card_choices":[{"not_picked":["Redo","Streamline"],"picked":"Conserve Battery","floor":1},{"not_picked":["Go for the Eyes","Steam Power"],"picked":"Coolheaded","floor":4}],"player_experience":205274,"relics_obtained":[],"event_choices":[{"damage_healed":0,"gold_gain":0,"player_choice":"Donut","damage_taken":0,"max_hp_gain":5,"max_hp_loss":0,"event_name":"Big Fish","floor":3,"gold_loss":0},{"damage_healed":0,"gold_gain":0,"cards_transformed":["Strike_B"],"player_choice":"Transformed","damage_taken":0,"max_hp_gain":0,"max_hp_loss":0,"event_name":"Transmorgrifier","floor":5,"gold_loss":0,"cards_obtained":["Auto Shields"]}],"is_beta":false,"boss_relics":[],"items_purged_floors":[],"is_endless":false,"potions_floor_spawned":[],"killed_by":"3 Sentries","ascension_level":3}}