{"host":"qekv59dthhdg54sz","time":1611899234,"event":{"mods":["AchievementEnabler","BaseMod","Colored Map","DeckTracker","KOR Keyword Fix","Minty Spire (QoL Compilation)","Rare Cards Sparkle","StSLib","SuperFastMode"],"gold_per_floor":[113,113,113,113,125,175,187,222,234,277,214,214,214,239,239,239,239],"floor_reached":16,"language":"KOR","playtime":170,"items_purged":["Strike_R"],"score":242,"play_id":"9a090a11-4507-4c46-95a4-0b755ce796ae","local_time":"20210129144714","is_ascension_mode":true,"campfire_choices":[{"floor":7.0,"key":"REST"},{"data":"Fire Breathing","floor":12,"key":"SMITH"},{"data":"Blood for Blood","floor":15,"key":"SMITH"}],"circlet_count":0,"master_deck":["AscendersBane","Strike_R","Strike_R","Strike_R","Strike_R","Defend_R","Defend_R","Defend_R","Defend_R","Bash","Fire Breathing+1","Blood for Blood+1","Evolve","Second Wind"],"relics":["Burning Blood","NeowsBlessing","Golden Idol","MawBank","Pantograph","Letter Opener","Darkstone Periapt"],"acts_visited":["Exordium"],"potions_floor_usage":[16],"damage_taken":[{"damage":0.0,"enemies":"Jaw Worm","floor":1.0,"turns":1.0},{"damage":0.0,"enemies":"Gremlin Nob","floor":6.0,"turns":1.0},{"damage":0.0,"enemies":"2 Louse","floor":8.0,"turns":1.0},{"damage":20.0,"enemies":"3 Sentries","floor":10.0,"turns":5.0},{"damage":13,"enemies":"Small Slimes","floor":14,"turns":3},{"damage":48,"enemies":"Hexaghost","floor":16,"turns":9}],"seed_played":"-1760082360758004670","potions_obtained":[{"floor":8.0,"key":"Ancient Potion"},{"floor":14,"key":"SpeedPotion"}],"is_trial":false,"path_per_floor":["M","?","?","?","$","E","R","M","T","E","$","R","T","M","R","B"],"character_chosen":"IRONCLAD","items_purchased":[],"campfire_rested":1,"item_purchase_floors":[],"current_hp_per_floor":[74,48,48,13,13,19,41,47,47,33,33,33,33,26,26,3,3],"gold":239,"neow_bonus":"THREE_ENEMY_KILL","is_daily":false,"chose_seed":false,"campfire_upgraded":2,"win_rate":0.0,"timestamp":1611899234,"path_taken":["M","?","?","?","$","E","R","M","T","E","$","R","?","M","R","BOSS"],"items_purchased_type":[],"build_version":"2020-12-22","purchased_purges":1,"victory":false,"max_hp_per_floor":[75,75,75,75,75,75,75,75,75,75,75,75,75,75,75,75,75],"card_choices":[{"not_picked":["Armaments","Body Slam"],"picked":"Fire Breathing","floor":1.0},{"not_picked":["Flex","Brutality"],"picked":"Blood for Blood","floor":6.0},{"not_picked":["Wild Strike","Sword Boomerang","Searing Blow"],"picked":"SKIP","floor":8.0},{"not_picked":["Cleave","Heavy Blade"],"picked":"Evolve","floor":10},{"not_picked":["Combust","Sword Boomerang"],"picked":"Second Wind","floor":14}],"player_experience":869256,"relics_obtained":[{"floor":6.0,"key":"Pantograph"},{"floor":9.0,"key":"Letter Opener"},{"floor":13,"key":"Darkstone Periapt"}],"event_choices":[{"damage_healed":0.0,"max_hp_gain":0.0,"max_hp_loss":0.0,"gold_gain":0.0,"event_name":"Golden Idol","player_choice":"Take Damage","floor":2.0,"gold_loss":0.0,"damage_taken":26.0,"relics_obtained":["Golden Idol"]},{"damage_healed":0.0,"max_hp_gain":0.0,"max_hp_loss":0.0,"gold_gain":0.0,"event_name":"Liars Game","player_choice":"Ignored","floor":3.0,"gold_loss":0.0,"damage_taken":0.0},{"damage_healed":0.0,"max_hp_gain":0.0,"max_hp_loss":0.0,"gold_gain":0.0,"event_name":"Scrap Ooze","player_choice":"Success","floor":4.0,"gold_loss":0.0,"damage_taken":35.0,"relics_obtained":["MawBank"]}],"is_beta":false,"boss_relics":[],"items_purged_floors":[11],"is_endless":false,"potions_floor_spawned":[8,14],"killed_by":"Hexaghost","ascension_level":17}}