{"host":"n605f8gctjc87d7h","time":1611962588,"event":{"mods":["Aspiration","Bard","BaseMod","Better Match","Better Note","Better Skull","Better Third Choice","Conspire","Downfall","Halation","Hermit","Infinite Spire","Minty Spire (QoL Compilation)","Replay The Spire","Retaliation","Shade Mod","Spicy Shops","StSLib","The IronCluck","The Jungle"],"gold_per_floor":[99,112,112,112,112,112,123,141,141,141,141,153,59,59,59,88,102,102,102,102],"floor_reached":18,"language":"ENG","playtime":1040,"items_purged":[],"score":110,"play_id":"c3d34d9e-e370-47ad-ad45-9b380c01c494","local_time":"20210129152308","is_ascension_mode":false,"campfire_choices":[{"data":"bronze:Branch","floor":10,"key":"SMITH"},{"floor":15,"key":"REST"}],"circlet_count":0,"master_deck":["bronze:Strike","bronze:Strike","bronze:Strike","bronze:Strike","bronze:Defend","bronze:Defend","bronze:Defend","bronze:Replicate","bronze:Goto+1","bronze:ShipIt","bronze:ForLoop","bronze:Fortify","Injury","bronze:Branch+1","bronze:Boost+1","bronze:ClassDefault+1","bronze:Frontload"],"relics":["bronze:BronzeCore","halation:YellowSoulGem","Frozen Egg 2","Darkstone Periapt","Blue Doll","War Paint","Lizard Tail","Orichalcum"],"acts_visited":["Exordium"],"potions_floor_usage":[7,12,18],"damage_taken":[{"damage":9,"enemies":"2 Louse","floor":2,"turns":3},{"damage":0,"enemies":"Jaw Worm","floor":7,"turns":3},{"damage":1,"enemies":"Cultist","floor":8,"turns":4},{"damage":4,"enemies":"Gremlin Gang","floor":12,"turns":4},{"damage":0,"enemies":"downfall:FleeingMerchant","floor":13,"turns":4},{"damage":11,"enemies":"3 Sentries","floor":16,"turns":7},{"damage":0,"enemies":"Large Slime","floor":17,"turns":6},{"damage":88,"enemies":"SI_SHIV_ARCHETYPE","floor":18,"turns":13}],"seed_played":"3826461130292040289","potions_obtained":[{"floor":2,"key":"Block Potion"},{"floor":8,"key":"bronze:BuildAFunctionPotion"},{"floor":12,"key":"PowerPotion"}],"is_trial":false,"path_per_floor":["R","M","?","PTL","PTL","?","M","M","T","R","?","M","$","?","R","E","M","B"],"character_chosen":"THE_AUTOMATON","items_purchased":["bronze:ClassDefault+1"],"campfire_rested":1,"item_purchase_floors":[13],"current_hp_per_floor":[70,61,61,61,61,61,61,60,60,60,44,40,40,40,61,50,50,0,0,0],"gold":102,"neow_bonus":"ONE_RANDOM_RARE_CARD","is_daily":false,"chose_seed":false,"campfire_upgraded":1,"win_rate":0.0,"timestamp":1611962588,"path_taken":["R","M","?","PTL","PTL","?","M","M","T","R","?","M","$","?","R","E","M","BOSS"],"items_purchased_type":["Card"],"build_version":"2020-12-22","purchased_purges":0,"victory":false,"max_hp_per_floor":[70,70,70,70,70,70,70,70,70,70,70,70,70,70,70,70,70,70,70,70],"card_choices":[{"not_picked":["bronze:ChildClass","bronze:Invalidate"],"picked":"bronze:Fortify","floor":2},{"not_picked":["bronze:Constructor","bronze:BronzeOrb"],"picked":"bronze:Branch","floor":7},{"not_picked":["bronze:OilSpill","bronze:WhirlingStrike"],"picked":"bronze:Boost","floor":8},{"not_picked":["bronze:OilSpill","bronze:FineTuning","bronze:BugBarrage"],"picked":"SKIP","floor":12},{"not_picked":["bronze:FineTuning","bronze:WildBeam","bronze:Turbo"],"picked":"SKIP","floor":13},{"not_picked":["bronze:Backtrace","bronze:DelayedGuard"],"picked":"bronze:Frontload","floor":16},{"not_picked":["bronze:DelayedSlice","bronze:WildBeam","bronze:Repair"],"picked":"SKIP","floor":17}],"player_experience":790572,"relics_obtained":[{"floor":9,"key":"Darkstone Periapt"},{"floor":16,"key":"Orichalcum"}],"event_choices":[{"damage_healed":0,"gold_gain":1,"player_choice":"Relic Relic ","damage_taken":16,"max_hp_gain":0,"max_hp_loss":0,"event_name":"betterThird:BetterScrap","floor":11,"gold_loss":0,"cards_obtained":["Entrench"]}],"is_beta":false,"boss_relics":[],"items_purged_floors":[],"is_endless":false,"potions_floor_spawned":[2,8,12],"killed_by":"SI_SHIV_ARCHETYPE","ascension_level":0}}