{"host":"6p0attdrtjqaih7v","time":1611952636,"event":{"mods":["2.2 Compatiblity","AchievementEnabler","Bard","BaseMod","Better Skull","Better Third Choice","Colored Powertips","Hermit","Highlight Path","Key Reminder","Minty Spire (QoL Compilation)","Permanent Neow","Quick Restart","Random Character Button","Relic Stats","Replay The Spire","Robot Space Explorer","StSLib","The Hayseed","The Mystic"],"gold_per_floor":[117,117,136,152,2,2,29,29,98,125,141,172,192,0,0,101,101,119,132,147,166,176,176,191,222,222,234,234,253,267,267,267,371,371,388,404,421,296,296,296,327,327,327,345,376,388,403,432,432,432],"floor_reached":51,"language":"ENG","playtime":3346,"items_purged":["mysticmod:Strike_Mystic","mysticmod:Strike_Mystic"],"score":981,"play_id":"dc1441b9-5ffc-4a32-9da8-a40fbd8191c9","local_time":"20210129153716","is_ascension_mode":true,"campfire_choices":[{"data":"mysticmod:ShockingGrasp","floor":6,"key":"SMITH"},{"data":"mysticmod:ChargedParry","floor":8,"key":"SMITH"},{"data":"mysticmod:RapidCaster","floor":15,"key":"SMITH"},{"data":"mysticmod:SuddenClarity","floor":23,"key":"SMITH"},{"data":"mysticmod:ComboCaster","floor":28,"key":"SMITH"},{"floor":32,"key":"REST"},{"data":"mysticmod:Shield","floor":40,"key":"SMITH"},{"data":"mysticmod:ClosingBarrage","floor":42,"key":"SMITH"},{"data":"mysticmod:Momentum","floor":49,"key":"SMITH"}],"circlet_count":0,"master_deck":["mysticmod:Strike_Mystic","mysticmod:Strike_Mystic","mysticmod:Defend_Mystic","mysticmod:Defend_Mystic","mysticmod:Defend_Mystic","mysticmod:Defend_Mystic","mysticmod:ArcaneDodge","mysticmod:ShockingGrasp+1","mysticmod:ComboCaster+1","mysticmod:DiviningBlow","mysticmod:ChargedParry+1","mysticmod:Flourish","mysticmod:RapidCaster+1","mysticmod:EnchantedMoulinet","mysticmod:SuddenClarity+1","mysticmod:TomeOfSpells+1","mysticmod:DiviningBlow","mysticmod:TomeOfSpells+1","mysticmod:TomeOfSpells+1","mysticmod:ClosingBarrage+1","mysticmod:Snowball+1","mysticmod:Shield+1","mysticmod:Fly+1","mysticmod:Daze+1","mysticmod:Fly","mysticmod:Snowball","mysticmod:Momentum+1"],"relics":["mysticmod:SpellBook","TungstenRod","Nunchaku","Letter Opener","Garlic","Blue Doll","Kunai","Membership Card","Sozu","Strawberry","Matryoshka","Coffee Dripper","Toy Ornithopter","White Beast Statue","Pet Ghost","Replay:PocketPolymizer","Boot"],"acts_visited":["Exordium","TheCity","TheBeyond"],"potions_floor_usage":[11,50,50,50],"damage_taken":[{"damage":0,"enemies":"Small Slimes","floor":1,"turns":3},{"damage":0,"enemies":"Cultist","floor":3,"turns":3},{"damage":0,"enemies":"Jaw Worm","floor":4,"turns":4},{"damage":16,"enemies":"Lagavulin","floor":7,"turns":7},{"damage":0,"enemies":"Replay:BlueRogue","floor":10,"turns":4},{"damage":11,"enemies":"Gremlin Gang","floor":11,"turns":4},{"damage":0,"enemies":"Lagavulin","floor":12,"turns":5},{"damage":2,"enemies":"Looter","floor":13,"turns":3},{"damage":5,"enemies":"Slime Boss","floor":16,"turns":5},{"damage":2,"enemies":"Shell Parasite","floor":18,"turns":4},{"damage":8,"enemies":"Spheric Guardian","floor":19,"turns":4},{"damage":9,"enemies":"Shelled Parasite and Fungi","floor":20,"turns":5},{"damage":0,"enemies":"Snecko","floor":21,"turns":4},{"damage":0,"enemies":"Snake Plant","floor":22,"turns":3},{"damage":6,"enemies":"Shelled Parasite and Fungi","floor":24,"turns":3},{"damage":4,"enemies":"Book of Stabbing","floor":25,"turns":6},{"damage":0,"enemies":"Sentry and Sphere","floor":27,"turns":5},{"damage":0,"enemies":"Cultist and Chosen","floor":29,"turns":4},{"damage":2,"enemies":"Snake Plant","floor":30,"turns":3},{"damage":0,"enemies":"Collector","floor":33,"turns":6},{"damage":6,"enemies":"Orb Walker","floor":35,"turns":3},{"damage":0,"enemies":"3 Shapes","floor":36,"turns":3},{"damage":0,"enemies":"Maw","floor":37,"turns":6},{"damage":9,"enemies":"R_Hoarder","floor":41,"turns":5},{"damage":1,"enemies":"Jaw Worm Horde","floor":44,"turns":4},{"damage":0,"enemies":"Giant Head","floor":45,"turns":4},{"damage":0,"enemies":"4 Shapes","floor":46,"turns":4},{"damage":0,"enemies":"Maw","floor":47,"turns":5},{"damage":0,"enemies":"R_Hoarder","floor":48,"turns":5},{"damage":34,"enemies":"Time Eater","floor":50,"turns":12}],"seed_played":"4518238803273118106","potions_obtained":[{"floor":3,"key":"Dexterity Potion"},{"floor":4,"key":"Regen Potion"},{"floor":10,"key":"Fire Potion"},{"floor":16,"key":"mysticmod:EssenceOfMagic"}],"is_trial":false,"path_per_floor":["M","?","M","M","$","R","E","R","T","E","M","E","M","$","R","B",null,"M","M","M","M","M","R","M","E","T","M","R","M","M","?","R","B",null,"M","M","M","$","?","R","E","R","T","M","E","M","M","E","R","B",null],"character_chosen":"MYSTIC_CLASS","items_purchased":["Nunchaku","Membership Card","Toy Ornithopter"],"campfire_rested":1,"item_purchase_floors":[5,14,38],"current_hp_per_floor":[70,64,64,64,64,64,48,48,48,48,37,37,35,35,35,30,70,68,60,51,51,51,51,45,48,48,48,48,48,46,46,69,69,77,71,71,71,71,71,71,62,62,62,61,61,61,61,61,61,57],"gold":432,"neow_bonus":"ONE_RARE_RELIC","is_daily":false,"chose_seed":false,"campfire_upgraded":8,"win_rate":0.0,"timestamp":1611952636,"path_taken":["M","?","M","M","?","R","E","R","T","E","M","E","M","$","R","BOSS","M","M","M","M","M","R","M","E","T","M","R","M","M","?","R","BOSS","M","?","M","$","?","R","E","R","T","M","E","M","M","E","R","BOSS"],"items_purchased_type":["Relic","Relic","Relic"],"build_version":"2020-12-22","purchased_purges":2,"victory":true,"max_hp_per_floor":[70,70,70,70,70,70,70,70,70,70,70,70,70,70,70,70,70,70,70,70,70,70,70,70,77,77,77,77,77,77,77,77,77,77,77,77,77,77,73,73,73,73,73,73,73,73,73,73,73,73],"relic_stats":{"Sozu":15,"Nunchaku":[44],"counters":[30,136],"Letter Opener":[439],"Kunai":[102],"Boot":[83],"obtain_stats":[{"Replay:PocketPolymizer":43,"mysticmod:SpellBook":0,"Blue Doll":10,"Letter Opener":7,"Boot":45,"White Beast Statue":41,"Pet Ghost":43,"Sozu":17,"Nunchaku":5,"Matryoshka":26,"Strawberry":25,"Garlic":9,"Coffee Dripper":34,"Kunai":12,"Membership Card":14,"TungstenRod":0,"Toy Ornithopter":38},{"Replay:PocketPolymizer":24,"mysticmod:SpellBook":0,"Blue Doll":5,"Letter Opener":4,"Boot":26,"White Beast Statue":24,"Pet Ghost":24,"Sozu":9,"Nunchaku":3,"Matryoshka":16,"Strawberry":16,"Garlic":4,"Coffee Dripper":20,"Kunai":7,"Membership Card":8,"TungstenRod":0,"Toy Ornithopter":23},{"Replay:PocketPolymizer":102,"mysticmod:SpellBook":0,"Blue Doll":21,"Letter Opener":17,"Boot":110,"White Beast Statue":102,"Pet Ghost":102,"Sozu":38,"Nunchaku":10,"Matryoshka":67,"Strawberry":67,"Garlic":17,"Coffee Dripper":85,"Kunai":30,"Membership Card":33,"TungstenRod":0,"Toy Ornithopter":97}],"TungstenRod":28,"Toy Ornithopter":15},"card_choices":[{"not_picked":["mysticmod:TomeOfSpells","mysticmod:Probe"],"picked":"mysticmod:ComboCaster","floor":1},{"not_picked":["mysticmod:Flourish","mysticmod:Probe"],"picked":"mysticmod:DiviningBlow","floor":3},{"not_picked":["mysticmod:PowerSlash","mysticmod:Discipline"],"picked":"mysticmod:ChargedParry","floor":4},{"not_picked":["mysticmod:PureInstinct","mysticmod:Shield"],"picked":"mysticmod:Flourish","floor":7},{"not_picked":["mysticmod:Doublecast","mysticmod:Sideswipe"],"picked":"mysticmod:RapidCaster","floor":10},{"not_picked":["mysticmod:EnergizedRift","mysticmod:Probe","mysticmod:EbbAndFlow"],"picked":"SKIP","floor":11},{"not_picked":["mysticmod:Grease","mysticmod:PowerSlash","mysticmod:CorrosiveTouch"],"picked":"SKIP","floor":12},{"not_picked":["mysticmod:Alacrity","mysticmod:ComponentsPouch","mysticmod:PreparedCaster"],"picked":"SKIP","floor":13},{"not_picked":["mysticmod:GreaterInvisibility","mysticmod:KnowledgePool"],"picked":"mysticmod:EnchantedMoulinet","floor":16},{"not_picked":["mysticmod:BulkUp","mysticmod:HunkerDown","mysticmod:Daze"],"picked":"SKIP","floor":18},{"not_picked":["mysticmod:VorpalThrust","mysticmod:DiviningBlow"],"picked":"mysticmod:SuddenClarity","floor":19},{"not_picked":["mysticmod:CorrosiveTouch+1","mysticmod:BulkUp+1"],"picked":"mysticmod:TomeOfSpells+1","floor":20},{"not_picked":["mysticmod:HeavyStrike+1","mysticmod:Disengage","mysticmod:Probe"],"picked":"SKIP","floor":21},{"not_picked":["mysticmod:Daze","mysticmod:Snowball","mysticmod:LightningBolt"],"picked":"SKIP","floor":22},{"not_picked":["mysticmod:PunishingArmor","mysticmod:MightyMagic","mysticmod:AllIn+1"],"picked":"SKIP","floor":24},{"not_picked":["mysticmod:Disengage+1","mysticmod:GreaterInvisibility","mysticmod:Daze"],"picked":"SKIP","floor":25},{"not_picked":["mysticmod:PowerSlash","mysticmod:ComponentsPouch"],"picked":"mysticmod:DiviningBlow","floor":27},{"not_picked":["mysticmod:CureLightWounds+1","mysticmod:Dedication"],"picked":"mysticmod:TomeOfSpells+1","floor":29},{"not_picked":["mysticmod:Snowball","mysticmod:Probe"],"picked":"mysticmod:TomeOfSpells+1","floor":30},{"not_picked":["mysticmod:GeminiForm","mysticmod:ObscuringMist"],"picked":"mysticmod:ClosingBarrage","floor":33},{"not_picked":["mysticmod:ComponentsPouch+1","mysticmod:Riposte+1","mysticmod:PunishingArmor"],"picked":"SKIP","floor":35},{"not_picked":["mysticmod:Sideswipe","mysticmod:Feint"],"picked":"mysticmod:Snowball+1","floor":36},{"not_picked":["mysticmod:AllIn","mysticmod:Grapple+1"],"picked":"mysticmod:Shield","floor":37},{"not_picked":["mysticmod:Shield+1","mysticmod:ComboCaster+1"],"picked":"mysticmod:Fly+1","floor":41},{"not_picked":["mysticmod:CorrosiveTouch+1","mysticmod:Riposte","mysticmod:Daze"],"picked":"SKIP","floor":44},{"not_picked":["mysticmod:CorrosiveTouch+1","mysticmod:Riposte","mysticmod:Daze"],"picked":"SKIP","floor":44},{"not_picked":["mysticmod:Probe+1","mysticmod:RapidCaster+1"],"picked":"mysticmod:Daze+1","floor":45},{"not_picked":["mysticmod:HeavyStrike+1","mysticmod:MagicWeapon+1"],"picked":"mysticmod:Fly","floor":46},{"not_picked":["mysticmod:HeavyStrike+1","mysticmod:EnergizedRift+1"],"picked":"mysticmod:Snowball","floor":47},{"not_picked":["mysticmod:Spellstrike","mysticmod:Probe"],"picked":"mysticmod:Momentum","floor":48}],"player_experience":924552,"relics_obtained":[{"floor":7,"key":"Letter Opener"},{"floor":9,"key":"Garlic"},{"floor":10,"key":"Blue Doll"},{"floor":12,"key":"Kunai"},{"floor":25,"key":"Strawberry"},{"floor":26,"key":"Matryoshka"},{"floor":41,"key":"White Beast Statue"},{"floor":43,"key":"Pet Ghost"},{"floor":43,"key":"Replay:PocketPolymizer"},{"floor":45,"key":"Boot"}],"event_choices":[{"damage_healed":0,"gold_gain":0,"player_choice":"Damaged","damage_taken":7,"max_hp_gain":0,"max_hp_loss":0,"event_name":"Wheel of Change","floor":2,"gold_loss":0},{"damage_healed":0,"gold_gain":0,"player_choice":"Got Potions","damage_taken":0,"max_hp_gain":0,"max_hp_loss":0,"event_name":"Lab","floor":31,"gold_loss":0},{"damage_healed":0,"gold_gain":0,"player_choice":"Max HP","damage_taken":0,"max_hp_gain":0,"max_hp_loss":4,"event_name":"Winding Halls","floor":39,"gold_loss":0}],"is_beta":false,"boss_relics":[{"not_picked":["mysticmod:CrystalBall","SlaversCollar"],"picked":"Sozu"},{"not_picked":["Philosopher\u0027s Stone","mysticmod:DeckOfManyThings"],"picked":"Coffee Dripper"}],"items_purged_floors":[14,38],"is_endless":false,"potions_floor_spawned":[3,4,10,16,19,22,24,25,29,35,41,44,45,46,47,48],"ascension_level":1}}