{"host":"1i9jpj392h4nt9ho","time":1611928349,"event":{"mods":["AchievementEnabler","BaseMod","Colored Map","Minty Spire (QoL Compilation)"],"gold_per_floor":[111,111,111,36,50,50,79,90,116,134,149,179,199,374,374,475,475,489,168,186,205,222,255,271,284,284,284,14,40,40,40],"floor_reached":30,"language":"ENG","playtime":1514,"items_purged":["Regret","Doubt","Strike_P"],"score":314,"play_id":"96d47345-435c-472f-9f39-a45ca13477a3","local_time":"20210130005229","is_ascension_mode":false,"campfire_choices":[{"data":"MentalFortress","floor":6.0,"key":"SMITH"},{"floor":15,"key":"REST"},{"floor":27,"key":"REST"}],"circlet_count":0,"master_deck":["Strike_P","Strike_P","Strike_P","Defend_P","Defend_P","Defend_P+1","Defend_P+1","Eruption","Vigilance","Crescendo","CarveReality","MentalFortress+1","SandsOfTime","FearNoEvil","Crescendo","Conclude","Indignation","Devotion","Judgement","Swivel","DevaForm","PathToVictory","EmptyBody","FlyingSleeves+1","Wallop+1","BowlingBash","CarveReality"],"relics":["HolyWater","Vajra","Ginger","Strawberry","TeardropLocket","War Paint","Dead Branch","MealTicket","PreservedInsect","Red Mask"],"acts_visited":["Exordium","TheCity"],"potions_floor_usage":[12,21,23,23,24,29],"damage_taken":[{"damage":0.0,"enemies":"Small Slimes","floor":1.0,"turns":2.0},{"damage":0.0,"enemies":"Cultist","floor":5.0,"turns":2.0},{"damage":7.0,"enemies":"Lagavulin","floor":7.0,"turns":6.0},{"damage":0.0,"enemies":"2 Louse","floor":8.0,"turns":3.0},{"damage":19.0,"enemies":"Exordium Wildlife","floor":10.0,"turns":4.0},{"damage":0,"enemies":"Large Slime","floor":11,"turns":2},{"damage":36,"enemies":"Gremlin Nob","floor":12,"turns":3},{"damage":0,"enemies":"2 Fungi Beasts","floor":13,"turns":2},{"damage":0,"enemies":"Slime Boss","floor":16,"turns":5},{"damage":5,"enemies":"Chosen","floor":18,"turns":3},{"damage":4,"enemies":"Shell Parasite","floor":20,"turns":4},{"damage":11,"enemies":"Sentry and Sphere","floor":21,"turns":4},{"damage":5,"enemies":"Snake Plant","floor":22,"turns":2},{"damage":38,"enemies":"Slavers","floor":23,"turns":4},{"damage":6,"enemies":"Cultist and Chosen","floor":24,"turns":4},{"damage":3,"enemies":"Snecko","floor":25,"turns":5},{"damage":20,"enemies":"Masked Bandits","floor":29,"turns":3},{"damage":46,"enemies":"Book of Stabbing","floor":30,"turns":5}],"seed_played":"-3382380943690150121","potions_obtained":[{"floor":1.0,"key":"Regen Potion"},{"floor":5.0,"key":"PowerPotion"},{"floor":10,"key":"SkillPotion"},{"floor":13,"key":"Ancient Potion"},{"floor":16,"key":"BottledMiracle"},{"floor":18,"key":"Swift Potion"},{"floor":22,"key":"Explosive Potion"},{"floor":23,"key":"Regen Potion"},{"floor":29,"key":"SpeedPotion"}],"is_trial":false,"path_per_floor":["M","?","?","$","M","R","E","M","T","M","M","E","M","?","R","B",null,"M","$","M","M","M","E","M","M","T","R","$","?","E"],"character_chosen":"WATCHER","items_purchased":["DevaForm","War Paint","PreservedInsect"],"campfire_rested":2,"item_purchase_floors":[19,19,28],"current_hp_per_floor":[72,72,72,72,72,72,65,65,72,53,53,17,17,17,40,40,79,74,74,70,59,54,28,31,28,28,51,66,46,0,0],"gold":40,"neow_bonus":"THREE_CARDS","is_daily":false,"chose_seed":false,"campfire_upgraded":1,"win_rate":0.0,"timestamp":1611928349,"path_taken":["M","?","?","$","M","R","E","?","T","?","M","E","M","?","R","BOSS","M","$","M","M","M","E","M","M","T","R","$","?","E"],"items_purchased_type":["Card","Relic","Relic"],"build_version":"2020-12-22","purchased_purges":3,"victory":false,"max_hp_per_floor":[72,72,72,72,72,72,72,72,79,79,79,79,79,79,79,79,79,79,79,79,79,79,79,79,79,79,79,79,79,79,79],"card_choices":[{"not_picked":["EmptyBody","ReachHeaven"],"picked":"Crescendo","floor":0.0},{"not_picked":["WindmillStrike","EmptyFist"],"picked":"CarveReality","floor":1.0},{"not_picked":["EmptyMind","Consecrate"],"picked":"MentalFortress","floor":5.0},{"not_picked":["Study","WreathOfFlame"],"picked":"SandsOfTime","floor":7.0},{"not_picked":["CrushJoints","Crescendo"],"picked":"FearNoEvil","floor":8.0},{"not_picked":["SashWhip","Halt"],"picked":"Crescendo","floor":10},{"not_picked":["Evaluate","Sanctity"],"picked":"Conclude","floor":11},{"not_picked":["JustLucky","FollowUp"],"picked":"Indignation","floor":12},{"not_picked":["ReachHeaven","Crescendo"],"picked":"Devotion","floor":13},{"not_picked":["Ragnarok","ConjureBlade"],"picked":"Judgement","floor":16},{"not_picked":["Meditate","Consecrate"],"picked":"Swivel","floor":18},{"not_picked":["BowlingBash","Study"],"picked":"PathToVictory","floor":20},{"not_picked":["Weave+1","Sanctity"],"picked":"EmptyBody","floor":21},{"not_picked":["FearNoEvil","ForeignInfluence"],"picked":"FlyingSleeves+1","floor":22},{"not_picked":["Blasphemy","FearNoEvil"],"picked":"Wallop+1","floor":23},{"not_picked":["Weave","TalkToTheHand"],"picked":"BowlingBash","floor":24},{"not_picked":["BowlingBash+1","Crescendo"],"picked":"CarveReality","floor":25}],"player_experience":566842,"relics_obtained":[{"floor":7.0,"key":"Ginger"},{"floor":9.0,"key":"Strawberry"},{"floor":12,"key":"TeardropLocket"},{"floor":23,"key":"Dead Branch"},{"floor":26,"key":"MealTicket"},{"floor":29,"key":"Red Mask"}],"event_choices":[{"damage_healed":0.0,"max_hp_gain":0.0,"max_hp_loss":0.0,"gold_gain":0.0,"event_name":"Big Fish","player_choice":"Box","floor":2.0,"gold_loss":0.0,"damage_taken":0.0,"relics_obtained":["Vajra"],"cards_obtained":["Regret"]},{"damage_healed":0.0,"max_hp_gain":0.0,"max_hp_loss":0.0,"gold_gain":0.0,"event_name":"The Woman in Blue","player_choice":"Bought 0 Potions","floor":3.0,"gold_loss":0.0,"damage_taken":0.0},{"damage_healed":0,"gold_gain":175,"player_choice":"AGREE","damage_taken":0,"max_hp_gain":0,"max_hp_loss":0,"event_name":"Liars Game","floor":14,"gold_loss":0,"cards_obtained":["Doubt"]},{"damage_healed":0,"gold_gain":0,"player_choice":"Fought Bandits","damage_taken":0,"max_hp_gain":0,"max_hp_loss":0,"event_name":"Masked Bandits","floor":29,"gold_loss":0}],"is_beta":false,"boss_relics":[{"not_picked":["Calling Bell","Coffee Dripper"],"picked":"HolyWater"}],"items_purged_floors":[4,19,28],"is_endless":false,"potions_floor_spawned":[1,5,10,13,16,18,22,23,29],"killed_by":"Book of Stabbing","ascension_level":0}}