{"host":"1pwde2j81wdvsae3","time":1611908537,"event":{"mods":["BaseMod","Minty Spire (QoL Compilation)","Replay The Spire","Shop Mod","StSLib"],"gold_per_floor":[119,119,119,130,149,174,184,184,184,184,35,65,65,65,65,65,65],"floor_reached":16,"language":"ZHS","playtime":347,"items_purged":[],"score":189,"play_id":"ddcba10f-c82e-4128-b28c-ded19c2ab8da","local_time":"20210129162217","is_ascension_mode":true,"campfire_choices":[{"data":"Corruption","floor":10.0,"key":"SMITH"},{"floor":13,"key":"REST"},{"data":"Dark Embrace","floor":15,"key":"SMITH"}],"circlet_count":0,"master_deck":["AscendersBane","Strike_R","Strike_R","Strike_R","Strike_R","Defend_R","Defend_R","Defend_R","Defend_R","Bash","Clothesline","Thunderclap","Spot Weakness","Corruption+1","Dark Embrace+1","Disarm","Feel No Pain","Ghostly Armor"],"relics":["Burning Blood","NeowsBlessing","Bottled Flame","Pantograph","Replay:Bottled Snecko","MealTicket","SsserpentHead"],"acts_visited":["Exordium"],"potions_floor_usage":[16],"damage_taken":[{"damage":0.0,"enemies":"Small Slimes","floor":1.0,"turns":1.0},{"damage":0.0,"enemies":"Cultist","floor":4.0,"turns":1.0},{"damage":0.0,"enemies":"Jaw Worm","floor":5.0,"turns":1.0},{"damage":31.0,"enemies":"Gremlin Nob","floor":6.0,"turns":4.0},{"damage":16.0,"enemies":"2 Fungi Beasts","floor":7.0,"turns":5.0},{"damage":38,"enemies":"3 Sentries","floor":12,"turns":7},{"damage":65,"enemies":"Fading Forest","floor":16,"turns":7}],"seed_played":"8100003493501105551","potions_obtained":[{"floor":6.0,"key":"FearPotion"},{"floor":7.0,"key":"DuplicationPotion"}],"is_trial":false,"path_per_floor":["M","?","?","M","M","E","M","T","T","R","$","E","R","?","R","B"],"character_chosen":"IRONCLAD","items_purchased":["Disarm","Feel No Pain"],"campfire_rested":1,"item_purchase_floors":[11,11],"current_hp_per_floor":[74,74,74,75,75,50,40,40,40,40,40,8,30,30,30,0,0],"gold":65,"neow_bonus":"THREE_ENEMY_KILL","is_daily":false,"chose_seed":false,"campfire_upgraded":2,"win_rate":0.0,"timestamp":1611908537,"path_taken":["M","?","?","M","?","E","M","?","T","R","$","E","R","?","R","BOSS"],"items_purchased_type":["Card","Card"],"build_version":"2020-12-22","purchased_purges":0,"victory":false,"max_hp_per_floor":[75,75,75,75,75,75,75,75,75,75,75,75,75,75,75,75,75],"card_choices":[{"not_picked":["ReplayTheSpireMod:Strike From Hell","Intimidate"],"picked":"Clothesline","floor":1.0},{"not_picked":["Life Link","Sword Boomerang"],"picked":"Thunderclap","floor":4.0},{"not_picked":["Body Slam","Shockwave"],"picked":"Spot Weakness","floor":5.0},{"not_picked":["Clothesline","Warcry"],"picked":"Corruption","floor":6.0},{"not_picked":["True Grit","Twin Strike"],"picked":"Dark Embrace","floor":7.0},{"not_picked":["Battle Trance","Warcry"],"picked":"Ghostly Armor","floor":12}],"player_experience":248705,"relics_obtained":[{"floor":6.0,"key":"Bottled Flame"},{"floor":8.0,"key":"Pantograph"},{"floor":9.0,"key":"Replay:Bottled Snecko"},{"floor":12,"key":"MealTicket"}],"event_choices":[{"damage_healed":0.0,"max_hp_gain":0.0,"max_hp_loss":0.0,"gold_gain":0.0,"event_name":"The Cleric","player_choice":"Leave","floor":2.0,"gold_loss":0.0,"damage_taken":0.0},{"cards_removed":["Strike_R"],"damage_healed":0.0,"max_hp_gain":0.0,"max_hp_loss":0.0,"gold_gain":0.0,"event_name":"Purifier","player_choice":"Purged","floor":3.0,"gold_loss":0.0,"damage_taken":0.0},{"damage_healed":0,"gold_gain":0,"player_choice":"Trade","damage_taken":0,"relics_obtained":["SsserpentHead"],"max_hp_gain":0,"max_hp_loss":0,"event_name":"FaceTrader","floor":14,"gold_loss":0}],"is_beta":false,"boss_relics":[],"items_purged_floors":[],"is_endless":false,"potions_floor_spawned":[6,7],"killed_by":"Fading Forest","ascension_level":15}}