{"host":"5jyeqch4fosnsiz2","time":1611948549,"event":{"mods":["BaseMod","Bestiary","Colored Map","Colored Powertips","Filter the Spire","Minty Spire (QoL Compilation)","Relic Stats","StSLib","Waifu the Spire","ojb\u0027s Better Paths Mod","ojb\u0027s Info Mod"],"gold_per_floor":[112,112,131,151,165,192,192,227,227,227,260,260,339,359,359,489,489,512,512,533,533,448,466,466,4,4,4,28,28,51,92,92,92,92],"floor_reached":33,"language":"ENG","playtime":1283,"items_purged":["Strike_R"],"score":285,"play_id":"934f929b-d1e4-4b07-8b3a-60a9c57eeda6","local_time":"20210129142909","is_ascension_mode":false,"campfire_choices":[{"floor":7,"key":"REST"},{"data":"Twin Strike","floor":15,"key":"SMITH"},{"data":"Barricade","floor":24,"key":"SMITH"},{"data":"RitualDagger","floor":27,"key":"SMITH"},{"data":"Body Slam","floor":32,"key":"SMITH"}],"circlet_count":0,"master_deck":["Strike_R","Strike_R","Strike_R","Strike_R","Defend_R","Defend_R","Defend_R","Bash","Sword Boomerang+1","Headbutt","Burning Pact","True Grit","Twin Strike+1","Intimidate","Barricade+1","Second Wind","RitualDagger+1","Body Slam+1","Regret","Juggernaut","Metallicize"],"relics":["Burning Blood","Akabeko","Centennial Puzzle","Juzu Bracelet","Pantograph","Charon\u0027s Ashes","Golden Idol","White Beast Statue","Cursed Key","Nilry\u0027s Codex","Gremlin Horn","Strange Spoon","Singing Bowl","Turnip"],"acts_visited":["Exordium","TheCity"],"potions_floor_usage":[4,6,8,11,16,20,23,28,30,31,33,33],"damage_taken":[{"damage":0,"enemies":"Cultist","floor":1,"turns":3},{"damage":0,"enemies":"Jaw Worm","floor":3,"turns":2},{"damage":0,"enemies":"2 Louse","floor":4,"turns":3},{"damage":30,"enemies":"Exordium Wildlife","floor":5,"turns":4},{"damage":34,"enemies":"Gremlin Nob","floor":6,"turns":5},{"damage":17,"enemies":"Lagavulin","floor":8,"turns":6},{"damage":14,"enemies":"Gremlin Nob","floor":11,"turns":3},{"damage":0,"enemies":"2 Fungi Beasts","floor":14,"turns":1},{"damage":53,"enemies":"Slime Boss","floor":16,"turns":13},{"damage":0,"enemies":"Chosen","floor":18,"turns":3},{"damage":10,"enemies":"Shell Parasite","floor":20,"turns":6},{"damage":17,"enemies":"Sentry and Sphere","floor":23,"turns":4},{"damage":17,"enemies":"Cultist and Chosen","floor":28,"turns":4},{"damage":5,"enemies":"3 Cultists","floor":30,"turns":4},{"damage":13,"enemies":"Slavers","floor":31,"turns":7},{"damage":67,"enemies":"Champ","floor":33,"turns":8}],"seed_played":"4835789292222364570","potions_obtained":[{"floor":1,"key":"PowerPotion"},{"floor":5,"key":"Explosive Potion"},{"floor":6,"key":"HeartOfIron"},{"floor":8,"key":"Strength Potion"},{"floor":14,"key":"BloodPotion"},{"floor":16,"key":"Ancient Potion"},{"floor":18,"key":"Block Potion"},{"floor":20,"key":"ColorlessPotion"},{"floor":23,"key":"SkillPotion"},{"floor":28,"key":"Block Potion"},{"floor":30,"key":"SkillPotion"},{"floor":31,"key":"SteroidPotion"}],"is_trial":false,"path_per_floor":["M","?","M","M","M","E","R","E","T","?","E","?","T","M","R","B",null,"M","?","M","?","?","M","R","$","T","R","M","$","M","E","R","B"],"character_chosen":"IRONCLAD","items_purchased":["Strange Spoon","Singing Bowl"],"campfire_rested":1,"item_purchase_floors":[25,25],"current_hp_per_floor":[80,80,80,80,56,28,52,41,41,34,26,26,26,32,32,24,74,74,68,64,48,48,37,37,37,37,37,26,26,29,22,22,0,0],"gold":92,"neow_bonus":"RANDOM_COMMON_RELIC","is_daily":false,"chose_seed":false,"campfire_upgraded":4,"win_rate":0.0,"timestamp":1611948549,"path_taken":["M","?","M","M","M","E","R","E","T","?","E","?","?","M","R","BOSS","M","?","M","?","?","M","R","$","T","R","M","$","M","E","R","BOSS"],"items_purchased_type":["Relic","Relic"],"build_version":"2020-12-22","purchased_purges":1,"victory":false,"max_hp_per_floor":[80,80,80,80,80,80,80,80,80,80,80,74,74,74,74,74,74,74,74,74,74,74,74,74,74,74,74,74,74,76,76,76,76,76],"relic_stats":{"Gremlin Horn":[6,6],"Singing Bowl":2,"counters":[16,76],"Golden Idol":61,"Charon\u0027s Ashes":[224],"Juzu Bracelet":1,"Cursed Key":1,"Burning Blood":66,"Strange Spoon":[9],"Centennial Puzzle":[27],"Pantograph":50,"Turnip":[4],"obtain_stats":[{"Gremlin Horn":22,"Singing Bowl":25,"Golden Idol":12,"Nilry\u0027s Codex":21,"Charon\u0027s Ashes":11,"Juzu Bracelet":8,"Cursed Key":17,"Burning Blood":0,"Akabeko":0,"White Beast Statue":13,"Strange Spoon":25,"Centennial Puzzle":6,"Pantograph":9,"Turnip":31},{"Gremlin Horn":11,"Singing Bowl":12,"Golden Idol":7,"Nilry\u0027s Codex":11,"Charon\u0027s Ashes":7,"Juzu Bracelet":6,"Cursed Key":9,"Burning Blood":0,"Akabeko":0,"White Beast Statue":7,"Strange Spoon":12,"Centennial Puzzle":5,"Pantograph":6,"Turnip":15},{"Gremlin Horn":49,"Singing Bowl":53,"Golden Idol":26,"Nilry\u0027s Codex":49,"Charon\u0027s Ashes":26,"Juzu Bracelet":23,"Cursed Key":40,"Burning Blood":0,"Akabeko":0,"White Beast Statue":26,"Strange Spoon":53,"Centennial Puzzle":17,"Pantograph":23,"Turnip":68}]},"card_choices":[{"not_picked":["Battle Trance","Reckless Charge"],"picked":"Sword Boomerang","floor":1},{"not_picked":["Perfected Strike","Metallicize"],"picked":"Headbutt","floor":3},{"not_picked":["Evolve","Rampage"],"picked":"Burning Pact","floor":4},{"not_picked":["Flex","Heavy Blade"],"picked":"True Grit","floor":5},{"not_picked":["Fiend Fire","Brutality"],"picked":"Twin Strike","floor":6},{"not_picked":["Body Slam","Sword Boomerang","Perfected Strike"],"picked":"SKIP","floor":8},{"not_picked":["Pommel Strike","Barricade"],"picked":"Intimidate","floor":11},{"not_picked":["Wild Strike","Sword Boomerang","Headbutt"],"picked":"SKIP","floor":14},{"not_picked":["Offering","Double Tap"],"picked":"Barricade","floor":16},{"not_picked":["Twin Strike","Perfected Strike+1"],"picked":"Second Wind","floor":18},{"not_picked":["Headbutt","Carnage"],"picked":"Body Slam","floor":20},{"not_picked":["Fire Breathing","Sever Soul+1","Thunderclap+1"],"picked":"SKIP","floor":23},{"not_picked":["True Grit+1","Thunderclap"],"picked":"Juggernaut","floor":28},{"not_picked":["Flex+1","Clothesline+1","Sword Boomerang+1"],"picked":"Singing Bowl","floor":30},{"not_picked":["Disarm","Twin Strike"],"picked":"Metallicize","floor":31}],"player_experience":333942,"relics_obtained":[{"floor":6,"key":"Centennial Puzzle"},{"floor":8,"key":"Juzu Bracelet"},{"floor":9,"key":"Pantograph"},{"floor":11,"key":"Charon\u0027s Ashes"},{"floor":13,"key":"White Beast Statue"},{"floor":21,"key":"Nilry\u0027s Codex"},{"floor":31,"key":"Turnip"}],"event_choices":[{"damage_healed":0,"gold_gain":0,"player_choice":"Upgraded","damage_taken":0,"max_hp_gain":0,"max_hp_loss":0,"event_name":"Upgrade Shrine","floor":2,"gold_loss":0,"cards_upgraded":["Sword Boomerang"]},{"cards_removed":["Defend_R"],"damage_healed":0,"gold_gain":0,"player_choice":"Card Removal","damage_taken":7,"max_hp_gain":0,"max_hp_loss":0,"event_name":"Golden Wing","floor":10,"gold_loss":0},{"damage_healed":0,"gold_gain":0,"player_choice":"Lose Max HP","damage_taken":0,"relics_obtained":["Golden Idol"],"max_hp_gain":0,"max_hp_loss":6,"event_name":"Golden Idol","floor":12,"gold_loss":0},{"damage_healed":0,"gold_gain":0,"player_choice":"Joined the Cult","damage_taken":6,"max_hp_gain":0,"max_hp_loss":0,"event_name":"Nest","floor":19,"gold_loss":0,"cards_obtained":["RitualDagger"]},{"damage_healed":0,"gold_gain":0,"player_choice":"Obtained Book","damage_taken":16,"max_hp_gain":0,"max_hp_loss":0,"event_name":"Cursed Tome","floor":21,"gold_loss":0},{"damage_healed":0,"gold_gain":0,"player_choice":"Obtained Relic","damage_taken":0,"relics_obtained":["Gremlin Horn"],"max_hp_gain":0,"max_hp_loss":0,"event_name":"Addict","floor":22,"gold_loss":85}],"is_beta":false,"boss_relics":[{"not_picked":["Black Blood","Ectoplasm"],"picked":"Cursed Key"}],"items_purged_floors":[25],"is_endless":false,"potions_floor_spawned":[1,5,6,8,14,16,18,20,23,28,30,31],"killed_by":"Champ","ascension_level":0}}