{"host":"9slw7l0ws16384qq","time":1611915455,"event":{"mods":["A Penny For Your Troubles","BaseMod","Colored Map","Downfall","Evolution","Hubris","Minty Spire (QoL Compilation)","Replay The Spire","StS++","StSLib"],"gold_per_floor":[99,99,99,155,168,168,168,168,168,188,188,188,188,98,112,112,112,112],"floor_reached":16,"language":"FRA","playtime":531,"items_purged":["bronze:Strike"],"score":86,"play_id":"64e154d6-d74e-4691-abf7-9d63449dfd02","local_time":"20210129111735","is_ascension_mode":false,"campfire_choices":[{"data":"bronze:Replicate","floor":1,"key":"SMITH"},{"data":"bronze:DelayedSlice","floor":6,"key":"SMITH"},{"data":"bronze:Repair","floor":9,"key":"SMITH"},{"data":"bronze:Branch","floor":13,"key":"SMITH"}],"circlet_count":0,"master_deck":["bronze:Strike","bronze:Strike","bronze:Strike","bronze:Defend","bronze:Defend","bronze:Defend","bronze:Defend","bronze:Replicate+1","bronze:Branch+1","bronze:DelayedSlice+1","bronze:Repair+1","bronze:DelayedSlice"],"relics":["bronze:BronzeCore","EVO:Axolotl","downfall:HeartsMalice","hubris:OldNail","MealTicket","PreservedInsect"],"acts_visited":["Exordium"],"potions_floor_usage":[14,16,16,16],"damage_taken":[{"damage":0,"enemies":"Jaw Worm","floor":2,"turns":1},{"damage":0,"enemies":"Small Slimes","floor":3,"turns":1},{"damage":0,"enemies":"3 Sentries","floor":4,"turns":1},{"damage":0,"enemies":"Cultist","floor":5,"turns":2},{"damage":4,"enemies":"Blue Slaver","floor":10,"turns":3},{"damage":6,"enemies":"downfall:FleeingMerchant","floor":14,"turns":4},{"damage":0,"enemies":"2 Fungi Beasts","floor":15,"turns":2},{"damage":73,"enemies":"SI_SHIV_ARCHETYPE","floor":16,"turns":11}],"seed_played":"6102103591092464821","potions_obtained":[{"floor":4,"key":"BlessingOfTheForge"},{"floor":5,"key":"AttackPotion"},{"floor":10,"key":"StSpp:InhibitionPotion"},{"floor":15,"key":"Adrenaline Potion"}],"is_trial":false,"path_per_floor":["R","M","M","?","M","R","T","?","R","M","?","?","R","$","M","B"],"character_chosen":"THE_AUTOMATON","items_purchased":[],"campfire_rested":0,"item_purchase_floors":[],"current_hp_per_floor":[70,70,70,70,70,70,70,70,70,66,66,54,54,63,70,0,0,0],"gold":112,"neow_bonus":"THREE_ENEMY_KILL","is_daily":false,"chose_seed":false,"campfire_upgraded":4,"win_rate":0.0,"timestamp":1611915455,"path_taken":["R","M","M","?","M","R","T","?","R","?","?","?","R","?","M","BOSS"],"items_purchased_type":[],"build_version":"2020-12-22","purchased_purges":1,"victory":false,"max_hp_per_floor":[70,70,70,70,70,70,70,70,70,70,70,70,70,70,70,70,70,70],"card_choices":[{"not_picked":["bronze:Iterate","bronze:BitShift","bronze:Optimize"],"picked":"SKIP","floor":2},{"not_picked":["bronze:DelayedSlice","bronze:BugBarrage"],"picked":"bronze:Branch","floor":3},{"not_picked":["bronze:ClassDefault","bronze:FollowUp"],"picked":"bronze:DelayedSlice","floor":4},{"not_picked":["bronze:OilSpill","bronze:NullPointer"],"picked":"bronze:Repair","floor":5},{"not_picked":["bronze:Return","bronze:Optimize","bronze:ForceShield"],"picked":"SKIP","floor":10},{"not_picked":["bronze:DarkDash","bronze:OilSpill"],"picked":"bronze:DelayedSlice","floor":14},{"not_picked":["bronze:Overload","bronze:Overheat","bronze:BitShift"],"picked":"SKIP","floor":15}],"player_experience":1535877,"relics_obtained":[{"floor":7,"key":"MealTicket"}],"event_choices":[{"damage_healed":0,"gold_gain":0,"player_choice":"Success","damage_taken":12,"relics_obtained":["PreservedInsect"],"max_hp_gain":0,"max_hp_loss":0,"event_name":"Scrap Ooze","floor":12,"gold_loss":0}],"is_beta":false,"boss_relics":[],"items_purged_floors":[14],"is_endless":false,"potions_floor_spawned":[4,5,10,15],"killed_by":"SI_SHIV_ARCHETYPE","ascension_level":0}}