{"host":"uzcks4yhskks9i02","time":1611957045,"event":{"mods":["BaseMod","Minty Spire (QoL Compilation)","Quick Restart"],"gold_per_floor":[117,117,117,140,29,62,62,93,93,147,147,170,195,231,231,330,330,351,364,387,387,387],"floor_reached":21,"language":"ENG","playtime":877,"items_purged":["Injury"],"score":358,"play_id":"b447d37f-120c-4d17-9ab4-414930185b27","local_time":"20210129145045","is_ascension_mode":true,"campfire_choices":[{"floor":7.0,"key":"REST"},{"floor":11.0,"key":"REST"},{"floor":15.0,"key":"REST"}],"circlet_count":0,"master_deck":["AscendersBane","Strike_R","Strike_R+1","Strike_R","Strike_R","Strike_R","Defend_R","Defend_R","Defend_R+1","Defend_R","Bash","Limit Break","Perfected Strike","Uppercut","Fire Breathing","Double Tap","Blood for Blood","Pommel Strike","Wild Strike","Shrug It Off","Corruption+1","Blood for Blood","Rupture+1","Thunderclap"],"relics":["Burning Blood","Golden Idol","HornCleat","Bottled Flame","Frozen Egg 2","Bag of Preparation","Cursed Key"],"acts_visited":["TheCity"],"potions_floor_usage":[21,21],"damage_taken":[{"damage":15.0,"enemies":"Jaw Worm","floor":1.0,"turns":5.0},{"damage":0.0,"enemies":"Small Slimes","floor":4.0,"turns":3.0},{"damage":17.0,"enemies":"3 Sentries","floor":6.0,"turns":5.0},{"damage":35.0,"enemies":"Lagavulin","floor":8.0,"turns":6.0},{"damage":0.0,"enemies":"2 Louse","floor":12.0,"turns":2.0},{"damage":5.0,"enemies":"Exordium Wildlife","floor":13.0,"turns":4.0},{"damage":30.0,"enemies":"Gremlin Nob","floor":14.0,"turns":5.0},{"damage":64.0,"enemies":"Hexaghost","floor":16.0,"turns":12.0},{"damage":22.0,"enemies":"Spheric Guardian","floor":18.0,"turns":4.0},{"damage":32.0,"enemies":"2 Thieves","floor":19.0,"turns":4.0},{"damage":5.0,"enemies":"Snecko","floor":20.0,"turns":4.0},{"damage":18,"enemies":"3 Cultists","floor":21,"turns":4}],"seed_played":"7206948017114432854","potions_obtained":[{"floor":4.0,"key":"GamblersBrew"},{"floor":8.0,"key":"Regen Potion"},{"floor":14.0,"key":"SpeedPotion"},{"floor":18.0,"key":"PowerPotion"}],"is_trial":false,"path_per_floor":["M","?","?","M","$","E","R","E","T","?","R","M","M","E","R","B",null,"M","M","M","M"],"character_chosen":"IRONCLAD","items_purchased":["Fire Breathing"],"campfire_rested":3,"item_purchase_floors":[5],"current_hp_per_floor":[59,36,36,42,42,31,53,24,24,24,46,52,53,29,51,8,58,42,16,17,0,0],"gold":387,"neow_bonus":"ONE_RANDOM_RARE_CARD","is_daily":false,"chose_seed":false,"campfire_upgraded":0,"win_rate":0.0,"timestamp":1611957045,"path_taken":["M","?","?","M","$","E","R","E","T","?","R","M","?","E","R","BOSS","M","M","M","?"],"items_purchased_type":["Card"],"build_version":"2020-12-22","purchased_purges":1,"victory":false,"max_hp_per_floor":[75,75,75,75,75,75,75,75,75,75,75,75,75,75,75,75,75,75,75,75,75,75],"card_choices":[{"not_picked":["Warcry","Headbutt"],"picked":"Perfected Strike","floor":1.0},{"not_picked":["Heavy Blade","Headbutt"],"picked":"Uppercut","floor":4.0},{"not_picked":["Bloodletting","Shockwave"],"picked":"Double Tap","floor":6.0},{"not_picked":["Clothesline","Sentinel"],"picked":"Blood for Blood","floor":8.0},{"not_picked":["Anger","Reckless Charge"],"picked":"Pommel Strike","floor":12.0},{"not_picked":["Clothesline","True Grit"],"picked":"Wild Strike","floor":13.0},{"not_picked":["Iron Wave","Havoc"],"picked":"Shrug It Off","floor":14.0},{"not_picked":["Offering","Brutality+1"],"picked":"Corruption+1","floor":16.0},{"not_picked":["Twin Strike","Pummel"],"picked":"Blood for Blood","floor":18.0},{"not_picked":["Havoc","Body Slam"],"picked":"Rupture+1","floor":19.0},{"not_picked":["Armaments","Iron Wave"],"picked":"Thunderclap","floor":20.0}],"player_experience":556947,"relics_obtained":[{"floor":6.0,"key":"HornCleat"},{"floor":8.0,"key":"Bottled Flame"},{"floor":9.0,"key":"Frozen Egg 2"},{"floor":14.0,"key":"Bag of Preparation"}],"event_choices":[{"damage_healed":0.0,"max_hp_gain":0.0,"max_hp_loss":0.0,"gold_gain":0.0,"event_name":"Shining Light","player_choice":"Entered Light","floor":2.0,"gold_loss":0.0,"damage_taken":23.0,"cards_upgraded":["Strike_R","Defend_R"]},{"damage_healed":0.0,"max_hp_gain":0.0,"max_hp_loss":0.0,"gold_gain":0.0,"event_name":"Golden Idol","player_choice":"Take Wound","floor":3.0,"gold_loss":0.0,"damage_taken":0.0,"relics_obtained":["Golden Idol"],"cards_obtained":["Injury"]},{"damage_healed":0.0,"max_hp_gain":0.0,"max_hp_loss":0.0,"gold_gain":54.0,"event_name":"Golden Wing","player_choice":"Gained Gold","floor":10.0,"gold_loss":0.0,"damage_taken":0.0}],"is_beta":false,"boss_relics":[{"not_picked":["Philosopher\u0027s Stone","Astrolabe"],"picked":"Cursed Key"}],"items_purged_floors":[5],"is_endless":false,"potions_floor_spawned":[4,8,14,18],"killed_by":"3 Cultists","ascension_level":16}}