{"host":"htqwg582tjjtn9p7","time":1611946902,"event":{"mods":["2.2 Compatiblity","AchievementEnabler","Act Like it!","Aspiration","BaseMod","Better Third Choice","Colored Map","Conspire","Curses Come First","Displayed Cursed Tome","Energized Spire","Force Act Four","Fox Events","GifTheSpireLib","Hermit","Highlight Path","JesterMod","Mad Scientist","Minty Spire (QoL Compilation)","Pale of the Ancients","Permanent Neow","Random Character Button","Relic Stats","Reliquary","Replay The Spire","Robot Space Explorer","Somnambulant","Spicy Shops","Spikes Relics","StS++","StSLib","Stuff the Spire","The Blue Laboratory","The Bug Knight","The Forsaken","The Gatherer","The Judge","The Jungle","The Marked","The Runesmith","The Servant 0.9.4","TheSurvivalist","Uncapped"],"gold_per_floor":[115,40,40,40,70,70,95,114,114,114,142,142,169,188,188,263,263,281,297,297,311,130,130,155,173,221,237,266,276,294,306,306,378,378,389,401,13,13,13,13,29,55,55,83,131,131,146,163,180,208,208,208,224,237,237,283,283,298,298,40,40,40],"floor_reached":63,"language":"ENG","playtime":4998,"items_purged":["Hatred","Strike_G","Regret"],"score":2034,"play_id":"37dcd274-fd9f-4891-98d7-f446415c7dfe","local_time":"20210129200142","is_ascension_mode":true,"campfire_choices":[{"floor":6.0,"key":"REST"},{"floor":10.0,"key":"REST"},{"data":"Tactician","floor":12.0,"key":"SMITH"},{"floor":15.0,"key":"REST"},{"data":"Prepared","floor":23.0,"key":"SMITH"},{"floor":32.0,"key":"REST"},{"floor":43.0,"key":"REST"},{"data":"Deflect","floor":51,"key":"SMITH"},{"data":"Prepared","floor":57,"key":"SMITH"},{"data":"Hidden Blade","floor":59,"key":"SMITH"}],"circlet_count":0,"master_deck":["AscendersBane","Strike_G","Strike_G","Strike_G+1","Strike_G+1","Defend_G","Defend_G","Defend_G","Defend_G+1","Defend_G","Survivor","Tactician+1","Dagger Throw","Backstab","Infinite Blades","Acrobatics","Unload","Backstab","Prepared+1","Prepared+1","Noxious Fumes","Sucker Punch+1","Reflex","Backflip","Slice+1","Dagger Throw+1","Slice+1","Night Terror","Replay:Bag of Tricks","ReplayTheSpireMod:The Works+1","Hidden Blade+1","Prepared+1","Escape Plan+1","Hidden Blade+1","Outmaneuver","Backflip+1","Neutralize+1","Deflect+1","Die Die Die+1","StuffTheSpire:Vigor","Hidden Blade"],"relics":["Ring of the Snake","StSpp:WoodenStick","StSpp:BrokenTotem","StuffTheSpire:OldFever","Akabeko","Bronze Scales","The Specimen","aspiration:MobileForge","Molten Egg 2","aspiration:VileToxins","Replay:Fungal Core","Medical Kit","TwistedFunnel","reliquary:HotPoker","Replay:Kaleidoscope","reliquary:PorcupineQuills","StuffTheSpire:Mouthbags","paleoftheancients:Timepiece","paleoftheancients:KeyRelic","Gremlin Horn","CultistMask","paleoftheancients:SoulOfTheWokeBloke","Pen Nib","Quantum Egg"],"acts_visited":["Exordium","TheCity","TheBeyond","TheBeyond"],"potions_floor_usage":[52,53,53,54],"damage_taken":[{"damage":0.0,"enemies":"2 Louse","floor":1.0,"turns":5.0},{"damage":17.0,"enemies":"3 Sentries","floor":7.0,"turns":11.0},{"damage":0.0,"enemies":"Jaw Worm","floor":8.0,"turns":3.0},{"damage":7.0,"enemies":"Replay:BlueRogue","floor":11.0,"turns":8.0},{"damage":12.0,"enemies":"Gremlin Nob","floor":13.0,"turns":4.0},{"damage":0.0,"enemies":"conspire:RoseBush","floor":14.0,"turns":2.0},{"damage":17.0,"enemies":"Fading Forest","floor":16.0,"turns":11.0},{"damage":11.0,"enemies":"Spheric Guardian","floor":18.0,"turns":4.0},{"damage":12.0,"enemies":"Shell Parasite","floor":19.0,"turns":5.0},{"damage":25.0,"enemies":"Snake Plant","floor":21.0,"turns":4.0},{"damage":10.0,"enemies":"Slavers","floor":24.0,"turns":6.0},{"damage":4.0,"enemies":"Centurion and Healer","floor":25.0,"turns":7.0},{"damage":3.0,"enemies":"Shelled Parasite and Fungi","floor":27.0,"turns":4.0},{"damage":0.0,"enemies":"Book of Stabbing","floor":28.0,"turns":4.0},{"damage":0.0,"enemies":"Cultist and Chosen","floor":29.0,"turns":4.0},{"damage":0.0,"enemies":"Snake Plant","floor":30.0,"turns":2.0},{"damage":0.0,"enemies":"3 Cultists","floor":31.0,"turns":4.0},{"damage":19.0,"enemies":"Champ","floor":33.0,"turns":9.0},{"damage":18.0,"enemies":"Orb Walker","floor":35.0,"turns":3.0},{"damage":4.0,"enemies":"3 Darklings","floor":36.0,"turns":8.0},{"damage":10.0,"enemies":"Transient","floor":41.0,"turns":5.0},{"damage":13.0,"enemies":"Reptomancer","floor":42.0,"turns":4.0},{"damage":0.0,"enemies":"Nemesis","floor":44.0,"turns":2.0},{"damage":10.0,"enemies":"Writhing Mass","floor":47.0,"turns":5.0},{"damage":0.0,"enemies":"Spire Growth","floor":48.0,"turns":2.0},{"damage":0.0,"enemies":"Jaw Worm Horde","floor":49.0,"turns":1.0},{"damage":10.0,"enemies":"Reptomancer","floor":50.0,"turns":4.0},{"damage":30,"enemies":"Replay:Hell Engine","floor":52,"turns":6},{"damage":13,"enemies":"Replay:Hell Engine","floor":53,"turns":8},{"damage":1,"enemies":"Replay:Hell Engine","floor":54,"turns":7},{"damage":12,"enemies":"Replay:Hell Engine","floor":58,"turns":6},{"damage":0,"enemies":"paleoftheancients:N","floor":62,"turns":9}],"seed_played":"6225595974441747812","potions_obtained":[{"floor":1.0,"key":"blueLaboratory:FruitPunch"},{"floor":5.0,"key":"StSpp:ScatteredWeakPotion"},{"floor":5.0,"key":"blueLaboratory:EmptyBottle"},{"floor":7.0,"key":"Doom Potion"},{"floor":14.0,"key":"blueLaboratory:BottleOfVodka"},{"floor":16.0,"key":"Toxic Potion"},{"floor":19.0,"key":"Energy Potion"},{"floor":21.0,"key":"Dexterity Potion"},{"floor":27.0,"key":"DistilledChaos"},{"floor":28.0,"key":"blueLaboratory:FruitPreserves"},{"floor":35.0,"key":"SkillPotion"},{"floor":47.0,"key":"Weak Potion"},{"floor":49.0,"key":"blueLaboratory:PhilterOfMotion"},{"floor":53,"key":"blueLaboratory:EnvenomedCoating"}],"is_trial":false,"path_per_floor":["M","$","?","?","?","R","E","M","T","R","E","R","E","M","R","B",null,"M","M","?","M","$","R","E","M","T","M","E","M","M","M","R","B",null,"M","M","$","?","PTL","PTL","M","E","R","E","T","?","M","M","M","E","R","B","M","M","?","T","R","M","R","$","?","B",null],"character_chosen":"THE_SILENT","items_purchased":["Noxious Fumes","Medical Kit","TwistedFunnel","Regen Potion","Quantum Egg","Hidden Blade"],"campfire_rested":5,"item_purchase_floors":[22,37,37,37,60,60],"current_hp_per_floor":[59,59,39,28,28,47,32,32,32,52,45,45,33,33,53,36,60,49,37,78,53,53,53,43,39,39,36,36,36,36,36,59,40,69,51,47,47,47,47,47,52,39,62,62,62,62,52,52,52,42,42,67,66,72,72,72,72,69,69,69,69,74],"gold":40,"neow_bonus":"ONE_RARE_RELIC","is_daily":false,"chose_seed":false,"campfire_upgraded":5,"win_rate":0.0,"timestamp":1611946902,"path_taken":["M","$","?","?","?","R","E","?","T","R","E","R","E","M","R","BOSS","M","?","?","M","$","R","E","M","T","M","E","M","M","M","R","BOSS","M","M","$","?","PTL","PTL","M","E","R","E","T","?","?","M","M","E","R","BOSS","M","M","?","T","R","M","R","$","?","BOSS"],"items_purchased_type":["Card","Relic","Relic","Potion","Relic","Card"],"build_version":"2020-12-22","purchased_purges":3,"victory":true,"max_hp_per_floor":[66,66,66,66,66,66,68,68,68,68,68,68,68,68,68,68,68,68,68,78,78,78,78,78,78,78,78,78,78,78,78,78,78,78,78,78,78,78,78,78,78,78,78,78,78,78,78,78,78,78,78,78,78,78,78,78,78,78,78,78,78,78],"relic_stats":{"Gremlin Horn":[18,18],"counters":[32,167],"Bronze Scales":[374],"Pen Nib":[7],"Medical Kit":[35],"obtain_stats":[{"TwistedFunnel":37,"Gremlin Horn":52,"Whetstone":26,"reliquary:HotPoker":42,"aspiration:MobileForge":17,"StSpp:WoodenStick":0,"Ring of the Snake":0,"aspiration:VileToxins":28,"paleoftheancients:KeyRelic":52,"The Specimen":13,"Replay:Fungal Core":34,"Quantum Egg":60,"Pen Nib":56,"Replay:Kaleidoscope":44,"Medical Kit":37,"Akabeko":9,"paleoftheancients:Timepiece":52,"reliquary:PorcupineQuills":45,"StuffTheSpire:Mouthbags":50,"paleoftheancients:SoulOfTheWokeBloke":54,"Bronze Scales":11,"StSpp:BrokenTotem":4,"Molten Egg 2":24,"CultistMask":52,"StuffTheSpire:OldFever":7},{"TwistedFunnel":20,"Gremlin Horn":28,"Whetstone":12,"reliquary:HotPoker":22,"aspiration:MobileForge":7,"StSpp:WoodenStick":0,"Ring of the Snake":0,"aspiration:VileToxins":14,"paleoftheancients:KeyRelic":28,"The Specimen":5,"Replay:Fungal Core":18,"Quantum Egg":31,"Pen Nib":30,"Replay:Kaleidoscope":23,"Medical Kit":20,"Akabeko":3,"paleoftheancients:Timepiece":28,"reliquary:PorcupineQuills":23,"StuffTheSpire:Mouthbags":27,"paleoftheancients:SoulOfTheWokeBloke":30,"Bronze Scales":4,"StSpp:BrokenTotem":1,"Molten Egg 2":11,"CultistMask":28,"StuffTheSpire:OldFever":2},{"TwistedFunnel":108,"Gremlin Horn":137,"Whetstone":70,"reliquary:HotPoker":117,"aspiration:MobileForge":44,"StSpp:WoodenStick":0,"Ring of the Snake":0,"aspiration:VileToxins":78,"paleoftheancients:KeyRelic":137,"The Specimen":31,"Replay:Fungal Core":97,"Quantum Egg":158,"Pen Nib":152,"Replay:Kaleidoscope":119,"Medical Kit":108,"Akabeko":19,"paleoftheancients:Timepiece":137,"reliquary:PorcupineQuills":119,"StuffTheSpire:Mouthbags":131,"paleoftheancients:SoulOfTheWokeBloke":152,"Bronze Scales":27,"StSpp:BrokenTotem":5,"Molten Egg 2":63,"CultistMask":137,"StuffTheSpire:OldFever":16}],"Ring of the Snake":[64]},"card_choices":[{"not_picked":["Toxin Wave","Reflex"],"picked":"Tactician","floor":1.0},{"not_picked":["Deflect","Quick Slash"],"picked":"Dagger Throw","floor":5.0},{"not_picked":["StSpp:AbandonFlesh","Toxin Wave"],"picked":"Backstab","floor":7.0},{"not_picked":["PiercingWail","Bane","Poisoned Stab"],"picked":"SKIP","floor":8.0},{"not_picked":["Riddle With Holes","Draining Mist"],"picked":"Burst","floor":11.0},{"not_picked":["PiercingWail","StSpp:PoisonousPunch"],"picked":"Infinite Blades","floor":13.0},{"not_picked":["StuffTheSpire:Sprint","Blade Dance"],"picked":"Acrobatics","floor":14.0},{"not_picked":["StSpp:AbandonFlesh","Venomology"],"picked":"Unload","floor":16.0},{"not_picked":["StSpp:TimeParadox","Bane"],"picked":"Backstab","floor":18.0},{"not_picked":["Draining Mist","StuffTheSpire:BrimstoneBlast"],"picked":"Prepared+1","floor":19.0},{"not_picked":["Dagger Spray","Hidden Blade"],"picked":"Prepared","floor":21.0},{"not_picked":["StSpp:Dive","StSpp:TimeParadox"],"picked":"Sucker Punch+1","floor":24.0},{"not_picked":["Tactician","Flying Knee+1"],"picked":"Reflex","floor":25.0},{"not_picked":["StSpp:Dive","StSpp:Anticipation"],"picked":"Backflip","floor":27.0},{"not_picked":["Hidden Blade","StSpp:Lure"],"picked":"Slice+1","floor":28.0},{"not_picked":["ReplayTheSpireMod:Tripwire","Heel Hook+1"],"picked":"Dagger Throw+1","floor":29.0},{"not_picked":["Bane+1","ReplayTheSpireMod:Shiv Toss"],"picked":"Slice+1","floor":30.0},{"not_picked":["conspire:DoublingDagger","StuffTheSpire:BrimstoneBlast+1"],"picked":"Night Terror","floor":31.0},{"not_picked":["Die Die Die+1","Corpse Explosion"],"picked":"Replay:Bag of Tricks","floor":33.0},{"not_picked":["Dodge and Roll","InfectiousVector"],"picked":"ReplayTheSpireMod:The Works+1","floor":35.0},{"not_picked":["Outmaneuver","Setup+1"],"picked":"Hidden Blade","floor":36.0},{"not_picked":["Sucker Punch+1","StuffTheSpire:ReptileScales"],"picked":"Prepared","floor":41.0},{"not_picked":["Well Laid Plans","StuffTheSpire:BumpUp+1","Unload+1"],"picked":"SKIP","floor":42.0},{"not_picked":["conspire:DoublingDagger+1","Hidden Blade"],"picked":"Escape Plan+1","floor":44.0},{"not_picked":["Heel Hook+1","Sucker Punch+1"],"picked":"Hidden Blade+1","floor":47.0},{"not_picked":["StuffTheSpire:BumpUp+1","Backflip"],"picked":"Outmaneuver","floor":48.0},{"not_picked":["Bane+1","Deadly Poison"],"picked":"Backflip+1","floor":49.0},{"not_picked":["Dodge and Roll","Backflip"],"picked":"Deflect","floor":50},{"not_picked":["StSpp:Lure","StSpp:Dive"],"picked":"Die Die Die+1","floor":53},{"not_picked":["All Out Attack+1","StuffTheSpire:Injection+1","Choke+1"],"picked":"SKIP","floor":54},{"not_picked":["StuffTheSpire:Ambrosia","StuffTheSpire:Brawn"],"picked":"StuffTheSpire:Vigor","floor":55},{"not_picked":["Quick Slash+1","Backflip","StSpp:PoisonousPunch+1"],"picked":"SKIP","floor":58}],"player_experience":1970475,"relics_obtained":[{"floor":7.0,"key":"StuffTheSpire:OldFever"},{"floor":9.0,"key":"Akabeko"},{"floor":11.0,"key":"Bronze Scales"},{"floor":13.0,"key":"The Specimen"},{"floor":24.0,"key":"Molten Egg 2"},{"floor":26.0,"key":"Whetstone"},{"floor":28.0,"key":"aspiration:VileToxins"},{"floor":42.0,"key":"reliquary:HotPoker"},{"floor":44.0,"key":"Replay:Kaleidoscope"},{"floor":45.0,"key":"reliquary:PorcupineQuills"},{"floor":50,"key":"StuffTheSpire:Mouthbags"},{"floor":54,"key":"paleoftheancients:SoulOfTheWokeBloke"},{"floor":56,"key":"Pen Nib"}],"event_choices":[{"damage_healed":59.0,"max_hp_gain":0.0,"max_hp_loss":66.0,"gold_gain":0.0,"event_name":"betterThird:BetterShining","player_choice":"Upgrade","floor":3.0,"gold_loss":0.0,"damage_taken":20.0,"cards_upgraded":["Strike_G","Defend_G"]},{"damage_healed":0.0,"max_hp_gain":0.0,"max_hp_loss":0.0,"gold_gain":0.0,"event_name":"betterThird:BetterScrap","player_choice":"Relic ","floor":4.0,"gold_loss":0.0,"damage_taken":11.0,"cards_obtained":["Crystallizer"]},{"cards_removed":["Burst"],"damage_healed":31.0,"max_hp_gain":10.0,"max_hp_loss":0.0,"gold_gain":0.0,"event_name":"Bonfire Elementals","player_choice":"Offered Rare","floor":20.0,"gold_loss":0.0,"damage_taken":0.0},{"damage_healed":0.0,"max_hp_gain":0.0,"max_hp_loss":0.0,"gold_gain":0.0,"event_name":"Match and Keep!","player_choice":"0 cards matched","floor":46.0,"gold_loss":0.0,"damage_taken":0.0,"cards_obtained":[]}],"is_beta":false,"boss_relics":[{"not_picked":["Black Star","Sandwich"],"picked":"aspiration:MobileForge"},{"not_picked":["energizedSpire:HighHeels","aspiration:RitualDagger"],"picked":"Replay:Fungal Core"}],"items_purged_floors":[2,22,60],"is_endless":false,"potions_floor_spawned":[1,7,14,16,19,21,27,28,29,31,35,47,49,53],"ascension_level":15}}