{"host":"7v5hyrhprwh0garb","time":1611898262,"event":{"mods":["BaseMod","Downfall","Minty Spire (QoL Compilation)","StSLib"],"gold_per_floor":[99,119,119,7,34,51,51,61,61,74,74,74,92,102,117,117,117,117],"floor_reached":16,"language":"ENG","playtime":1104,"items_purged":["hexamod:Defend"],"score":94,"play_id":"b568009a-263d-441c-b25e-be7916017bff","local_time":"20210129003102","is_ascension_mode":false,"campfire_choices":[{"data":"hexamod:Sear","floor":1,"key":"SMITH"},{"data":"hexamod:SwordOfDarkness","floor":9,"key":"SMITH"}],"circlet_count":0,"master_deck":["hexamod:Strike","hexamod:Strike","hexamod:Strike","hexamod:Defend","hexamod:Defend","hexamod:Defend","hexamod:Sear+1","hexamod:Float","hexamod:SwordOfDarkness+1","hexamod:Haunt","hexamod:Hexaguard","hexamod:ShieldOfDarkness","hexamod:FourthSeal","hexamod:ShieldOfDarkness","hexamod:SpectersWail"],"relics":["hexamod:SpiritBrand","Regal Pillow","Singing Bowl"],"acts_visited":["Exordium"],"potions_floor_usage":[],"damage_taken":[{"damage":0,"enemies":"2 Louse","floor":2,"turns":3},{"damage":0,"enemies":"downfall:FleeingMerchant","floor":4,"turns":4},{"damage":0,"enemies":"Cultist","floor":6,"turns":3},{"damage":0,"enemies":"Small Slimes","floor":8,"turns":3},{"damage":1,"enemies":"3 Louse","floor":10,"turns":5},{"damage":14,"enemies":"Exordium Thugs","floor":13,"turns":7},{"damage":0,"enemies":"Exordium Wildlife","floor":14,"turns":3},{"damage":0,"enemies":"Large Slime","floor":15,"turns":6},{"damage":76,"enemies":"WA_ARCHETYPE_RETAIN","floor":16,"turns":10}],"seed_played":"5284889456843353520","potions_obtained":[{"floor":8,"key":"Dexterity Potion"},{"floor":8,"key":"SpeedPotion"},{"floor":10,"key":"FearPotion"},{"floor":10,"key":"Strength Potion"},{"floor":12,"key":"SneckoOil"},{"floor":12,"key":"Strength Potion"},{"floor":12,"key":"Swift Potion"},{"floor":15,"key":"Regen Potion"}],"is_trial":false,"path_per_floor":["R","M","?","$","T","M","T","M","R","M","?","?","M","M","M","B"],"character_chosen":"THE_SPIRIT","items_purchased":["hexamod:ShieldOfDarkness"],"campfire_rested":0,"item_purchase_floors":[4],"current_hp_per_floor":[77,77,77,77,77,77,77,79,79,80,80,80,66,66,68,0,0,0],"gold":117,"neow_bonus":"TEN_PERCENT_HP_BONUS","is_daily":false,"chose_seed":false,"campfire_upgraded":2,"win_rate":0.0,"timestamp":1611898262,"path_taken":["R","M","?","$","?","M","T","?","R","M","?","?","M","M","M","BOSS"],"items_purchased_type":["Card"],"build_version":"2020-12-22","purchased_purges":1,"victory":false,"max_hp_per_floor":[77,77,77,77,77,77,77,79,79,81,81,81,81,81,83,83,83,83],"card_choices":[{"not_picked":["hexamod:SpectralAdrenaline","hexamod:Rewind"],"picked":"hexamod:SwordOfDarkness","floor":2},{"not_picked":["hexamod:EtherealExpedition","hexamod:PhantomCloak"],"picked":"hexamod:Hexaguard","floor":4},{"not_picked":["hexamod:Incineration","hexamod:RetreatToShadows"],"picked":"hexamod:FourthSeal","floor":6},{"not_picked":["hexamod:HauntingEcho","hexamod:DynamicBlow","hexamod:WildfireWeapon"],"picked":"Singing Bowl","floor":8},{"not_picked":["hexamod:ThermalTransfer","hexamod:ExtraCrispy","hexamod:NightmareStrike"],"picked":"Singing Bowl","floor":10},{"not_picked":["hexamod:NightmareStrike","hexamod:GhostShield"],"picked":"hexamod:ShieldOfDarkness","floor":13},{"not_picked":["hexamod:GhostOfSpirePast","hexamod:ThermalTransfer"],"picked":"hexamod:SpectersWail","floor":14},{"not_picked":["hexamod:GhostOfSpireFuture","hexamod:InspiringFlames","hexamod:SpectersWail"],"picked":"Singing Bowl","floor":15}],"player_experience":131452,"relics_obtained":[{"floor":5,"key":"Regal Pillow"},{"floor":7,"key":"Singing Bowl"}],"event_choices":[{"damage_healed":0,"gold_gain":0,"player_choice":"Got Potions","damage_taken":0,"max_hp_gain":0,"max_hp_loss":0,"event_name":"Lab","floor":12,"gold_loss":0}],"is_beta":false,"boss_relics":[],"items_purged_floors":[4],"is_endless":false,"potions_floor_spawned":[8,10,14,15],"killed_by":"WA_ARCHETYPE_RETAIN","ascension_level":0}}