{"host":"1ekl8hlbnopmdapi","time":1611899101,"event":{"mods":["AchievementEnabler","BaseMod","Colored Map","Colored Powertips","DeckTracker","Googly Eyes","Highlight Path","Minty Spire (QoL Compilation)","Relic Sorter","StSLib","Synergy Search"],"gold_per_floor":[111,127,141,141,160,194,211,211,211,222,253,273,273,293,293,398,398,417,48,65,65,65],"floor_reached":21,"language":"ENG","playtime":795,"items_purged":[],"score":279,"play_id":"0f980060-754b-437e-adb5-12f46c25b6dd","local_time":"20210129004501","is_ascension_mode":true,"campfire_choices":[{"floor":13,"key":"REST"},{"floor":15,"key":"RECALL"}],"circlet_count":0,"master_deck":["Survivor","Neutralize","Night Terror","Underhanded Strike","Cloak And Dagger","After Image","Bullet Time","Bouncing Flask","Concentrate","Dagger Throw","Burst","Flying Knee","Flying Knee","Caltrops","Infinite Blades","Footwork","Bane","Accuracy","Blade Dance","Flying Knee","Corpse Explosion","CurseOfTheBell","Blade Dance","Mayhem","Flash of Steel","Dodge and Roll+1"],"relics":["Pandora\u0027s Box","Pantograph","Bottled Lightning","Blood Vial","Torii","Calling Bell","Omamori","Letter Opener","Girya","Membership Card","Strawberry"],"acts_visited":["Exordium","TheCity"],"potions_floor_usage":[11,16,16],"damage_taken":[{"damage":0,"enemies":"Cultist","floor":1,"turns":3},{"damage":1,"enemies":"2 Louse","floor":2,"turns":2},{"damage":0,"enemies":"Small Slimes","floor":3,"turns":2},{"damage":11,"enemies":"2 Fungi Beasts","floor":5,"turns":3},{"damage":6,"enemies":"Gremlin Nob","floor":6,"turns":3},{"damage":0,"enemies":"Exordium Wildlife","floor":7,"turns":3},{"damage":19,"enemies":"3 Louse","floor":10,"turns":3},{"damage":41,"enemies":"3 Sentries","floor":11,"turns":8},{"damage":10,"enemies":"Looter","floor":12,"turns":3},{"damage":22,"enemies":"2 Fungi Beasts","floor":14,"turns":3},{"damage":30,"enemies":"Slime Boss","floor":16,"turns":10},{"damage":27,"enemies":"Spheric Guardian","floor":18,"turns":4},{"damage":31,"enemies":"Shell Parasite","floor":20,"turns":4},{"damage":23,"enemies":"Snake Plant","floor":21,"turns":4}],"seed_played":"-1015635249575607531","potions_obtained":[{"floor":2,"key":"Poison Potion"},{"floor":7,"key":"SpeedPotion"},{"floor":10,"key":"Swift Potion"},{"floor":12,"key":"SneckoOil"},{"floor":14,"key":"Block Potion"},{"floor":18,"key":"SpeedPotion"}],"is_trial":false,"path_per_floor":["M","M","M","T","M","E","M","?","T","M","E","M","R","M","R","B",null,"M","$","M","M"],"character_chosen":"THE_SILENT","items_purchased":["Membership Card","Strawberry","Mayhem","Flash of Steel"],"campfire_rested":1,"item_purchase_floors":[19,19,19,19],"current_hp_per_floor":[63,62,62,62,51,45,45,80,80,61,22,14,38,18,18,15,64,39,46,17,0,0],"gold":65,"neow_bonus":"BOSS_RELIC","is_daily":false,"chose_seed":false,"campfire_upgraded":0,"win_rate":0.0,"timestamp":1611899101,"path_taken":["M","M","M","?","M","E","M","?","T","M","E","M","R","M","R","BOSS","M","$","M","M"],"items_purchased_type":["Relic","Relic","Card","Card"],"build_version":"2020-12-22","purchased_purges":0,"victory":false,"max_hp_per_floor":[70,70,70,70,70,70,70,80,80,80,80,80,80,80,80,80,80,80,87,87,87,87],"card_choices":[{"not_picked":["Concentrate","Acrobatics"],"picked":"Flying Knee","floor":1},{"not_picked":["Cloak And Dagger","Deflect"],"picked":"Flying Knee","floor":2},{"not_picked":["Tactician","Blade Dance"],"picked":"Caltrops","floor":3},{"not_picked":["Dagger Spray","Outmaneuver"],"picked":"Infinite Blades","floor":5},{"not_picked":["Predator","Slice","Backflip"],"picked":"SKIP","floor":6},{"not_picked":["Predator","Slice","Backflip"],"picked":"SKIP","floor":6},{"not_picked":["Deflect","Deadly Poison"],"picked":"Footwork","floor":7},{"not_picked":["Slice","Flying Knee"],"picked":"Bane","floor":10},{"not_picked":["Blade Dance","Leg Sweep"],"picked":"Accuracy","floor":11},{"not_picked":["Deadly Poison","Dodge and Roll"],"picked":"Blade Dance","floor":12},{"not_picked":["Underhanded Strike","Concentrate"],"picked":"Flying Knee","floor":14},{"not_picked":["Night Terror","Malaise"],"picked":"Corpse Explosion","floor":16},{"not_picked":["Reflex","Infinite Blades"],"picked":"Blade Dance","floor":18},{"not_picked":["Tools of the Trade","Prepared+1"],"picked":"Dodge and Roll+1","floor":20}],"player_experience":509928,"relics_obtained":[{"floor":4,"key":"Pantograph"},{"floor":6,"key":"Bottled Lightning"},{"floor":9,"key":"Blood Vial"},{"floor":11,"key":"Torii"},{"floor":17,"key":"Omamori"},{"floor":17,"key":"Letter Opener"},{"floor":17,"key":"Girya"}],"event_choices":[{"cards_removed":["Bullet Time"],"damage_healed":25,"gold_gain":0,"player_choice":"Offered Rare","damage_taken":0,"max_hp_gain":10,"max_hp_loss":0,"event_name":"Bonfire Elementals","floor":8,"gold_loss":0}],"is_beta":false,"boss_relics":[{"not_picked":["Fusion Hammer","Runic Pyramid"],"picked":"Calling Bell"}],"items_purged_floors":[],"is_endless":false,"potions_floor_spawned":[2,7,10,12,14,18],"killed_by":"Snake Plant","ascension_level":6}}