{"host":"h5acbxt0wmjo1kpm","time":1611915125,"event":{"mods":["2.2 Compatiblity","Act Like it!","AlwaysNeverKeys","Aspiration","Bard","Bartender","BaseMod","Better Third Choice","Colored Map","Downfall","Elementarium","Gensokyo","GifTheSpireLib","Hallownest","Marisa????????","Menagerie","Minty Spire (QoL Compilation)","Permanent Neow","Potionbrewer","Quick Restart","Relic Filter","Reliquary","Replay The Spire","Robot Space Explorer","RumiaBox-????????","Shade Mod","Spicy Shops","StSLib","Strawberry Spire","The Blackbeard","The Dragon Tamer","The Gatherer","The Hayseed","The Problem Sleuth","The Servant 0.9.4","Wandering Minibosses","Wide Potions"],"gold_per_floor":[116,132,144,161,161,161,184,184,213,161,177,195,215,243,243,344,344,360,370,69,83,83,113,189,189,219,238,273,288,15,32,32,130,130,149,168,179,193,206,191,267,298,546,213,229,229,29,45,45,45],"floor_reached":51,"language":"ENG","playtime":3724,"items_purged":["bronze:Strike"],"score":930,"play_id":"24c33fdb-3d9d-412e-abb2-8ab0495177b1","local_time":"20210129021205","is_ascension_mode":false,"campfire_choices":[{"data":"bronze:Format","floor":6,"key":"SMITH"},{"data":"bronze:Flail","floor":8,"key":"SMITH"},{"data":"bronze:AlphaBuild","floor":15,"key":"SMITH"},{"floor":25,"key":"REST"},{"data":"Gensokyo:MenInBlack","floor":32,"key":"SMITH"},{"floor":47,"key":"RECALL"},{"data":"bronze:ClassDefault","floor":49,"key":"SMITH"}],"circlet_count":0,"master_deck":["bronze:Defend","bronze:Defend","bronze:Defend","bronze:Defend","bronze:Replicate","bronze:Goto","bronze:Format+1","bronze:Flail+1","bronze:Separator","bronze:ChosenStrike","bronze:Branch","Clumsy","bronze:CleanCode","bronze:FineTuning","bronze:FineTuning","bronze:Repair","bronze:AlphaBuild+1","bronze:ShipIt","bronze:Iterate","bronze:Constructor+1","bronze:CutThrough+1","bronze:Optimize","bronze:ForLoop","Flechettes","Dash","strawberrySpire:SideSwipe","bronze:ForceShield","bronze:Verify","bronze:ChosenStrike","bronze:Format","bronze:ChosenStrike","Gensokyo:MenInBlack+1","bronze:FineTuning+1","bronze:Mutator","bronze:CloningBeam+1","bronze:Terminator+1","bronze:ItsAFeature","bronze:GetLatest+1","bronze:Mutator","bronze:ClassDefault+1"],"relics":["bronze:BronzeCore","AddBug","SecretRecord","SecretRecord","SecretRecord","SecretRecord","SecretRecord","SecretRecord","SecretRecord","SecretRecord","SecretRecord"],"acts_visited":["Gensokyo:Gensokyo","Gensokyo:Gensokyoer","TheBeyond"],"potions_floor_usage":[13,16,16,26,28,31,33,35,38,39,39,50],"damage_taken":[{"damage":0,"enemies":"Gensokyo:3_Fairies","floor":1,"turns":5},{"damage":7,"enemies":"Gensokyo:Gryphon","floor":2,"turns":3},{"damage":0,"enemies":"Gensokyo:Python","floor":3,"turns":2},{"damage":11,"enemies":"Gensokyo:Gryphon_and_Rabbit","floor":4,"turns":4},{"damage":8,"enemies":"Gensokyo:Mamizou","floor":9,"turns":7},{"damage":0,"enemies":"Gensokyo:VengefulSpirit","floor":11,"turns":3},{"damage":7,"enemies":"Gensokyo:5_Fairies","floor":12,"turns":4},{"damage":3,"enemies":"Gensokyo:Python_and_Kodama","floor":13,"turns":6},{"damage":0,"enemies":"Gensokyo:Cirno","floor":14,"turns":4},{"damage":16,"enemies":"SI_SHIV_ARCHETYPE","floor":16,"turns":9},{"damage":15,"enemies":"Gensokyo:Chomper","floor":18,"turns":5},{"damage":0,"enemies":"Gensokyo:CosmicMonolith","floor":19,"turns":1},{"damage":4,"enemies":"downfall:FleeingMerchant","floor":20,"turns":4},{"damage":3,"enemies":"Gensokyo:Wraith","floor":21,"turns":6},{"damage":62,"enemies":"Gensokyo:Tenshi","floor":23,"turns":6},{"damage":3,"enemies":"Gensokyo:Koishi","floor":26,"turns":4},{"damage":0,"enemies":"Gensokyo:Chomper_and_Gloop","floor":27,"turns":2},{"damage":8,"enemies":"Gensokyo:Reisen","floor":28,"turns":7},{"damage":0,"enemies":"Gensokyo:3_Gloops","floor":29,"turns":3},{"damage":0,"enemies":"Gensokyo:Monolith_and_Dog","floor":31,"turns":3},{"damage":0,"enemies":"IC_MUSHROOM_ARCHETYPE","floor":33,"turns":6},{"damage":4,"enemies":"3 Shapes","floor":35,"turns":4},{"damage":0,"enemies":"Orb Walker","floor":36,"turns":1},{"damage":0,"enemies":"Writhing Mass","floor":37,"turns":4},{"damage":11,"enemies":"3 Darklings","floor":38,"turns":7},{"damage":0,"enemies":"Transient","floor":39,"turns":5},{"damage":0,"enemies":"downfall:FleeingMerchant","floor":40,"turns":4},{"damage":59,"enemies":"Nemesis","floor":42,"turns":3},{"damage":0,"enemies":"downfall:FleeingMerchant","floor":43,"turns":4},{"damage":26,"enemies":"Sphere and 2 Shapes","floor":45,"turns":3},{"damage":1,"enemies":"Maw","floor":48,"turns":3},{"damage":0,"enemies":"WA_ARCHETYPE_DIVINITY","floor":50,"turns":3}],"seed_played":"1350440200691089583","potions_obtained":[{"floor":3,"key":"TheSimpletonMod:MoonshinePotion"},{"floor":4,"key":"potionbrewer:ToxicPotion"},{"floor":11,"key":"SneckoOil"},{"floor":14,"key":"Languid Potion"},{"floor":16,"key":"Milkshake"},{"floor":18,"key":"potionbrewer:AcidPotion"},{"floor":23,"key":"Weak Potion"},{"floor":28,"key":"AttackPotion"},{"floor":29,"key":"potionbrewer:EndurancePotion"},{"floor":31,"key":"AttackPotion"},{"floor":36,"key":"SkillPotion"},{"floor":37,"key":"SkillPotion"},{"floor":48,"key":"Weak Potion"}],"is_trial":false,"path_per_floor":["M","M","M","M","?","R","T","R","E","?","M","M","M","E","R","B",null,"R_BF","M","$","M","?","E","T","R","E","M","E","M","COS","M","R","B",null,"R_BF","M","M","M","M","$","T","E","$","?","M","T","R","M","R","B",null],"character_chosen":"THE_AUTOMATON","items_purchased":["Potion Belt","bronze:Optimize","bronze:ClassDefault"],"campfire_rested":1,"item_purchase_floors":[20,20,43],"current_hp_per_floor":[63,56,56,45,45,45,45,45,37,63,63,56,53,63,63,51,63,48,48,56,63,63,7,7,25,22,22,14,29,29,29,29,29,63,59,59,59,63,63,63,63,46,46,71,69,69,79,78,78,78],"gold":45,"neow_bonus":"THREE_RARE_CARDS","is_daily":false,"chose_seed":false,"campfire_upgraded":5,"win_rate":0.0,"timestamp":1611915125,"path_taken":["M","?","M","M","?","R","T","R","E","?","M","M","M","E","R","BOSS","R_BF","M","$","M","?","E","T","R","E","M","E","?","COS","?","R","BOSS","R_BF","M","M","?","M","?","T","E","$","?","M","?","R","M","R","BOSS"],"items_purchased_type":["Relic","Card","Card"],"build_version":"2020-12-22","purchased_purges":1,"victory":true,"max_hp_per_floor":[63,63,63,63,63,63,63,63,63,63,63,63,63,63,63,63,63,63,63,63,63,63,63,63,63,63,63,63,63,63,63,63,63,63,63,63,63,63,63,63,63,63,63,71,71,71,81,81,81,81],"card_choices":[{"not_picked":["bronze:ShipIt","bronze:Break"],"picked":"bronze:Format","floor":0},{"not_picked":["bronze:WildBeam","bronze:Overload"],"picked":"bronze:Flail","floor":1},{"not_picked":["bronze:Iterate","bronze:Allocate"],"picked":"bronze:Separator","floor":2},{"not_picked":["bronze:Frontload","bronze:OilSpill"],"picked":"bronze:ChosenStrike","floor":3},{"not_picked":["bronze:Shield","bronze:Overheat"],"picked":"bronze:Branch","floor":4},{"not_picked":["bronze:Terminator","bronze:DarkDash"],"picked":"bronze:CleanCode","floor":9},{"not_picked":["bronze:Deprecate","bronze:WhirlingStrike"],"picked":"bronze:FineTuning","floor":11},{"not_picked":["bronze:Flail","bronze:Boost"],"picked":"bronze:FineTuning","floor":12},{"not_picked":["bronze:DelayedGuard","bronze:CutThrough"],"picked":"bronze:Repair","floor":13},{"not_picked":["bronze:BronzeOrb","bronze:DelayedGuard"],"picked":"bronze:AlphaBuild","floor":14},{"not_picked":["bronze:Virus","bronze:Assembly"],"picked":"bronze:ShipIt","floor":16},{"not_picked":["bronze:Separator+1","bronze:FineTuning"],"picked":"bronze:Iterate","floor":18},{"not_picked":["bronze:DarkDash","bronze:OilSpill"],"picked":"bronze:Constructor+1","floor":19},{"not_picked":["bronze:Return","bronze:Invalidate"],"picked":"bronze:CutThrough+1","floor":20},{"not_picked":["bronze:DarkDash","bronze:WildBeam"],"picked":"bronze:ForLoop","floor":21},{"not_picked":["bronze:BuggyMess","bronze:CutThrough+1"],"picked":"bronze:ForceShield","floor":23},{"not_picked":["bronze:Return","bronze:FineTuning"],"picked":"bronze:Verify","floor":26},{"not_picked":["bronze:Frontload","bronze:BugBarrage+1"],"picked":"bronze:ChosenStrike","floor":27},{"not_picked":["bronze:Backtrace","bronze:AlphaBuild"],"picked":"bronze:Format","floor":28},{"not_picked":["bronze:Deprecate","bronze:Turbo+1"],"picked":"bronze:ChosenStrike","floor":29},{"not_picked":["bronze:DigitalCarnage","bronze:GetLatest"],"picked":"bronze:FineTuning+1","floor":31},{"not_picked":["bronze:AlphaBuild","bronze:SpaghettiCode"],"picked":"bronze:Mutator","floor":33},{"not_picked":["bronze:Return","bronze:WildBeam"],"picked":"bronze:CloningBeam+1","floor":35},{"not_picked":["bronze:Branch","bronze:DelayedGuard"],"picked":"bronze:Terminator+1","floor":36},{"not_picked":["bronze:Iterate","bronze:Deprecate+1"],"picked":"bronze:ItsAFeature","floor":37},{"not_picked":["bronze:Branch+1","bronze:Separator"],"picked":"bronze:GetLatest+1","floor":38},{"not_picked":["bronze:Branch+1","bronze:BitShift+1"],"picked":"bronze:Mutator","floor":39},{"not_picked":["bronze:DelayedGuard+1","bronze:Return","bronze:Philosophize"],"picked":"SKIP","floor":40},{"not_picked":["bronze:WhirlingStrike","bronze:Separator","bronze:Deprecate"],"picked":"SKIP","floor":42},{"not_picked":["bronze:FollowUp","bronze:Separator+1","bronze:Repair"],"picked":"SKIP","floor":43},{"not_picked":["bronze:Overload+1","bronze:BronzeArmor","bronze:BuggyMess+1"],"picked":"SKIP","floor":45},{"not_picked":["bronze:Overheat","bronze:Invalidate","bronze:BitShift"],"picked":"SKIP","floor":48}],"player_experience":2642039,"relics_obtained":[{"floor":1,"key":"AddBug"},{"floor":7,"key":"Blue Doll"},{"floor":9,"key":"SecretRecord"},{"floor":9,"key":"Darkstone Periapt"},{"floor":14,"key":"Protect_Vest"},{"floor":18,"key":"SecretRecord"},{"floor":23,"key":"SecretRecord"},{"floor":23,"key":"Letter Opener"},{"floor":24,"key":"GodSword3"},{"floor":26,"key":"SecretRecord"},{"floor":26,"key":"Replay:Multitool"},{"floor":27,"key":"SecretRecord"},{"floor":28,"key":"Akabeko"},{"floor":35,"key":"wanderingMiniBosses:OtherGremlinHorn"},{"floor":38,"key":"SecretRecord"},{"floor":42,"key":"SecretRecord"},{"floor":42,"key":"reliquary:RoseTintedGlasses"},{"floor":43,"key":"SecretRecord"},{"floor":46,"key":"reliquary:SharkskinSheath"}],"event_choices":[],"is_beta":false,"boss_relics":[{"not_picked":["aspiration:WatcherSkillbook","Sozu"],"picked":"Honey Jar"},{"not_picked":["potionbrewer:BhaskarasWheel","Painkiller Herb"],"picked":"SacredBark"}],"items_purged_floors":[20],"is_endless":false,"potions_floor_spawned":[3,4,11,14,16,18,23,28,29,31,36,37,48],"ascension_level":0}}