{"host":"50qwps766cbz6ukm","time":1611923193,"event":{"mods":["BaseMod","Colored Map","Colored Powertips","DeckTracker","Highlight Path","Minty Spire (QoL Compilation)","Quick Restart","Remove Card Discount Mod","StSLib","SuperFastMode","Synergy Search"],"gold_per_floor":[116,116,127,145,48,48,73,73,73,73,105,128,128,148,148,251,251,270,192,206,206,218,218,252,268,294,319,353,268,286,300,300,405,455,466,466,466,466,516,545,545,573,599,431,451,471,499,518,518,518,518],"floor_reached":50,"language":"ENG","playtime":1415,"items_purged":["Strike_P","Pain","Strike_P","Strike_P","Strike_P","Defend_P","Defend_P","Defend_P","Defend_P","ConjureBlade"],"score":1015,"play_id":"da04b9e0-702b-4f17-8601-474910e2b5bf","local_time":"20210129142633","is_ascension_mode":true,"campfire_choices":[{"data":"Eruption","floor":6,"key":"SMITH"},{"data":"FollowUp","floor":8,"key":"SMITH"},{"data":"Consecrate","floor":10,"key":"SMITH"},{"floor":15,"key":"REST"},{"data":"LessonLearned","floor":23,"key":"SMITH"},{"floor":32,"key":"REST"},{"floor":41,"key":"REST"},{"floor":49,"key":"REST"}],"circlet_count":0,"master_deck":["Eruption+1","Vigilance+1","Protect+1","Consecrate+1","FollowUp+1","Dramatic Entrance+1","BattleHymn+1","LessonLearned+1","CurseOfTheBell","Dramatic Entrance+1","Adaptation+1","MasterReality+1","MentalFortress+1","LikeWater+1","FlurryOfBlows+1","LikeWater"],"relics":["PureWater","NeowsBlessing","WarpedTongs","Pantograph","Singing Bowl","The Courier","Ancient Tea Set","Vajra","Calling Bell","Omamori","Toxic Egg 2","TungstenRod","Boot","Letter Opener","Bronze Scales","Red Mask","Mummified Hand","Juzu Bracelet","Tiny House","Pocketwatch","Mercury Hourglass","CeramicFish","Lantern","Happy Flower","Bottled Tornado"],"acts_visited":["Exordium","TheCity","TheBeyond"],"potions_floor_usage":[24,24,46],"damage_taken":[{"damage":0,"enemies":"Jaw Worm","floor":1,"turns":1},{"damage":1,"enemies":"Cultist","floor":3,"turns":1},{"damage":0,"enemies":"Small Slimes","floor":4,"turns":1},{"damage":7,"enemies":"Lagavulin","floor":7,"turns":5},{"damage":7,"enemies":"3 Sentries","floor":11,"turns":3},{"damage":0,"enemies":"Gremlin Gang","floor":14,"turns":2},{"damage":0,"enemies":"Slime Boss","floor":16,"turns":5},{"damage":0,"enemies":"Spheric Guardian","floor":18,"turns":3},{"damage":0,"enemies":"3 Byrds","floor":20,"turns":4},{"damage":10,"enemies":"Snake Plant","floor":22,"turns":4},{"damage":23,"enemies":"Book of Stabbing","floor":24,"turns":4},{"damage":20,"enemies":"Centurion and Healer","floor":25,"turns":4},{"damage":0,"enemies":"Masked Bandits","floor":27,"turns":2},{"damage":0,"enemies":"Gremlin Leader","floor":28,"turns":3},{"damage":0,"enemies":"Sentry and Sphere","floor":30,"turns":1},{"damage":13,"enemies":"Shelled Parasite and Fungi","floor":31,"turns":3},{"damage":21,"enemies":"Automaton","floor":33,"turns":5},{"damage":9,"enemies":"3 Darklings","floor":35,"turns":3},{"damage":29,"enemies":"Mind Bloom Boss Battle","floor":39,"turns":5},{"damage":60,"enemies":"Nemesis","floor":40,"turns":8},{"damage":0,"enemies":"Reptomancer","floor":42,"turns":3},{"damage":14,"enemies":"3 Shapes","floor":45,"turns":2},{"damage":23,"enemies":"Maw","floor":46,"turns":6},{"damage":41,"enemies":"Nemesis","floor":47,"turns":5},{"damage":25,"enemies":"Jaw Worm Horde","floor":48,"turns":2},{"damage":75,"enemies":"Awakened One","floor":50,"turns":2}],"seed_played":"-5654954051485024863","potions_obtained":[{"floor":11,"key":"Strength Potion"},{"floor":14,"key":"Dexterity Potion"},{"floor":18,"key":"Weak Potion"},{"floor":24,"key":"FairyPotion"},{"floor":28,"key":"EssenceOfSteel"},{"floor":30,"key":"FairyPotion"},{"floor":31,"key":"StancePotion"},{"floor":47,"key":"SteroidPotion"},{"floor":48,"key":"Energy Potion"}],"is_trial":false,"path_per_floor":["M","?","M","M","$","R","E","R","T","R","E","T","?","M","R","B",null,"M","$","M","?","M","R","E","M","T","?","E","?","M","M","R","B",null,"M","?","?","?","?","E","R","E","T","$","M","M","E","M","R","B"],"character_chosen":"WATCHER","items_purchased":["Dramatic Entrance","Dramatic Entrance","Happy Flower","LikeWater"],"campfire_rested":4,"item_purchase_floors":[5,19,44,44],"current_hp_per_floor":[65,65,64,64,64,64,57,57,57,57,52,52,40,40,62,74,74,76,76,78,78,70,70,47,29,29,31,33,33,35,24,51,55,88,79,79,81,81,72,14,44,46,46,46,32,11,5,18,50,0,0],"gold":518,"neow_bonus":"THREE_ENEMY_KILL","is_daily":false,"chose_seed":false,"campfire_upgraded":4,"win_rate":0.0,"timestamp":1611923193,"path_taken":["M","?","?","M","$","R","E","R","T","R","E","?","?","M","R","BOSS","M","$","M","?","M","R","E","?","T","?","E","?","M","M","R","BOSS","M","?","?","?","?","E","R","E","T","$","M","M","E","M","R","BOSS"],"items_purchased_type":["Card","Card","Relic","Card"],"build_version":"2020-12-22","purchased_purges":10,"victory":false,"max_hp_per_floor":[72,72,72,72,72,72,72,72,72,72,74,74,74,74,74,74,74,76,76,78,78,80,80,80,82,82,84,86,86,88,90,90,90,97,97,97,99,99,101,103,103,105,105,105,105,107,109,109,109,109,109],"card_choices":[{"not_picked":["FlyingSleeves","EmptyBody"],"picked":"Protect","floor":1},{"not_picked":["JustLucky","BowlingBash"],"picked":"Consecrate","floor":3},{"not_picked":["Evaluate","SignatureMove"],"picked":"FollowUp","floor":4},{"not_picked":["Evaluate","SignatureMove"],"picked":"BattleHymn","floor":7},{"not_picked":["JustLucky","ThirdEye","FearNoEvil"],"picked":"Singing Bowl","floor":11},{"not_picked":["DeceiveReality","FlurryOfBlows"],"picked":"LessonLearned","floor":14},{"not_picked":["Omniscience","MasterReality"],"picked":"ConjureBlade","floor":16},{"not_picked":["EmptyFist","ClearTheMind+1","EmptyBody+1"],"picked":"Singing Bowl","floor":18},{"not_picked":["Prostrate+1","Protect+1","JustLucky+1"],"picked":"Singing Bowl","floor":20},{"not_picked":["CutThroughFate+1","ThirdEye+1","JustLucky"],"picked":"Singing Bowl","floor":22},{"not_picked":["Collect+1","Evaluate+1"],"picked":"Adaptation","floor":24},{"not_picked":["Consecrate","JustLucky","ReachHeaven+1"],"picked":"Singing Bowl","floor":25},{"not_picked":["FlyingSleeves","CutThroughFate+1","ClearTheMind+1"],"picked":"Singing Bowl","floor":27},{"not_picked":["SpiritShield+1","Perseverance+1","Evaluate+1"],"picked":"Singing Bowl","floor":28},{"not_picked":["EmptyFist","CarveReality","Wallop"],"picked":"Singing Bowl","floor":30},{"not_picked":["EmptyMind+1","ClearTheMind+1","CarveReality+1"],"picked":"Singing Bowl","floor":31},{"not_picked":["Scrawl+1","Vault+1"],"picked":"MasterReality","floor":33},{"not_picked":["BowlingBash","EmptyFist","Tantrum"],"picked":"Singing Bowl","floor":34},{"not_picked":["PathToVictory+1","InnerPeace+1"],"picked":"MentalFortress","floor":35},{"not_picked":["HandOfGreed","Impatience+1","Trip+1"],"picked":"Singing Bowl","floor":37},{"not_picked":["PathToVictory+1","EmptyBody+1","FlyingSleeves"],"picked":"Singing Bowl","floor":39},{"not_picked":["Wallop+1","Crescendo+1","Sanctity+1"],"picked":"Singing Bowl","floor":40},{"not_picked":["PathToVictory+1","InnerPeace+1","Sanctity+1"],"picked":"Singing Bowl","floor":42},{"not_picked":["Prostrate+1","PathToVictory+1"],"picked":"FlurryOfBlows+1","floor":45},{"not_picked":["CrushJoints+1","Protect+1","Evaluate+1"],"picked":"Singing Bowl","floor":46},{"not_picked":["EmptyBody+1","SashWhip+1","Meditate+1"],"picked":"Singing Bowl","floor":47},{"not_picked":["Weave","DeceiveReality+1"],"picked":"LikeWater","floor":48}],"player_experience":576375,"relics_obtained":[{"floor":7,"key":"Pantograph"},{"floor":9,"key":"Singing Bowl"},{"floor":11,"key":"The Courier"},{"floor":12,"key":"Ancient Tea Set"},{"floor":17,"key":"Omamori"},{"floor":17,"key":"Toxic Egg 2"},{"floor":17,"key":"TungstenRod"},{"floor":24,"key":"Letter Opener"},{"floor":26,"key":"Bronze Scales"},{"floor":27,"key":"Red Mask"},{"floor":28,"key":"Mummified Hand"},{"floor":39,"key":"Pocketwatch"},{"floor":40,"key":"Mercury Hourglass"},{"floor":42,"key":"CeramicFish"},{"floor":43,"key":"Lantern"},{"floor":47,"key":"Bottled Tornado"}],"event_choices":[{"damage_healed":0,"gold_gain":0,"player_choice":"Rummage","damage_taken":0,"relics_obtained":["WarpedTongs"],"max_hp_gain":0,"max_hp_loss":0,"event_name":"Accursed Blacksmith","floor":2,"gold_loss":0,"cards_obtained":["Pain"]},{"damage_healed":0,"gold_gain":0,"player_choice":"Success","damage_taken":12,"relics_obtained":["Vajra"],"max_hp_gain":0,"max_hp_loss":0,"event_name":"Scrap Ooze","floor":13,"gold_loss":0},{"damage_healed":0,"gold_gain":0,"player_choice":"Gave Potion","damage_taken":0,"relics_obtained":["Boot"],"max_hp_gain":0,"max_hp_loss":0,"event_name":"WeMeetAgain","floor":21,"gold_loss":0},{"damage_healed":0,"gold_gain":0,"player_choice":"Fought Bandits","damage_taken":0,"max_hp_gain":0,"max_hp_loss":0,"event_name":"Masked Bandits","floor":27,"gold_loss":0},{"damage_healed":0,"gold_gain":0,"player_choice":"Obtained Relic","damage_taken":0,"relics_obtained":["Juzu Bracelet"],"max_hp_gain":0,"max_hp_loss":0,"event_name":"Addict","floor":29,"gold_loss":85},{"damage_healed":0,"gold_gain":0,"player_choice":"Ignored","damage_taken":0,"max_hp_gain":0,"max_hp_loss":0,"event_name":"Purifier","floor":36,"gold_loss":0},{"damage_healed":0,"gold_gain":0,"player_choice":"Memory 1","damage_taken":0,"max_hp_gain":0,"max_hp_loss":0,"event_name":"SensoryStone","floor":37,"gold_loss":0},{"damage_healed":0,"gold_gain":0,"player_choice":"Upgraded","damage_taken":0,"max_hp_gain":0,"max_hp_loss":0,"event_name":"Upgrade Shrine","floor":38,"gold_loss":0,"cards_upgraded":["MentalFortress"]},{"damage_healed":0,"gold_gain":0,"player_choice":"Fight","damage_taken":0,"max_hp_gain":0,"max_hp_loss":0,"event_name":"MindBloom","floor":39,"gold_loss":0}],"is_beta":false,"boss_relics":[{"not_picked":["Pandora\u0027s Box","Velvet Choker"],"picked":"Calling Bell"},{"not_picked":["Empty Cage","Runic Dome"],"picked":"Tiny House"}],"items_purged_floors":[5,5,5,5,5,5,5,5,19,19],"is_endless":false,"potions_floor_spawned":[11,14,18,24,28,30,31,42,47,48],"killed_by":"Awakened One","ascension_level":7}}