{"host":"0azimyi6n3ugndj4","time":1611953979,"event":{"mods":["2.2 Compatiblity","BaseMod","Bestiary","Conspire","Curses Come First","Defuse TimeMaze Blight","Hermit","Hubris","Hyrulean Relics","Infinite Spire","Keyboard Shortcuts","Minty Spire (QoL Compilation)","Relic Filter Mod","Relic Stats","Reliquary","Replay The Spire","StSLib","SuperFastMode","The Cursed","The Hierophant","Uncapped","¡¼?Úª?ø«¡½REMEMod"],"gold_per_floor":[162,312,312,312,398,498,498,603,603,721,646,768,264,654,654,910,910,1000,1000,1000,390,390,390,494,624,624,624,743,896,1026,1117,1117,1403,1403,1524,1524,1524,1711,1711,1839,1839,1839,1910,1312,1377,1513,1633,1708,1708,1981,1981,1981],"floor_reached":51,"language":"KOR","playtime":753,"items_purged":[],"score":1674,"play_id":"bb2c118d-83ad-4e5f-843a-3f694ac7f9cc","local_time":"20210130055939","daily_mods":["Draft","Hoarder","Insanity","Chimera","Specialized","Vintage","ControlledChaos","Allstar","Diverse","Colorless Cards","Heirloom","Time Dilation","Flight","Elite Swarm","Lethality","Midas","Binary"],"is_ascension_mode":true,"campfire_choices":[{"floor":7.0,"key":"REST"},{"floor":15.0,"key":"REST"},{"floor":23.0,"key":"REST"},{"floor":32.0,"key":"REST"},{"floor":49,"key":"REST"}],"circlet_count":0,"master_deck":["Demon Form+1","Wraith Form v2","Echo Form","DevaForm","AscendersBane","Bash","Survivor","Zap","Strike_R","Strike_G","Defend_R","Defend_G","Defend_P","Twin Strike","BowlingBash","Cleave","TheCursedMod:TacticalStrike","Choke","Scrape","REME_Repentance","hermit:LowProfile","hierophant:Doomsaying","Rebound","Deflect","Go for the Eyes","Compile Driver","hermit:WideOpen","Pummel","hermit:ItchyTrigger","Hello World","Sweeping Beam","hierophant:Zeal","hermit:Glare","TheCursedMod:CursedShiv","Finesse","TheCursedMod:StingEye","TheCursedMod:FleshFromBone","hierophant:RepressedViolence","Sweeping Beam","Blade Dance","TheCursedMod:StingEye","TheCursedMod:Torture","Headbutt","Flex","Barrage","hierophant:SealAway","Aggregate","Sweeping Beam","hubris:SharpeningStone","TheCursedMod:SmokeScreen","Poisoned Stab","Ball Lightning","Thunderclap","CutThroughFate","hermit:HighCaliber","Hello World","Run Through","Hologram","TheCursedMod:CursedMace","Wild Strike","Cloak And Dagger","Sanctity","TheCursedMod:CursedBoomerang","ReplayGash","ReplayGash","ReplayGash","ReplayGash","ReplayGash","ReplayGash","ReplayGash","ReplayGash","ReplayGash","ReplayGash","ReplayGash","ReplayGash","ReplayGash","ReplayGash","ReplayGash","hierophant:Doubloon","hierophant:Doubloon","hierophant:Doubloon","hierophant:Doomsaying","hierophant:Doomsaying","hierophant:Doomsaying","Predator","Predator","Predator","BowlingBash","BowlingBash","BowlingBash","Thunderclap","Thunderclap","Thunderclap","Perseverance","Perseverance","Perseverance","Good Instincts","Good Instincts","Good Instincts","ReplayTheSpireMod:Trickstab","ReplayTheSpireMod:Trickstab","ReplayTheSpireMod:Trickstab","hermit:BodyArmor","hermit:BodyArmor","hermit:BodyArmor","BootSequence","BootSequence","BootSequence","BasicCrystalCard","BasicCrystalCard","BasicCrystalCard","hermit:TakeCover","hermit:TakeCover","hermit:TakeCover","Backstab","Backstab","Backstab","Backstab","Backstab","Backstab","hermit:Vantage","hermit:Vantage","hermit:Vantage","REME_SpectralBlade","REME_SpectralBlade","REME_SpectralBlade","Doubt","Doubt","Pot Of Greed","Pot Of Greed","Pot Of Greed","Pot Of Greed","Pot Of Greed","Pot Of Greed","Pot Of Greed","Pot Of Greed","Pot Of Greed","Pot Of Greed","Pot Of Greed","Pot Of Greed","Pot Of Greed","Pot Of Greed","Pot Of Greed","Pot Of Greed","Pot Of Greed","Pot Of Greed","Pot Of Greed","Pot Of Greed","Pot Of Greed","Pot Of Greed","Pot Of Greed","Pot Of Greed","Pot Of Greed","Pot Of Greed","Pot Of Greed","Pot Of Greed","Pot Of Greed","Pot Of Greed","Pot Of Greed","Pot Of Greed","Pot Of Greed","hermit:Determination","hermit:Determination","hermit:Determination","Pot Of Greed","Pot Of Greed","Pot Of Greed"],"relics":["Cracked Core","Frozen Eye","Busted Crown","REME_ComplimentaryCards","conspire:Boomerang","Molten Egg 2","zeldaRelics:CourageTriforce","Golden Idol","Grinning Jar","zeldaRelics:WisdomTriforce","zeldaRelics:Boomerang","Bag of Preparation","Blue Doll","Old Coin","Nuclear Battery","reliquary:ExpiredCoupon","Mercury Hourglass","Akabeko","Toolbox","zeldaRelics:PowerTriforce","hubris:CrystalStatue","Ancient Tea Set","reliquary:QuartzCube","Carrot","conspire:DecoderRing","reliquary:KinkedSpring","Replay:Wax Seal","CeramicFish","Vajra","conspire:InfiniteJournal","Mummified Hand","Sling","Replay:Rubber Ducky","Toxic Egg 2","Bag of Marbles","hubris:Zylophone","infinitespire:Golems Mask"],"acts_visited":["Exordium","TheCity","TheBeyond"],"potions_floor_usage":[51,51],"damage_taken":[{"damage":0.0,"enemies":"Small Slimes","floor":1.0,"turns":1.0},{"damage":0.0,"enemies":"Jaw Worm","floor":5.0,"turns":1.0},{"damage":0.0,"enemies":"3 Sentries","floor":6.0,"turns":2.0},{"damage":0.0,"enemies":"Lagavulin","floor":8.0,"turns":1.0},{"damage":0.0,"enemies":"Replay:BlueRogue","floor":10.0,"turns":1.0},{"damage":5.0,"enemies":"3 Sentries","floor":12.0,"turns":3.0},{"damage":0.0,"enemies":"2 Louse","floor":14.0,"turns":1.0},{"damage":30.0,"enemies":"The Guardian","floor":16.0,"turns":5.0},{"damage":0.0,"enemies":"2 Thieves","floor":18.0,"turns":1.0},{"damage":0.0,"enemies":"Chosen","floor":24.0,"turns":1.0},{"damage":0.0,"enemies":"Nightmare","floor":25.0,"turns":2.0},{"damage":0.0,"enemies":"Centurion and Healer","floor":28.0,"turns":2.0},{"damage":0.0,"enemies":"conspire:MimicChest","floor":29.0,"turns":2.0},{"damage":0.0,"enemies":"Book of Stabbing","floor":30.0,"turns":1.0},{"damage":0.0,"enemies":"Snake Plant","floor":31.0,"turns":1.0},{"damage":21.0,"enemies":"conspire:MysteriousRune","floor":33.0,"turns":6.0},{"damage":22.0,"enemies":"3 Shapes","floor":35.0,"turns":3.0},{"damage":0.0,"enemies":"3 Darklings","floor":38.0,"turns":4.0},{"damage":6.0,"enemies":"Giant Head","floor":40.0,"turns":6.0},{"damage":8.0,"enemies":"4 Shapes","floor":46.0,"turns":3.0},{"damage":0.0,"enemies":"Mind Bloom Boss Battle","floor":47.0,"turns":1.0},{"damage":0,"enemies":"Maw","floor":48,"turns":3},{"damage":26,"enemies":"Replay:Hell Engine","floor":50,"turns":7},{"damage":17,"enemies":"Donu and Deca","floor":51,"turns":1}],"seed_played":"-7208715521852007995","potions_obtained":[{"floor":6.0,"key":"LiquidMemories"},{"floor":8.0,"key":"AttackPotion"},{"floor":45.0,"key":"AttackPotion"}],"is_trial":true,"path_per_floor":["M","?","T","?","M","E","R","E","T","E","?","E","$","M","R","B",null,"M","?","?","$","T","R","M","NM","T","?","M","?","E","M","R","B",null,"M","?","?","M","?","E","?","T","T","$","?","M","?","M","R","B","B"],"character_chosen":"DEFECT","items_purchased":["zeldaRelics:Boomerang","Bag of Preparation","Blue Doll","Mercury Hourglass","Akabeko","Toolbox","Sling","Replay:Rubber Ducky","Toxic Egg 2"],"campfire_rested":5,"item_purchase_floors":[13,13,13,21,21,21,44,44,44],"current_hp_per_floor":[64,64,64,40,40,40,61,61,61,61,61,56,56,56,71,41,64,64,64,64,64,64,71,71,71,71,71,71,71,71,71,71,50,66,44,44,44,44,47,41,41,41,41,41,17,9,9,9,31,5,0,0],"gold":1981,"neow_bonus":"","is_daily":false,"chose_seed":false,"campfire_upgraded":0,"win_rate":0.0,"timestamp":1611953979,"path_taken":["M","?","?","?","?","E","R","E","T","E","?","E","?","?","R","BOSS","M","?","?","$","?","R","M","NM","T","?","?","?","E","M","R","BOSS","M","?","?","?","?","E","?","?","T","?","?","?","?","M","R","BOSS","BOSS"],"items_purchased_type":["Relic","Relic","Relic","Relic","Relic","Relic","Relic","Relic","Relic"],"build_version":"2020-12-22","purchased_purges":0,"victory":false,"max_hp_per_floor":[71,71,71,71,71,71,71,71,71,71,71,71,71,71,71,71,71,71,71,71,71,71,71,71,71,71,71,71,71,71,71,71,71,71,71,71,71,71,74,74,74,74,74,74,74,74,74,74,74,74,74,74],"relic_stats":{"Busted Crown":86,"counters":[24,59],"Golden Idol":171,"Mummified Hand":[1],"CeramicFish":0,"Bag of Preparation":[3],"obtain_stats":[{"zeldaRelics:Boomerang":13,"Carrot":30,"hubris:CrystalStatue":24,"CeramicFish":38,"Vajra":40,"Blue Doll":13,"Bag of Preparation":13,"Ancient Tea Set":28,"reliquary:QuartzCube":29,"Sling":44,"zeldaRelics:WisdomTriforce":12,"Old Coin":14,"conspire:InfiniteJournal":42,"Replay:Rubber Ducky":44,"Frozen Eye":0,"Mummified Hand":43,"conspire:DecoderRing":31,"Toolbox":21,"infinitespire:Golems Mask":48,"zeldaRelics:CouragePiece":3,"Replay:Wax Seal":35,"Toxic Egg 2":44,"Cracked Core":0,"zeldaRelics:PowerPiece":22,"zeldaRelics:WisdomPiece":9,"Golden Idol":4,"conspire:Boomerang":0,"zeldaRelics:PowerTriforce":26,"zeldaRelics:CourageTriforce":8,"Akabeko":21,"Nuclear Battery":17,"Mercury Hourglass":21,"reliquary:KinkedSpring":34,"hubris:Zylophone":47,"reliquary:ExpiredCoupon":18,"Busted Crown":0,"Molten Egg 2":1,"Bag of Marbles":46,"Grinning Jar":5,"REME_ComplimentaryCards":0},{"zeldaRelics:Boomerang":6,"Carrot":14,"hubris:CrystalStatue":10,"CeramicFish":18,"Vajra":19,"Blue Doll":6,"Bag of Preparation":6,"Ancient Tea Set":12,"reliquary:QuartzCube":13,"Sling":19,"zeldaRelics:WisdomTriforce":6,"Old Coin":7,"conspire:InfiniteJournal":19,"Replay:Rubber Ducky":19,"Frozen Eye":0,"Mummified Hand":19,"conspire:DecoderRing":15,"Toolbox":9,"infinitespire:Golems Mask":22,"zeldaRelics:CouragePiece":1,"Replay:Wax Seal":17,"Toxic Egg 2":19,"Cracked Core":0,"zeldaRelics:PowerPiece":9,"zeldaRelics:WisdomPiece":4,"Golden Idol":1,"conspire:Boomerang":0,"zeldaRelics:PowerTriforce":11,"zeldaRelics:CourageTriforce":4,"Akabeko":9,"Nuclear Battery":8,"Mercury Hourglass":9,"reliquary:KinkedSpring":16,"hubris:Zylophone":21,"reliquary:ExpiredCoupon":9,"Busted Crown":0,"Molten Egg 2":1,"Bag of Marbles":20,"Grinning Jar":2,"REME_ComplimentaryCards":0},{"zeldaRelics:Boomerang":9,"Carrot":24,"hubris:CrystalStatue":17,"CeramicFish":38,"Vajra":44,"Blue Doll":9,"Bag of Preparation":9,"Ancient Tea Set":21,"reliquary:QuartzCube":23,"Sling":44,"zeldaRelics:WisdomTriforce":9,"Old Coin":10,"conspire:InfiniteJournal":44,"Replay:Rubber Ducky":44,"Frozen Eye":0,"Mummified Hand":44,"conspire:DecoderRing":25,"Toolbox":16,"infinitespire:Golems Mask":51,"zeldaRelics:CouragePiece":1,"Replay:Wax Seal":34,"Toxic Egg 2":44,"Cracked Core":0,"zeldaRelics:PowerPiece":16,"zeldaRelics:WisdomPiece":5,"Golden Idol":1,"conspire:Boomerang":0,"zeldaRelics:PowerTriforce":19,"zeldaRelics:CourageTriforce":5,"Akabeko":16,"Nuclear Battery":15,"Mercury Hourglass":16,"reliquary:KinkedSpring":31,"hubris:Zylophone":48,"reliquary:ExpiredCoupon":16,"Busted Crown":0,"Molten Egg 2":1,"Bag of Marbles":47,"Grinning Jar":2,"REME_ComplimentaryCards":0}],"Mercury Hourglass":[161]},"card_choices":[{"not_picked":["hierophant:Bribe","Bane"],"picked":"hierophant:Doubloon","floor":0.0},{"not_picked":["Perfected Strike","Dagger Spray"],"picked":"hierophant:Doomsaying","floor":0.0},{"not_picked":["hierophant:RustyCrate","Replay:AtTheReady"],"picked":"Predator","floor":0.0},{"not_picked":["hermit:CalledShot","hierophant:Encroach"],"picked":"BowlingBash","floor":0.0},{"not_picked":["Sucker Punch","Setup"],"picked":"Thunderclap","floor":0.0},{"not_picked":["ReplayTheSpireMod:Speed Training","hierophant:HolyVerse"],"picked":"Perseverance","floor":0.0},{"not_picked":["Ball Lightning","Replay:Cycle"],"picked":"Good Instincts","floor":0.0},{"not_picked":["Replay:ManipulateFuture","Flex"],"picked":"ReplayTheSpireMod:Trickstab","floor":0.0},{"not_picked":["hierophant:Repentance","Noxious Fumes"],"picked":"hermit:BodyArmor","floor":0.0},{"not_picked":["Deflect","hermit:WideOpen"],"picked":"BootSequence","floor":0.0},{"not_picked":["CrushJoints","conspire:SharedLibrary"],"picked":"BasicCrystalCard","floor":0.0},{"not_picked":["Darkness","Conclude"],"picked":"hermit:TakeCover","floor":0.0},{"not_picked":["Headbutt","PiercingWail"],"picked":"Backstab","floor":0.0},{"not_picked":["hierophant:Shelter","Finisher"],"picked":"Backstab","floor":0.0},{"not_picked":["Cleave","Poisoned Stab"],"picked":"hermit:Vantage","floor":0.0}],"player_experience":1573581,"relics_obtained":[{"floor":1.0,"key":"Molten Egg 2"},{"floor":3.0,"key":"zeldaRelics:CouragePiece"},{"floor":5.0,"key":"Grinning Jar"},{"floor":6.0,"key":"zeldaRelics:CouragePiece"},{"floor":8.0,"key":"zeldaRelics:CouragePiece"},{"floor":9.0,"key":"zeldaRelics:WisdomPiece"},{"floor":10.0,"key":"zeldaRelics:WisdomPiece"},{"floor":12.0,"key":"zeldaRelics:WisdomPiece"},{"floor":14.0,"key":"Old Coin"},{"floor":18.0,"key":"reliquary:ExpiredCoupon"},{"floor":22.0,"key":"zeldaRelics:PowerPiece"},{"floor":24.0,"key":"hubris:CrystalStatue"},{"floor":25.0,"key":"zeldaRelics:PowerPiece"},{"floor":26.0,"key":"zeldaRelics:PowerPiece"},{"floor":28.0,"key":"Ancient Tea Set"},{"floor":29.0,"key":"reliquary:QuartzCube"},{"floor":30.0,"key":"Carrot"},{"floor":31.0,"key":"conspire:DecoderRing"},{"floor":35.0,"key":"Replay:Wax Seal"},{"floor":38.0,"key":"CeramicFish"},{"floor":40.0,"key":"Vajra"},{"floor":42.0,"key":"conspire:InfiniteJournal"},{"floor":43.0,"key":"Mummified Hand"},{"floor":46.0,"key":"Bag of Marbles"},{"floor":47,"key":"hubris:Zylophone"},{"floor":48,"key":"infinitespire:Golems Mask"}],"event_choices":[{"damage_healed":0.0,"max_hp_gain":0.0,"max_hp_loss":0.0,"gold_gain":150.0,"event_name":"Liars Game","player_choice":"AGREE","floor":2.0,"gold_loss":0.0,"damage_taken":0.0,"cards_obtained":["Doubt"]},{"damage_healed":0.0,"max_hp_gain":0.0,"max_hp_loss":0.0,"gold_gain":0.0,"event_name":"Golden Idol","player_choice":"Take Damage","floor":4.0,"gold_loss":0.0,"damage_taken":24.0,"relics_obtained":["Golden Idol"]},{"cards_removed":["Doubt"],"damage_healed":0.0,"max_hp_gain":0.0,"max_hp_loss":0.0,"gold_gain":0.0,"event_name":"The Cleric","player_choice":"Card Removal","floor":11.0,"gold_loss":75.0,"damage_taken":0.0},{"damage_healed":0.0,"max_hp_gain":0.0,"max_hp_loss":0.0,"gold_gain":0.0,"event_name":"Ghosts","player_choice":"Ignored","floor":20.0,"gold_loss":0.0,"damage_taken":0.0},{"damage_healed":0.0,"max_hp_gain":0.0,"max_hp_loss":0.0,"gold_gain":0.0,"event_name":"Upgrade Shrine","player_choice":"Upgraded","floor":27.0,"gold_loss":0.0,"damage_taken":0.0,"cards_upgraded":["Demon Form"]},{"cards_removed":["Strike_B"],"damage_healed":0.0,"max_hp_gain":0.0,"max_hp_loss":0.0,"gold_gain":0.0,"event_name":"Falling","player_choice":"Removed Attack","floor":36.0,"gold_loss":0.0,"damage_taken":0.0},{"damage_healed":0.0,"max_hp_gain":0.0,"max_hp_loss":0.0,"gold_gain":0.0,"cards_transformed":["Eruption"],"event_name":"Transmorgrifier","player_choice":"Transformed","floor":37.0,"gold_loss":0.0,"damage_taken":0.0,"cards_obtained":["hermit:Determination"]},{"damage_healed":0.0,"max_hp_gain":0.0,"max_hp_loss":0.0,"gold_gain":0.0,"event_name":"Tomb of Lord Red Mask","player_choice":"Ignored","floor":41.0,"gold_loss":0.0,"damage_taken":0.0},{"damage_healed":0.0,"max_hp_gain":0.0,"max_hp_loss":0.0,"gold_gain":0.0,"event_name":"MindBloom","player_choice":"Fight","floor":47.0,"gold_loss":0.0,"damage_taken":0.0}],"is_beta":false,"boss_relics":[{"not_picked":["conspire:SlowCooker","reliquary:WritOfMandamus"],"picked":"Nuclear Battery"},{"not_picked":["hubris:ScarierMask","ChewingGum"],"picked":"reliquary:KinkedSpring"}],"items_purged_floors":[],"is_endless":true,"potions_floor_spawned":[6,8,14,24,28,29,31,40,46,50],"killed_by":"Donu and Deca","ascension_level":20}}