{"host":"59fzh68erzs7h44i","time":1611954027,"event":{"mods":["AchievementEnabler","BaseMod","Downfall","Minty Spire (QoL Compilation)","StSLib","The Jungle"],"gold_per_floor":[109,109,121,157,169,181,224,246,258,270,282,310,337,349,361,471,483,515,539,551,573,461,461,461],"floor_reached":23,"language":"ENG","playtime":914,"items_purged":["Defend_P"],"score":214,"play_id":"35a75722-2bb4-47c6-9201-e7252e027498","local_time":"20210129160027","is_ascension_mode":false,"campfire_choices":[{"data":"CutThroughFate","floor":6,"key":"SMITH"},{"data":"JustLucky","floor":10,"key":"SMITH"},{"floor":15,"key":"REST"}],"circlet_count":0,"master_deck":["Defend_P","Defend_P","Eruption+1","Vigilance+1","CutThroughFate+1","CrushJoints","JustLucky+1","WaveOfTheHand","CutThroughFate","DevaForm","FollowUp+1","CrushJoints+1","Slimebound:Tackle+1","Slimebound:Tackle+1","Slimebound:Tackle+1","EmptyBody+1","ThirdEye"],"relics":["PureWater","NeowsBlessing","MawBank","Juzu Bracelet","Question Card","Girya","Du-Vu Doll","Sozu"],"acts_visited":["Exordium","TheCity"],"potions_floor_usage":[16],"damage_taken":[{"damage":0,"enemies":"Jaw Worm","floor":1,"turns":1},{"damage":0,"enemies":"Lagavulin","floor":7,"turns":1},{"damage":0,"enemies":"2 Louse","floor":8,"turns":1},{"damage":0,"enemies":"Cultist","floor":12,"turns":2},{"damage":0,"enemies":"Looter","floor":13,"turns":3},{"damage":24,"enemies":"Slime Boss","floor":16,"turns":8},{"damage":4,"enemies":"Shell Parasite","floor":18,"turns":4},{"damage":15,"enemies":"3 Byrds","floor":19,"turns":6},{"damage":20,"enemies":"Snake Plant","floor":21,"turns":3},{"damage":33,"enemies":"Gremlin Leader","floor":23,"turns":8}],"seed_played":"300675547651592236","potions_obtained":[{"floor":7,"key":"FearPotion"},{"floor":8,"key":"SkillPotion"}],"is_trial":false,"path_per_floor":["M","?","?","T","?","R","E","M","T","R","?","M","M","?","R","B",null,"M","M","?","M","$","E"],"character_chosen":"WATCHER","items_purchased":["ThirdEye"],"campfire_rested":1,"item_purchase_floors":[22],"current_hp_per_floor":[72,39,32,32,56,56,56,56,56,56,56,56,56,42,63,39,72,68,53,53,33,33,0,0],"gold":461,"neow_bonus":"THREE_ENEMY_KILL","is_daily":false,"chose_seed":false,"campfire_upgraded":2,"win_rate":0.0,"timestamp":1611954027,"path_taken":["M","?","?","?","?","R","E","M","T","R","?","M","M","?","R","BOSS","M","M","?","M","$","E"],"items_purchased_type":["Card"],"build_version":"2020-12-22","purchased_purges":1,"victory":false,"max_hp_per_floor":[72,72,72,72,72,72,72,72,72,72,72,72,72,72,72,72,72,72,72,72,72,72,72,72],"card_choices":[{"not_picked":["EmptyFist","BowlingBash"],"picked":"CutThroughFate","floor":1},{"not_picked":["Crescendo","Evaluate"],"picked":"CrushJoints","floor":7},{"not_picked":["FollowUp","FearNoEvil","Conclude"],"picked":"JustLucky","floor":8},{"not_picked":["FlurryOfBlows","EmptyBody","WreathOfFlame"],"picked":"WaveOfTheHand","floor":12},{"not_picked":["FlurryOfBlows","ConjureBlade","EmptyBody"],"picked":"CutThroughFate","floor":13},{"not_picked":["DeusExMachina","Establishment","Vault"],"picked":"DevaForm","floor":16},{"not_picked":["Evaluate+1","BowlingBash","PathToVictory"],"picked":"FollowUp+1","floor":18},{"not_picked":["Crescendo+1","Evaluate+1","Collect"],"picked":"CrushJoints+1","floor":19},{"not_picked":["Fasting2","InnerPeace","Collect+1"],"picked":"EmptyBody+1","floor":21}],"player_experience":187196,"relics_obtained":[{"floor":4,"key":"Juzu Bracelet"},{"floor":7,"key":"Question Card"},{"floor":9,"key":"Girya"}],"event_choices":[{"damage_healed":0,"gold_gain":0,"player_choice":"Success","damage_taken":33,"relics_obtained":["MawBank"],"max_hp_gain":0,"max_hp_loss":0,"event_name":"Scrap Ooze","floor":2,"gold_loss":0},{"cards_removed":["Defend_P"],"damage_healed":0,"gold_gain":0,"player_choice":"Card Removal","damage_taken":7,"max_hp_gain":0,"max_hp_loss":0,"event_name":"Golden Wing","floor":3,"gold_loss":0},{"damage_healed":24,"gold_gain":0,"player_choice":"Banana","damage_taken":0,"max_hp_gain":0,"max_hp_loss":0,"event_name":"Big Fish","floor":5,"gold_loss":0},{"damage_healed":0,"gold_gain":0,"player_choice":"Searched \u00271\u0027 times","damage_taken":0,"relics_obtained":["Du-Vu Doll"],"max_hp_gain":0,"max_hp_loss":0,"event_name":"Dead Adventurer","floor":11,"gold_loss":0},{"damage_healed":0,"gold_gain":0,"player_choice":"Entered Light","damage_taken":14,"max_hp_gain":0,"max_hp_loss":0,"event_name":"Shining Light","floor":14,"gold_loss":0,"cards_upgraded":["Vigilance","Eruption"]}],"is_beta":false,"boss_relics":[{"not_picked":["Astrolabe","Coffee Dripper"],"picked":"Sozu"}],"items_purged_floors":[22],"is_endless":false,"potions_floor_spawned":[7,8],"killed_by":"Gremlin Leader","ascension_level":0}}