{"host":"0luxfixkkfk9wck3","time":1611945524,"event":{"mods":["BaseMod","DeckTracker","Downfall","Highlight Path","Minty Spire (QoL Compilation)","StSLib"],"gold_per_floor":[99,116,129,129,149,149,149,149,149,165,184,184,202,202,215,215,215,215],"floor_reached":16,"language":"ENG","playtime":568,"items_purged":[],"score":122,"play_id":"4de708cd-6061-4565-a81a-2f207fb7cf37","local_time":"20210129123844","is_ascension_mode":true,"campfire_choices":[{"data":"sneckomod:TailWhip","floor":1,"key":"SMITH"},{"data":"Body Slam","floor":9,"key":"SMITH"}],"circlet_count":0,"master_deck":["sneckomod:Defend","sneckomod:Defend","sneckomod:Defend","sneckomod:TailWhip+1","sneckomod:SnekBite","sneckomod:Unknown","sneckomod:Unknown","Body Slam+1","sneckomod:UnendingSupply","Juggernaut","Juggernaut","sneckomod:SerpentIdol","sneckomod:UnknownUncommonSkill"],"relics":["sneckomod:SneckoSoul","Pear"],"acts_visited":["Exordium"],"potions_floor_usage":[13,16,16,16],"damage_taken":[{"damage":3,"enemies":"Small Slimes","floor":2,"turns":2},{"damage":0,"enemies":"Cultist","floor":3,"turns":3},{"damage":2,"enemies":"2 Louse","floor":5,"turns":3},{"damage":6,"enemies":"Blue Slaver","floor":10,"turns":4},{"damage":5,"enemies":"2 Fungi Beasts","floor":11,"turns":3},{"damage":40,"enemies":"Lots of Slimes","floor":13,"turns":8},{"damage":0,"enemies":"Blue Slaver","floor":15,"turns":3},{"damage":37,"enemies":"DF_ARCHETYPE_STREAMLINE","floor":16,"turns":4}],"seed_played":"-7065197027501780789","potions_obtained":[{"floor":3,"key":"CultistPotion"},{"floor":4,"key":"sneckomod:OffclassReductionPotion"},{"floor":4,"key":"PowerPotion"},{"floor":13,"key":"BlessingOfTheForge"}],"is_trial":false,"path_per_floor":["R","M","M","?","M","R","T","?","R","M","M","R","M","?","M","B"],"character_chosen":"THE_SNECKO","items_purchased":[],"campfire_rested":0,"item_purchase_floors":[],"current_hp_per_floor":[81,78,78,78,76,76,86,86,86,80,75,75,35,35,35,0,0,0],"gold":215,"neow_bonus":"REMOVE_CARD","is_daily":false,"chose_seed":false,"campfire_upgraded":2,"win_rate":0.0,"timestamp":1611945524,"path_taken":["R","M","M","?","?","R","T","?","R","M","M","R","M","?","M","BOSS"],"items_purchased_type":[],"build_version":"2020-12-22","purchased_purges":0,"victory":false,"max_hp_per_floor":[90,90,90,90,90,90,100,100,100,100,100,100,100,100,100,100,100,100],"card_choices":[{"not_picked":["sneckomod:Nope","sneckomod:UnknownDraw"],"picked":"sneckomod:UnknownCommonAttack","floor":2},{"not_picked":["sneckomod:SoulCleanse","sneckomod:DiceBlock"],"picked":"sneckomod:UnknownBlock","floor":3},{"not_picked":["sneckomod:UnknownCommonAttack","sneckomod:UnknownBlock"],"picked":"sneckomod:Unknown2Cost","floor":5},{"not_picked":["sneckomod:SoulDraw","sneckomod:IronFang"],"picked":"sneckomod:UnendingSupply","floor":10},{"not_picked":["sneckomod:WideSting","sneckomod:UnknownCommonAttack"],"picked":"sneckomod:Memorize","floor":11},{"not_picked":["sneckomod:Rotation","sneckomod:RainOfDice"],"picked":"sneckomod:SerpentIdol","floor":13},{"not_picked":["sneckomod:UnknownDraw","sneckomod:Transmogrify"],"picked":"sneckomod:UnknownUncommonSkill","floor":15}],"player_experience":11421064,"relics_obtained":[{"floor":7,"key":"Pear"}],"event_choices":[{"damage_healed":0,"gold_gain":0,"player_choice":"Got Potions","damage_taken":0,"max_hp_gain":0,"max_hp_loss":0,"event_name":"Lab","floor":4,"gold_loss":0},{"cards_removed":["sneckomod:Strike"],"damage_healed":0,"gold_gain":0,"player_choice":"Card Removal","damage_taken":0,"max_hp_gain":0,"max_hp_loss":0,"event_name":"The Cleric","floor":14,"gold_loss":0}],"is_beta":false,"boss_relics":[],"items_purged_floors":[],"is_endless":false,"potions_floor_spawned":[3,13,15],"killed_by":"DF_ARCHETYPE_STREAMLINE","ascension_level":6}}