{"host":"y7357sx8ps3jkgoj","time":1611956059,"event":{"mods":["BaseMod","Friendly Minions","Minty Spire (QoL Compilation)","Permanent Neow","Relic Stats","Shop Mod","StSLib","The Alterego","Uncapped","Unceasing Turn Reminder"],"gold_per_floor":[118,118,43,118,133,133,165,175,200,200,228,228,128,143,143,238,238,249,109,109,126,144,144,144,144],"floor_reached":24,"language":"ENG","playtime":1329,"items_purged":["alterego_mod:Impale","alterego_mod:Defend"],"score":275,"play_id":"018190b0-7ebe-49d3-82cd-90fde4afd982","local_time":"20210129153419","is_ascension_mode":true,"campfire_choices":[{"data":"alterego_mod:BrynhildrsRune","floor":6,"key":"SMITH"},{"data":"alterego_mod:Belts","floor":10,"key":"SMITH"},{"data":"alterego_mod:TrickOrTreatment","floor":15,"key":"SMITH"},{"floor":23,"key":"REST"}],"circlet_count":0,"master_deck":["alterego_mod:Strike","alterego_mod:Strike","alterego_mod:Strike","alterego_mod:Strike","alterego_mod:Defend","alterego_mod:Defend","alterego_mod:Defend","alterego_mod:BigMeatyClaws","alterego_mod:BrynhildrsRune+1","alterego_mod:Rake+1","alterego_mod:Belts+1","alterego_mod:Rip","alterego_mod:IndependentAction","alterego_mod:TrickOrTreatment+1","alterego_mod:BrynhildrRomantia","alterego_mod:Mirror+1","alterego_mod:Rake","alterego_mod:Rip","alterego_mod:PerceptionDisorder"],"relics":["alterego_mod:MasochisticConstitution","Potion Belt","Juzu Bracelet","Turnip","CultistMask","Runic Dome"],"acts_visited":["Exordium","TheCity"],"potions_floor_usage":[16,16,24],"damage_taken":[{"damage":4,"enemies":"Small Slimes","floor":1,"turns":5},{"damage":2,"enemies":"Cultist","floor":5,"turns":4},{"damage":19,"enemies":"Lagavulin","floor":7,"turns":13},{"damage":7,"enemies":"Jaw Worm","floor":8,"turns":5},{"damage":8,"enemies":"Gremlin Nob","floor":11,"turns":6},{"damage":12,"enemies":"Red Slaver","floor":14,"turns":4},{"damage":83,"enemies":"Slime Boss","floor":16,"turns":15},{"damage":30,"enemies":"Spheric Guardian","floor":18,"turns":5},{"damage":40,"enemies":"2 Thieves","floor":21,"turns":5},{"damage":36,"enemies":"Cultist and Chosen","floor":22,"turns":7},{"damage":72,"enemies":"Gremlin Leader","floor":24,"turns":5}],"seed_played":"7760857873010628444","potions_obtained":[{"floor":1,"key":"Fire Potion"},{"floor":7,"key":"Swift Potion"},{"floor":14,"key":"Explosive Potion"},{"floor":22,"key":"SpeedPotion"}],"is_trial":false,"path_per_floor":["M","?","$","?","M","R","E","M","T","R","E","?","$","M","R","B",null,"M","$","?","M","M","R","E"],"character_chosen":"The_Alterego","items_purchased":["alterego_mod:Rake"],"campfire_rested":1,"item_purchase_floors":[19],"current_hp_per_floor":[71,71,71,60,66,66,55,56,56,56,56,56,56,52,52,19,63,55,55,55,41,13,37,0,0],"gold":144,"neow_bonus":"ONE_RANDOM_RARE_CARD","is_daily":false,"chose_seed":false,"campfire_upgraded":3,"win_rate":0.0,"timestamp":1611956059,"path_taken":["M","?","?","?","M","R","E","M","T","R","E","?","?","M","R","BOSS","M","$","?","M","M","R","E"],"items_purchased_type":["Card"],"build_version":"2020-12-22","purchased_purges":2,"victory":false,"max_hp_per_floor":[71,71,71,71,72,72,73,74,74,74,75,75,75,76,76,77,77,81,81,81,81,82,82,82,82],"relic_stats":{"counters":[11,74],"Turnip":[24],"Juzu Bracelet":1,"obtain_stats":[{"Potion Belt":7,"Runic Dome":17,"alterego_mod:MasochisticConstitution":0,"Turnip":11,"CultistMask":12,"Juzu Bracelet":9},{"Potion Belt":3,"Runic Dome":7,"alterego_mod:MasochisticConstitution":0,"Turnip":5,"CultistMask":5,"Juzu Bracelet":4},{"Potion Belt":22,"Runic Dome":52,"alterego_mod:MasochisticConstitution":0,"Turnip":33,"CultistMask":33,"Juzu Bracelet":27}]},"card_choices":[{"not_picked":["alterego_mod:Lingerie","alterego_mod:DiscoLights","alterego_mod:TrashNCrash"],"picked":"SKIP","floor":1},{"not_picked":["alterego_mod:Lingerie","alterego_mod:DestructionOfProperty","alterego_mod:PerceptionDisorder"],"picked":"SKIP","floor":5},{"not_picked":["alterego_mod:Birthday","alterego_mod:BoobPocket"],"picked":"alterego_mod:Belts","floor":7},{"not_picked":["alterego_mod:GoddessCore","alterego_mod:Complex"],"picked":"alterego_mod:Rip","floor":8},{"not_picked":["alterego_mod:Bounce","alterego_mod:BoobPocket"],"picked":"alterego_mod:IndependentAction","floor":11},{"not_picked":["alterego_mod:PerceptionDisorder","alterego_mod:TrickOrTreatment","alterego_mod:Punishment"],"picked":"SKIP","floor":14},{"not_picked":["alterego_mod:PerceptionDisorder","alterego_mod:Punishment"],"picked":"alterego_mod:TrickOrTreatment","floor":14},{"not_picked":["alterego_mod:Alter","alterego_mod:Vow"],"picked":"alterego_mod:BrynhildrRomantia","floor":16},{"not_picked":["alterego_mod:PerceptionDisorder","alterego_mod:Skirt"],"picked":"alterego_mod:Mirror+1","floor":18},{"not_picked":["alterego_mod:Bounce+1","alterego_mod:DiscoLights+1","alterego_mod:Cycle"],"picked":"SKIP","floor":21},{"not_picked":["alterego_mod:Cooking+1","alterego_mod:Punishment"],"picked":"alterego_mod:PerceptionDisorder","floor":22}],"player_experience":346083,"relics_obtained":[{"floor":7,"key":"Potion Belt"},{"floor":9,"key":"Juzu Bracelet"},{"floor":11,"key":"Turnip"}],"event_choices":[{"damage_healed":0,"gold_gain":0,"player_choice":"Upgraded","damage_taken":0,"max_hp_gain":0,"max_hp_loss":0,"event_name":"Upgrade Shrine","floor":2,"gold_loss":0,"cards_upgraded":["alterego_mod:Rake"]},{"damage_healed":0,"gold_gain":75,"player_choice":"Gather Gold","damage_taken":11,"max_hp_gain":0,"max_hp_loss":0,"event_name":"World of Goop","floor":4,"gold_loss":0},{"damage_healed":0,"gold_gain":0,"player_choice":"Trade","damage_taken":0,"relics_obtained":["CultistMask"],"max_hp_gain":0,"max_hp_loss":0,"event_name":"FaceTrader","floor":12,"gold_loss":0},{"damage_healed":0,"gold_gain":0,"player_choice":"Read","damage_taken":0,"max_hp_gain":0,"max_hp_loss":0,"event_name":"The Library","floor":20,"gold_loss":0,"cards_obtained":["alterego_mod:Rip"]}],"is_beta":false,"boss_relics":[{"not_picked":["Snecko Eye","Astrolabe"],"picked":"Runic Dome"}],"items_purged_floors":[3,13],"is_endless":false,"potions_floor_spawned":[1,7,14,22],"killed_by":"Gremlin Leader","ascension_level":7}}