{"host":"w8jq41i5zn1fudf9","time":1611941986,"event":{"mods":["AchievementEnabler","BaseMod","Colored Map","Colored Powertips","Curses Come First","GifTheSpireLib","Googly Eyes","Minty Spire (QoL Compilation)","Quick Restart","Rare Cards Sparkle","Relic Stats","StSLib","The Awakened One except there are too many feathers","egg","everything is the same but u backflip on backflip","slay the spire mod where everything is the same but ironclad has a cowboy hat"],"gold_per_floor":[116,116,35,0,16,16,44,62,62,95,95,95,105,134,134,234,234,220,236,161,15,27,27,27],"floor_reached":23,"language":"ENG","playtime":620,"items_purged":[],"score":240,"play_id":"414ab54b-391a-42b3-bbbc-211605ac15b5","local_time":"20210129103946","is_ascension_mode":true,"campfire_choices":[{"floor":6,"key":"REST"},{"floor":11,"key":"REST"},{"floor":15,"key":"REST"}],"circlet_count":0,"master_deck":["Strike_B","Strike_B+1","Strike_B","Strike_B+1","Defend_B","Defend_B","Defend_B","Defend_B","Zap","Dualcast","Ball Lightning","Discovery","Conserve Battery","Leap","Ball Lightning","Rainbow","Ball Lightning","Melter","Chaos+1"],"relics":["Cracked Core","Girya","Shovel","Prayer Wheel","Question Card","Nunchaku","Busted Crown","Bronze Scales"],"acts_visited":["Exordium","TheCity"],"potions_floor_usage":[14,16],"damage_taken":[{"damage":16.0,"enemies":"Small Slimes","floor":1.0,"turns":3.0},{"damage":1,"enemies":"2 Louse","floor":5,"turns":2},{"damage":10,"enemies":"Lagavulin","floor":7,"turns":5},{"damage":5,"enemies":"Jaw Worm","floor":8,"turns":3},{"damage":21,"enemies":"Gremlin Nob","floor":10,"turns":4},{"damage":38,"enemies":"Gremlin Gang","floor":13,"turns":5},{"damage":9,"enemies":"3 Sentries","floor":14,"turns":4},{"damage":20,"enemies":"Hexaghost","floor":16,"turns":7},{"damage":11,"enemies":"2 Thieves","floor":18,"turns":4},{"damage":24,"enemies":"Shell Parasite","floor":19,"turns":4},{"damage":17,"enemies":"Snake Plant","floor":22,"turns":3},{"damage":24,"enemies":"Slavers","floor":23,"turns":1}],"seed_played":"3881613246187767588","potions_obtained":[{"floor":7,"key":"Energy Potion"},{"floor":8,"key":"EssenceOfDarkness"},{"floor":10,"key":"ColorlessPotion"},{"floor":18,"key":"PowerPotion"}],"is_trial":false,"path_per_floor":["M","?","$","?","M","R","E","M","T","E","R","?","M","E","R","B",null,"M","M","?","$","M","E"],"character_chosen":"DEFECT","items_purchased":["Discovery","Bronze Scales"],"campfire_rested":3,"item_purchase_floors":[3,21],"current_hp_per_floor":[38,23,23,41,40,62,52,47,47,26,48,66,28,19,41,21,75,64,40,40,40,23,0,0],"gold":27,"neow_bonus":"ONE_RARE_RELIC","is_daily":false,"chose_seed":false,"campfire_upgraded":0,"win_rate":0.0,"timestamp":1611941986,"path_taken":["M","?","$","?","M","R","E","M","T","E","R","?","M","E","R","BOSS","M","M","?","$","M","E"],"items_purchased_type":["Card","Relic"],"build_version":"2020-12-22","purchased_purges":0,"victory":false,"max_hp_per_floor":[75,75,75,75,75,75,75,75,75,75,75,75,75,75,75,75,75,75,75,72,72,72,72,72],"relic_stats":{"Nunchaku":[3],"Shovel":0,"Busted Crown":12,"counters":[12,45],"Bronze Scales":[15],"Prayer Wheel":4,"Question Card":10,"obtain_stats":[{"Girya":0,"Nunchaku":14,"Shovel":7,"Busted Crown":17,"Bronze Scales":21,"Prayer Wheel":9,"Cracked Core":0,"Question Card":10},{"Girya":0,"Nunchaku":7,"Shovel":3,"Busted Crown":8,"Bronze Scales":10,"Prayer Wheel":4,"Cracked Core":0,"Question Card":5},{"Girya":0,"Nunchaku":26,"Shovel":10,"Busted Crown":33,"Bronze Scales":41,"Prayer Wheel":13,"Cracked Core":0,"Question Card":17}]},"card_choices":[{"not_picked":["FTL","Gash"],"picked":"Ball Lightning","floor":1.0},{"not_picked":["FTL","Genetic Algorithm"],"picked":"Conserve Battery","floor":5},{"not_picked":["Sunder","Conserve Battery","All For One"],"picked":"SKIP","floor":7},{"not_picked":["Conserve Battery","Sunder"],"picked":"Leap","floor":8},{"not_picked":["Auto Shields","Gash","Force Field"],"picked":"SKIP","floor":10},{"not_picked":["Redo","Gash","Undo"],"picked":"Ball Lightning","floor":13},{"not_picked":["Reinforced Body","Loop","Hello World","Barrage"],"picked":"SKIP","floor":13},{"not_picked":["Streamline","Recycle","Hyperbeam","Tempest"],"picked":"SKIP","floor":14},{"not_picked":["Machine Learning","Meteor Strike","Multi-Cast"],"picked":"Rainbow","floor":16},{"not_picked":["Barrage"],"picked":"Ball Lightning","floor":18},{"not_picked":["Streamline"],"picked":"Melter","floor":18},{"not_picked":["Barrage","Coolheaded"],"picked":"SKIP","floor":19},{"not_picked":["Barrage","Sweeping Beam"],"picked":"SKIP","floor":19},{"not_picked":["Biased Cognition"],"picked":"Chaos+1","floor":22},{"not_picked":["Consume","Leap+1"],"picked":"SKIP","floor":22}],"player_experience":74097,"relics_obtained":[{"floor":7,"key":"Shovel"},{"floor":9,"key":"Prayer Wheel"},{"floor":10,"key":"Question Card"},{"floor":14,"key":"Nunchaku"}],"event_choices":[{"damage_healed":0,"gold_gain":0,"player_choice":"Entered Light","damage_taken":15,"max_hp_gain":0,"max_hp_loss":0,"event_name":"Shining Light","floor":2,"gold_loss":0,"cards_upgraded":["Strike_B","Strike_B"]},{"damage_healed":18,"gold_gain":0,"player_choice":"Healed","damage_taken":0,"max_hp_gain":0,"max_hp_loss":0,"event_name":"The Cleric","floor":4,"gold_loss":35},{"damage_healed":18,"gold_gain":0,"player_choice":"Healed and dodged fight","damage_taken":0,"max_hp_gain":0,"max_hp_loss":0,"event_name":"Mushrooms","floor":12,"gold_loss":0,"cards_obtained":["Parasite"]},{"cards_removed":["Parasite"],"damage_healed":0,"gold_gain":0,"player_choice":"Gave Gold","damage_taken":0,"max_hp_gain":0,"max_hp_loss":0,"event_name":"Beggar","floor":20,"gold_loss":75}],"is_beta":false,"boss_relics":[{"not_picked":["Runic Pyramid","Tiny House"],"picked":"Busted Crown"}],"items_purged_floors":[],"is_endless":false,"potions_floor_spawned":[7,8,10,13,18],"killed_by":"Slavers","ascension_level":3}}