{"host":"2smcgt1ki1qcud40","time":1611945103,"event":{"mods":["BaseMod","Minty Spire (QoL Compilation)"],"gold_per_floor":[115,127,127,146,146,146,171,171,171,190,209,237,237,271,271,355,355,381,70,108,133,156,156,188,188,188,188,224,243,293,312,312,395,395,424,263,279,298,278,309,309,351,351,351,386,421,443,468,468,468,468,468,21,47,47,47],"floor_reached":55,"language":"ENG","playtime":4749,"items_purged":["Strike_P","Strike_P"],"score":1586,"play_id":"a9a9bdfc-bae5-48ec-a2d6-9f9b1af7513a","local_time":"20210129193143","is_ascension_mode":true,"campfire_choices":[{"data":"CutThroughFate","floor":6.0,"key":"SMITH"},{"data":"EmptyFist","floor":8.0,"key":"SMITH"},{"floor":13.0,"key":"REST"},{"data":"CutThroughFate","floor":15.0,"key":"SMITH"},{"data":"Wallop","floor":23.0,"key":"SMITH"},{"data":"MentalFortress","floor":25.0,"key":"SMITH"},{"data":"LikeWater","floor":27.0,"key":"SMITH"},{"data":"LikeWater","floor":32.0,"key":"SMITH"},{"floor":41.0,"key":"REST"},{"floor":49.0,"key":"RECALL"},{"floor":52.0,"key":"REST"}],"circlet_count":0,"master_deck":["AscendersBane","Strike_P","Strike_P","Defend_P","Defend_P+1","Defend_P+1","Eruption","Vigilance","EmptyBody","CutThroughFate+1","EmptyFist+1","FlyingSleeves","Fasting2","InnerPeace","CutThroughFate+1","Omniscience","LikeWater+1","MentalFortress+1","Tantrum","FearNoEvil","LikeWater+1","Collect","Wallop+1","Sanctity+1","Protect+1","Ragnarok","Collect+1","Discovery+1","SandsOfTime+1","Vengeance+1","Swivel+1","CutThroughFate+1","Devotion+1","ReachHeaven","MentalFortress+1","Meditate+1","ThirdEye+1"],"relics":["Snecko Eye","Blue Candle","Yang","Tiny Chest","CeramicFish","VioletLotus","Lee\u0027s Waffle","Red Mask","Toxic Egg 2","Gremlin Horn","Frozen Egg 2","Sozu","InkBottle","Prayer Wheel","Sundial","Torii","StrikeDummy","Orichalcum"],"acts_visited":["Exordium","TheCity","TheBeyond","TheEnding"],"potions_floor_usage":[],"damage_taken":[{"damage":5.0,"enemies":"Small Slimes","floor":1.0,"turns":3.0},{"damage":9.0,"enemies":"2 Louse","floor":2.0,"turns":2.0},{"damage":0.0,"enemies":"Jaw Worm","floor":4.0,"turns":3.0},{"damage":0.0,"enemies":"Gremlin Nob","floor":7.0,"turns":2.0},{"damage":0.0,"enemies":"Looter","floor":10.0,"turns":1.0},{"damage":8.0,"enemies":"Red Slaver","floor":11.0,"turns":4.0},{"damage":0.0,"enemies":"3 Sentries","floor":12.0,"turns":4.0},{"damage":0.0,"enemies":"Lagavulin","floor":14.0,"turns":3.0},{"damage":4.0,"enemies":"The Guardian","floor":16.0,"turns":7.0},{"damage":0.0,"enemies":"2 Thieves","floor":18.0,"turns":4.0},{"damage":25.0,"enemies":"Masked Bandits","floor":20.0,"turns":3.0},{"damage":0.0,"enemies":"Chosen","floor":21.0,"turns":3.0},{"damage":12.0,"enemies":"3 Cultists","floor":22.0,"turns":3.0},{"damage":14.0,"enemies":"Book of Stabbing","floor":24.0,"turns":5.0},{"damage":0.0,"enemies":"Slavers","floor":28.0,"turns":3.0},{"damage":2.0,"enemies":"Centurion and Healer","floor":29.0,"turns":3.0},{"damage":0.0,"enemies":"Sentry and Sphere","floor":31.0,"turns":6.0},{"damage":17.0,"enemies":"Champ","floor":33.0,"turns":13.0},{"damage":0.0,"enemies":"Orb Walker","floor":35.0,"turns":2.0},{"damage":19.0,"enemies":"3 Darklings","floor":37.0,"turns":3.0},{"damage":9.0,"enemies":"Writhing Mass","floor":38.0,"turns":6.0},{"damage":7.0,"enemies":"Nemesis","floor":40.0,"turns":7.0},{"damage":6.0,"enemies":"Reptomancer","floor":42.0,"turns":5.0},{"damage":0.0,"enemies":"Transient","floor":45.0,"turns":5.0},{"damage":1.0,"enemies":"Giant Head","floor":46.0,"turns":5.0},{"damage":0.0,"enemies":"Spire Growth","floor":47.0,"turns":4.0},{"damage":1.0,"enemies":"Maw","floor":48.0,"turns":5.0},{"damage":26.0,"enemies":"Awakened One","floor":50.0,"turns":11.0},{"damage":22.0,"enemies":"Shield and Spear","floor":54.0,"turns":5.0},{"damage":56,"enemies":"The Heart","floor":55,"turns":5}],"seed_played":"5992158417144000829","potions_obtained":[{"floor":4.0,"key":"LiquidMemories"},{"floor":7.0,"key":"PowerPotion"},{"floor":16.0,"key":"ColorlessPotion"},{"floor":18.0,"key":"Explosive Potion"},{"floor":22.0,"key":"GamblersBrew"},{"floor":24.0,"key":"Ambrosia"},{"floor":29.0,"key":"EssenceOfSteel"}],"is_trial":false,"path_per_floor":["M","M","?","M","?","R","E","R","T","M","M","E","R","E","R","B",null,"M","$","?","M","M","R","E","R","T","R","E","M","?","M","R","B",null,"M","$","M","M","?","E","R","E","T","T","M","E","M","M","R","B",null,"R","$","E","B"],"character_chosen":"WATCHER","items_purchased":["MentalFortress","Tantrum","Lee\u0027s Waffle","FearNoEvil","Discovery+1","Meditate+1","StrikeDummy","ThirdEye+1"],"campfire_rested":3,"item_purchase_floors":[19,19,19,19,36,53,53,53],"current_hp_per_floor":[56,47,40,40,20,20,20,20,20,20,12,12,32,32,32,28,58,58,75,50,50,38,38,24,24,24,24,24,22,22,22,22,5,58,58,58,39,30,30,23,45,39,39,39,39,38,38,37,37,11,59,75,75,53,0,0],"gold":47,"neow_bonus":"BOSS_RELIC","is_daily":false,"chose_seed":false,"campfire_upgraded":7,"win_rate":0.0,"timestamp":1611945103,"path_taken":["M","M","?","M","?","R","E","R","T","M","M","E","R","E","R","BOSS","M","$","?","M","M","R","E","R","T","R","E","M","?","M","R","BOSS","M","$","M","M","?","E","R","E","T","?","M","E","M","?","R","BOSS","R","$","E","BOSS"],"items_purchased_type":["Card","Card","Relic","Card","Card","Card","Relic","Card"],"build_version":"2020-12-22","purchased_purges":2,"victory":false,"max_hp_per_floor":[68,68,68,68,68,68,68,68,68,68,68,68,68,68,68,68,68,68,75,75,75,75,75,75,75,75,75,75,75,75,75,75,75,75,75,75,75,75,75,75,75,75,75,75,75,75,75,75,75,75,75,75,75,75,75,75],"card_choices":[{"not_picked":["WaveOfTheHand","Halt"],"picked":"EmptyBody","floor":1.0},{"not_picked":["Halt","Study"],"picked":"CutThroughFate","floor":2.0},{"not_picked":["Halt","SignatureMove"],"picked":"EmptyFist","floor":4.0},{"not_picked":["CrushJoints","FlurryOfBlows"],"picked":"FlyingSleeves","floor":7.0},{"not_picked":["Study","EmptyBody"],"picked":"Fasting2","floor":10.0},{"not_picked":["Prostrate","EmptyBody","WaveOfTheHand"],"picked":"SKIP","floor":11.0},{"not_picked":["Fasting2","Evaluate"],"picked":"InnerPeace","floor":12.0},{"not_picked":["DeusExMachina","EmptyBody"],"picked":"CutThroughFate","floor":14.0},{"not_picked":["Blasphemy","LessonLearned"],"picked":"Omniscience","floor":16.0},{"not_picked":["InnerPeace","ClearTheMind"],"picked":"LikeWater","floor":18.0},{"not_picked":["WindmillStrike+1","SashWhip"],"picked":"LikeWater","floor":20.0},{"not_picked":["Wallop","FollowUp"],"picked":"Collect","floor":21.0},{"not_picked":["Halt","CutThroughFate"],"picked":"Wallop","floor":22.0},{"not_picked":["ForeignInfluence+1","Conclude","Consecrate+1"],"picked":"SKIP","floor":24.0},{"not_picked":["FlyingSleeves","Evaluate+1"],"picked":"Sanctity+1","floor":28.0},{"not_picked":["Wireheading+1","PathToVictory+1"],"picked":"Protect+1","floor":29.0},{"not_picked":["PathToVictory+1","Brilliance","SignatureMove"],"picked":"SKIP","floor":31.0},{"not_picked":["Judgement+1","Scrawl+1"],"picked":"Ragnarok","floor":33.0},{"not_picked":["Meditate+1","FearNoEvil+1"],"picked":"Collect+1","floor":35.0},{"not_picked":["FlyingSleeves","Sanctity+1","Perseverance+1"],"picked":"SKIP","floor":37.0},{"not_picked":["Halt+1","FlurryOfBlows+1"],"picked":"SandsOfTime+1","floor":38.0},{"not_picked":["Evaluate+1","Sanctity+1","CarveReality+1"],"picked":"SKIP","floor":40.0},{"not_picked":["PathToVictory+1","MasterReality+1"],"picked":"Vengeance+1","floor":42.0},{"not_picked":["EmptyFist","Consecrate"],"picked":"Swivel+1","floor":45.0},{"not_picked":["Crescendo+1","FlurryOfBlows"],"picked":"CutThroughFate+1","floor":45.0},{"not_picked":["Prostrate+1","FlyingSleeves+1"],"picked":"Devotion+1","floor":46.0},{"not_picked":["Consecrate","EmptyBody+1"],"picked":"ReachHeaven","floor":47.0},{"not_picked":["Weave+1","FlyingSleeves","FlurryOfBlows"],"picked":"SKIP","floor":47.0},{"not_picked":["WaveOfTheHand+1","BattleHymn+1"],"picked":"MentalFortress+1","floor":48.0},{"not_picked":["ThirdEye+1","Consecrate","BowlingBash+1"],"picked":"SKIP","floor":48.0},{"not_picked":["SashWhip","Weave+1","FlyingSleeves"],"picked":"SKIP","floor":54.0}],"player_experience":715990,"relics_obtained":[{"floor":7.0,"key":"Blue Candle"},{"floor":9.0,"key":"Yang"},{"floor":12.0,"key":"Tiny Chest"},{"floor":14.0,"key":"CeramicFish"},{"floor":20.0,"key":"Red Mask"},{"floor":24.0,"key":"Toxic Egg 2"},{"floor":26.0,"key":"Gremlin Horn"},{"floor":28.0,"key":"Frozen Egg 2"},{"floor":40.0,"key":"InkBottle"},{"floor":42.0,"key":"Prayer Wheel"},{"floor":44.0,"key":"Sundial"},{"floor":46.0,"key":"Torii"},{"floor":54.0,"key":"Orichalcum"}],"event_choices":[{"cards_removed":["Defend_P"],"damage_healed":0.0,"max_hp_gain":0.0,"max_hp_loss":0.0,"gold_gain":0.0,"event_name":"Golden Wing","player_choice":"Card Removal","floor":3.0,"gold_loss":0.0,"damage_taken":7.0},{"damage_healed":0.0,"max_hp_gain":0.0,"max_hp_loss":0.0,"gold_gain":0.0,"event_name":"Shining Light","player_choice":"Entered Light","floor":5.0,"gold_loss":0.0,"damage_taken":20.0,"cards_upgraded":["Defend_P","Defend_P"]},{"damage_healed":0.0,"max_hp_gain":0.0,"max_hp_loss":0.0,"gold_gain":0.0,"event_name":"Masked Bandits","player_choice":"Fought Bandits","floor":20.0,"gold_loss":0.0,"damage_taken":0.0},{"damage_healed":0.0,"max_hp_gain":0.0,"max_hp_loss":0.0,"gold_gain":50.0,"event_name":"Nest","player_choice":"Stole From Cult","floor":30.0,"gold_loss":0.0,"damage_taken":0.0},{"damage_healed":0.0,"max_hp_gain":0.0,"max_hp_loss":0.0,"gold_gain":0.0,"event_name":"The Woman in Blue","player_choice":"Bought 1 Potion","floor":39.0,"gold_loss":0.0,"damage_taken":0.0}],"is_beta":false,"boss_relics":[{"not_picked":["SlaversCollar","Calling Bell"],"picked":"VioletLotus"},{"not_picked":["Fusion Hammer","Empty Cage"],"picked":"Sozu"}],"items_purged_floors":[36,53],"is_endless":false,"potions_floor_spawned":[4,7,16,18,22,24,29,35,45,47],"killed_by":"The Heart","ascension_level":15}}