{"host":"6xsbn6ynqlzwllfm","time":1611962493,"event":{"mods":["2.2 Compatiblity","BaseMod","Bestiary","Colored Map","Colored Powertips","Curses Come First","Highlight Path","Keyboard Shortcuts","Minty Spire (QoL Compilation)","Relic Stats","Slay the Relics Exporter","StSLib","SuperFastMode"],"gold_per_floor":[113,113,113,113,127,127,151,189,234,258,258,274,315,315,315,315,315],"floor_reached":16,"language":"ENG","playtime":332,"items_purged":[],"score":263,"play_id":"9653eb49-6a2f-487f-b1b6-54bbd73793d8","local_time":"20210129182133","is_ascension_mode":true,"campfire_choices":[{"data":"Biased Cognition","floor":6,"key":"SMITH"},{"floor":11,"key":"REST"},{"data":"Redo","floor":15,"key":"SMITH"}],"circlet_count":0,"master_deck":["AscendersBane","Strike_B+1","Strike_B","Defend_B","Defend_B","Defend_B","Defend_B","Zap","Dualcast","Streamline+1","Biased Cognition+1","Redo+1","Coolheaded","Core Surge","Cold Snap","Sunder"],"relics":["Cracked Core","Golden Idol","Pen Nib","Bag of Preparation","MealTicket"],"acts_visited":["Exordium"],"potions_floor_usage":[12,13],"damage_taken":[{"damage":12,"enemies":"Small Slimes","floor":1,"turns":5},{"damage":1,"enemies":"2 Louse","floor":5,"turns":2},{"damage":7,"enemies":"Jaw Worm","floor":7,"turns":2},{"damage":22,"enemies":"Lagavulin","floor":8,"turns":5},{"damage":0,"enemies":"Large Slime","floor":10,"turns":4},{"damage":0,"enemies":"Gremlin Gang","floor":12,"turns":5},{"damage":0,"enemies":"Gremlin Nob","floor":13,"turns":2},{"damage":27,"enemies":"The Guardian","floor":16,"turns":2}],"seed_played":"-2121883289933029948","potions_obtained":[{"floor":7,"key":"Strength Potion"},{"floor":8,"key":"Block Potion"},{"floor":12,"key":"LiquidBronze"}],"is_trial":false,"path_per_floor":["M","?","?","?","M","R","M","E","T","M","R","M","E","?","R","B"],"character_chosen":"DEFECT","items_purchased":[],"campfire_rested":1,"item_purchase_floors":[],"current_hp_per_floor":[59,36,36,36,35,35,28,6,6,6,27,27,27,20,20,0,0],"gold":315,"neow_bonus":"TEN_PERCENT_HP_BONUS","is_daily":false,"chose_seed":false,"campfire_upgraded":2,"win_rate":0.0,"timestamp":1611962493,"path_taken":["M","?","?","?","M","R","M","E","T","M","R","M","E","?","R","BOSS"],"items_purchased_type":[],"build_version":"2020-12-22","purchased_purges":0,"victory":false,"max_hp_per_floor":[78,78,78,71,71,71,71,71,71,71,71,71,71,71,71,71,71],"relic_stats":{"counters":[8,27],"Golden Idol":32,"MealTicket":0,"Pen Nib":[1],"Bag of Preparation":[8],"obtain_stats":[{"Golden Idol":4,"MealTicket":13,"Pen Nib":8,"Bag of Preparation":9,"Cracked Core":0},{"Golden Idol":1,"MealTicket":7,"Pen Nib":4,"Bag of Preparation":4,"Cracked Core":0},{"Golden Idol":5,"MealTicket":25,"Pen Nib":14,"Bag of Preparation":14,"Cracked Core":0}]},"card_choices":[{"not_picked":["Steam Power","Leap"],"picked":"Streamline","floor":1},{"not_picked":["Gash","Beam Cell"],"picked":"Redo","floor":5},{"not_picked":["Consume","BootSequence"],"picked":"Coolheaded","floor":7},{"not_picked":["Skim","Loop"],"picked":"Core Surge","floor":8},{"not_picked":["Double Energy","Turbo"],"picked":"Cold Snap","floor":10},{"not_picked":["Gash","Leap"],"picked":"Sunder","floor":13}],"player_experience":1233044,"relics_obtained":[{"floor":8,"key":"Pen Nib"},{"floor":9,"key":"Bag of Preparation"},{"floor":13,"key":"MealTicket"}],"event_choices":[{"damage_healed":0,"gold_gain":0,"player_choice":"Entered Light","damage_taken":23,"max_hp_gain":0,"max_hp_loss":0,"event_name":"Shining Light","floor":2,"gold_loss":0,"cards_upgraded":["Streamline","Strike_B"]},{"damage_healed":0,"gold_gain":0,"cards_transformed":["Strike_B"],"player_choice":"Change","damage_taken":0,"max_hp_gain":0,"max_hp_loss":0,"event_name":"Living Wall","floor":3,"gold_loss":0,"cards_obtained":["Biased Cognition"]},{"damage_healed":0,"gold_gain":0,"player_choice":"Lose Max HP","damage_taken":0,"relics_obtained":["Golden Idol"],"max_hp_gain":0,"max_hp_loss":7,"event_name":"Golden Idol","floor":4,"gold_loss":0},{"cards_removed":["Strike_B"],"damage_healed":0,"gold_gain":0,"player_choice":"Card Removal","damage_taken":7,"max_hp_gain":0,"max_hp_loss":0,"event_name":"Golden Wing","floor":14,"gold_loss":0}],"is_beta":false,"boss_relics":[],"items_purged_floors":[],"is_endless":false,"potions_floor_spawned":[7,8,12],"killed_by":"The Guardian","ascension_level":19}}