{"host":"cyei475933pvpemq","time":1611941908,"event":{"mods":["Act Like it!","Aspiration","BaseMod","Better Third Choice","BetterRewards","Colored Map","Colored Powertips","Downfall","Energized Spire","Friendly Minions","Highlight Path","Hubris","Hyrulean Relics","Infinite Spire","Mimic Mod","Minty Spire (QoL Compilation)","Pale of the Ancients","Random Character Button","Replay The Spire","Spicy Shops","Spikes Relics","StSLib","Uncapped","Wandering Minibosses"],"gold_per_floor":[111,121,121,139,139,139,139,151,183,210,210,210,222,238,238,337,337,350,350,361,460,535,535,535],"floor_reached":23,"language":"ENG","playtime":1340,"items_purged":[],"score":191,"play_id":"b40cad89-49b0-4c6d-8714-2d2763f9f94e","local_time":"20210129183828","is_ascension_mode":false,"campfire_choices":[{"floor":6,"key":"REST"}],"circlet_count":0,"master_deck":["Strike_R","Strike_R","Strike_R","Strike_R","Strike_R","Defend_R","Defend_R","Defend_R","Defend_R","Bash","Metallicize","ReplayTheSpireMod:Stacked","Armaments","infinitespire:SevenWalls+1","Burn","Entrench+1","Cleave","Flex","Body Slam","Infernal Blade","Barricade","Iron Wave","hubris:NaturalOne"],"relics":["Burning Blood","aspiration:Nostalgia","hexamod:SpiritBrand","aspiration:FetidBarrel","Meat on the Bone","hubris:ChampionShield","Dream Catcher","WingedGreaves","aspiration:FutureDiary","hubris:Icosahedron","aspiration:HummingbirdHeart"],"acts_visited":["Exordium","TheCity"],"potions_floor_usage":[20],"damage_taken":[{"damage":1,"enemies":"2 Louse","floor":1,"turns":4},{"damage":0,"enemies":"Small Slimes","floor":2,"turns":4},{"damage":1,"enemies":"Jaw Worm","floor":4,"turns":5},{"damage":0,"enemies":"2 Fungi Beasts","floor":8,"turns":5},{"damage":0,"enemies":"3 Louse","floor":9,"turns":10},{"damage":26,"enemies":"Lagavulin","floor":10,"turns":12},{"damage":0,"enemies":"3 Louse","floor":13,"turns":3},{"damage":0,"enemies":"Blue Slaver","floor":14,"turns":5},{"damage":5,"enemies":"Fading Forest","floor":16,"turns":11},{"damage":37,"enemies":"Shell Parasite","floor":18,"turns":11},{"damage":15,"enemies":"3 Byrds","floor":20,"turns":8},{"damage":0,"enemies":"Slavers","floor":23,"turns":1}],"seed_played":"8414016615475022289","potions_obtained":[{"floor":2,"key":"Toxic Potion"},{"floor":10,"key":"Reflective Coating"},{"floor":14,"key":"Adrenaline Potion"},{"floor":20,"key":"SpeedPotion"}],"is_trial":false,"path_per_floor":["M","M","?","M","?","R","?","M","MIM","E","?","?","M","M","R_BF","B",null,"M","?","M","?","T","E"],"character_chosen":"IRONCLAD","items_purchased":[],"campfire_rested":1,"item_purchase_floors":[],"current_hp_per_floor":[80,80,40,57,38,62,62,68,74,54,54,54,60,66,80,80,80,49,49,55,55,55,55,55],"gold":535,"neow_bonus":"NOSTALGIA","is_daily":false,"chose_seed":false,"campfire_upgraded":0,"win_rate":0.0,"timestamp":1611941908,"path_taken":["M","M","?","M","?","R","?","M","MIM","E","?","?","M","M","R_BF","BOSS","M","?","M","?","?","E"],"items_purchased_type":[],"build_version":"2020-12-22","purchased_purges":0,"victory":false,"max_hp_per_floor":[80,80,80,80,80,80,80,80,80,80,80,80,80,80,80,80,80,80,80,83,83,83,83,83],"card_choices":[{"not_picked":["Shrug It Off","Run Through"],"picked":"Metallicize","floor":1},{"not_picked":["Sentinel","Defy Death"],"picked":"ReplayTheSpireMod:Stacked","floor":2},{"not_picked":["Anger","Twin Strike"],"picked":"Armaments","floor":4},{"not_picked":["ReplayTheSpireMod:Echoes of Time","infinitespire:Oblivion"],"picked":"infinitespire:SevenWalls","floor":5},{"not_picked":["Twin Strike","Replay:Undeath\u0027s Touch"],"picked":"Entrench","floor":8},{"not_picked":["Absolvement","Sword Boomerang"],"picked":"Cleave","floor":9},{"not_picked":["Disarm","Absolvement"],"picked":"Flex","floor":10},{"not_picked":["Cleave","ReplayTheSpireMod:Stacked"],"picked":"Body Slam","floor":13},{"not_picked":["hubris:ReadiedAction","Wild Strike","Thunderclap"],"picked":"SKIP","floor":14},{"not_picked":["Headbutt","Clothesline"],"picked":"Infernal Blade","floor":15},{"not_picked":["hubris:StunningStrike","Juggernaut"],"picked":"Barricade","floor":16},{"not_picked":["True Grit","ReplayTheSpireMod:Muscle Training"],"picked":"Iron Wave","floor":18},{"not_picked":["Sword Boomerang+1","Wild Strike","Fire Breathing"],"picked":"SKIP","floor":20}],"player_experience":351054,"relics_obtained":[{"floor":9,"key":"hubris:ChampionShield"},{"floor":10,"key":"Dream Catcher"},{"floor":22,"key":"aspiration:HummingbirdHeart"}],"event_choices":[{"damage_healed":0,"gold_gain":1,"player_choice":"Relic Relic ","damage_taken":40,"max_hp_gain":0,"max_hp_loss":0,"event_name":"betterThird:BetterScrap","floor":3,"gold_loss":0,"cards_obtained":["Lockon"]},{"damage_healed":62,"gold_gain":0,"player_choice":"Embrace Burn","damage_taken":0,"max_hp_gain":0,"max_hp_loss":80,"event_name":"betterThird:BetterShining","floor":7,"gold_loss":0},{"damage_healed":0,"gold_gain":0,"player_choice":"Searched \u00271\u0027 times","damage_taken":0,"relics_obtained":["WingedGreaves"],"max_hp_gain":0,"max_hp_loss":0,"event_name":"Dead Adventurer","floor":12,"gold_loss":0},{"damage_healed":0,"gold_gain":99,"player_choice":"Steal","damage_taken":0,"max_hp_gain":0,"max_hp_loss":0,"event_name":"betterThird:BetterNest","floor":21,"gold_loss":0}],"is_beta":false,"boss_relics":[{"not_picked":["ReplayTheSpireMod:DimensionalGlitch","infinitespire:Burning Sword"],"picked":"aspiration:FutureDiary"}],"items_purged_floors":[],"is_endless":false,"potions_floor_spawned":[2,10,14,20],"killed_by":"Slavers","ascension_level":0}}