{"host":"w4b7hmige5bnqipq","time":1611942091,"event":{"mods":["2.2 Compatiblity","BaseMod","Colored Map","DeckTracker","Keyboard Shortcuts","Minty Spire (QoL Compilation)","Permanent Neow","Rare Cards Sparkle","SuperFastMode","everything is the same but u backflip on backflip","slay the spire mod where everything is the same but ironclad has a cowboy hat"],"gold_per_floor":[112,26,26,41,64,64,103,103,103,83,96,120,120,154,154,248,248,268,268,222,222,138,138,138],"floor_reached":23,"language":"KOR","playtime":889,"items_purged":[],"score":398,"play_id":"179d3f57-288f-4717-bf28-e5c4dd5ba8c2","local_time":"20210130024131","is_ascension_mode":true,"campfire_choices":[{"data":"Armaments","floor":6,"key":"SMITH"},{"data":"Carnage","floor":8,"key":"SMITH"},{"data":"Flame Barrier","floor":13,"key":"SMITH"},{"data":"Intimidate","floor":15,"key":"SMITH"}],"circlet_count":0,"master_deck":["AscendersBane","Strike_R","Strike_R","Defend_R","Defend_R","Defend_R","Defend_R","Bash","Sword Boomerang","Carnage+1","Cleave","Armaments+1","Spot Weakness","Heavy Blade","Flame Barrier+1","Intimidate+1","Limit Break","Body Slam+1","Clothesline+1","Pommel Strike+1","Feel No Pain+1","True Grit+1","Impervious+1"],"relics":["Burning Blood","NeowsBlessing","Golden Idol","Meat on the Bone","Darkstone Periapt","Boot","Astrolabe","Toxic Egg 2"],"acts_visited":["Exordium","TheCity"],"potions_floor_usage":[16,23,23],"damage_taken":[{"damage":0,"enemies":"Cultist","floor":1,"turns":1},{"damage":0,"enemies":"2 Louse","floor":4,"turns":1},{"damage":0,"enemies":"Small Slimes","floor":5,"turns":1},{"damage":32,"enemies":"3 Sentries","floor":7,"turns":7},{"damage":17,"enemies":"Exordium Wildlife","floor":11,"turns":4},{"damage":6,"enemies":"Looter","floor":12,"turns":3},{"damage":8,"enemies":"Gremlin Nob","floor":14,"turns":3},{"damage":37,"enemies":"The Guardian","floor":16,"turns":9},{"damage":31,"enemies":"Shell Parasite","floor":18,"turns":7},{"damage":26,"enemies":"2 Thieves","floor":20,"turns":5},{"damage":53,"enemies":"Slavers","floor":23,"turns":3}],"seed_played":"-6653425945795077110","potions_obtained":[{"floor":7,"key":"Fire Potion"},{"floor":10,"key":"CultistPotion"},{"floor":16,"key":"EssenceOfSteel"},{"floor":20,"key":"Dexterity Potion"}],"is_trial":false,"path_per_floor":["M","$","?","M","M","R","E","R","T","?","M","M","R","E","R","B",null,"M","T","M","?","$","E"],"character_chosen":"IRONCLAD","items_purchased":["Carnage","Impervious+1"],"campfire_rested":0,"item_purchase_floors":[2,22],"current_hp_per_floor":[74,74,48,54,60,60,34,34,34,34,35,47,47,45,45,26,63,50,50,42,42,42,0,0],"gold":138,"neow_bonus":"THREE_ENEMY_KILL","is_daily":false,"chose_seed":false,"campfire_upgraded":4,"win_rate":0.0,"timestamp":1611942091,"path_taken":["M","$","?","M","M","R","E","R","T","?","?","M","R","E","R","BOSS","M","?","M","?","$","E"],"items_purchased_type":["Card","Card"],"build_version":"2020-12-22","purchased_purges":0,"victory":false,"max_hp_per_floor":[75,75,75,75,75,75,75,75,75,75,75,75,75,75,75,75,75,75,75,75,75,75,75,75],"card_choices":[{"not_picked":["Flex","Heavy Blade"],"picked":"Sword Boomerang","floor":1},{"not_picked":["Feel No Pain","Twin Strike"],"picked":"Cleave","floor":4},{"not_picked":["Reckless Charge","Heavy Blade"],"picked":"Armaments","floor":5},{"not_picked":["Headbutt","Flame Barrier"],"picked":"Spot Weakness","floor":7},{"not_picked":["Metallicize","Carnage"],"picked":"Heavy Blade","floor":11},{"not_picked":["Perfected Strike","Havoc"],"picked":"Flame Barrier","floor":12},{"not_picked":["Blood for Blood","Iron Wave"],"picked":"Intimidate","floor":14},{"not_picked":["Barricade","Immolate"],"picked":"Limit Break","floor":16},{"not_picked":["Body Slam","Warcry"],"picked":"Feel No Pain+1","floor":18},{"not_picked":["Pommel Strike","Anger"],"picked":"True Grit+1","floor":20}],"player_experience":672215,"relics_obtained":[{"floor":7,"key":"Meat on the Bone"},{"floor":9,"key":"Darkstone Periapt"},{"floor":14,"key":"Boot"},{"floor":19,"key":"Toxic Egg 2"}],"event_choices":[{"damage_healed":0,"gold_gain":0,"player_choice":"Take Damage","damage_taken":26,"relics_obtained":["Golden Idol"],"max_hp_gain":0,"max_hp_loss":0,"event_name":"Golden Idol","floor":3,"gold_loss":0},{"damage_healed":0,"gold_gain":0,"player_choice":"Bought 1 Potion","damage_taken":0,"max_hp_gain":0,"max_hp_loss":0,"event_name":"The Woman in Blue","floor":10,"gold_loss":0},{"damage_healed":0,"gold_gain":0,"player_choice":"Ignored","damage_taken":0,"max_hp_gain":0,"max_hp_loss":0,"event_name":"Ghosts","floor":21,"gold_loss":0}],"is_beta":false,"boss_relics":[{"not_picked":["Fusion Hammer","Runic Pyramid"],"picked":"Astrolabe"}],"items_purged_floors":[],"is_endless":false,"potions_floor_spawned":[7,11,16,20],"killed_by":"Slavers","ascension_level":20}}