{"host":"m3rs92yjkwi06hli","time":1611949215,"event":{"mods":["Act Like it!","Aspiration","BaseMod","Beaked The Cultist","Colored Map","Conspire","Defuse TimeMaze Blight","Energized Spire","Hubris","Infinite Spire","Minty Spire (QoL Compilation)","Relic Stats","Replay The Spire","Spicy Shops","StSLib"],"gold_per_floor":[119,135,149,149,149,149,149,149,149,177,192,192,68,68,68,164,164,176,176,176,196,209,240,240,240,240,257,257,289,289,132,132,235,235,352,352,367,367,367,392,392,410,463,214,214,246,266,362,362,362],"floor_reached":51,"language":"ENG","playtime":3709,"items_purged":["Amnesia","Delirium","ReplayTheSpireMod:Doomed"],"score":902,"play_id":"917f128d-6f51-4d67-8182-e228ce66c708","local_time":"20210129134015","is_ascension_mode":true,"campfire_choices":[{"data":"beaked:Ceremony","floor":6,"key":"SMITH"},{"data":"beaked:Ceremony","floor":8,"key":"SMITH"},{"data":"beaked:CrazyRituals","floor":12,"key":"SMITH"},{"data":"beaked:Ceremony","floor":15,"key":"SMITH"},{"floor":32,"key":"DIG"},{"data":"beaked:CrazyRituals","floor":41,"key":"SMITH"},{"floor":49,"key":"DIG"}],"circlet_count":0,"master_deck":["beaked:Strike_Y","beaked:Strike_Y+1","beaked:Strike_Y","beaked:Strike_Y","beaked:Strike_Y","beaked:Defend_Y","beaked:Defend_Y","beaked:Defend_Y","beaked:Defend_Y","beaked:Ceremony+1","beaked:Ceremony+1","beaked:Ceremony+1","beaked:MimicHuntress","beaked:Brace","beaked:Flinch","beaked:Daydream","beaked:CrazyRituals+1","beaked:KnowThyFoe","beaked:HuntressSpirit+1","beaked:MimicMachine","beaked:Windmill","beaked:MimicWarrior","beaked:MimicMachine","beaked:Flinch","beaked:CrazyRituals+1","beaked:FakeOut","beaked:Flinch+1","infinitespire:FinalStrike","beaked:Brace+1","hubris:NaturalOne","beaked:Pecker+1","beaked:CursingBlood+1","beaked:CursingBlood+1"],"relics":["beaked:MendingPlumage","NeowsBlessing","Strawberry","infinitespire:Golems Mask","WingedGreaves","Replay:Bottled Steam","Ring of Searing","ReplayTheSpireMod:Ring of Exchange","energizedSpire:CursedPentagram","Orichalcum","conspire:TopHat","Replay:Multitool","Snecko Eye","Philosopher\u0027s Stone","Blue Candle","Darkstone Periapt","hubris:Icosahedron","hubris:SlimyHat","conspire:RunicOctahedron","aspiration:Stellarator","hubris:Backtick","Dead Branch","Oddly Smooth Stone","infinitespire:Beetle Shell","beaked:ShinyBauble","infinitespire:Eraser","ReplayTheSpireMod:TigerMarble"],"acts_visited":["Exordium","TheCity","TheBeyond"],"potions_floor_usage":[29,29,40,50,50],"damage_taken":[{"damage":0,"enemies":"Cultist","floor":1,"turns":1},{"damage":0,"enemies":"Small Slimes","floor":2,"turns":1},{"damage":0,"enemies":"2 Louse","floor":3,"turns":1},{"damage":8,"enemies":"Replay:BlueRogue","floor":10,"turns":6},{"damage":10,"enemies":"Looter","floor":11,"turns":4},{"damage":42,"enemies":"The Guardian","floor":16,"turns":9},{"damage":22,"enemies":"conspire:FuzzyDice","floor":18,"turns":4},{"damage":24,"enemies":"Spheric Guardian","floor":21,"turns":4},{"damage":10,"enemies":"Snecko","floor":22,"turns":4},{"damage":29,"enemies":"Replay:Snechameleon","floor":23,"turns":5},{"damage":32,"enemies":"conspire:HollyBat","floor":27,"turns":6},{"damage":53,"enemies":"Gremlin Leader","floor":29,"turns":6},{"damage":14,"enemies":"Automaton","floor":33,"turns":4},{"damage":16,"enemies":"Orb Walker","floor":35,"turns":3},{"damage":50,"enemies":"3 Darklings","floor":37,"turns":3},{"damage":17,"enemies":"Nemesis","floor":40,"turns":5},{"damage":25,"enemies":"Jaw Worm Horde","floor":42,"turns":2},{"damage":21,"enemies":"Reptomancer","floor":46,"turns":5},{"damage":16,"enemies":"Spire Growth","floor":47,"turns":4},{"damage":96,"enemies":"infinitespire:MassOfShapes","floor":50,"turns":7}],"seed_played":"6271251320281624087","potions_obtained":[{"floor":2,"key":"Swift Potion"},{"floor":10,"key":"Elixir"},{"floor":11,"key":"Flashbang"},{"floor":27,"key":"AttackPotion"},{"floor":33,"key":"Dexterity Potion"},{"floor":35,"key":"Regen Potion"},{"floor":47,"key":"beaked:MendingBrew"}],"is_trial":false,"path_per_floor":["M","M","M","?","?","R","?","R","T","E","M","R","$","?","R","B",null,"M","?","?","M","M","E","?","AVR","T","M","?","E","?","$","R","B",null,"M","AVR","M","?","?","E","R","M","T","$","?","E","M","?","R","B",null],"character_chosen":"BEAKED_THE_CULTIST","items_purchased":["Replay:Bottled Steam","beaked:CrazyRituals","beaked:ShinyBauble"],"campfire_rested":0,"item_purchase_floors":[13,31,44],"current_hp_per_floor":[50,50,50,50,50,50,50,50,50,57,55,55,55,55,55,44,57,48,48,48,35,48,40,40,40,40,45,45,28,28,28,28,45,60,58,64,28,28,28,72,72,61,61,61,61,72,72,54,54,51],"gold":362,"neow_bonus":"THREE_ENEMY_KILL","is_daily":false,"chose_seed":false,"campfire_upgraded":5,"win_rate":0.0,"timestamp":1611949215,"path_taken":["M","M","M","?","?","R","?","R","T","E","M","R","?","?","R","BOSS","M","?","?","M","M","E","?","AVR","T","?","?","E","?","?","R","BOSS","M","AVR","M","?","?","E","R","M","T","$","?","E","M","?","R","BOSS"],"items_purchased_type":["Relic","Card","Relic"],"build_version":"2020-12-22","purchased_purges":3,"victory":true,"max_hp_per_floor":[50,50,50,57,57,57,57,57,57,57,57,57,57,57,57,57,57,57,57,57,57,57,57,57,57,57,60,60,60,60,60,60,60,60,60,66,66,66,66,72,72,72,72,72,72,72,72,72,72,72],"relic_stats":{"Darkstone Periapt":12,"counters":[20,84],"Blue Candle":[7],"Dead Branch":[42],"Snecko Eye":[111,103,101,101],"Orichalcum":[96],"obtain_stats":[{"Darkstone Periapt":29,"ReplayTheSpireMod:Ring of Exchange":14,"beaked:ShinyBauble":44,"aspiration:Stellarator":36,"Replay:Multitool":24,"hubris:SlimyHat":32,"conspire:TopHat":23,"Ring of Searing":14,"energizedSpire:CursedPentagram":17,"hubris:Icosahedron":30,"hubris:Backtick":36,"Strawberry":4,"infinitespire:Golems Mask":9,"Philosopher\u0027s Stone":25,"WingedGreaves":10,"infinitespire:Eraser":46,"Replay:Bottled Steam":13,"NeowsBlessing":0,"Blue Candle":26,"Dead Branch":36,"Oddly Smooth Stone":40,"conspire:RunicOctahedron":34,"infinitespire:Beetle Shell":43,"Orichalcum":19,"Snecko Eye":25,"ReplayTheSpireMod:TigerMarble":49,"beaked:MendingPlumage":0},{"Darkstone Periapt":12,"ReplayTheSpireMod:Ring of Exchange":5,"beaked:ShinyBauble":17,"aspiration:Stellarator":14,"Replay:Multitool":10,"hubris:SlimyHat":12,"conspire:TopHat":10,"Ring of Searing":5,"energizedSpire:CursedPentagram":6,"hubris:Icosahedron":12,"hubris:Backtick":14,"Strawberry":3,"infinitespire:Golems Mask":3,"Philosopher\u0027s Stone":10,"WingedGreaves":4,"infinitespire:Eraser":18,"Replay:Bottled Steam":5,"NeowsBlessing":0,"Blue Candle":10,"Dead Branch":14,"Oddly Smooth Stone":16,"conspire:RunicOctahedron":13,"infinitespire:Beetle Shell":17,"Orichalcum":7,"Snecko Eye":10,"ReplayTheSpireMod:TigerMarble":19,"beaked:MendingPlumage":0},{"Darkstone Periapt":51,"ReplayTheSpireMod:Ring of Exchange":13,"beaked:ShinyBauble":68,"aspiration:Stellarator":58,"Replay:Multitool":39,"hubris:SlimyHat":51,"conspire:TopHat":39,"Ring of Searing":13,"energizedSpire:CursedPentagram":22,"hubris:Icosahedron":51,"hubris:Backtick":58,"Strawberry":3,"infinitespire:Golems Mask":3,"Philosopher\u0027s Stone":39,"WingedGreaves":9,"infinitespire:Eraser":73,"Replay:Bottled Steam":13,"NeowsBlessing":0,"Blue Candle":39,"Dead Branch":58,"Oddly Smooth Stone":66,"conspire:RunicOctahedron":55,"infinitespire:Beetle Shell":68,"Orichalcum":26,"Snecko Eye":39,"ReplayTheSpireMod:TigerMarble":77,"beaked:MendingPlumage":0}]},"card_choices":[{"not_picked":["beaked:Redirect","beaked:Devastation"],"picked":"beaked:MimicHuntress","floor":1},{"not_picked":["beaked:Cower","beaked:BarbedWire"],"picked":"beaked:Brace","floor":2},{"not_picked":["beaked:Cower","beaked:Redirect"],"picked":"beaked:Flinch","floor":3},{"not_picked":["beaked:SacrificialDive","beaked:Evade"],"picked":"beaked:Daydream","floor":10},{"not_picked":["beaked:MimicMachine","beaked:Flinch"],"picked":"beaked:CrazyRituals","floor":11},{"not_picked":["beaked:Caw","beaked:SacrificialScars"],"picked":"beaked:KnowThyFoe","floor":16},{"not_picked":["beaked:Tradeoff+1","beaked:SurvivalInstinct"],"picked":"beaked:HuntressSpirit+1","floor":18},{"not_picked":["beaked:VigorBurst","beaked:BounceBack"],"picked":"beaked:MimicMachine","floor":21},{"not_picked":["beaked:Brace+1","ReplayTheSpireMod:RavenHex"],"picked":"beaked:Windmill","floor":22},{"not_picked":["beaked:Brace","beaked:SacrificialDive"],"picked":"beaked:MimicWarrior","floor":23},{"not_picked":["beaked:DigDeeper+1","beaked:Redirect+1"],"picked":"beaked:MimicMachine","floor":27},{"not_picked":["beaked:Resilience+1","beaked:Evade"],"picked":"beaked:Flinch","floor":29},{"not_picked":["beaked:FullHouse","beaked:CheekyTricks"],"picked":"beaked:FakeOut","floor":33},{"not_picked":["beaked:Daydream+1","beaked:BloodRitual+1"],"picked":"beaked:Flinch+1","floor":35},{"not_picked":["beaked:Replenish","beaked:SurvivalInstinct"],"picked":"beaked:Brace+1","floor":37},{"not_picked":["beaked:Cower","beaked:SurvivalInstinct+1"],"picked":"beaked:Pecker+1","floor":40},{"not_picked":["beaked:Insight+1","beaked:DesperateSwing"],"picked":"beaked:CursingBlood+1","floor":42},{"not_picked":["beaked:Redirect","beaked:BloodRitual","beaked:Caw"],"picked":"SKIP","floor":46},{"not_picked":["beaked:Redirect","beaked:Mantra"],"picked":"beaked:CursingBlood+1","floor":47}],"player_experience":758705,"relics_obtained":[{"floor":9,"key":"infinitespire:Golems Mask"},{"floor":10,"key":"WingedGreaves"},{"floor":14,"key":"Ring of Searing"},{"floor":14,"key":"ReplayTheSpireMod:Ring of Exchange"},{"floor":23,"key":"conspire:TopHat"},{"floor":26,"key":"Blue Candle"},{"floor":29,"key":"Darkstone Periapt"},{"floor":32,"key":"hubris:SlimyHat"},{"floor":40,"key":"Oddly Smooth Stone"},{"floor":43,"key":"infinitespire:Beetle Shell"},{"floor":46,"key":"infinitespire:Eraser"},{"floor":49,"key":"ReplayTheSpireMod:TigerMarble"}],"event_choices":[{"damage_healed":0,"gold_gain":0,"player_choice":"Success","damage_taken":7,"relics_obtained":["Strawberry"],"max_hp_gain":0,"max_hp_loss":0,"event_name":"Scrap Ooze","floor":4,"gold_loss":0},{"damage_healed":0,"gold_gain":0,"player_choice":"Leave","damage_taken":0,"max_hp_gain":0,"max_hp_loss":0,"event_name":"conspire:Investor","floor":20,"gold_loss":0},{"damage_healed":0,"gold_gain":0,"player_choice":"Gave Potion","damage_taken":0,"relics_obtained":["Replay:Multitool"],"max_hp_gain":0,"max_hp_loss":0,"event_name":"WeMeetAgain","floor":24,"gold_loss":0},{"cards_removed":["Looming Evil"],"damage_healed":0,"gold_gain":0,"player_choice":"Elegance","damage_taken":0,"max_hp_gain":0,"max_hp_loss":0,"event_name":"Back to Basics","floor":28,"gold_loss":0},{"damage_healed":0,"gold_gain":0,"player_choice":"Ignored","damage_taken":0,"max_hp_gain":0,"max_hp_loss":0,"event_name":"The Moai Head","floor":38,"gold_loss":0},{"cards_removed":["beaked:Strike_Y"],"damage_healed":0,"gold_gain":0,"player_choice":"Removed Attack","damage_taken":0,"max_hp_gain":0,"max_hp_loss":0,"event_name":"Falling","floor":45,"gold_loss":0}],"is_beta":false,"boss_relics":[{"not_picked":["aspiration:DefectSkillbook","hubris:GrandSneckoEye"],"picked":"energizedSpire:CursedPentagram"},{"not_picked":["hubris:HerbalPaste","SacredBark"],"picked":"conspire:RunicOctahedron"}],"items_purged_floors":[25,31,36],"is_endless":false,"potions_floor_spawned":[2,10,11,22,27,33,35,37,47],"ascension_level":1}}