{"host":"tkinv8gv6hgcc58b","time":1611950938,"event":{"mods":["AchievementEnabler","BaseMod","BetterRewards","Colored Map","Downfall","Googly Eyes","Hermit","Minty Spire (QoL Compilation)","Rare Cards Sparkle","Relic Filter","StSLib","The Cursed","The Disciple"],"gold_per_floor":[112,112,37,37,52,52,85,85,85,85,112,132,142,170,170,243,243,254,254,254,148,148,148,173,173,173,208,408,408,382,682,682,761,761,775,260,285,285,335,335,369,369,396,396,429,441,43,76,76,76],"floor_reached":51,"language":"ENG","playtime":2863,"items_purged":[],"score":2000,"play_id":"e68598a4-5079-4a9c-9255-d985a938b697","local_time":"20210129150858","is_ascension_mode":true,"campfire_choices":[{"floor":6.0,"key":"REST"},{"data":"Infinite Blades","floor":15.0,"key":"SMITH"},{"floor":23,"key":"REST"},{"data":"After Image","floor":25,"key":"SMITH"},{"floor":29,"key":"REST"},{"data":"Accuracy","floor":32,"key":"SMITH"},{"data":"Mayhem","floor":40,"key":"SMITH"},{"floor":44,"key":"REST"},{"data":"After Image","floor":49,"key":"SMITH"}],"circlet_count":0,"master_deck":["AscendersBane","Strike_G","Strike_G","Strike_G","Strike_G","Defend_G","Defend_G","Defend_G","Defend_G","Defend_G","Survivor","Neutralize","Infinite Blades+1","Noxious Fumes","Infinite Blades","Distraction","Distraction","Backstab","Noxious Fumes","Leg Sweep","PiercingWail","PiercingWail","Well Laid Plans","A Thousand Cuts","CurseOfTheBell","Cloak And Dagger","A Thousand Cuts","After Image+1","PiercingWail","Accuracy+1","After Image+1","Violence","Terror","Mayhem+1","Apotheosis+1","Accuracy"],"relics":["Ring of the Snake","Tiny Chest","Dead Branch","Turnip","Ice Cream","Du-Vu Doll","Sundial","StoneCalendar","hexamod:BolsterEngine","Odd Mushroom","Calling Bell","TungstenRod","Ornamental Fan","CaptainsWheel","Pantograph","Centennial Puzzle","Pocketwatch","Thread and Needle","Old Coin","Busted Crown","Tingsha","Bird Faced Urn","Toxic Egg 2","Mango","Oddly Smooth Stone","Mercury Hourglass","Sling","Dream Catcher"],"acts_visited":["Exordium","TheCity","TheBeyond"],"potions_floor_usage":[16,30,50],"damage_taken":[{"damage":4.0,"enemies":"Jaw Worm","floor":1.0,"turns":4.0},{"damage":0.0,"enemies":"Cultist","floor":5.0,"turns":2.0},{"damage":0.0,"enemies":"Gremlin Nob","floor":7.0,"turns":2.0},{"damage":4.0,"enemies":"Small Slimes","floor":12.0,"turns":2.0},{"damage":1.0,"enemies":"Gremlin Gang","floor":13.0,"turns":4.0},{"damage":0.0,"enemies":"The Mushroom Lair","floor":14.0,"turns":2.0},{"damage":23,"enemies":"Slime Boss","floor":16,"turns":5},{"damage":2,"enemies":"Spheric Guardian","floor":18,"turns":6},{"damage":1,"enemies":"Gremlin Leader","floor":24,"turns":6},{"damage":12,"enemies":"Slavers","floor":27,"turns":6},{"damage":7,"enemies":"2 Thieves","floor":30,"turns":5},{"damage":45,"enemies":"Automaton","floor":33,"turns":8},{"damage":0,"enemies":"Orb Walker","floor":35,"turns":4},{"damage":0,"enemies":"Mind Bloom Boss Battle","floor":37,"turns":6},{"damage":22,"enemies":"Nemesis","floor":41,"turns":5},{"damage":13,"enemies":"Giant Head","floor":45,"turns":8},{"damage":0,"enemies":"3 Darklings","floor":46,"turns":3},{"damage":20,"enemies":"Reptomancer","floor":48,"turns":6},{"damage":38,"enemies":"Awakened One","floor":50,"turns":8}],"seed_played":"6218257358432184558","potions_obtained":[{"floor":5.0,"key":"Slimebound:ThreeZeroPotion"},{"floor":7.0,"key":"hexamod:SoulburnPotion"},{"floor":10.0,"key":"Regen Potion"},{"floor":30,"key":"FairyPotion"}],"is_trial":false,"path_per_floor":["M","?","$","T","M","R","E","$","T","?","T","M","M","?","R","B",null,"M","?","T","$","?","R","E","R","T","E","?","R","M","T","R","B",null,"M","$","?","?","?","R","E","T","T","R","E","M","$","E","R","B",null],"character_chosen":"THE_SILENT","items_purchased":["Tiny Chest","Infinite Blades","Dead Branch","Noxious Fumes","Ice Cream","Infinite Blades","Backstab","Slimebound:ThreeZeroPotion","Violence","Tingsha","Apotheosis+1","Accuracy","Sling"],"campfire_rested":4,"item_purchase_floors":[0,0,0,0,0,0,3,21,36,36,47,47,47],"current_hp_per_floor":[34,34,34,34,34,53,53,53,53,53,53,49,48,48,48,25,56,54,54,54,54,37,58,57,57,57,45,45,66,59,59,59,26,60,60,60,71,71,71,71,53,67,67,85,82,85,85,82,82,59],"gold":76,"neow_bonus":"","is_daily":false,"chose_seed":false,"campfire_upgraded":5,"win_rate":0.0,"timestamp":1611950938,"path_taken":["M","?","$","?","M","R","E","$","T","?","?","?","M","?","R","BOSS","M","?","?","$","?","R","E","R","T","E","?","R","?","?","R","BOSS","M","$","?","?","?","R","E","?","T","R","E","M","$","E","R","BOSS"],"items_purchased_type":["Relic","Card","Relic","Card","Relic","Card","Card","Potion","Card","Relic","Card","Card","Relic"],"build_version":"2020-12-22","purchased_purges":0,"victory":true,"max_hp_per_floor":[66,66,66,66,66,66,66,66,66,66,66,66,66,66,66,66,66,66,66,66,66,71,71,71,71,71,71,71,71,71,71,71,71,71,71,71,71,71,71,71,71,85,85,85,85,85,85,85,85,85],"card_choices":[{"not_picked":["Endless Agony","Dagger Throw"],"picked":"Distraction","floor":1.0},{"not_picked":["Acrobatics","Quick Slash"],"picked":"Noxious Fumes","floor":5.0},{"not_picked":["Acrobatics","Underhanded Strike"],"picked":"Leg Sweep","floor":7.0},{"not_picked":["Poisoned Stab","Backflip"],"picked":"PiercingWail","floor":12.0},{"not_picked":["Wraith Form v2","Dodge and Roll"],"picked":"PiercingWail","floor":13.0},{"not_picked":["Prepared","Backflip"],"picked":"Well Laid Plans","floor":14.0},{"not_picked":["Night Terror","Corpse Explosion"],"picked":"A Thousand Cuts","floor":16},{"not_picked":["Deadly Poison","Outmaneuver+1"],"picked":"Cloak And Dagger","floor":18},{"not_picked":["Crippling Poison","Quick Slash"],"picked":"After Image","floor":24},{"not_picked":["Dagger Spray","Cloak And Dagger"],"picked":"PiercingWail","floor":27},{"not_picked":["Unload","Leg Sweep"],"picked":"Accuracy","floor":30},{"not_picked":["Night Terror","Doppelganger"],"picked":"After Image","floor":33},{"not_picked":["Expertise"],"picked":"SKIP","floor":35},{"not_picked":[],"picked":"Terror","floor":37},{"not_picked":[],"picked":"Mayhem","floor":38},{"not_picked":["Dagger Spray+1"],"picked":"SKIP","floor":41},{"not_picked":["Poisoned Stab"],"picked":"SKIP","floor":45},{"not_picked":["Deadly Poison+1"],"picked":"SKIP","floor":46},{"not_picked":["All Out Attack"],"picked":"SKIP","floor":48}],"player_experience":1084916,"relics_obtained":[{"floor":4.0,"key":"Du-Vu Doll"},{"floor":7.0,"key":"Sundial"},{"floor":9.0,"key":"StoneCalendar"},{"floor":11.0,"key":"hexamod:BolsterEngine"},{"floor":14.0,"key":"Odd Mushroom"},{"floor":17,"key":"TungstenRod"},{"floor":17,"key":"Ornamental Fan"},{"floor":17,"key":"CaptainsWheel"},{"floor":20,"key":"Pantograph"},{"floor":24,"key":"Centennial Puzzle"},{"floor":26,"key":"Pocketwatch"},{"floor":27,"key":"Thread and Needle"},{"floor":31,"key":"Old Coin"},{"floor":37,"key":"Bird Faced Urn"},{"floor":41,"key":"Toxic Egg 2"},{"floor":42,"key":"Mango"},{"floor":43,"key":"Oddly Smooth Stone"},{"floor":45,"key":"Mercury Hourglass"},{"floor":48,"key":"Dream Catcher"}],"event_choices":[{"damage_healed":0.0,"max_hp_gain":0.0,"max_hp_loss":0.0,"gold_gain":0.0,"cards_transformed":["Strike_G"],"event_name":"Transmorgrifier","player_choice":"Transformed","floor":2.0,"gold_loss":0.0,"damage_taken":0.0,"cards_obtained":["Distraction"]},{"damage_healed":0.0,"max_hp_gain":0.0,"max_hp_loss":0.0,"gold_gain":0.0,"event_name":"Lab","player_choice":"Got Potions","floor":10.0,"gold_loss":0.0,"damage_taken":0.0},{"damage_healed":0.0,"max_hp_gain":0.0,"max_hp_loss":0.0,"gold_gain":0.0,"event_name":"Mushrooms","player_choice":"Fought Mushrooms","floor":14.0,"gold_loss":0.0,"damage_taken":0.0},{"damage_healed":0,"gold_gain":0,"player_choice":"Copied","damage_taken":0,"max_hp_gain":0,"max_hp_loss":0,"event_name":"Duplicator","floor":19,"gold_loss":0,"cards_obtained":["A Thousand Cuts"]},{"damage_healed":0,"gold_gain":0,"player_choice":"Shed Blood","damage_taken":23,"max_hp_gain":5,"max_hp_loss":0,"event_name":"Forgotten Altar","floor":22,"gold_loss":0},{"damage_healed":0,"gold_gain":200,"player_choice":"Gold","damage_taken":0,"max_hp_gain":0,"max_hp_loss":0,"event_name":"Wheel of Change","floor":28,"gold_loss":0},{"damage_healed":0,"gold_gain":0,"player_choice":"Fight","damage_taken":0,"max_hp_gain":0,"max_hp_loss":0,"event_name":"MindBloom","floor":37,"gold_loss":0},{"damage_healed":0,"gold_gain":0,"player_choice":"Memory 1","damage_taken":0,"max_hp_gain":0,"max_hp_loss":0,"event_name":"SensoryStone","floor":38,"gold_loss":0},{"damage_healed":0,"gold_gain":50,"player_choice":"Pray","damage_taken":0,"max_hp_gain":0,"max_hp_loss":0,"event_name":"Golden Shrine","floor":39,"gold_loss":0}],"is_beta":false,"boss_relics":[{"not_picked":["Ring of the Serpent","SacredBark"],"picked":"Calling Bell"},{"not_picked":["Cursed Key","Runic Dome"],"picked":"Busted Crown"}],"items_purged_floors":[],"is_endless":false,"potions_floor_spawned":[5,7,13,24,30,37,45,46],"ascension_level":19}}