{"host":"kkli11lv5br6vpdq","time":1611952061,"event":{"mods":["2.2 Compatiblity","Abigail Mod","AchievementEnabler","BaseMod","Best Route Mod","Better Altar","Better Match","Better Note","Better Sensory Stone","Better Skull","Better Third Choice","CCEM2","Colored Map","Conspire","Infinite Spire","KinomotoSakuraMod(????)","Marisa????????","Minty Spire (QoL Compilation)","Prisma Mod","Replay The Spire","Reworked Bosses","Shop Mod","StSLib","The Animator","The Exalted","The Senshi","The Servant 0.9.4","Treasure Hunter","WarShipGirlsR/????R mod"],"gold_per_floor":[117,117,193,208,226,226,258,258,311,330,330,342,342,363,363,364,364],"floor_reached":16,"language":"ENG","playtime":1340,"items_purged":[],"score":102,"play_id":"e8af760b-cacd-48c4-91a2-91e556df05b8","local_time":"20210129202741","is_ascension_mode":false,"campfire_choices":[{"floor":6,"key":"REST"},{"floor":8,"key":"RECALL"},{"floor":11,"key":"REST"},{"floor":15,"key":"REST"}],"circlet_count":0,"master_deck":["ClowCardTheSword","ClowCardTheSword","ClowCardTheSword","ClowCardTheSword","ClowCardTheShield","ClowCardTheShield","ClowCardTheShield","ClowCardTheShield","SpellCardSeal","SpellCardRelease","ClowCardTheArrow","TH:TreasureMap","ClowCardTheFly","ClowCardTheSand","TH:ArmorSpikes","ClowCardTheFreeze","TH:CopperCoins","ClowCardTheSweet","ClowCardTheGlow","Voices","ClowCardTheSweet"],"relics":["KSMOD_SealedBook","KSMOD_SealedWand","Bromod:ArcaneNullifier","PreservedInsect"],"acts_visited":["Exordium"],"potions_floor_usage":[16],"damage_taken":[{"damage":6,"enemies":"Jaw Worm","floor":1,"turns":3},{"damage":13,"enemies":"conspire:RoseBush","floor":4,"turns":4},{"damage":0,"enemies":"2 Louse","floor":5,"turns":1},{"damage":23,"enemies":"Replay:BlueRogue","floor":7,"turns":11},{"damage":27,"enemies":"Looter","floor":10,"turns":4},{"damage":20,"enemies":"conspire:2 RoseBushes","floor":12,"turns":7},{"damage":16,"enemies":"Large Slime","floor":14,"turns":6},{"damage":65,"enemies":"Slime Boss","floor":16,"turns":12}],"seed_played":"-6318360366925033948","potions_obtained":[{"floor":5,"key":"Block Potion"},{"floor":10,"key":"Swift Potion"},{"floor":12,"key":"LifebloodPotion"}],"is_trial":false,"path_per_floor":["M","?","T","M","M","R","E","R","T","M","R","M","?","M","R_BF","B"],"character_chosen":"KINOMOTOSAKURA","items_purchased":[],"campfire_rested":3,"item_purchase_floors":[],"current_hp_per_floor":[71,71,71,58,58,77,54,54,54,27,50,35,35,24,47,0,0],"gold":364,"neow_bonus":"TEN_PERCENT_HP_BONUS","is_daily":false,"chose_seed":false,"campfire_upgraded":0,"win_rate":0.0,"timestamp":1611952061,"path_taken":["M","?","?","M","M","R","E","R","T","M","R","M","?","M","R_BF","BOSS"],"items_purchased_type":[],"build_version":"2020-12-22","purchased_purges":0,"victory":false,"max_hp_per_floor":[77,77,77,77,77,77,77,77,77,77,77,77,77,77,77,77,77],"card_choices":[{"not_picked":["ClowCardTheSilent","ClowCardTheChange"],"picked":"ClowCardTheArrow","floor":1},{"not_picked":["TH:BikiniMail"],"picked":"TH:TreasureMap","floor":3},{"not_picked":["ClowCardTheLock","ClowCardTheDark"],"picked":"ClowCardTheFly","floor":4},{"not_picked":["ClowCardTheLittle","ClowCardTheFlower"],"picked":"ClowCardTheSand","floor":5},{"not_picked":["TH:TreasureMap"],"picked":"TH:ArmorSpikes","floor":7},{"not_picked":["ClowCardTheVoice","ClowCardTheCloud"],"picked":"ClowCardTheFreeze","floor":7},{"not_picked":["TH:TreasureMap"],"picked":"TH:CopperCoins","floor":9},{"not_picked":["ClowCardTheIllusion","ClowCardTheMist"],"picked":"ClowCardTheSweet","floor":10},{"not_picked":["ClowCardTheMove","ClowCardTheLibra"],"picked":"ClowCardTheGlow","floor":12},{"not_picked":["ClowCardTheLittle","ClowCardThePower"],"picked":"ClowCardTheSweet","floor":14}],"player_experience":8806,"relics_obtained":[{"floor":7,"key":"Bromod:ArcaneNullifier"},{"floor":9,"key":"PreservedInsect"}],"event_choices":[{"damage_healed":0,"gold_gain":0,"player_choice":"Leave","damage_taken":0,"max_hp_gain":0,"max_hp_loss":0,"event_name":"The Cleric","floor":2,"gold_loss":0}],"is_beta":false,"boss_relics":[],"items_purged_floors":[],"is_endless":false,"potions_floor_spawned":[5,10,12],"killed_by":"Slime Boss","ascension_level":0}}