{"host":"9slw7l0ws16384qq","time":1611905110,"event":{"mods":["A Penny For Your Troubles","BaseMod","Colored Map","Downfall","Evolution","Hubris","Minty Spire (QoL Compilation)","Replay The Spire","StS++","StSLib"],"gold_per_floor":[0,11,27,27,45,65,65,165,226,226,241,77,77,147,164,164,164,164],"floor_reached":16,"language":"FRA","playtime":874,"items_purged":[],"score":96,"play_id":"0d529d94-0970-4d05-9407-5c1c2c6966d6","local_time":"20210129082510","is_ascension_mode":false,"campfire_choices":[{"data":"hexamod:SearingWound","floor":1.0,"key":"SMITH"},{"data":"hexamod:Sear","floor":10.0,"key":"SMITH"},{"data":"hexamod:GhostOfSpireFuture","floor":13.0,"key":"SMITH"}],"circlet_count":0,"master_deck":["hexamod:Strike","hexamod:Strike","hexamod:Strike","hexamod:Strike","hexamod:Defend","hexamod:Defend","hexamod:Defend","hexamod:Defend","hexamod:Sear+1","hexamod:Float","hexamod:SearingWound+1","hexamod:SpectersWail","hexamod:Firestarter","hexamod:EmpoweredFlame","hexamod:GhostOfSpireFuture+1"],"relics":["hexamod:SpiritBrand","EVO:Axolotl","StSpp:SailingBoat","downfall:CloakOfManyFaces","CultistMask","FaceOfCleric","NlothsMask","GremlinMask","SsserpentHead","Strawberry"],"acts_visited":["Exordium"],"potions_floor_usage":[16],"damage_taken":[{"damage":2.0,"enemies":"Small Slimes","floor":2.0,"turns":3.0},{"damage":2.0,"enemies":"2 Louse","floor":3.0,"turns":3.0},{"damage":1.0,"enemies":"Cultist","floor":5.0,"turns":3.0},{"damage":8.0,"enemies":"Lots of Slimes","floor":6.0,"turns":4.0},{"damage":14.0,"enemies":"downfall:FaceTrader","floor":8.0,"turns":7.0},{"damage":2.0,"enemies":"2 Fungi Beasts","floor":9.0,"turns":3.0},{"damage":4.0,"enemies":"Exordium Wildlife","floor":11.0,"turns":4.0},{"damage":0.0,"enemies":"downfall:FleeingMerchant","floor":12.0,"turns":4.0},{"damage":18,"enemies":"Exordium Thugs","floor":14,"turns":5},{"damage":3,"enemies":"Red Slaver","floor":15,"turns":3},{"damage":40,"enemies":"WA_ARCHETYPE_RETAIN","floor":16,"turns":6}],"seed_played":"-5150255608232285421","potions_obtained":[{"floor":3.0,"key":"StSpp:SecondWindPotion"},{"floor":6.0,"key":"Strength Potion"},{"floor":8.0,"key":"SneckoOil"},{"floor":9.0,"key":"Dexterity Potion"},{"floor":15,"key":"hexamod:SoulburnPotion"}],"is_trial":false,"path_per_floor":["R","M","M","?","M","M","T","?","M","R","M","$","R","M","M","B"],"character_chosen":"THE_SPIRIT","items_purchased":["Strawberry"],"campfire_rested":0,"item_purchase_floors":[12],"current_hp_per_floor":[70,68,66,66,65,57,57,43,42,42,39,47,47,30,28,0,0,0],"gold":164,"neow_bonus":"THREE_RARE_CARDS","is_daily":false,"chose_seed":false,"campfire_upgraded":3,"win_rate":0.0,"timestamp":1611905110,"path_taken":["R","M","M","?","M","M","T","?","?","R","M","$","R","?","M","BOSS"],"items_purchased_type":["Relic"],"build_version":"2020-12-22","purchased_purges":0,"victory":false,"max_hp_per_floor":[70,70,70,70,70,70,70,70,71,71,72,80,80,81,82,82,82,82],"card_choices":[{"not_picked":["hexamod:FifthSeal","hexamod:GhostOfSpirePresent"],"picked":"hexamod:SearingWound","floor":0.0},{"not_picked":["hexamod:FastForward","hexamod:NightmareGuise"],"picked":"hexamod:SpectersWail","floor":2.0},{"not_picked":["hexamod:ChargedBarrage","hexamod:AdvancingGuard"],"picked":"hexamod:Firestarter","floor":3.0},{"not_picked":["hexamod:HeatMetal","hexamod:CatchUp"],"picked":"hexamod:EmpoweredFlame","floor":5.0},{"not_picked":["hexamod:HauntingEcho","hexamod:InspiringFlames","hexamod:HeatMetal"],"picked":"SKIP","floor":6.0},{"not_picked":["hexamod:ExtraCrispy","hexamod:ShieldOfDarkness","hexamod:InspiringFlames"],"picked":"SKIP","floor":9.0},{"not_picked":["hexamod:NightmareGuise","hexamod:GhostLash","hexamod:HeatCrush"],"picked":"SKIP","floor":11.0},{"not_picked":["hexamod:SpectralAdrenaline","hexamod:GhostflameBarrier"],"picked":"hexamod:GhostOfSpireFuture","floor":12.0},{"not_picked":["hexamod:BurningTouch","hexamod:Incineration","hexamod:BacktrackSmack"],"picked":"SKIP","floor":14},{"not_picked":["hexamod:SpectersWail","hexamod:ShieldOfDarkness","hexamod:ParanormalForm"],"picked":"SKIP","floor":15}],"player_experience":1526090,"relics_obtained":[{"floor":7.0,"key":"StSpp:SailingBoat"},{"floor":8.0,"key":"downfall:CloakOfManyFaces"}],"event_choices":[],"is_beta":false,"boss_relics":[],"items_purged_floors":[],"is_endless":false,"potions_floor_spawned":[3,6,8,9,15],"killed_by":"WA_ARCHETYPE_RETAIN","ascension_level":0}}