{"host":"lq2h7q9ca6uwu60x","time":1611931935,"event":{"mods":["Act Like it!","BaseMod","Gensokyo","Marisa£®ÏF”Í°°ƒß¿Ì…≥£©","Minty Spire (QoL Compilation)","SIMod","StSLib"],"gold_per_floor":[112,37,57,28,28,55,55,82,107,322,348,348,278,290,290,361,361,380,630,630,322,0,29,45,45,45,60,72,85,85,85,85,160,160,175,175,190,204,204,222,222,237,284,141,141,176,195,211,211,211,211,211,75,108,108],"floor_reached":56,"language":"ZHS","playtime":3226,"items_purged":["Strike_TS","Strike_RD"],"score":2341,"play_id":"8b76948c-6a5e-4360-b1f3-52bc5ee64f9d","local_time":"20210129225215","is_ascension_mode":true,"campfire_choices":[{"data":"HarmonyForm","floor":15.0,"key":"SMITH"},{"data":"Deep Breath","floor":25.0,"key":"SMITH"},{"floor":32.0,"key":"RECALL"},{"data":"Winterwrapup","floor":41.0,"key":"SMITH"},{"data":"Defend_PP","floor":49.0,"key":"SMITH"}],"circlet_count":0,"master_deck":["AscendersBane","Defend_PP+1","Defend_FS+1","ConcertedEfforts+1","GemstoneDetection+1","Winterwrapup+1","HarmonyForm+1","Deep Breath+1","SwiftKick+1","Perfectionism+1","RunningOfTheLeaves+1","Writhe","GemstoneDetection+1","Good Instincts","BehindTheScene+1"],"relics":["The_element_of_harmony","NeowsBlessing","Gensokyo:Justice","Happy Flower","Blood Vial","Pen Nib","Incense Burner","Coffee Dripper","Potion Belt","Bottled Tornado","Runic Pyramid","PreservedInsect","Bag of Preparation","Orichalcum","Strawberry"],"acts_visited":["Exordium","Gensokyo:Gensokyo","Gensokyo:Gensokyoer","TheEnding"],"potions_floor_usage":[55,55],"damage_taken":[{"damage":0.0,"enemies":"Gensokyo:Python","floor":1.0,"turns":1.0},{"damage":0.0,"enemies":"Gensokyo:Gryphon","floor":3.0,"turns":1.0},{"damage":2.0,"enemies":"Gensokyo:Cirno","floor":6.0,"turns":2.0},{"damage":20.0,"enemies":"Gensokyo:Mamizou","floor":8.0,"turns":8.0},{"damage":5.0,"enemies":"Gensokyo:3_Fairies","floor":10.0,"turns":4.0},{"damage":0.0,"enemies":"Gensokyo:VengefulSpirit","floor":14.0,"turns":2.0},{"damage":18.0,"enemies":"Gensokyo:Kokoro","floor":16.0,"turns":9.0},{"damage":0.0,"enemies":"Gensokyo:CosmicMonolith","floor":18.0,"turns":5.0},{"damage":12.0,"enemies":"Gensokyo:Reisen","floor":23.0,"turns":6.0},{"damage":2.0,"enemies":"Gensokyo:AngelMirror","floor":24.0,"turns":1.0},{"damage":0.0,"enemies":"Gensokyo:Monolith_and_Dog","floor":27.0,"turns":3.0},{"damage":0.0,"enemies":"Gensokyo:Slime_Group","floor":28.0,"turns":2.0},{"damage":1.0,"enemies":"Gensokyo:Swordslinger","floor":29.0,"turns":2.0},{"damage":0.0,"enemies":"Gensokyo:Eternal_Rivals","floor":33.0,"turns":3.0},{"damage":0.0,"enemies":"Gensokyo:3_Bats","floor":35.0,"turns":2.0},{"damage":0.0,"enemies":"Gensokyo:3_Boulders","floor":37.0,"turns":2.0},{"damage":3.0,"enemies":"Gensokyo:4_Bats","floor":38.0,"turns":2.0},{"damage":0.0,"enemies":"Gensokyo:Sharpion","floor":40.0,"turns":2.0},{"damage":0.0,"enemies":"Gensokyo:Dusk_and_Dawn","floor":42.0,"turns":1.0},{"damage":0.0,"enemies":"Gensokyo:Doremy","floor":46.0,"turns":2.0},{"damage":0.0,"enemies":"Gensokyo:SeedOfUnknown","floor":47.0,"turns":1.0},{"damage":0.0,"enemies":"Gensokyo:4_Bats","floor":48.0,"turns":1.0},{"damage":0.0,"enemies":"Gensokyo:Shinki","floor":50.0,"turns":3.0},{"damage":0,"enemies":"Shield and Spear","floor":54,"turns":1},{"damage":0,"enemies":"The Heart","floor":55,"turns":4}],"seed_played":"4284370068973572449","potions_obtained":[{"floor":3.0,"key":"SmokeBomb"},{"floor":6.0,"key":"Regen Potion"},{"floor":8.0,"key":"SneckoOil"},{"floor":10.0,"key":"EntropicBrew"},{"floor":16.0,"key":"SkillPotion"},{"floor":18.0,"key":"LiquidMemories"},{"floor":27.0,"key":"Explosive Potion"},{"floor":28.0,"key":"Strength Potion"},{"floor":42.0,"key":"SneckoOil"},{"floor":46.0,"key":"FearPotion"},{"floor":47.0,"key":"Energy Potion"}],"is_trial":false,"path_per_floor":["M","$","M","COS","?","E","?","E","T","M","T","?","?","M","R","B",null,"M","?","?","$","?","E","M","R","T","M","M","M","?","T","R","B",null,"M","?","M","M","?","M","R","M","T","$","?","E","M","M","R","B",null,"R","$","E","B",null],"character_chosen":"TWI_CLASS","items_purchased":["Deep Breath","SwiftKick","Perfectionism","Bag of Preparation","Good Instincts","Block Potion"],"campfire_rested":0,"item_purchase_floors":[21,21,21,44,53,53],"current_hp_per_floor":[69,69,69,69,69,67,29,24,24,21,21,21,21,23,23,7,60,62,62,62,62,62,67,67,67,67,69,71,72,72,72,72,74,76,77,77,77,74,74,76,76,77,77,77,77,77,77,77,77,77,77,77,77,84,84],"gold":108,"neow_bonus":"THREE_ENEMY_KILL","is_daily":false,"chose_seed":false,"campfire_upgraded":4,"win_rate":0.0,"timestamp":1611931935,"path_taken":["M","$","?","COS","?","E","?","E","T","M","?","?","?","M","R","BOSS","M","?","?","?","?","E","?","R","T","M","?","M","?","?","R","BOSS","M","?","M","M","?","M","R","?","T","?","?","E","M","?","R","BOSS","R","$","E","BOSS"],"items_purchased_type":["Card","Card","Card","Relic","Card","Potion"],"build_version":"2020-12-22","purchased_purges":2,"victory":true,"max_hp_per_floor":[77,77,77,77,77,77,77,77,77,77,77,77,77,77,77,77,77,77,77,77,77,77,77,77,77,77,77,77,77,77,77,77,77,77,77,77,77,77,77,77,77,77,77,77,77,77,77,77,77,77,77,77,77,84,84],"card_choices":[{"not_picked":["Mischief"],"picked":"GemstoneDetection","floor":1.0},{"not_picked":["PartyAlone"],"picked":"Winterwrapup","floor":1.0},{"not_picked":["TasteRainbow","ThunderCloud"],"picked":"SKIP","floor":3.0},{"not_picked":["Louder","Magictrain"],"picked":"SKIP","floor":3.0},{"not_picked":["TwentyPercentcooler","Anxiousness"],"picked":"SKIP","floor":6.0},{"not_picked":["Flutterguy","Return_To_Past"],"picked":"SKIP","floor":6.0},{"not_picked":["FarmExpert","TenInstruments"],"picked":"SKIP","floor":8.0},{"not_picked":["KillingWithKindness","FriendOfNature"],"picked":"SKIP","floor":8.0},{"not_picked":["Mischief","FriendOfNature"],"picked":"SKIP","floor":10.0},{"not_picked":["Smile","KillingWithKindness"],"picked":"SKIP","floor":10.0},{"not_picked":["Louder"],"picked":"HarmonyForm","floor":14.0},{"not_picked":["RashStunts","Magic"],"picked":"SKIP","floor":14.0},{"not_picked":["CowboySkills"],"picked":"LadiesDemeanor","floor":16.0},{"not_picked":["RashStunts+1","AppleFeast"],"picked":"SKIP","floor":18.0},{"not_picked":["TenInstruments","Lasso"],"picked":"SKIP","floor":18.0},{"not_picked":["Celebrities"],"picked":"RunningOfTheLeaves","floor":23.0},{"not_picked":["Perfectionism","Tornado"],"picked":"SKIP","floor":23.0},{"not_picked":["CleanLibrary"],"picked":"GemstoneDetection","floor":24.0},{"not_picked":["CheerUp","ReinventMyself"],"picked":"SKIP","floor":24.0},{"not_picked":["TenInstruments","Laughter"],"picked":"SKIP","floor":27.0},{"not_picked":["BehindTheScene","RunningOfTheLeaves"],"picked":"SKIP","floor":27.0},{"not_picked":["Mischief","ReinventMyself"],"picked":"SKIP","floor":28.0},{"not_picked":["Dear_Princess","MirrorLake"],"picked":"SKIP","floor":28.0},{"not_picked":["Lasso","RunningOfTheLeaves"],"picked":"SKIP","floor":29.0},{"not_picked":["AppleFeast","Tornado"],"picked":"SKIP","floor":29.0},{"not_picked":["BehindTheScene","ThunderCloud+1"],"picked":"SKIP","floor":35.0},{"not_picked":["AlloutStrike+1","SwiftKick"],"picked":"SKIP","floor":35.0},{"not_picked":["Winterwrapup","PartyTime"],"picked":"SKIP","floor":37.0},{"not_picked":["AppleFever","Overwhelming"],"picked":"SKIP","floor":37.0},{"not_picked":["FriendOfNature+1","Lasso"],"picked":"SKIP","floor":38.0},{"not_picked":["Lasso+1","Perfectionism"],"picked":"SKIP","floor":38.0},{"not_picked":["ISayNo","AlloutStrike"],"picked":"SKIP","floor":40.0},{"not_picked":["ThunderCloud","Batlization+1"],"picked":"SKIP","floor":40.0},{"not_picked":["Return_To_Past+1"],"picked":"GemstoneDetection+1","floor":42.0},{"not_picked":["InspirationRecovery","Magictrain"],"picked":"SKIP","floor":42.0},{"not_picked":["AllByMyself","ReinventMyself"],"picked":"SKIP","floor":46.0},{"not_picked":["TenInstruments","ThrowingApples"],"picked":"SKIP","floor":46.0},{"not_picked":["Magic_Beam","Return_To_Past"],"picked":"SKIP","floor":47.0},{"not_picked":["TwentyPercentcooler","AppleFeast"],"picked":"SKIP","floor":47.0},{"not_picked":["Batlization","PartyTime"],"picked":"SKIP","floor":48.0},{"not_picked":["Smile","HideCarefully"],"picked":"SKIP","floor":48.0},{"not_picked":["Louder"],"picked":"BehindTheScene+1","floor":54},{"not_picked":["Smile","Mischief"],"picked":"SKIP","floor":54}],"player_experience":875146,"relics_obtained":[{"floor":6.0,"key":"Happy Flower"},{"floor":8.0,"key":"Blood Vial"},{"floor":9.0,"key":"Nunchaku"},{"floor":11.0,"key":"Pen Nib"},{"floor":23.0,"key":"Potion Belt"},{"floor":31.0,"key":"Bottled Tornado"},{"floor":43.0,"key":"PreservedInsect"},{"floor":46.0,"key":"Orichalcum"},{"floor":54,"key":"Strawberry"}],"event_choices":[],"is_beta":false,"boss_relics":[{"not_picked":["Snecko Eye","Tiny House"],"picked":"Coffee Dripper"},{"not_picked":["Sozu","Runic Dome"],"picked":"Runic Pyramid"}],"items_purged_floors":[2,21],"is_endless":false,"potions_floor_spawned":[3,6,8,10,16,18,27,28,42,46,47,54],"ascension_level":15}}