{"host":"kg61lsvem4dxoat8","time":1611932348,"event":{"mods":["AchievementEnabler","BaseMod","Better Altar","Better Match","Better Sensory Stone","Highlight Path","Minty Spire (QoL Compilation)","Quick Restart","Relic Sorter","Relic Stats","StSLib","Synergy Search","slay the spire mod where everything is the same but ironclad has a cowboy hat"],"gold_per_floor":[117,117,135,151,151,151,226,252,252,252,282,282,307,318,318,422,422,441,459,75,99,6,41,53,65,77,51,61,79,4,24,24,129,129,145,163,13,13,63,63,82,82,105,105,122,138,138,148,148,148],"floor_reached":51,"language":"ENG","playtime":1862,"items_purged":["Strike_R","Defend_R"],"score":939,"play_id":"d0a04c71-e462-4cdf-b783-b6847e92dd36","local_time":"20210129225908","is_ascension_mode":true,"campfire_choices":[{"data":"Pommel Strike","floor":6,"key":"SMITH"},{"floor":10,"key":"REST"},{"floor":15,"key":"REST"},{"floor":25,"key":"REST"},{"data":"Demon Form","floor":32,"key":"SMITH"},{"data":"Feel No Pain","floor":40,"key":"SMITH"},{"data":"Demon Form","floor":42,"key":"SMITH"},{"data":"Pommel Strike","floor":44,"key":"SMITH"},{"floor":49,"key":"REST"}],"circlet_count":0,"master_deck":["Defend_R","Defend_R","Defend_R","Pommel Strike+1","Uppercut+1","Intimidate+1","Exhume+1","Metallicize+1","Infernal Blade+1","Sword Boomerang+1","Burning Pact+1","Impervious+1","Feed","Jack Of All Trades+1","Pommel Strike+1","Demon Form+1","Feel No Pain+1","Seeing Red+1","Bloodletting+1","Infernal Blade+1","Demon Form+1","Second Wind+1","Shrug It Off+1","Havoc+1","Metallicize+1","Shockwave+1","Bloodletting+1","Dark Shackles+1","Metamorphosis+1","Warcry+1"],"relics":["Burning Blood","NeowsBlessing","Toxic Egg 2","Charon\u0027s Ashes","Toy Ornithopter","Regal Pillow","Bird Faced Urn","Astrolabe","Bronze Scales","MawBank","Ice Cream","SlaversCollar","Mango","Boot"],"acts_visited":["Exordium","TheCity","TheBeyond"],"potions_floor_usage":[11,13,16,23,33,35,41,48,50],"damage_taken":[{"damage":0,"enemies":"Small Slimes","floor":1,"turns":1},{"damage":0,"enemies":"2 Louse","floor":3,"turns":1},{"damage":0,"enemies":"Cultist","floor":4,"turns":1},{"damage":35,"enemies":"Lagavulin","floor":8,"turns":6},{"damage":12,"enemies":"Gremlin Nob","floor":11,"turns":3},{"damage":25,"enemies":"3 Sentries","floor":13,"turns":5},{"damage":36,"enemies":"Exordium Thugs","floor":14,"turns":5},{"damage":56,"enemies":"Hexaghost","floor":16,"turns":10},{"damage":15,"enemies":"2 Thieves","floor":18,"turns":3},{"damage":7,"enemies":"3 Byrds","floor":19,"turns":4},{"damage":41,"enemies":"Book of Stabbing","floor":23,"turns":6},{"damage":0,"enemies":"Snecko","floor":28,"turns":4},{"damage":17,"enemies":"Centurion and Healer","floor":29,"turns":4},{"damage":3,"enemies":"3 Cultists","floor":31,"turns":4},{"damage":38,"enemies":"Collector","floor":33,"turns":8},{"damage":30,"enemies":"3 Darklings","floor":35,"turns":4},{"damage":23,"enemies":"3 Shapes","floor":36,"turns":4},{"damage":0,"enemies":"Mind Bloom Boss Battle","floor":39,"turns":5},{"damage":18,"enemies":"Maw","floor":41,"turns":5},{"damage":35,"enemies":"Spire Growth","floor":45,"turns":5},{"damage":20,"enemies":"Writhing Mass","floor":46,"turns":5},{"damage":3,"enemies":"3 Darklings","floor":48,"turns":3},{"damage":32,"enemies":"Donu and Deca","floor":50,"turns":5}],"seed_played":"6685990300798628911","potions_obtained":[{"floor":8,"key":"Energy Potion"},{"floor":11,"key":"DistilledChaos"},{"floor":13,"key":"LiquidBronze"},{"floor":16,"key":"PowerPotion"},{"floor":19,"key":"AttackPotion"},{"floor":23,"key":"Ancient Potion"},{"floor":31,"key":"Dexterity Potion"},{"floor":33,"key":"Regen Potion"},{"floor":45,"key":"LiquidMemories"},{"floor":48,"key":"ElixirPotion"}],"is_trial":false,"path_per_floor":["M","?","M","M","?","R","?","E","T","R","E","?","E","M","R","B",null,"M","M","$","T","$","E","?","R","T","$","M","M","?","M","R","B",null,"M","M","$","$","?","R","M","R","T","R","M","M","?","M","R","B",null],"character_chosen":"IRONCLAD","items_purchased":["Impervious+1","Feed","Jack Of All Trades+1","Feel No Pain","Block Potion"],"campfire_rested":4,"item_purchase_floors":[20,20,22,27,37],"current_hp_per_floor":[78,75,80,80,80,80,69,40,40,64,63,63,49,19,58,13,63,56,57,57,57,57,33,33,72,72,72,80,71,71,80,80,50,73,60,53,53,53,81,81,80,80,80,80,59,55,55,71,94,78],"gold":148,"neow_bonus":"THREE_ENEMY_KILL","is_daily":false,"chose_seed":false,"campfire_upgraded":5,"win_rate":0.0,"timestamp":1611932348,"path_taken":["M","?","M","M","?","R","?","E","T","R","E","?","E","M","R","BOSS","M","M","?","?","$","E","?","R","T","?","M","M","?","M","R","BOSS","M","M","?","$","?","R","M","R","T","R","M","M","?","M","R","BOSS"],"items_purchased_type":["Card","Card","Card","Card","Potion"],"build_version":"2020-12-22","purchased_purges":2,"victory":true,"max_hp_per_floor":[80,80,80,80,80,80,80,80,80,80,80,80,80,80,80,80,80,80,80,80,80,80,80,80,80,80,80,80,80,80,80,80,80,80,80,80,80,80,94,94,94,94,94,94,94,94,94,94,94,94],"relic_stats":{"Regal Pillow":30,"counters":[23,101],"Bird Faced Urn":[92],"Astrolabe":["Metallicize","Infernal Blade","Sword Boomerang"],"Bronze Scales":[201],"Charon\u0027s Ashes":[776],"MawBank":48,"Boot":[16],"obtain_stats":[{"Ice Cream":26,"Regal Pillow":11,"NeowsBlessing":0,"Astrolabe":17,"Mango":39,"Charon\u0027s Ashes":8,"MawBank":23,"Boot":43,"Burning Blood":0,"SlaversCollar":34,"Bird Faced Urn":13,"Bronze Scales":21,"Toxic Egg 2":2,"Toy Ornithopter":9},{"Ice Cream":11,"Regal Pillow":5,"NeowsBlessing":0,"Astrolabe":8,"Mango":18,"Charon\u0027s Ashes":4,"MawBank":11,"Boot":19,"Burning Blood":0,"SlaversCollar":15,"Bird Faced Urn":6,"Bronze Scales":10,"Toxic Egg 2":1,"Toy Ornithopter":4},{"Ice Cream":45,"Regal Pillow":12,"NeowsBlessing":0,"Astrolabe":32,"Mango":78,"Charon\u0027s Ashes":9,"MawBank":45,"Boot":83,"Burning Blood":0,"SlaversCollar":65,"Bird Faced Urn":17,"Bronze Scales":39,"Toxic Egg 2":1,"Toy Ornithopter":9}],"Burning Blood":127,"Toy Ornithopter":35},"card_choices":[{"not_picked":["Clash","Headbutt"],"picked":"Pommel Strike","floor":1},{"not_picked":["Second Wind+1","Burning Pact+1"],"picked":"Cleave","floor":3},{"not_picked":["Wild Strike","Perfected Strike"],"picked":"Uppercut","floor":4},{"not_picked":["Demon Form","Headbutt","Anger"],"picked":"SKIP","floor":8},{"not_picked":["Barricade","Evolve","Perfected Strike"],"picked":"SKIP","floor":11},{"not_picked":["Warcry+1","Barricade","Clash"],"picked":"SKIP","floor":13},{"not_picked":["Body Slam","Shockwave+1"],"picked":"Intimidate+1","floor":14},{"not_picked":["Juggernaut","Demon Form"],"picked":"Exhume+1","floor":16},{"not_picked":["Pommel Strike","Sever Soul"],"picked":"Burning Pact+1","floor":18},{"not_picked":["Twin Strike","Thunderclap","Flex+1"],"picked":"SKIP","floor":19},{"not_picked":["Barricade","Uppercut","Iron Wave"],"picked":"SKIP","floor":23},{"not_picked":["Flex+1","Warcry+1"],"picked":"Seeing Red+1","floor":28},{"not_picked":["Cleave","Clothesline","Iron Wave"],"picked":"SKIP","floor":29},{"not_picked":["Hemokinesis+1","Battle Trance+1"],"picked":"Bloodletting+1","floor":30},{"not_picked":["Heavy Blade+1","Pommel Strike"],"picked":"Infernal Blade+1","floor":31},{"not_picked":["Bludgeon","Brutality"],"picked":"Demon Form","floor":33},{"not_picked":["Heavy Blade+1","Dark Embrace+1"],"picked":"Second Wind+1","floor":35},{"not_picked":["Hemokinesis","Heavy Blade+1"],"picked":"Shrug It Off+1","floor":36},{"not_picked":["Cleave","Uppercut+1"],"picked":"Havoc+1","floor":39},{"not_picked":["Cleave","Armaments+1"],"picked":"Metallicize+1","floor":41},{"not_picked":["Inflame","Anger+1"],"picked":"Shockwave+1","floor":45},{"not_picked":["Headbutt","Wild Strike"],"picked":"Bloodletting+1","floor":46},{"not_picked":["Secret Technique+1","Violence+1"],"picked":"Dark Shackles+1","floor":47},{"not_picked":["Trip+1","Secret Weapon+1"],"picked":"Metamorphosis+1","floor":47},{"not_picked":["Sword Boomerang+1","Shrug It Off+1"],"picked":"Warcry+1","floor":48}],"player_experience":1422568,"relics_obtained":[{"floor":8,"key":"Charon\u0027s Ashes"},{"floor":9,"key":"Toy Ornithopter"},{"floor":11,"key":"Regal Pillow"},{"floor":13,"key":"Bird Faced Urn"},{"floor":21,"key":"Bronze Scales"},{"floor":23,"key":"MawBank"},{"floor":26,"key":"Ice Cream"},{"floor":39,"key":"Mango"},{"floor":43,"key":"Boot"}],"event_choices":[{"damage_healed":0,"gold_gain":0,"player_choice":"Success","damage_taken":3,"relics_obtained":["Toxic Egg 2"],"max_hp_gain":0,"max_hp_loss":0,"event_name":"Scrap Ooze","floor":2,"gold_loss":0},{"damage_healed":0,"gold_gain":0,"player_choice":"Grow","damage_taken":0,"max_hp_gain":0,"max_hp_loss":0,"event_name":"Living Wall","floor":5,"gold_loss":0,"cards_upgraded":["Uppercut"]},{"damage_healed":0,"gold_gain":75,"player_choice":"Gather Gold","damage_taken":11,"max_hp_gain":0,"max_hp_loss":0,"event_name":"World of Goop","floor":7,"gold_loss":0},{"cards_removed":["Strike_R"],"damage_healed":0,"gold_gain":0,"player_choice":"Offered Basic","damage_taken":0,"max_hp_gain":0,"max_hp_loss":0,"event_name":"Bonfire Elementals","floor":12,"gold_loss":0},{"damage_healed":0,"gold_gain":0,"cards_transformed":["Cleave","Strike_R"],"player_choice":"Became Test Subject","damage_taken":0,"max_hp_gain":0,"max_hp_loss":0,"event_name":"Drug Dealer","floor":24,"gold_loss":0,"cards_obtained":["Pommel Strike","Demon Form"]},{"damage_healed":0,"gold_gain":0,"player_choice":"2","damage_taken":0,"max_hp_gain":0,"max_hp_loss":0,"event_name":"betterMatch:BetterMatch","floor":30,"gold_loss":0,"cards_obtained":["betterMatch:UncommonCard"]},{"damage_healed":0,"gold_gain":0,"player_choice":"Fight","damage_taken":0,"max_hp_gain":0,"max_hp_loss":0,"event_name":"MindBloom","floor":39,"gold_loss":0},{"damage_healed":0,"gold_gain":3,"player_choice":"1","damage_taken":0,"max_hp_gain":0,"max_hp_loss":0,"event_name":"betterStone:BetterStone","floor":47,"gold_loss":0}],"is_beta":false,"boss_relics":[{"not_picked":["Runic Dome","Black Blood"],"picked":"Astrolabe"},{"not_picked":["Tiny House","Pandora\u0027s Box"],"picked":"SlaversCollar"}],"items_purged_floors":[20,37],"is_endless":false,"potions_floor_spawned":[8,11,13,16,19,23,31,33,39,45,48],"ascension_level":8}}