{"host":"7v5hyrhprwh0garb","time":1611896265,"event":{"mods":["BaseMod","Downfall","Minty Spire (QoL Compilation)","StSLib"],"gold_per_floor":[99,110,43,43,60,84,84,94,94,94,121,132,132,142,156,252,252,252,267,279,279,189,29,80,94,113,133,133,133,133,151,166,268,268,268,288,288,302,321,321,348,368,116,130,130,130,130],"floor_reached":45,"language":"ENG","playtime":3185,"items_purged":["Guardian:Strike_Guardian","Guardian:Strike_Guardian"],"score":421,"play_id":"c5df21c2-dec0-4c02-bb3c-463650511ab3","local_time":"20210128235745","is_ascension_mode":false,"campfire_choices":[{"data":"Guardian:CurlUp","floor":1,"key":"SMITH"},{"data":"Guardian:BodySlam","floor":10,"key":"SMITH"},{"data":"Guardian:RollAttack","floor":13,"key":"SMITH"},{"data":"Guardian:BronzeOrb","floor":18,"key":"SMITH"},{"data":"Guardian:CrystalBeam","floor":29,"key":"SMITH"},{"data":"Guardian:SphericShield","floor":35,"key":"SMITH"},{"data":"Guardian:WalkerClaw","floor":40,"key":"SMITH"}],"circlet_count":0,"master_deck":["Guardian:Strike_Guardian","Guardian:Defend_Guardian","Guardian:CurlUp+1","Guardian:TwinSlam","Guardian:BronzeOrb+1","Guardian:CrystalBeam+1","Guardian:ChargeCore","Guardian:BodySlam+1","Guardian:RollAttack+1","Guardian:Recover","Guardian:TemporalShield","Guardian:Planning","Guardian:ExploitGems","Guardian:SphericShield+1","Guardian:GuardianWhirl","Guardian:WalkerClaw+1","Parasite","Guardian:TimeBomb+1","Guardian:TimeCapacitor"],"relics":["Guardian:ModeShifter","Potion Belt","Ornamental Fan","Sundial","SlaversCollar","Guardian:BottledStasis","MealTicket","Empty Cage","Toy Ornithopter","Gambling Chip","Happy Flower"],"acts_visited":["TheCity","TheBeyond"],"potions_floor_usage":[16,32,33,33,33,39,39,43],"damage_taken":[{"damage":4,"enemies":"2 Louse","floor":2,"turns":3},{"damage":5,"enemies":"downfall:FleeingMerchant","floor":3,"turns":4},{"damage":1,"enemies":"Cultist","floor":5,"turns":3},{"damage":0,"enemies":"Jaw Worm","floor":8,"turns":2},{"damage":4,"enemies":"Lagavulin","floor":11,"turns":8},{"damage":2,"enemies":"Blue Slaver","floor":12,"turns":3},{"damage":1,"enemies":"Exordium Thugs","floor":14,"turns":3},{"damage":0,"enemies":"3 Louse","floor":15,"turns":2},{"damage":50,"enemies":"DF_ARCHETYPE_STREAMLINE","floor":16,"turns":10},{"damage":0,"enemies":"Chosen","floor":19,"turns":4},{"damage":0,"enemies":"Spheric Guardian","floor":20,"turns":3},{"damage":10,"enemies":"downfall:FleeingMerchant","floor":22,"turns":4},{"damage":6,"enemies":"downfall:FleeingMerchant","floor":23,"turns":4},{"damage":8,"enemies":"Snecko","floor":25,"turns":6},{"damage":10,"enemies":"Centurion and Healer","floor":26,"turns":8},{"damage":15,"enemies":"Shelled Parasite and Fungi","floor":27,"turns":5},{"damage":7,"enemies":"Snake Plant","floor":31,"turns":3},{"damage":0,"enemies":"Chosen and Byrds","floor":32,"turns":4},{"damage":26,"enemies":"SI_MIRROR_ARCHETYPE","floor":33,"turns":10},{"damage":7,"enemies":"Orb Walker","floor":36,"turns":4},{"damage":0,"enemies":"3 Shapes","floor":38,"turns":4},{"damage":21,"enemies":"Jaw Worm Horde","floor":39,"turns":4},{"damage":20,"enemies":"Writhing Mass","floor":42,"turns":6},{"damage":18,"enemies":"downfall:FleeingMerchant","floor":43,"turns":4},{"damage":21,"enemies":"Transient","floor":44,"turns":5},{"damage":29,"enemies":"Jaw Worm Horde","floor":45,"turns":2}],"seed_played":"-5402833618930111941","potions_obtained":[{"floor":2,"key":"LiquidMemories"},{"floor":8,"key":"hexamod:SoulburnPotion"},{"floor":14,"key":"Dexterity Potion"},{"floor":15,"key":"PowerPotion"},{"floor":16,"key":"SpeedPotion"},{"floor":19,"key":"Guardian:StasisDiscoveryPotion"},{"floor":27,"key":"Fire Potion"},{"floor":33,"key":"Explosive Potion"},{"floor":36,"key":"champ:CounterPotion"},{"floor":37,"key":"Guardian:BlockOnCardUsePotion"},{"floor":37,"key":"Block Potion"}],"is_trial":false,"path_per_floor":["R","M","$","?","M","T","T","M","?","R","E","M","R","M","M","B",null,"R","M","M","?","$","$","T","M","M","M","?","R","?","M","M","B",null,"R","M","?","M","M","R","T","M","$","M","M"],"character_chosen":"GUARDIAN","items_purchased":["Guardian:CrystalBeam","Guardian:BottledStasis","Gambling Chip","Happy Flower","Guardian:TimeCapacitor"],"campfire_rested":0,"item_purchase_floors":[3,23,43,43,43],"current_hp_per_floor":[88,84,79,79,78,78,78,78,78,78,74,72,72,71,71,21,88,88,88,88,88,78,72,72,64,54,39,39,39,39,32,32,6,88,88,81,81,81,60,60,60,40,42,21,0,0,0],"gold":130,"neow_bonus":"TEN_PERCENT_HP_BONUS","is_daily":false,"chose_seed":false,"campfire_upgraded":7,"win_rate":0.0,"timestamp":1611896265,"path_taken":["R","M","$","?","?","?","T","M","?","R","E","M","R","?","M","BOSS","R","M","M","?","?","$","T","M","M","M","?","R","?","M","M","BOSS","R","M","?","M","M","R","T","M","$","M","M"],"items_purchased_type":["Card","Relic","Relic","Relic","Card"],"build_version":"2020-12-22","purchased_purges":2,"victory":false,"max_hp_per_floor":[88,88,88,88,88,88,88,88,88,88,88,88,88,88,88,88,88,88,88,88,88,88,88,88,88,88,88,88,88,88,88,88,88,88,88,88,88,88,88,88,88,88,88,88,88,88,88],"card_choices":[{"not_picked":["Guardian:Emergency","Guardian:Gem_Red"],"picked":"Guardian:BronzeOrb","floor":2},{"not_picked":["Guardian:Incinerate","Guardian:SentryBeam"],"picked":"Guardian:Gem_Orange","floor":3},{"not_picked":["Guardian:Gem_Blue","Guardian:PrimingBeam"],"picked":"Guardian:ChargeCore","floor":5},{"not_picked":["Guardian:Gem_Cyan","Guardian:ShieldCharger"],"picked":"Guardian:BodySlam","floor":8},{"not_picked":["Guardian:DecasProtection","Guardian:CrystalBeam"],"picked":"Guardian:RollAttack","floor":11},{"not_picked":["Guardian:TemporalStrike","Guardian:ArmoredProtocol"],"picked":"Guardian:Recover","floor":12},{"not_picked":["Guardian:Gem_Cyan","Guardian:PrimingBeam"],"picked":"Guardian:TemporalShield","floor":14},{"not_picked":["Guardian:Harden","Guardian:DecasProtection"],"picked":"Guardian:Planning","floor":15},{"not_picked":["Guardian:FastForward","Guardian:StasisField"],"picked":"Guardian:ExploitGems","floor":16},{"not_picked":["Guardian:CrystalBeam","Guardian:Gem_Lightblue","Guardian:BronzeArmor+1"],"picked":"SKIP","floor":19},{"not_picked":["Guardian:VentSteam","Guardian:Recover"],"picked":"Guardian:Gem_Cyan","floor":20},{"not_picked":["Guardian:AncientConstruct","Guardian:SentryBeam+1"],"picked":"Guardian:Gem_Orange","floor":22},{"not_picked":["Guardian:Gem_Red","Guardian:Gem_Cyan","Guardian:PiercingHide"],"picked":"SKIP","floor":23},{"not_picked":["Guardian:Gem_Green","Guardian:Repulse+1","Guardian:PrimingBeam"],"picked":"SKIP","floor":25},{"not_picked":["Guardian:RollAttack","Guardian:BronzeArmor"],"picked":"Guardian:Gem_Yellow","floor":26},{"not_picked":["Guardian:ArmoredProtocol+1","Guardian:PrimingBeam+1","Guardian:BronzeOrb"],"picked":"SKIP","floor":27},{"not_picked":["Guardian:DecasProtection","Guardian:Recover","Guardian:BodySlam"],"picked":"SKIP","floor":31},{"not_picked":["Guardian:ArmoredProtocol","Guardian:Recover","Guardian:Reroute"],"picked":"SKIP","floor":32},{"not_picked":["Guardian:TimeSifter","Guardian:AncientConstruct"],"picked":"Guardian:SphericShield","floor":33},{"not_picked":["Guardian:MultiBeam","Guardian:Gem_Fragmented"],"picked":"Guardian:Gem_Red","floor":36},{"not_picked":["Guardian:RollAttack","Guardian:Gem_Lightblue"],"picked":"Guardian:GuardianWhirl","floor":38},{"not_picked":["Guardian:TimeCapacitor+1","Guardian:PiercingHide"],"picked":"Guardian:WalkerClaw","floor":39},{"not_picked":["Guardian:Planning","Guardian:Preprogram"],"picked":"Guardian:TimeBomb+1","floor":42},{"not_picked":["Guardian:ShieldSpikes+1","Guardian:WalkerClaw","Guardian:Harden"],"picked":"SKIP","floor":43},{"not_picked":["Guardian:RefractedBeam","Guardian:VentSteam","Guardian:Gem_Cyan"],"picked":"SKIP","floor":44}],"player_experience":128267,"relics_obtained":[{"floor":6,"key":"Potion Belt"},{"floor":7,"key":"Ornamental Fan"},{"floor":11,"key":"Sundial"},{"floor":24,"key":"MealTicket"},{"floor":41,"key":"Toy Ornithopter"}],"event_choices":[{"damage_healed":0,"gold_gain":0,"player_choice":"Got Potions","damage_taken":0,"max_hp_gain":0,"max_hp_loss":0,"event_name":"Lab","floor":37,"gold_loss":0}],"is_beta":false,"boss_relics":[{"not_picked":["Tiny House","Fusion Hammer"],"picked":"SlaversCollar"},{"not_picked":["Philosopher\u0027s Stone","Velvet Choker"],"picked":"Empty Cage"}],"items_purged_floors":[22,43],"is_endless":false,"potions_floor_spawned":[2,8,14,15,16,19,20,27,33,36],"killed_by":"Jaw Worm Horde","ascension_level":0}}