{"host":"63yhhrjweyj22b0v","time":1611900244,"event":{"mods":["BaseMod","Minty Spire (QoL Compilation)","Quick Restart"],"gold_per_floor":[115,115,115,65,79,113,288,288,288,319,144,219,219,244,244,346,346,360,360,360,285,285,285,304,304,328,360,360,275,11,29,29,29,29],"floor_reached":33,"language":"ENG","playtime":664,"items_purged":["Doubt"],"score":358,"play_id":"0c5468ec-59a2-479c-abb7-bef67533aad7","local_time":"20210129000404","is_ascension_mode":true,"campfire_choices":[{"data":"Buffer","floor":8,"key":"SMITH"},{"data":"Static Discharge","floor":13,"key":"SMITH"},{"floor":15,"key":"REST"},{"data":"Streamline","floor":23,"key":"SMITH"},{"data":"Self Repair","floor":25,"key":"SMITH"},{"floor":28,"key":"REST"},{"data":"Consume","floor":32,"key":"SMITH"}],"circlet_count":0,"master_deck":["Strike_B","Strike_B","Defend_B","Defend_B","Defend_B","Defend_B","Zap+1","Dualcast+1","Consume+1","Go for the Eyes","Buffer+1","Ball Lightning","Static Discharge+1","Lockon","Beam Cell","Amplify","Streamline+1","Self Repair+1","Loop","Capacitor"],"relics":["Cracked Core","NeowsBlessing","TungstenRod","Toy Ornithopter","MawBank","Pear","Sozu","DataDisk","Nunchaku","Strawberry","Membership Card","Matryoshka"],"acts_visited":["Exordium","TheCity"],"potions_floor_usage":[16,31,31],"damage_taken":[{"damage":0,"enemies":"Cultist","floor":1,"turns":1},{"damage":0,"enemies":"Jaw Worm","floor":5,"turns":1},{"damage":0,"enemies":"Lagavulin","floor":6,"turns":1},{"damage":4,"enemies":"2 Louse","floor":10,"turns":2},{"damage":0,"enemies":"Gremlin Nob","floor":14,"turns":4},{"damage":22,"enemies":"The Guardian","floor":16,"turns":7},{"damage":9,"enemies":"Spheric Guardian","floor":18,"turns":4},{"damage":6,"enemies":"Shell Parasite","floor":24,"turns":1},{"damage":20,"enemies":"Book of Stabbing","floor":27,"turns":4},{"damage":0,"enemies":"Centurion and Healer","floor":31,"turns":5},{"damage":100,"enemies":"Collector","floor":33,"turns":6}],"seed_played":"8379225733255357319","potions_obtained":[{"floor":1,"key":"Swift Potion"},{"floor":10,"key":"SkillPotion"},{"floor":16,"key":"Energy Potion"}],"is_trial":false,"path_per_floor":["M","?","?","?","M","E","?","R","T","M","$","?","R","E","R","B",null,"M","?","?","?","?","R","M","R","T","E","R","?","$","M","R","B"],"character_chosen":"DEFECT","items_purchased":["Static Discharge","Lockon","Membership Card","Matryoshka"],"campfire_rested":2,"item_purchase_floors":[11,11,30,30],"current_hp_per_floor":[75,68,54,54,54,54,54,54,54,50,50,40,40,50,75,58,85,76,76,76,76,61,61,55,55,55,45,72,79,79,97,97,0,0],"gold":29,"neow_bonus":"THREE_ENEMY_KILL","is_daily":false,"chose_seed":false,"campfire_upgraded":5,"win_rate":0.0,"timestamp":1611900244,"path_taken":["M","?","?","?","M","E","?","R","T","M","$","?","R","E","R","BOSS","M","?","?","?","?","R","M","R","T","E","R","?","$","?","R","BOSS"],"items_purchased_type":["Card","Card","Relic","Relic"],"build_version":"2020-12-22","purchased_purges":1,"victory":false,"max_hp_per_floor":[75,75,75,75,75,75,75,75,75,75,75,75,75,85,85,85,85,85,85,85,85,90,90,90,90,90,90,90,97,97,97,97,97,97],"card_choices":[{"not_picked":["Undo","Leap"],"picked":"Consume","floor":1},{"not_picked":["Skim","Recycle"],"picked":"Go for the Eyes","floor":5},{"not_picked":["Thunder Strike","Scrape"],"picked":"Buffer","floor":6},{"not_picked":["Coolheaded","Force Field"],"picked":"Ball Lightning","floor":10},{"not_picked":["Conserve Battery","Fusion"],"picked":"Beam Cell","floor":14},{"not_picked":["Machine Learning","Hyperbeam"],"picked":"Amplify","floor":16},{"not_picked":["Go for the Eyes","Coolheaded+1"],"picked":"Streamline","floor":18},{"not_picked":["Genetic Algorithm+1","Sunder+1"],"picked":"Loop","floor":24},{"not_picked":["Glacier","Gash"],"picked":"Capacitor","floor":27},{"not_picked":["Aggregate","Steam Power+1","Capacitor"],"picked":"SKIP","floor":31}],"player_experience":603025,"relics_obtained":[{"floor":6,"key":"Toy Ornithopter"},{"floor":9,"key":"MawBank"},{"floor":14,"key":"Pear"},{"floor":26,"key":"DataDisk"},{"floor":27,"key":"Nunchaku"}],"event_choices":[{"damage_healed":0,"gold_gain":0,"player_choice":"Success","damage_taken":7,"relics_obtained":["TungstenRod"],"max_hp_gain":0,"max_hp_loss":0,"event_name":"Scrap Ooze","floor":2,"gold_loss":0},{"damage_healed":0,"gold_gain":0,"player_choice":"Entered Light","damage_taken":15,"max_hp_gain":0,"max_hp_loss":0,"event_name":"Shining Light","floor":3,"gold_loss":0,"cards_upgraded":["Dualcast","Zap"]},{"cards_removed":["Strike_B"],"damage_healed":0,"gold_gain":0,"player_choice":"Card Removal","damage_taken":0,"max_hp_gain":0,"max_hp_loss":0,"event_name":"The Cleric","floor":4,"gold_loss":50},{"damage_healed":0,"gold_gain":175,"player_choice":"AGREE","damage_taken":0,"max_hp_gain":0,"max_hp_loss":0,"event_name":"Liars Game","floor":7,"gold_loss":0,"cards_obtained":["Doubt"]},{"damage_healed":0,"gold_gain":75,"player_choice":"Gather Gold","damage_taken":11,"max_hp_gain":0,"max_hp_loss":0,"event_name":"World of Goop","floor":12,"gold_loss":0},{"damage_healed":0,"gold_gain":0,"player_choice":"Ignored","damage_taken":0,"max_hp_gain":0,"max_hp_loss":0,"event_name":"Vampires","floor":19,"gold_loss":0},{"damage_healed":0,"gold_gain":0,"player_choice":"Read","damage_taken":0,"max_hp_gain":0,"max_hp_loss":0,"event_name":"The Library","floor":20,"gold_loss":0,"cards_obtained":["Self Repair"]},{"cards_removed":["Strike_B"],"damage_healed":0,"gold_gain":0,"player_choice":"Gave Gold","damage_taken":0,"max_hp_gain":0,"max_hp_loss":0,"event_name":"Beggar","floor":21,"gold_loss":75},{"damage_healed":0,"gold_gain":0,"player_choice":"Shed Blood","damage_taken":21,"max_hp_gain":5,"max_hp_loss":0,"event_name":"Forgotten Altar","floor":22,"gold_loss":0},{"damage_healed":0,"gold_gain":0,"player_choice":"Obtained Relic","damage_taken":0,"relics_obtained":["Strawberry"],"max_hp_gain":0,"max_hp_loss":0,"event_name":"Addict","floor":29,"gold_loss":85}],"is_beta":false,"boss_relics":[{"not_picked":["Velvet Choker","Calling Bell"],"picked":"Sozu"}],"items_purged_floors":[11],"is_endless":false,"potions_floor_spawned":[1,10,16,18,24,27],"killed_by":"Collector","ascension_level":1}}