{"host":"dn6kke80v5f7isus","time":1611899176,"event":{"mods":["AchievementEnabler","Act Like it!","BaseMod","Colored Powertips","Custom Start","Defuse TimeMaze Blight","Gremlin Skip","Highlight Path","Hubris","Infinite Spire","Marisa????????","Minty Spire (QoL Compilation)","Rare Cards Sparkle","Replay The Spire","StSLib","The Servant 0.9.4","Uncapped","Unceasing Turn Reminder"],"gold_per_floor":[209,209,5582,5582,5582,5582,5613,5613,5613,5613,5613,5628,5658,5658,5658,5759,5759,5778,5796,5796,5814,5831,5831,5831],"floor_reached":23,"language":"ENG","playtime":640,"items_purged":[],"score":207,"play_id":"5286b5bf-da26-47ce-ad46-7cb0a1d1bbd6","local_time":"20210129004616","is_ascension_mode":true,"campfire_choices":[{"data":"UpSweep","floor":6.0,"key":"SMITH"},{"floor":8.0,"key":"REST"},{"data":"TreasureHunter","floor":11.0,"key":"SMITH"},{"floor":15.0,"key":"REST"}],"circlet_count":0,"master_deck":["Strike_MRS","Strike_MRS","Strike_MRS","Strike_MRS+1","Defend_MRS+1","Defend_MRS","Defend_MRS","Defend_MRS+1","MasterSpark","UpSweep+1","TreasureHunter+1","EnergyFlow","MagicChant","CollectingQuirk","MagicChant"],"relics":["MiniHakkero","hubris:Icosahedron","SimpleLauncher","Gremlin Food","Bag of Marbles","ReplayTheSpireMod:Ring of Collecting","infinitespire:Golems Mask","Replay:Wax Seal","Anchor","Sundial","hubris:Towel","Pondfish Scales","RampagingMagicTools"],"acts_visited":["Exordium","TheCity"],"potions_floor_usage":[21,22],"damage_taken":[{"damage":0.0,"enemies":"Cultist","floor":1.0,"turns":4.0},{"damage":27.0,"enemies":"Gremlin Nob","floor":7.0,"turns":4.0},{"damage":1.0,"enemies":"2 Louse","floor":12.0,"turns":2.0},{"damage":23.0,"enemies":"Lagavulin","floor":13.0,"turns":4.0},{"damage":43.0,"enemies":"Slime Boss","floor":16.0,"turns":9.0},{"damage":0.0,"enemies":"Shell Parasite","floor":18.0,"turns":2.0},{"damage":3,"enemies":"Spheric Guardian","floor":19,"turns":2},{"damage":0,"enemies":"Shelled Parasite and Fungi","floor":21,"turns":1},{"damage":5,"enemies":"3 Cultists","floor":22,"turns":3},{"damage":61,"enemies":"Nightmare","floor":23,"turns":4}],"seed_played":"-1373515878228438649","potions_obtained":[{"floor":7.0,"key":"Strength Potion"},{"floor":13.0,"key":"PowerPotion"},{"floor":21,"key":"Regen Potion"},{"floor":22,"key":"Elixir"}],"is_trial":false,"path_per_floor":["M","?","$","?","?","R","E","R","T","?","R","M","E","?","R","B",null,"M","M","?","M","M","NM"],"character_chosen":"MARISA","items_purchased":["SimpleLauncher","Gremlin Food","Bag of Marbles"],"campfire_rested":2,"item_purchase_floors":[3,3,3],"current_hp_per_floor":[75,75,75,75,75,75,48,70,70,70,70,69,46,46,68,25,75,75,72,72,72,73,12,12],"gold":5831,"neow_bonus":"HUNDRED_GOLD","is_daily":false,"chose_seed":false,"campfire_upgraded":2,"win_rate":0.0,"timestamp":1611899176,"path_taken":["M","?","$","?","?","R","E","R","T","?","R","?","E","?","R","BOSS","M","M","?","M","M","NM"],"items_purchased_type":["Relic","Relic","Relic"],"build_version":"2020-12-22","purchased_purges":0,"victory":false,"max_hp_per_floor":[75,75,75,75,75,75,75,75,75,75,75,75,75,75,75,75,75,75,75,75,75,75,75,75],"card_choices":[{"not_picked":["StarlightTyphoon","UnstableBomb","LuminesStrike"],"picked":"SKIP","floor":1.0},{"not_picked":["UnstableBomb","LuminesStrike","BigCrunch"],"picked":"SKIP","floor":7.0},{"not_picked":["6A","AsteroidBelt"],"picked":"EnergyFlow","floor":12.0},{"not_picked":["ManaConvection","MaximisePower"],"picked":"MagicChant","floor":13.0},{"not_picked":["StarDustReverie","BigCrunch"],"picked":"CollectingQuirk","floor":16.0},{"not_picked":["AsteroidBelt","LuminesStrike","IllusionStar"],"picked":"SKIP","floor":18.0},{"not_picked":["StarBarrage","NonDirectionalLaser","MaximisePower"],"picked":"SKIP","floor":19},{"not_picked":["BlazeAway","DeepEcoloBomb","MysteriousBeam"],"picked":"SKIP","floor":21},{"not_picked":["GrandCross","EnergyRecoil"],"picked":"MagicChant","floor":22}],"player_experience":395300,"relics_obtained":[{"floor":4.0,"key":"ReplayTheSpireMod:Ring of Collecting"},{"floor":7.0,"key":"infinitespire:Golems Mask"},{"floor":9.0,"key":"Replay:Wax Seal"},{"floor":13.0,"key":"Anchor"},{"floor":13.0,"key":"Sundial"},{"floor":16.0,"key":"Pondfish Scales"}],"event_choices":[{"damage_healed":0.0,"max_hp_gain":0.0,"max_hp_loss":0.0,"gold_gain":0.0,"event_name":"Match and Keep!","player_choice":"1 cards matched","floor":10.0,"gold_loss":0.0,"damage_taken":0.0,"cards_obtained":["TreasureHunter"]}],"is_beta":false,"boss_relics":[{"not_picked":["Pandora\u0027s Box","infinitespire:Cupcake"],"picked":"RampagingMagicTools"}],"items_purged_floors":[],"is_endless":false,"potions_floor_spawned":[7,13,21,22],"killed_by":"Nightmare","ascension_level":1}}