{"host":"6z37w3v1wo6fteqs","time":1611893688,"event":{"mods":["AchievementEnabler","BaseMod","Bestiary","Block Reminder","Colored Map","Highlight Path","Minty Spire (QoL Compilation)","Relic Stats"],"gold_per_floor":[110,110,125,145,157,157,190,220,256,268,293,338,350,397,409,550,562,599,635,647,672,684,696,751,763,829,880,906,936,231,266,266,395,395,409,427,451,451,466,509,542,583,583,596,596,627,665,381,381,381,381,381,11,47,47,47],"floor_reached":55,"language":"ENG","playtime":9013,"items_purged":["Bite","Defend_P","Defend_P"],"score":1199,"play_id":"8479d37a-4797-40c7-9e04-e36e254746c7","local_time":"20210128201448","is_ascension_mode":true,"campfire_choices":[{"data":"Eruption","floor":6.0,"key":"SMITH"},{"data":"CarveReality","floor":15.0,"key":"SMITH"},{"data":"Vault","floor":23.0,"key":"SMITH"},{"data":"Devotion","floor":25.0,"key":"SMITH"},{"data":"WaveOfTheHand","floor":32.0,"key":"SMITH"},{"floor":49,"key":"RECALL"},{"data":"Establishment","floor":52,"key":"SMITH"}],"circlet_count":0,"master_deck":["Defend_P","Defend_P+1","Eruption+1","Vigilance","BowlingBash","Sanctity","CutThroughFate","CarveReality+1","Consecrate","Establishment+1","FlurryOfBlows","FearNoEvil","Vault+1","Devotion+1","WaveOfTheHand+1","Halt","Bite","Bite","Bite","Bite","Wallop","Prostrate+1","Prostrate","Flash of Steel","Perseverance+1","Vault+1","Protect+1","Prostrate+1","Trip+1","Secret Weapon+1","Flash of Steel","FlurryOfBlows","Prostrate+1","Tantrum","DeceiveReality+1","DeceiveReality+1","DeceiveReality+1","ThirdEye+1"],"relics":["PureWater","Orichalcum","MawBank","Bag of Marbles","Golden Idol","MealTicket","Runic Pyramid","CultistMask","Pocketwatch","Oddly Smooth Stone","Bottled Flame","Shuriken","WingedGreaves","Toxic Egg 2","Philosopher\u0027s Stone","GoldenEye","Ancient Tea Set","Bronze Scales","HornCleat","Bottled Lightning","Vajra","Membership Card","InkBottle","Bottled Tornado"],"acts_visited":["Exordium","TheCity","TheBeyond","TheEnding"],"potions_floor_usage":[55,55,55],"damage_taken":[{"damage":0.0,"enemies":"2 Louse","floor":1.0,"turns":2.0},{"damage":0.0,"enemies":"Small Slimes","floor":3.0,"turns":3.0},{"damage":0.0,"enemies":"Cultist","floor":4.0,"turns":2.0},{"damage":0.0,"enemies":"Large Slime","floor":5.0,"turns":3.0},{"damage":15.0,"enemies":"3 Sentries","floor":7.0,"turns":5.0},{"damage":0.0,"enemies":"Blue Slaver","floor":8.0,"turns":3.0},{"damage":3.0,"enemies":"2 Fungi Beasts","floor":11.0,"turns":2.0},{"damage":24.0,"enemies":"Lagavulin","floor":12.0,"turns":8.0},{"damage":8.0,"enemies":"Gremlin Nob","floor":14.0,"turns":3.0},{"damage":0.0,"enemies":"Slime Boss","floor":16.0,"turns":3.0},{"damage":10.0,"enemies":"Shell Parasite","floor":18.0,"turns":3.0},{"damage":4.0,"enemies":"3 Byrds","floor":19.0,"turns":4.0},{"damage":0.0,"enemies":"Cultist and Chosen","floor":21.0,"turns":4.0},{"damage":45.0,"enemies":"Book of Stabbing","floor":24.0,"turns":8.0},{"damage":2.0,"enemies":"Gremlin Leader","floor":27.0,"turns":7.0},{"damage":0.0,"enemies":"Centurion and Healer","floor":28.0,"turns":5.0},{"damage":0.0,"enemies":"Sentry and Sphere","floor":29.0,"turns":3.0},{"damage":4.0,"enemies":"Book of Stabbing","floor":31.0,"turns":4.0},{"damage":8.0,"enemies":"Champ","floor":33.0,"turns":9.0},{"damage":0.0,"enemies":"3 Darklings","floor":35.0,"turns":5.0},{"damage":0.0,"enemies":"Orb Walker","floor":36.0,"turns":2.0},{"damage":0.0,"enemies":"Jaw Worm Horde","floor":37.0,"turns":3.0},{"damage":0.0,"enemies":"3 Darklings","floor":39.0,"turns":5.0},{"damage":8.0,"enemies":"Nemesis","floor":40.0,"turns":4.0},{"damage":0.0,"enemies":"Reptomancer","floor":41.0,"turns":5.0},{"damage":25.0,"enemies":"Nemesis","floor":42.0,"turns":7.0},{"damage":11.0,"enemies":"Spire Growth","floor":44.0,"turns":4.0},{"damage":0.0,"enemies":"Reptomancer","floor":46.0,"turns":3.0},{"damage":0.0,"enemies":"Giant Head","floor":47.0,"turns":7.0},{"damage":0,"enemies":"Donu and Deca","floor":50,"turns":6},{"damage":0,"enemies":"Shield and Spear","floor":54,"turns":4},{"damage":73,"enemies":"The Heart","floor":55,"turns":5}],"seed_played":"-3401940164791773093","potions_obtained":[{"floor":5.0,"key":"Energy Potion"},{"floor":8.0,"key":"Weak Potion"},{"floor":10.0,"key":"GamblersBrew"},{"floor":12.0,"key":"Explosive Potion"},{"floor":16.0,"key":"ColorlessPotion"},{"floor":18.0,"key":"SteroidPotion"},{"floor":24.0,"key":"ColorlessPotion"},{"floor":28.0,"key":"Regen Potion"},{"floor":29.0,"key":"SpeedPotion"},{"floor":31.0,"key":"LiquidMemories"},{"floor":42.0,"key":"BlessingOfTheForge"},{"floor":44.0,"key":"AttackPotion"},{"floor":47,"key":"FearPotion"}],"is_trial":false,"path_per_floor":["M","?","M","M","M","R","E","M","T","?","M","E","?","E","R","B",null,"M","M","?","M","?","R","E","R","T","E","M","M","$","E","R","B",null,"M","M","M","?","M","E","E","E","T","M","?","E","E","$","R","B",null,"R","$","E","B"],"character_chosen":"WATCHER","items_purchased":["Shuriken","Flash of Steel","WingedGreaves","DeceiveReality+1","Vajra","Membership Card","InkBottle","Dexterity Potion"],"campfire_rested":0,"item_purchase_floors":[30,30,30,48,48,53,53,53],"current_hp_per_floor":[72,58,58,58,58,58,43,43,43,43,40,16,16,10,10,12,67,57,55,55,65,65,65,28,28,28,44,54,60,67,67,67,67,67,67,67,67,57,63,57,63,44,44,41,41,47,55,67,67,67,67,67,67,67,0,0],"gold":47,"neow_bonus":"RANDOM_COMMON_RELIC","is_daily":false,"chose_seed":false,"campfire_upgraded":6,"win_rate":0.0,"timestamp":1611893688,"path_taken":["M","?","M","M","M","R","E","M","T","?","?","E","?","E","R","BOSS","M","M","?","M","?","R","E","R","T","E","M","?","$","E","R","BOSS","M","?","M","?","M","E","E","E","T","M","?","E","E","$","R","BOSS","R","$","E","BOSS"],"items_purchased_type":["Relic","Card","Relic","Card","Relic","Relic","Relic","Potion"],"build_version":"2020-12-22","purchased_purges":3,"victory":false,"max_hp_per_floor":[72,72,72,72,72,72,72,72,72,72,72,72,67,67,67,67,67,67,67,67,67,67,67,67,67,67,67,67,67,67,67,67,67,67,67,67,67,67,67,67,67,67,67,67,67,67,67,67,67,67,67,67,67,67,67,67],"relic_stats":{"counters":[32,141],"Golden Idol":200,"Shuriken":[56],"Bronze Scales":[63],"MealTicket":19,"Orichalcum":[270],"MawBank":276,"GoldenEye":[10],"obtain_stats":[{"Vajra":48,"Bottled Tornado":54,"Ancient Tea Set":41,"Blood Vial":12,"HornCleat":46,"MealTicket":14,"Philosopher\u0027s Stone":34,"WingedGreaves":30,"Toxic Egg 2":31,"InkBottle":53,"Runic Pyramid":17,"Golden Idol":13,"Oddly Smooth Stone":26,"Orichalcum":0,"MawBank":7,"GoldenEye":40,"Bottled Flame":27,"Shuriken":30,"Bronze Scales":42,"CultistMask":22,"Bag of Marbles":9,"Bottled Lightning":47,"Membership Card":53,"PureWater":0,"Pocketwatch":24},{"Vajra":29,"Bottled Tornado":31,"Ancient Tea Set":25,"Blood Vial":8,"HornCleat":28,"MealTicket":9,"Philosopher\u0027s Stone":19,"WingedGreaves":17,"Toxic Egg 2":18,"InkBottle":30,"Runic Pyramid":10,"Golden Idol":8,"Oddly Smooth Stone":14,"Orichalcum":0,"MawBank":5,"GoldenEye":24,"Bottled Flame":15,"Shuriken":17,"Bronze Scales":26,"CultistMask":13,"Bag of Marbles":6,"Bottled Lightning":29,"Membership Card":30,"PureWater":0,"Pocketwatch":14},{"Vajra":126,"Bottled Tornado":136,"Ancient Tea Set":105,"Blood Vial":28,"HornCleat":119,"MealTicket":31,"Philosopher\u0027s Stone":81,"WingedGreaves":68,"Toxic Egg 2":72,"InkBottle":132,"Runic Pyramid":34,"Golden Idol":28,"Oddly Smooth Stone":53,"Orichalcum":0,"MawBank":15,"GoldenEye":100,"Bottled Flame":60,"Shuriken":68,"Bronze Scales":112,"CultistMask":45,"Bag of Marbles":18,"Bottled Lightning":126,"Membership Card":132,"PureWater":0,"Pocketwatch":53}],"InkBottle":[6],"Pocketwatch":[10]},"card_choices":[{"not_picked":["Crescendo","Swivel"],"picked":"BowlingBash","floor":1.0},{"not_picked":["ClearTheMind","BowlingBash"],"picked":"Sanctity","floor":3.0},{"not_picked":["Evaluate","ClearTheMind"],"picked":"CutThroughFate","floor":4.0},{"not_picked":["JustLucky","Crescendo"],"picked":"CarveReality","floor":5.0},{"not_picked":["EmptyFist","PathToVictory"],"picked":"Consecrate","floor":7.0},{"not_picked":["JustLucky","WreathOfFlame"],"picked":"Establishment","floor":8.0},{"not_picked":["EmptyFist","EmptyBody"],"picked":"FlurryOfBlows","floor":11.0},{"not_picked":["ClearTheMind","WaveOfTheHand"],"picked":"FearNoEvil","floor":12.0},{"not_picked":["ClearTheMind","InnerPeace"],"picked":"Vault","floor":14.0},{"not_picked":["MasterReality","Brilliance"],"picked":"Devotion","floor":16.0},{"not_picked":["FlyingSleeves","SandsOfTime"],"picked":"WaveOfTheHand","floor":18.0},{"not_picked":["Wallop","CarveReality"],"picked":"Halt","floor":19.0},{"not_picked":["FlyingSleeves","Vengeance","ClearTheMind"],"picked":"SKIP","floor":21.0},{"not_picked":["FearNoEvil+1","CutThroughFate"],"picked":"Wallop","floor":24.0},{"not_picked":["Wallop","Nirvana+1","BowlingBash"],"picked":"SKIP","floor":27.0},{"not_picked":["FollowUp+1","CarveReality"],"picked":"Prostrate+1","floor":28.0},{"not_picked":["ThirdEye","FearNoEvil+1"],"picked":"Prostrate","floor":29.0},{"not_picked":["Scrawl+1","Halt+1"],"picked":"Perseverance+1","floor":31.0},{"not_picked":["Brilliance","Establishment"],"picked":"Vault+1","floor":33.0},{"not_picked":["SashWhip","ClearTheMind+1","Consecrate+1"],"picked":"SKIP","floor":35.0},{"not_picked":["ClearTheMind+1","JustLucky+1"],"picked":"Protect+1","floor":36.0},{"not_picked":["Crescendo+1","CrushJoints+1"],"picked":"Prostrate+1","floor":37.0},{"not_picked":["Thinking Ahead+1","Impatience+1"],"picked":"Trip+1","floor":38.0},{"not_picked":["Mayhem","Transmutation+1"],"picked":"Secret Weapon+1","floor":38.0},{"not_picked":["Enlightenment+1","Forethought+1"],"picked":"Flash of Steel","floor":38.0},{"not_picked":["CrushJoints+1","FearNoEvil"],"picked":"FlurryOfBlows","floor":39.0},{"not_picked":["WheelKick","Adaptation+1"],"picked":"Prostrate+1","floor":40.0},{"not_picked":["CrushJoints+1","Swivel+1"],"picked":"Tantrum","floor":41.0},{"not_picked":["LessonLearned","Prostrate+1"],"picked":"DeceiveReality+1","floor":42.0},{"not_picked":["Crescendo+1","BattleHymn+1","LikeWater+1"],"picked":"SKIP","floor":44.0},{"not_picked":["FlyingSleeves","Crescendo+1"],"picked":"DeceiveReality+1","floor":46.0},{"not_picked":["SandsOfTime","CrushJoints","Evaluate+1"],"picked":"SKIP","floor":47},{"not_picked":["Scrawl+1","CrushJoints"],"picked":"ThirdEye+1","floor":54}],"player_experience":36525,"relics_obtained":[{"floor":7.0,"key":"MawBank"},{"floor":9.0,"key":"Bag of Marbles"},{"floor":12.0,"key":"Blood Vial"},{"floor":14.0,"key":"MealTicket"},{"floor":24.0,"key":"Pocketwatch"},{"floor":26.0,"key":"Oddly Smooth Stone"},{"floor":27.0,"key":"Bottled Flame"},{"floor":31.0,"key":"Toxic Egg 2"},{"floor":40.0,"key":"GoldenEye"},{"floor":41.0,"key":"Ancient Tea Set"},{"floor":42.0,"key":"Bronze Scales"},{"floor":46.0,"key":"HornCleat"},{"floor":47,"key":"Bottled Lightning"},{"floor":54,"key":"Bottled Tornado"}],"event_choices":[{"damage_healed":0.0,"max_hp_gain":0.0,"max_hp_loss":0.0,"gold_gain":0.0,"event_name":"Shining Light","player_choice":"Entered Light","floor":2.0,"gold_loss":0.0,"damage_taken":14.0,"cards_upgraded":["Defend_P","Strike_P"]},{"damage_healed":0.0,"max_hp_gain":0.0,"max_hp_loss":0.0,"gold_gain":0.0,"event_name":"Lab","player_choice":"Got Potions","floor":10.0,"gold_loss":0.0,"damage_taken":0.0},{"damage_healed":0.0,"max_hp_gain":0.0,"max_hp_loss":5.0,"gold_gain":0.0,"event_name":"Golden Idol","player_choice":"Lose Max HP","floor":13.0,"gold_loss":0.0,"damage_taken":0.0,"relics_obtained":["Golden Idol"]},{"damage_healed":0.0,"max_hp_gain":0.0,"max_hp_loss":0.0,"gold_gain":0.0,"event_name":"Vampires","player_choice":"Became a vampire (Vial)","floor":20.0,"relics_lost":["Blood Vial"],"gold_loss":0.0,"damage_taken":0.0,"cards_obtained":["Bite","Bite","Bite","Bite","Bite"]},{"damage_healed":0.0,"max_hp_gain":0.0,"max_hp_loss":0.0,"gold_gain":0.0,"event_name":"FaceTrader","player_choice":"Trade","floor":22.0,"gold_loss":0.0,"damage_taken":0.0,"relics_obtained":["CultistMask"]},{"damage_healed":0.0,"max_hp_gain":0.0,"max_hp_loss":0.0,"gold_gain":0.0,"event_name":"SensoryStone","player_choice":"Memory 3","floor":38.0,"gold_loss":0.0,"damage_taken":10.0},{"damage_healed":0.0,"max_hp_gain":0.0,"max_hp_loss":0.0,"gold_gain":0.0,"event_name":"Tomb of Lord Red Mask","player_choice":"Ignored","floor":45.0,"gold_loss":0.0,"damage_taken":0.0}],"is_beta":false,"boss_relics":[{"not_picked":["Busted Crown","HolyWater"],"picked":"Runic Pyramid"},{"not_picked":["Snecko Eye","Cursed Key"],"picked":"Philosopher\u0027s Stone"}],"items_purged_floors":[30,48,53],"is_endless":false,"potions_floor_spawned":[5,8,12,16,18,24,28,29,31,37,42,44,47],"killed_by":"The Heart","ascension_level":1}}