{"host":"pgm1p3lvdjflie30","time":1611904684,"event":{"mods":["100% Spire Juice","ATMod(阿瑾Mod)","AchievementEnabler","Alarm Clock","Aspiration","BaseMod","Colored Map","Colored Powertips","Conspire","Dark Map","Dota2Spire","Downfall","Energized Spire","Gremlin Mod","Hermit","Highlight Path","Minty Spire (QoL Compilation)","MostiFishMod","Quarter Circle Forward PUNCH!","Quick Restart","Relic Stats","Replay The Spire","Spicy Shops","StSLib","TestMod","The IronCluck","The Jungle","Waifu the Spire","【?物卡牌】REMEMod","?留之物","篝火指南"],"gold_per_floor":[109,109,109,125,125,125,155,165,232,241,260,315,315,329,329,427,427,443,358,358,403,416,416,434,443,467,494,494,71,84,99,99,201,201,218,5,279,288,379,379,0,11,11,25,25,25,25,35,35,35,35,35,35,61,61],"floor_reached":56,"language":"ZHS","playtime":2787,"items_purged":["PlaceholderMod:BaseDefend","PlaceholderMod:BaseDefend","PlaceholderMod:BaseDefend"],"score":1531,"play_id":"7fc0e04b-e6f1-4ef6-b481-eeabccae582b","local_time":"20210129151804","is_ascension_mode":false,"campfire_choices":[{"floor":6,"key":"RECALL"},{"data":"PlaceholderMod:HardStinger","floor":13,"key":"SMITH"},{"floor":23,"key":"REST"},{"data":"PlaceholderMod:AbsorbTouch","floor":32,"key":"SMITH"},{"floor":40,"key":"REST"},{"floor":47,"key":"REST"},{"floor":49,"key":"REST"},{"data":"PlaceholderMod:QualitativeChange","floor":52,"key":"SMITH"}],"circlet_count":0,"master_deck":["PlaceholderMod:BaseStrike","PlaceholderMod:BaseStrike","PlaceholderMod:BaseStrike","PlaceholderMod:BaseStrike","PlaceholderMod:BaseStrike","PlaceholderMod:BaseDefend","PlaceholderMod:Crystal","PlaceholderMod:PoisonWhip","AT_TearsDenial+1","Moonworks:RocketCannon","PlaceholderMod:HardStinger+1","PlaceholderMod:DirectingGroup","PlaceholderMod:SprayAttack","PlaceholderMod:AttackAsDefend","PlaceholderMod:Internalization","PlaceholderMod:Break+1","PlaceholderMod:ComplexForm","PlaceholderMod:DirectingGroup","PlaceholderMod:AbsorbTouch+1","PlaceholderMod:StrongAcid+1","PlaceholderMod:PoisonExcitation","PlaceholderMod:Hard+1","PlaceholderMod:Stable+1","PlaceholderMod:HardStinger","PlaceholderMod:PericyclicReaction","PlaceholderMod:SelfCoupling","PlaceholderMod:SelfCoupling","PlaceholderMod:StressReaction","PlaceholderMod:HardStrike","PlaceholderMod:SeverePoisonStrike","PlaceholderMod:EvolutionSpray+1","PlaceholderMod:HardStinger+1","PlaceholderMod:DoublePoint","PlaceholderMod:DirectingGroup+1","PanicButton","PlaceholderMod:StressReaction+1","PlaceholderMod:DirectingGroup","PlaceholderMod:NutritionAbsorb","PlaceholderMod:Internalization+1","PlaceholderMod:QualitativeChange+1","PlaceholderMod:NearChange+1","PlaceholderMod:HighConcentration"],"relics":["PlaceholderMod:Tancle","AT_ATBox","DaveBox","testmod-TestBox","REME_ComplimentaryCards","ShadowXiaoBlade","testmod-Charity","NeowsBlessing","SynthV:TestCard","GremlinMask","testmod-LifeArmor","qcfpunch:Chain_With_Nametags","Replay:Grab Bag","energizedSpire:SpiderWeb","testmod-NegativeEmotionEnhancer","Dota2Spire:MantaStyle","Dota2Spire:ArmletOfMordiggian","Dota2Spire:PhaseBoots","aspiration:KaomsHeart"],"acts_visited":["Exordium","TheCity","TheBeyond","TheEnding"],"potions_floor_usage":[10,12,12,21,33,33,33,38,44,55],"damage_taken":[{"damage":0,"enemies":"Cultist","floor":1,"turns":1},{"damage":0,"enemies":"Jaw Worm","floor":4,"turns":1},{"damage":0,"enemies":"3 Sentries","floor":7,"turns":2},{"damage":0,"enemies":"Small Slimes","floor":8,"turns":3},{"damage":11,"enemies":"Exordium Thugs","floor":10,"turns":3},{"damage":1,"enemies":"Exordium Wildlife","floor":11,"turns":3},{"damage":9,"enemies":"Gremlin Nob","floor":12,"turns":3},{"damage":4,"enemies":"Gremlin Gang","floor":14,"turns":3},{"damage":22,"enemies":"Hexaghost","floor":16,"turns":6},{"damage":17,"enemies":"conspire:FuzzyDice","floor":18,"turns":5},{"damage":19,"enemies":"Shell Parasite","floor":21,"turns":4},{"damage":16,"enemies":"Chosen and Byrds","floor":22,"turns":4},{"damage":0,"enemies":"Snecko","floor":24,"turns":3},{"damage":8,"enemies":"Centurion and Healer","floor":25,"turns":4},{"damage":19,"enemies":"Replay:Snechameleon","floor":27,"turns":5},{"damage":9,"enemies":"Snake Plant","floor":30,"turns":3},{"damage":14,"enemies":"3 Cultists","floor":31,"turns":4},{"damage":18,"enemies":"Pondfish","floor":33,"turns":7},{"damage":20,"enemies":"3 Darklings","floor":35,"turns":6},{"damage":17,"enemies":"Orb Walker","floor":38,"turns":4},{"damage":26,"enemies":"3 Darklings","floor":42,"turns":5},{"damage":34,"enemies":"Transient","floor":44,"turns":5},{"damage":27,"enemies":"Jaw Worm Horde","floor":48,"turns":4},{"damage":107,"enemies":"conspire:OrnateMirror","floor":50,"turns":6},{"damage":50,"enemies":"Shield and Spear","floor":54,"turns":5},{"damage":64,"enemies":"The Heart","floor":55,"turns":9}],"seed_played":"2703888237610531528","potions_obtained":[{"floor":7,"key":"champ:CounterPotion"},{"floor":8,"key":"SkillPotion"},{"floor":11,"key":"REME_GoldPotion"},{"floor":16,"key":"champ:CounterPotion"},{"floor":18,"key":"REME_GoldPotion"},{"floor":25,"key":"Dota2Spire:HealingSalve"},{"floor":27,"key":"EssenceOfSteel"},{"floor":30,"key":"ColorlessPotion"},{"floor":35,"key":"Block Potion"},{"floor":42,"key":"Explosive Potion"},{"floor":44,"key":"Milkshake"}],"is_trial":false,"path_per_floor":["M","?","?","M","?","R","E","M","T","M","M","E","R","M","R_BF","B",null,"M","?","?","M","M","R","M","M","T","E","?","$","M","M","R","B",null,"M","$","?","M","?","R","?","M","T","M","$","?","R","M","R","B",null,"R","$","E","B",null],"character_chosen":"THE_PLACEHOLDER","items_purchased":["PlaceholderMod:SelfCoupling","PlaceholderMod:StressReaction","PlaceholderMod:HardStrike","PlaceholderMod:SeverePoisonStrike","aspiration:KMNothing","aspiration:KMNothing","aspiration:KMNothing","aspiration:KMNothing","aspiration:KMNothing","aspiration:KMNothing","PanicButton","aspiration:KMNothing","aspiration:KMNothing","aspiration:KMNothing","aspiration:KMNothing","aspiration:KMNothing","aspiration:KMNothing","aspiration:KMNothing","aspiration:KMNothing","aspiration:KMNothing","aspiration:KMNothing","aspiration:KMNothing"],"campfire_rested":4,"item_purchase_floors":[29,29,29,29,36,36,36,36,36,36,36,45,45,45,45,45,45,53,53,53,53,53],"current_hp_per_floor":[79,79,72,73,73,73,74,75,76,67,67,60,60,57,83,62,90,77,77,92,77,65,94,97,93,94,78,178,178,172,163,163,151,210,200,200,201,187,102,166,166,148,148,117,117,117,183,161,222,118,223,223,223,177,115],"gold":61,"neow_bonus":"THREE_ENEMY_KILL","is_daily":false,"chose_seed":false,"campfire_upgraded":3,"win_rate":0.0,"timestamp":1611904684,"path_taken":["M","?","?","M","?","R","E","M","T","M","?","E","R","M","R_BF","BOSS","M","?","?","M","?","R","M","M","T","E","?","$","M","M","R","BOSS","M","$","?","?","?","R","?","M","T","M","?","?","R","M","R","BOSS","R","$","E","BOSS"],"items_purchased_type":["Card","Card","Card","Card","Relic","Relic","Relic","Relic","Relic","Relic","Card","Relic","Relic","Relic","Relic","Relic","Relic","Relic","Relic","Relic","Relic","Relic"],"build_version":"2020-12-22","purchased_purges":3,"victory":true,"max_hp_per_floor":[79,79,79,80,80,80,81,82,83,85,86,88,88,89,89,90,90,92,92,92,95,97,97,99,101,102,104,204,204,206,208,208,210,210,212,212,213,215,216,216,216,218,218,220,220,220,220,222,222,223,223,223,223,225,226],"relic_stats":{"counters":[26,108],"obtain_stats":[{"PlaceholderMod:Tancle":0,"Dota2Spire:MantaStyle":19,"AT_ATBox":0,"testmod-TestBox":0,"DaveBox":0,"NeowsBlessing":0,"Replay:Grab Bag":17,"Dota2Spire:ArmletOfMordiggian":26,"ShadowXiaoBlade":0,"GremlinMask":5,"testmod-LifeArmor":7,"testmod-NegativeEmotionEnhancer":17,"energizedSpire:SpiderWeb":17,"testmod-Charity":0,"Runic Dome":17,"SynthV:TestCard":1,"aspiration:KaomsHeart":28,"qcfpunch:Chain_With_Nametags":12,"REME_ComplimentaryCards":0,"Dota2Spire:PhaseBoots":27},{"PlaceholderMod:Tancle":0,"Dota2Spire:MantaStyle":10,"AT_ATBox":0,"testmod-TestBox":0,"DaveBox":0,"NeowsBlessing":0,"Replay:Grab Bag":9,"Dota2Spire:ArmletOfMordiggian":14,"ShadowXiaoBlade":0,"GremlinMask":2,"testmod-LifeArmor":3,"testmod-NegativeEmotionEnhancer":9,"energizedSpire:SpiderWeb":9,"testmod-Charity":0,"Runic Dome":9,"SynthV:TestCard":1,"aspiration:KaomsHeart":15,"qcfpunch:Chain_With_Nametags":7,"REME_ComplimentaryCards":0,"Dota2Spire:PhaseBoots":15},{"PlaceholderMod:Tancle":0,"Dota2Spire:MantaStyle":30,"AT_ATBox":0,"testmod-TestBox":0,"DaveBox":0,"NeowsBlessing":0,"Replay:Grab Bag":25,"Dota2Spire:ArmletOfMordiggian":45,"ShadowXiaoBlade":0,"GremlinMask":2,"testmod-LifeArmor":4,"testmod-NegativeEmotionEnhancer":25,"energizedSpire:SpiderWeb":25,"testmod-Charity":0,"Runic Dome":25,"SynthV:TestCard":1,"aspiration:KaomsHeart":50,"qcfpunch:Chain_With_Nametags":16,"REME_ComplimentaryCards":0,"Dota2Spire:PhaseBoots":50}]},"card_choices":[{"not_picked":["PlaceholderMod:ConsolidateHit","PlaceholderMod:NutritionAbsorb"],"picked":"PlaceholderMod:HardStinger","floor":1},{"not_picked":["PlaceholderMod:AngryAttack","PlaceholderMod:SprayAttack","PlaceholderMod:CrystallizationStrike","PlaceholderMod:SpinBlade"],"picked":"PlaceholderMod:DirectingGroup","floor":4},{"not_picked":["PlaceholderMod:SpinBlade","PlaceholderMod:CrystallizationStrike","PlaceholderMod:MultipleOxi","PlaceholderMod:HealingAttack"],"picked":"PlaceholderMod:SprayAttack","floor":7},{"not_picked":["PlaceholderMod:SeverePoisonStrike","PlaceholderMod:PoisonExcitation","PlaceholderMod:PoisonAbsorb","PlaceholderMod:EnergyAbsorb"],"picked":"PlaceholderMod:AttackAsDefend","floor":8},{"not_picked":["PlaceholderMod:AttackAsDefend","PlaceholderMod:InnerSoften","PlaceholderMod:SeverePoisonStrike","PlaceholderMod:PoisonAbsorb"],"picked":"PlaceholderMod:Internalization","floor":10},{"not_picked":["PlaceholderMod:StrongAcid","PlaceholderMod:TriggerStrike","PlaceholderMod:PoisonExcitation","PlaceholderMod:SprayAttack"],"picked":"PlaceholderMod:Break","floor":11},{"not_picked":["PlaceholderMod:PoisonBlast","PlaceholderMod:PoisonExcitation","PlaceholderMod:CycleAttack","PlaceholderMod:ProliferateStrike"],"picked":"PlaceholderMod:ComplexForm","floor":12},{"not_picked":["PlaceholderMod:ChainPoly","PlaceholderMod:Turn","PlaceholderMod:MultiReaction","PlaceholderMod:PoisonBlast"],"picked":"PlaceholderMod:DirectingGroup","floor":14},{"not_picked":["PlaceholderMod:Inner","PlaceholderMod:PericyclicReaction","PlaceholderMod:CorePoison","PlaceholderMod:QualitativeChange"],"picked":"PlaceholderMod:AbsorbTouch","floor":16},{"not_picked":["PlaceholderMod:AngryAttack","PlaceholderMod:Stable+1","PlaceholderMod:Polyp","PlaceholderMod:FastReaction"],"picked":"PlaceholderMod:StrongAcid+1","floor":18},{"not_picked":["PlaceholderMod:Internalization","PlaceholderMod:AttackAsDefend","PlaceholderMod:StrongAcid","PlaceholderMod:HornyBlast"],"picked":"PlaceholderMod:PoisonExcitation","floor":21},{"not_picked":["PlaceholderMod:ParasiteChange","PlaceholderMod:SprayAttack","PlaceholderMod:Crystallization","PlaceholderMod:Hyperplasia"],"picked":"PlaceholderMod:Hard+1","floor":22},{"not_picked":["PlaceholderMod:ProliferateStrike","PlaceholderMod:Inner","PlaceholderMod:ParasiteChange+1","PlaceholderMod:PoisonBlast"],"picked":"PlaceholderMod:Stable+1","floor":24},{"not_picked":["PlaceholderMod:PoisonExcitation","PlaceholderMod:OHStrongAttack","PlaceholderMod:ThreeBenzyolStart","PlaceholderMod:SprayAttack"],"picked":"PlaceholderMod:HardStinger","floor":25},{"not_picked":["PlaceholderMod:Polyp","PlaceholderMod:OHStrongAttack","PlaceholderMod:Internalization","PlaceholderMod:Crystallization"],"picked":"PlaceholderMod:PericyclicReaction","floor":27},{"not_picked":["PlaceholderMod:UnpureUse","PlaceholderMod:StressReaction","PlaceholderMod:CycleAttack","PlaceholderMod:ProliferateStrike"],"picked":"PlaceholderMod:EvolutionSpray+1","floor":30},{"not_picked":["PlaceholderMod:ConsolidateHit","PlaceholderMod:OHStrongAttack","PlaceholderMod:PoisonAbsorb","PlaceholderMod:AngryAttack+1"],"picked":"PlaceholderMod:HardStinger+1","floor":31},{"not_picked":["PlaceholderMod:AbsorbTouch","PlaceholderMod:SelfCoupling","PlaceholderMod:MultiReaction","PlaceholderMod:PericyclicReaction"],"picked":"PlaceholderMod:DoublePoint","floor":33},{"not_picked":["PlaceholderMod:EnergyAbsorb","PlaceholderMod:Turn+1","PlaceholderMod:Hard+1","PlaceholderMod:ProliferateStrike+1"],"picked":"PlaceholderMod:DirectingGroup+1","floor":35},{"not_picked":["PlaceholderMod:HardStrike","PlaceholderMod:ComplexForm+1","PlaceholderMod:FastReaction+1","PlaceholderMod:DissolvingSpikes"],"picked":"PlaceholderMod:StressReaction+1","floor":38},{"not_picked":["PlaceholderMod:TriggerStrike","PlaceholderMod:StressReaction+1","PlaceholderMod:ConsolidateHit+1","PlaceholderMod:Internalization"],"picked":"PlaceholderMod:DirectingGroup","floor":39},{"not_picked":["PlaceholderMod:CycleAttack","PlaceholderMod:HardStrike","PlaceholderMod:AttackAsDefend","PlaceholderMod:InnerStable"],"picked":"PlaceholderMod:NutritionAbsorb","floor":39},{"not_picked":["PlaceholderMod:MultipleOxi","PlaceholderMod:SeverePoisonStrike","PlaceholderMod:SpinBlade","PlaceholderMod:OHStrongAttack+1"],"picked":"PlaceholderMod:Internalization+1","floor":42},{"not_picked":["PlaceholderMod:SprayAttack","PlaceholderMod:ProliferateStrike+1","PlaceholderMod:TriggerStrike","PlaceholderMod:ConsolidateHit"],"picked":"PlaceholderMod:QualitativeChange","floor":44},{"not_picked":["PlaceholderMod:PoisonBlast","PlaceholderMod:Stratification","PlaceholderMod:PoisonExcitation","PlaceholderMod:ProliferateStrike"],"picked":"PlaceholderMod:NearChange+1","floor":48},{"not_picked":["PlaceholderMod:StrongAcid","PlaceholderMod:FastReaction+1","PlaceholderMod:SubstitutionNucleophilic1+1","PlaceholderMod:ContinueSpray+1"],"picked":"PlaceholderMod:HighConcentration","floor":54}],"player_experience":260391,"relics_obtained":[{"floor":1,"key":"SynthV:TestCard"},{"floor":7,"key":"testmod-LifeArmor"},{"floor":12,"key":"qcfpunch:Chain_With_Nametags"},{"floor":26,"key":"Dota2Spire:ArmletOfMordiggian"},{"floor":27,"key":"Dota2Spire:PhaseBoots"},{"floor":39,"key":"aspiration:KMNothing"},{"floor":43,"key":"aspiration:KMNothing"},{"floor":54,"key":"aspiration:KMNothing"}],"event_choices":[{"damage_healed":0,"gold_gain":0,"player_choice":"Grow","damage_taken":0,"max_hp_gain":0,"max_hp_loss":0,"event_name":"Living Wall","floor":2,"gold_loss":0,"cards_upgraded":["AT_TearsDenial"]},{"cards_removed":["PlaceholderMod:BaseDefend"],"damage_healed":0,"gold_gain":0,"player_choice":"Card Removal","damage_taken":7,"max_hp_gain":0,"max_hp_loss":0,"event_name":"Golden Wing","floor":3,"gold_loss":0},{"damage_healed":0,"gold_gain":0,"player_choice":"Trade","damage_taken":0,"relics_obtained":["GremlinMask"],"max_hp_gain":0,"max_hp_loss":0,"event_name":"FaceTrader","floor":5,"gold_loss":0},{"damage_healed":0,"gold_gain":0,"player_choice":"Obtained Relic","damage_taken":0,"relics_obtained":["Dota2Spire:MantaStyle"],"max_hp_gain":0,"max_hp_loss":0,"event_name":"Addict","floor":19,"gold_loss":85},{"damage_healed":15,"gold_gain":0,"player_choice":"Full Heal","damage_taken":0,"max_hp_gain":0,"max_hp_loss":0,"event_name":"Wheel of Change","floor":20,"gold_loss":0},{"damage_healed":0,"gold_gain":0,"player_choice":"Swap Relic","damage_taken":0,"relics_obtained":["aspiration:KaomsHeart"],"max_hp_gain":0,"max_hp_loss":0,"event_name":"?自己的盒子","floor":28,"relics_lost":["Runic Dome"],"gold_loss":0},{"damage_healed":0,"gold_gain":275,"player_choice":"Desecrate","damage_taken":0,"max_hp_gain":0,"max_hp_loss":0,"event_name":"Golden Shrine","floor":37,"gold_loss":0,"cards_obtained":["Regret"]},{"damage_healed":0,"gold_gain":0,"player_choice":"Paid","damage_taken":0,"relics_obtained":["Red Mask"],"max_hp_gain":0,"max_hp_loss":0,"event_name":"Tomb of Lord Red Mask","floor":41,"gold_loss":379},{"cards_removed":["Regret"],"damage_healed":0,"gold_gain":0,"player_choice":"Removed Curses","damage_taken":0,"max_hp_gain":0,"max_hp_loss":0,"event_name":"Fountain of Cleansing","floor":46,"gold_loss":0}],"is_beta":false,"boss_relics":[{"not_picked":["GuanYuAspect","energizedSpire:DeadBattery"],"picked":"Replay:Grab Bag"},{"not_picked":["Cursed Key","energizedSpire:NeverEndingSparkler"],"picked":"energizedSpire:SpiderWeb"},{"not_picked":["Velvet Choker","Coffee Dripper"],"picked":"Runic Dome"},{"not_picked":["FixedStarFall","testmod-SaigiyounoYou"],"picked":"testmod-NegativeEmotionEnhancer"},{"not_picked":["aspiration:KMNothing","aspiration:KMNothing"],"picked":"aspiration:KMNothing"}],"items_purged_floors":[29,29,36],"is_endless":false,"potions_floor_spawned":[7,8,11,16,18,25,27,30,35,42,44],"ascension_level":0}}