{"host":"l5zfpd2l2htson6l","time":1611956651,"event":{"mods":["AchievementEnabler","BaseMod","Colored Map","Colored Powertips","Minty Spire (QoL Compilation)","Permanent Neow","Quick Restart","Rare Cards Sparkle","Relic Stats","SuperFastMode"],"gold_per_floor":[117,129,129,146,71,71,105,105,105,131,131,142,142,157,157,234,234,246,246,246,23,23,23,23,23,23,42,74,91,102,127,127,198,198,213,228,245,83,97,129,154,184,184,217,217,243,257,268,268,268,268,268,47,81,81],"floor_reached":56,"language":"ENG","playtime":3872,"items_purged":["Strike_R","Shame"],"score":2041,"play_id":"a1bc3f24-01c9-45a9-8c86-210a47b81a1c","local_time":"20210129134411","is_ascension_mode":true,"campfire_choices":[{"data":"Wild Strike","floor":6.0,"key":"SMITH"},{"data":"Perfected Strike","floor":8.0,"key":"SMITH"},{"data":"Wild Strike","floor":11.0,"key":"SMITH"},{"data":"True Grit","floor":13.0,"key":"SMITH"},{"data":"Burning Pact","floor":15.0,"key":"SMITH"},{"data":"Fire Breathing","floor":23.0,"key":"SMITH"},{"data":"Evolve","floor":25.0,"key":"SMITH"},{"data":"Corruption","floor":32.0,"key":"SMITH"},{"floor":45.0,"key":"RECALL"},{"floor":49.0,"key":"REST"},{"floor":52.0,"key":"REST"}],"circlet_count":0,"master_deck":["AscendersBane","Strike_R+1","Strike_R+1","Strike_R+1","Strike_R+1","Defend_R+1","Defend_R+1","Defend_R+1","Defend_R+1","Bash","Wild Strike+1","Wild Strike+1","Clothesline","Perfected Strike+1","True Grit+1","Shrug It Off","Burning Pact+1","Corruption+1","Evolve+1","Necronomicurse","Fire Breathing+1","Bludgeon","Pommel Strike","Havoc+1","Shockwave+1","Bloodletting+1","Havoc+1","Immolate","Shockwave+1","Warcry+1","Impervious+1","Shrug It Off+1","Spot Weakness+1","Corruption","Headbutt+1","Battle Trance+1","Spot Weakness+1"],"relics":["Burning Blood","Ice Cream","StrikeDummy","Gremlin Horn","Pantograph","Black Star","Necronomicon","Orrery","Meat on the Bone","Toxic Egg 2","Lantern","Akabeko","Lizard Tail","Anchor","Fusion Hammer","Matryoshka","Strawberry","FossilizedHelix","Vajra","Gambling Chip","Potion Belt","Question Card","Bottled Lightning","Blood Vial","Letter Opener","StoneCalendar","Bottled Tornado"],"acts_visited":["Exordium","TheCity","TheBeyond","TheEnding"],"potions_floor_usage":[55],"damage_taken":[{"damage":0.0,"enemies":"Small Slimes","floor":1.0,"turns":3.0},{"damage":7.0,"enemies":"Jaw Worm","floor":2.0,"turns":3.0},{"damage":0.0,"enemies":"2 Louse","floor":4.0,"turns":3.0},{"damage":30.0,"enemies":"3 Sentries","floor":7.0,"turns":9.0},{"damage":0.0,"enemies":"Gremlin Nob","floor":10.0,"turns":2.0},{"damage":3.0,"enemies":"Large Slime","floor":12.0,"turns":3.0},{"damage":4.0,"enemies":"Blue Slaver","floor":14.0,"turns":2.0},{"damage":29.0,"enemies":"The Guardian","floor":16.0,"turns":13.0},{"damage":3.0,"enemies":"Chosen","floor":18.0,"turns":6.0},{"damage":9.0,"enemies":"Shell Parasite","floor":27.0,"turns":4.0},{"damage":24.0,"enemies":"Gremlin Leader","floor":28.0,"turns":5.0},{"damage":13.0,"enemies":"Centurion and Healer","floor":29.0,"turns":4.0},{"damage":0.0,"enemies":"Snake Plant","floor":30.0,"turns":2.0},{"damage":12.0,"enemies":"Slavers","floor":31.0,"turns":4.0},{"damage":23.0,"enemies":"Champ","floor":33.0,"turns":6.0},{"damage":0.0,"enemies":"Orb Walker","floor":35.0,"turns":2.0},{"damage":0.0,"enemies":"3 Darklings","floor":36.0,"turns":3.0},{"damage":22.0,"enemies":"Maw","floor":37.0,"turns":5.0},{"damage":28.0,"enemies":"Writhing Mass","floor":39.0,"turns":6.0},{"damage":3.0,"enemies":"Giant Head","floor":40.0,"turns":6.0},{"damage":6.0,"enemies":"Mind Bloom Boss Battle","floor":41.0,"turns":2.0},{"damage":22.0,"enemies":"Nemesis","floor":42.0,"turns":5.0},{"damage":0.0,"enemies":"Giant Head","floor":44.0,"turns":6.0},{"damage":35.0,"enemies":"Reptomancer","floor":46.0,"turns":5.0},{"damage":0.0,"enemies":"Transient","floor":47.0,"turns":5.0},{"damage":24.0,"enemies":"Spire Growth","floor":48.0,"turns":5.0},{"damage":67.0,"enemies":"Time Eater","floor":50.0,"turns":8.0},{"damage":35,"enemies":"Shield and Spear","floor":54,"turns":4},{"damage":66,"enemies":"The Heart","floor":55,"turns":8}],"seed_played":"3101453348677020552","potions_obtained":[{"floor":0.0,"key":"DuplicationPotion"},{"floor":0.0,"key":"Fire Potion"},{"floor":7.0,"key":"FearPotion"},{"floor":12.0,"key":"BloodPotion"},{"floor":28.0,"key":"SteroidPotion"},{"floor":39.0,"key":"Block Potion"},{"floor":40.0,"key":"Swift Potion"},{"floor":48.0,"key":"LiquidMemories"}],"is_trial":false,"path_per_floor":["M","M","?","M","$","R","E","R","T","E","R","M","R","M","R","B",null,"M","?","?","$","?","R","?","R","T","M","E","M","M","E","R","B",null,"M","M","M","$","M","E","?","E","T","E","R","E","M","M","R","B",null,"R","$","E","B",null],"character_chosen":"IRONCLAD","items_purchased":["Orrery","LiquidMemories","Impervious+1","Battle Trance+1","SkillPotion"],"campfire_rested":2,"item_purchase_floors":[21,21,38,53,53],"current_hp_per_floor":[78,77,70,76,76,76,52,52,52,58,58,61,61,63,63,57,74,77,62,46,63,63,63,63,63,63,60,54,59,65,59,59,67,81,85,85,69,69,59,69,92,76,76,82,82,53,61,57,84,43,80,92,92,63,42],"gold":81,"neow_bonus":"THREE_SMALL_POTIONS","is_daily":false,"chose_seed":false,"campfire_upgraded":8,"win_rate":0.0,"timestamp":1611956651,"path_taken":["M","M","?","M","$","R","E","R","T","E","R","M","R","M","R","BOSS","M","?","?","$","?","R","?","R","T","M","E","M","M","E","R","BOSS","M","M","M","$","M","E","?","E","T","E","R","E","M","M","R","BOSS","R","$","E","BOSS"],"items_purchased_type":["Relic","Potion","Card","Card","Potion"],"build_version":"2020-12-22","purchased_purges":2,"victory":true,"max_hp_per_floor":[80,80,80,80,80,80,80,80,80,80,80,80,80,80,80,80,80,80,85,85,85,85,85,85,85,85,85,85,85,85,85,85,85,85,85,85,85,85,85,92,92,92,92,92,92,92,92,92,92,92,92,92,92,92,92],"relic_stats":{"Gremlin Horn":[14,14],"counters":[29,139],"StoneCalendar":[52],"Letter Opener":[55],"Question Card":4,"Burning Blood":166,"Blood Vial":8,"Lizard Tail":0,"Pantograph":96,"Gambling Chip":[22],"Black Star":7,"Necronomicon":[57],"obtain_stats":[{"Ice Cream":3,"Lantern":28,"Gremlin Horn":9,"Vajra":42,"StoneCalendar":54,"Bottled Tornado":54,"Burning Blood":0,"Blood Vial":46,"Lizard Tail":31,"Matryoshka":40,"Pantograph":10,"Strawberry":40,"Gambling Chip":42,"Fusion Hammer":34,"Necronomicon":20,"Toxic Egg 2":26,"Potion Belt":43,"Letter Opener":46,"Question Card":44,"Akabeko":28,"Anchor":31,"Orrery":21,"Black Star":17,"Bottled Lightning":44,"StrikeDummy":7,"FossilizedHelix":41,"Meat on the Bone":24},{"Ice Cream":2,"Lantern":11,"Gremlin Horn":4,"Vajra":22,"StoneCalendar":28,"Bottled Tornado":28,"Burning Blood":0,"Blood Vial":24,"Lizard Tail":14,"Matryoshka":20,"Pantograph":5,"Strawberry":20,"Gambling Chip":22,"Fusion Hammer":15,"Necronomicon":9,"Toxic Egg 2":9,"Potion Belt":22,"Letter Opener":24,"Question Card":23,"Akabeko":11,"Anchor":14,"Orrery":9,"Black Star":8,"Bottled Lightning":23,"StrikeDummy":4,"FossilizedHelix":21,"Meat on the Bone":9},{"Ice Cream":6,"Lantern":53,"Gremlin Horn":18,"Vajra":98,"StoneCalendar":131,"Bottled Tornado":131,"Burning Blood":0,"Blood Vial":109,"Lizard Tail":63,"Matryoshka":91,"Pantograph":20,"Strawberry":91,"Gambling Chip":98,"Fusion Hammer":69,"Necronomicon":44,"Toxic Egg 2":44,"Potion Belt":98,"Letter Opener":109,"Question Card":104,"Akabeko":53,"Anchor":63,"Orrery":44,"Black Star":38,"Bottled Lightning":104,"StrikeDummy":18,"FossilizedHelix":93,"Meat on the Bone":44}],"Meat on the Bone":72},"card_choices":[{"not_picked":["Searing Blow","Armaments"],"picked":"Wild Strike","floor":1.0},{"not_picked":["Sword Boomerang","Warcry"],"picked":"Wild Strike","floor":2.0},{"not_picked":["Entrench","Sword Boomerang"],"picked":"Clothesline","floor":4.0},{"not_picked":["Reaper","Cleave"],"picked":"Perfected Strike","floor":7.0},{"not_picked":["Clash","Uppercut"],"picked":"True Grit","floor":10.0},{"not_picked":["Metallicize","Thunderclap"],"picked":"Shrug It Off","floor":12.0},{"not_picked":["Uppercut","Wild Strike"],"picked":"Burning Pact","floor":14.0},{"not_picked":["Demon Form","Exhume"],"picked":"Corruption","floor":16.0},{"not_picked":["Clash","Armaments"],"picked":"Evolve","floor":18.0},{"not_picked":["Heavy Blade+1","Rupture"],"picked":"Fire Breathing","floor":21.0},{"not_picked":["True Grit","Headbutt+1"],"picked":"Bludgeon","floor":21.0},{"not_picked":["Cleave","Thunderclap"],"picked":"Pommel Strike","floor":21.0},{"not_picked":["Infernal Blade+1","Sword Boomerang"],"picked":"Havoc+1","floor":21.0},{"not_picked":["Thunderclap","Searing Blow"],"picked":"Shockwave+1","floor":27.0},{"not_picked":["Heavy Blade","Searing Blow"],"picked":"Bloodletting+1","floor":28.0},{"not_picked":["True Grit+1","Perfected Strike"],"picked":"Havoc+1","floor":29.0},{"not_picked":["Pommel Strike","Cleave","Blood for Blood+1"],"picked":"SKIP","floor":30.0},{"not_picked":["Sword Boomerang","Armaments+1","Juggernaut"],"picked":"SKIP","floor":31.0},{"not_picked":["Corruption","Juggernaut"],"picked":"Immolate","floor":33.0},{"not_picked":["Perfected Strike+1","Inflame","Iron Wave"],"picked":"SKIP","floor":35.0},{"not_picked":["Perfected Strike","Infernal Blade+1"],"picked":"Shockwave+1","floor":36.0},{"not_picked":["Flex+1","Wild Strike"],"picked":"Warcry+1","floor":37.0},{"not_picked":["Flame Barrier+1","Ghostly Armor+1"],"picked":"Shrug It Off+1","floor":39.0},{"not_picked":["Armaments+1","Wild Strike+1","Heavy Blade+1"],"picked":"SKIP","floor":40.0},{"not_picked":["Ghostly Armor+1","Searing Blow","Clothesline+1"],"picked":"SKIP","floor":42.0},{"not_picked":["Havoc+1","Thunderclap+1"],"picked":"Spot Weakness+1","floor":44.0},{"not_picked":["True Grit+1","Thunderclap+1","Whirlwind+1"],"picked":"Corruption","floor":46.0},{"not_picked":["Heavy Blade","Wild Strike+1","Clash","Armaments+1"],"picked":"SKIP","floor":47.0},{"not_picked":["Perfected Strike","Dual Wield+1","Bludgeon"],"picked":"Headbutt+1","floor":48.0},{"not_picked":["Bloodletting+1","Armaments+1","Flex+1"],"picked":"Spot Weakness+1","floor":54}],"player_experience":769596,"relics_obtained":[{"floor":7.0,"key":"StrikeDummy"},{"floor":9.0,"key":"Gremlin Horn"},{"floor":10.0,"key":"Pantograph"},{"floor":20.0,"key":"Necronomicon"},{"floor":26.0,"key":"Toxic Egg 2"},{"floor":28.0,"key":"Lantern"},{"floor":28.0,"key":"Akabeko"},{"floor":31.0,"key":"Lizard Tail"},{"floor":31.0,"key":"Anchor"},{"floor":40.0,"key":"Matryoshka"},{"floor":40.0,"key":"Strawberry"},{"floor":41.0,"key":"FossilizedHelix"},{"floor":42.0,"key":"Vajra"},{"floor":42.0,"key":"Gambling Chip"},{"floor":43.0,"key":"Potion Belt"},{"floor":44.0,"key":"Question Card"},{"floor":44.0,"key":"Bottled Lightning"},{"floor":46.0,"key":"Blood Vial"},{"floor":46.0,"key":"Letter Opener"},{"floor":54,"key":"StoneCalendar"},{"floor":54,"key":"Bottled Tornado"}],"event_choices":[{"damage_healed":0.0,"max_hp_gain":0.0,"max_hp_loss":0.0,"gold_gain":0.0,"event_name":"Scrap Ooze","player_choice":"Success","floor":3.0,"gold_loss":0.0,"damage_taken":7.0,"relics_obtained":["Ice Cream"]},{"damage_healed":0.0,"max_hp_gain":5.0,"max_hp_loss":0.0,"gold_gain":0.0,"event_name":"Forgotten Altar","player_choice":"Shed Blood","floor":19.0,"gold_loss":0.0,"damage_taken":20.0},{"damage_healed":0.0,"max_hp_gain":0.0,"max_hp_loss":0.0,"gold_gain":0.0,"event_name":"Cursed Tome","player_choice":"Obtained Book","floor":20.0,"gold_loss":0.0,"damage_taken":16.0},{"damage_healed":0.0,"max_hp_gain":0.0,"max_hp_loss":0.0,"gold_gain":0.0,"event_name":"Back to Basics","player_choice":"Simplicity","floor":22.0,"gold_loss":0.0,"damage_taken":0.0,"cards_upgraded":["Strike_R","Strike_R","Strike_R","Strike_R","Defend_R","Defend_R","Defend_R","Defend_R"]},{"damage_healed":0.0,"max_hp_gain":0.0,"max_hp_loss":0.0,"gold_gain":0.0,"event_name":"Addict","player_choice":"Stole Relic","floor":24.0,"gold_loss":0.0,"damage_taken":0.0,"relics_obtained":["Meat on the Bone"],"cards_obtained":["Shame"]},{"damage_healed":0.0,"max_hp_gain":0.0,"max_hp_loss":0.0,"gold_gain":0.0,"event_name":"MindBloom","player_choice":"Fight","floor":41.0,"gold_loss":0.0,"damage_taken":0.0}],"is_beta":false,"boss_relics":[{"not_picked":["Pandora\u0027s Box","Runic Cube"],"picked":"Black Star"},{"not_picked":["Sozu","Velvet Choker"],"picked":"Fusion Hammer"}],"items_purged_floors":[5,53],"is_endless":false,"potions_floor_spawned":[2,7,12,16,28,30,31,35,39,40,42,48],"ascension_level":13}}