{"host":"iy54rgx5egu9t31x","time":1611927301,"event":{"mods":["2.2 Compatiblity","Act Like it!","Always Whale","BaseMod","Gensokyo","Hallownest","Marisa（F雨　魔理沙）","Minty Spire (QoL Compilation)","Quick Restart","RumiaBox-露米娅的神秘盒子","StSLib","SuperFastMode"],"gold_per_floor":[418,418,65,79,89,123,143,143,143,473,485,531,643,160,160,237,237,256,287,38,38,38,70,70,98,98,332,332,17,267,314,314,421,421,464,464,464,464,479,44,106,106,106,55,120,179,188,10,10,10,10,10,10,49,67],"floor_reached":56,"language":"ZHS","playtime":2573,"items_purged":["Regret"],"score":2312,"play_id":"263ca5e3-0f31-4d7d-84ac-e647b397e058","local_time":"20210129213501","is_ascension_mode":true,"campfire_choices":[{"floor":8.0,"key":"REST"},{"data":"Apotheosis","floor":15.0,"key":"SMITH"},{"data":"Seek","floor":24.0,"key":"SMITH"},{"data":"Hello World","floor":28.0,"key":"SMITH"},{"floor":32.0,"key":"REST"},{"floor":49,"key":"RECALL"},{"floor":52,"key":"REST"}],"circlet_count":0,"master_deck":["AscendersBane","Strike_B","Strike_B","Strike_B","Strike_B","Defend_B","Defend_B","Defend_B","Defend_B","Zap","Dualcast","Apotheosis+1","Beam Cell","BootSequence","Scrape","Hello World+1","Defragment","Echo Form","Go for the Eyes","Fission","Loop","Seek+1","Storm","Turbo","Gensokyo:TurboGranny","WitchLeyline","Robbery+1","ConjureBlade","Evolve","Scrawl","Feel No Pain","Gensokyo:Taser","Entrench+1","Adrenaline","Machine Learning","Gensokyo:CustomPotion","MysteriousBeam","Caltrops","Gensokyo:Dawn","Jack Of All Trades","PiercingWail"],"relics":["FrozenCore","Baka","MagicDraw4","Chemical X","Art of War","Shuriken","Ginger","MawBank","Emotion Chip","ZombieArmy","SSSystem","Juzu Bracelet","Nuclear Battery","PrismaticShard","Pantograph","Orichalcum","PrismaticShard","Nunchaku","The Courier","Ancient Tea Set","Runic Capacitor","Cables","Mummified Hand","StoneCalendar","Matryoshka","Vajra","Bottled Lightning","Frozen Eye","LastBattle","PreservedInsect","CeramicFish","Bronze Scales","Ccalipers"],"acts_visited":["Gensokyo:Gensokyo","Gensokyo:Gensokyoer","Gensokyo:Gensokyoest","TheEnding"],"potions_floor_usage":[41,55],"damage_taken":[{"damage":2.0,"enemies":"Gensokyo:Python","floor":1.0,"turns":4.0},{"damage":2.0,"enemies":"Gensokyo:2_Kodama","floor":4.0,"turns":4.0},{"damage":18.0,"enemies":"Gensokyo:Gryphon","floor":5.0,"turns":3.0},{"damage":66.0,"enemies":"Gensokyo:Aya","floor":6.0,"turns":5.0},{"damage":10.0,"enemies":"Gensokyo:2_Rabbits","floor":7.0,"turns":4.0},{"damage":13.0,"enemies":"Gensokyo:Cirno","floor":10.0,"turns":4.0},{"damage":4.0,"enemies":"Gensokyo:Gryphon_and_Rabbit","floor":11.0,"turns":4.0},{"damage":28.0,"enemies":"Gensokyo:Aya","floor":12.0,"turns":6.0},{"damage":14.0,"enemies":"Gensokyo:Yukari","floor":16.0,"turns":6.0},{"damage":0.0,"enemies":"Gensokyo:2_Gloops","floor":18.0,"turns":4.0},{"damage":10.0,"enemies":"Gensokyo:CosmicMonolith","floor":19.0,"turns":3.0},{"damage":29.0,"enemies":"Gensokyo:Reisen","floor":23.0,"turns":6.0},{"damage":35.0,"enemies":"Gensokyo:Koishi","floor":25.0,"turns":5.0},{"damage":1.0,"enemies":"Gensokyo:Reisen","floor":27.0,"turns":7.0},{"damage":13.0,"enemies":"Gensokyo:Koishi","floor":31.0,"turns":3.0},{"damage":42.0,"enemies":"Gensokyo:Eiki","floor":33.0,"turns":5.0},{"damage":0.0,"enemies":"Gensokyo:3_Bats","floor":35.0,"turns":3.0},{"damage":0.0,"enemies":"Gensokyo:AncientGuardian","floor":39.0,"turns":5.0},{"damage":28,"enemies":"Gensokyo:Kasen","floor":41,"turns":5},{"damage":2,"enemies":"Gensokyo:SeedOfUnknown","floor":45,"turns":3},{"damage":0,"enemies":"Gensokyo:Rafflesia","floor":46,"turns":4},{"damage":25,"enemies":"Gensokyo:Rafflesia","floor":47,"turns":3},{"damage":25,"enemies":"Gensokyo:Scarlet_Devils","floor":50,"turns":3},{"damage":0,"enemies":"Shield and Spear","floor":54,"turns":2},{"damage":29,"enemies":"The Heart","floor":55,"turns":3}],"seed_played":"5662931021960182145","potions_obtained":[{"floor":1.0,"key":"Swift Potion"},{"floor":10.0,"key":"SkillPotion"},{"floor":12.0,"key":"Block Potion"},{"floor":16.0,"key":"Weak Potion"},{"floor":19.0,"key":"FairyPotion"},{"floor":23.0,"key":"Dexterity Potion"},{"floor":27.0,"key":"AttackPotion"},{"floor":45,"key":"ColorlessPotion"}],"is_trial":false,"path_per_floor":["M","?","COS","M","M","E","M","R","T","E","M","E","?","$","R","B",null,"M","M","COS","?","?","E","R","E","T","E","R","$","?","E","R","B",null,"M","?","?","T","M","$","E","?","T","?","M","M","?","$","R","B",null,"R","$","E","B",null],"character_chosen":"DEFECT","items_purchased":["SSSystem","Fruit Juice","Juzu Bracelet","Loop","Runic Capacitor","Cables","Vajra","Bottled Lightning","Frozen Eye","Bronze Scales","Jack Of All Trades"],"campfire_rested":3,"item_purchase_floors":[14,14,14,14,29,29,40,40,40,48,48],"current_hp_per_floor":[124,124,124,122,104,38,28,70,70,57,53,25,25,30,30,16,114,114,104,104,104,104,75,75,40,40,39,39,39,39,26,58,16,86,86,86,86,86,86,86,58,58,58,58,56,56,56,56,56,31,90,109,109,109,80],"gold":67,"neow_bonus":"RANDOM_COLORLESS_2","is_daily":false,"chose_seed":false,"campfire_upgraded":3,"win_rate":0.0,"timestamp":1611927301,"path_taken":["M","?","COS","M","M","E","M","R","T","E","?","E","?","$","R","BOSS","M","M","COS","?","?","E","R","E","T","E","R","$","?","E","R","BOSS","M","?","?","?","M","$","E","?","T","?","M","M","?","?","R","BOSS","R","$","E","BOSS"],"items_purchased_type":["Relic","Potion","Relic","Card","Relic","Relic","Relic","Relic","Relic","Relic","Card"],"build_version":"2020-12-22","purchased_purges":1,"victory":true,"max_hp_per_floor":[142,142,142,142,142,142,142,142,142,142,142,142,142,147,147,147,147,147,147,147,133,118,118,118,118,118,118,118,118,109,109,109,109,109,109,109,109,109,109,109,109,109,109,109,109,109,109,109,109,109,109,109,109,109,109],"card_choices":[{"not_picked":["Master of Strategy","Transmutation"],"picked":"Apotheosis","floor":0.0},{"not_picked":["Skim","Coolheaded"],"picked":"Beam Cell","floor":1.0},{"not_picked":["Redo","Ball Lightning"],"picked":"BootSequence","floor":4.0},{"not_picked":["Beam Cell","Conserve Battery"],"picked":"Scrape","floor":5.0},{"not_picked":["Turbo","Steam Power"],"picked":"Hello World","floor":6.0},{"not_picked":["BootSequence","Fusion"],"picked":"Defragment","floor":7.0},{"not_picked":["Loop","Scrape"],"picked":"Echo Form","floor":10.0},{"not_picked":["Skim","Streamline"],"picked":"Go for the Eyes","floor":11.0},{"not_picked":["Steam","Reprogram"],"picked":"Fission","floor":12.0},{"not_picked":["Machine Learning","Thunder Strike"],"picked":"Seek","floor":16.0},{"not_picked":["Streamline","Leap"],"picked":"Storm","floor":18.0},{"not_picked":["Skim","Redo"],"picked":"Turbo","floor":19.0},{"not_picked":["Gensokyo:EightFeetTall","Gensokyo:LochNessMonster"],"picked":"Gensokyo:TurboGranny","floor":22.0},{"not_picked":["Compile Driver","Dodge and Roll"],"picked":"WitchLeyline","floor":23.0},{"not_picked":["Echo Form","WitchLeyline"],"picked":"Robbery+1","floor":25.0},{"not_picked":["EnergyRecoil","Calculated Gamble"],"picked":"ConjureBlade","floor":27.0},{"not_picked":["PathToVictory","DarkSpark"],"picked":"Evolve","floor":31.0},{"not_picked":["Devotion","BinaryStars"],"picked":"Scrawl","floor":33.0},{"not_picked":["Madness","Steam Power"],"picked":"Feel No Pain","floor":35.0},{"not_picked":["Cold Snap","Slice"],"picked":"Entrench+1","floor":39.0},{"not_picked":["Gensokyo:BrilliantDragonBullet","Evaluate+1"],"picked":"Adrenaline","floor":41},{"not_picked":["Warcry","Body Slam"],"picked":"MysteriousBeam","floor":45},{"not_picked":["Halt","Terror"],"picked":"Caltrops","floor":46},{"not_picked":["Gensokyo:RainbowDanmaku","Gensokyo:RisingWorld"],"picked":"Gensokyo:Dawn","floor":47},{"not_picked":["Melter+1","Sanctity+1"],"picked":"PiercingWail","floor":54}],"player_experience":1021394,"relics_obtained":[{"floor":1.0,"key":"Baka"},{"floor":6.0,"key":"Shuriken"},{"floor":10.0,"key":"MawBank"},{"floor":12.0,"key":"ZombieArmy"},{"floor":23.0,"key":"Orichalcum"},{"floor":25.0,"key":"PrismaticShard"},{"floor":25.0,"key":"Nunchaku"},{"floor":26.0,"key":"The Courier"},{"floor":27.0,"key":"Ancient Tea Set"},{"floor":31.0,"key":"Mummified Hand"},{"floor":38.0,"key":"Matryoshka"},{"floor":41,"key":"LastBattle"},{"floor":43,"key":"PreservedInsect"},{"floor":43,"key":"CeramicFish"},{"floor":54,"key":"Ccalipers"}],"event_choices":[],"is_beta":false,"boss_relics":[{"not_picked":["Coffee Dripper","Velvet Choker"],"picked":"Nuclear Battery"},{"not_picked":["Tiny House","Empty Cage"],"picked":"FrozenCore"}],"items_purged_floors":[14],"is_endless":false,"potions_floor_spawned":[1,10,12,16,19,23,27,33,39,45],"ascension_level":15}}