{"host":"na09lpbrez4gbfiz","time":1611913905,"event":{"mods":["Act Like it!","BaseMod","BetterRewards","Colored Map","Colored Powertips","DeckTracker","Googly Eyes","Highlight Path","Minty Spire (QoL Compilation)","Quick Restart","Spicy Shops","StSLib","SuperFastMode","Synergy Search"],"gold_per_floor":[116,135,146,162,337,337,351,351,401,401,427,445,445,142,142,237,237,254,254,5,5,22,22,22,55,55,84,84,418,333,352,352,456,456,466,516,534,534,134,134,162,162,162,177,177,177,177],"floor_reached":46,"language":"ENG","playtime":1359,"items_purged":["Doubt","Thunder Strike","Zap","Dualcast"],"score":660,"play_id":"e85ce881-a20d-4283-bb67-4ca8b8955dc1","local_time":"20210129105145","is_ascension_mode":true,"campfire_choices":[{"data":"Hyperbeam","floor":6.0,"key":"SMITH"},{"data":"Machine Learning","floor":8.0,"key":"SMITH"},{"data":"Gash","floor":10.0,"key":"SMITH"},{"floor":15.0,"key":"REST"},{"data":"Echo Form","floor":23.0,"key":"SMITH"},{"floor":28.0,"key":"REST"},{"floor":32.0,"key":"REST"},{"data":"Madness","floor":40.0,"key":"SMITH"},{"data":"Seek","floor":42,"key":"SMITH"},{"floor":45,"key":"REST"}],"circlet_count":0,"master_deck":["Streamline","Machine Learning+1","Ball Lightning","Leap","Hyperbeam+1","Heatsinks","Gash","Skim","Gash+1","Gash","Echo Form+1","Turbo+1","BootSequence+1","Seek+1","Madness+1","Madness","Normality"],"relics":["Pandora\u0027s Box","Smiling Mask","Bottled Flame","Blood Vial","Philosopher\u0027s Stone","Membership Card","Ice Cream","Art of War","MealTicket","Toy Ornithopter","Old Coin","InkBottle","Cursed Key","Calipers","Potion Belt","Pen Nib","ClockworkSouvenir","Vajra","Symbiotic Virus"],"acts_visited":["Exordium","TheCity","TheBeyond"],"potions_floor_usage":[],"damage_taken":[{"damage":0.0,"enemies":"2 Louse","floor":1.0,"turns":2.0},{"damage":0.0,"enemies":"Small Slimes","floor":2.0,"turns":1.0},{"damage":3.0,"enemies":"Jaw Worm","floor":3.0,"turns":2.0},{"damage":13.0,"enemies":"Looter","floor":4.0,"turns":3.0},{"damage":12.0,"enemies":"Blue Slaver","floor":7.0,"turns":3.0},{"damage":21.0,"enemies":"Lagavulin","floor":11.0,"turns":5.0},{"damage":14.0,"enemies":"3 Louse","floor":12.0,"turns":3.0},{"damage":46.0,"enemies":"The Guardian","floor":16.0,"turns":8.0},{"damage":3.0,"enemies":"Spheric Guardian","floor":18.0,"turns":3.0},{"damage":20.0,"enemies":"Shell Parasite","floor":22.0,"turns":3.0},{"damage":0.0,"enemies":"Gremlin Leader","floor":25.0,"turns":5.0},{"damage":54.0,"enemies":"Slavers","floor":27.0,"turns":3.0},{"damage":18.0,"enemies":"Gremlin Leader","floor":29.0,"turns":4.0},{"damage":20.0,"enemies":"Snecko","floor":31.0,"turns":4.0},{"damage":13.0,"enemies":"Collector","floor":33.0,"turns":5.0},{"damage":20.0,"enemies":"3 Shapes","floor":35.0,"turns":2.0},{"damage":0.0,"enemies":"Mind Bloom Boss Battle","floor":36.0,"turns":5.0},{"damage":16.0,"enemies":"3 Darklings","floor":37.0,"turns":3.0},{"damage":26,"enemies":"Reptomancer","floor":41,"turns":4},{"damage":16,"enemies":"Spire Growth","floor":44,"turns":4}],"seed_played":"-1241366808921267126","potions_obtained":[{"floor":1.0,"key":"Weak Potion"},{"floor":2.0,"key":"Fire Potion"},{"floor":3.0,"key":"Swift Potion"},{"floor":11.0,"key":"FairyPotion"},{"floor":27.0,"key":"SkillPotion"},{"floor":29.0,"key":"Block Potion"}],"is_trial":false,"path_per_floor":["M","M","M","M","?","R","M","R","T","R","E","M","?","$","R","B",null,"M","?","$","?","M","R","?","E","T","E","R","E","?","M","R","B",null,"M","?","M","?","$","R","E","R","T","M","R","M"],"character_chosen":"DEFECT","items_purchased":["Blood Vial","FairyPotion","Membership Card","Ice Cream","Potion Belt","Swift Potion","Swift Potion","Pen Nib","ClockworkSouvenir"],"campfire_rested":4,"item_purchase_floors":[14,14,20,20,39,39,39,39,39],"current_hp_per_floor":[75,75,72,59,59,59,47,47,47,47,26,12,12,12,34,12,75,72,58,58,80,60,60,60,62,62,10,34,23,23,5,29,18,80,60,62,48,38,53,53,29,29,29,15,39,0,0],"gold":177,"neow_bonus":"BOSS_RELIC","is_daily":false,"chose_seed":false,"campfire_upgraded":6,"win_rate":0.0,"timestamp":1611913905,"path_taken":["M","M","M","M","?","R","M","R","T","R","E","M","?","$","R","BOSS","M","?","$","?","M","R","?","E","T","E","R","E","?","M","R","BOSS","M","?","M","?","$","R","E","R","T","M","R","?"],"items_purchased_type":["Relic","Potion","Relic","Relic","Relic","Potion","Potion","Relic","Relic"],"build_version":"2020-12-22","purchased_purges":4,"victory":false,"max_hp_per_floor":[75,75,75,75,75,75,75,75,75,75,75,75,75,75,75,75,75,75,80,80,80,80,80,80,80,80,80,80,80,80,80,80,80,80,80,80,80,80,80,80,80,80,80,80,80,80,80],"card_choices":[{"not_picked":["Auto Shields","Rip and Tear","Rebound"],"picked":"SKIP","floor":1.0},{"not_picked":["Compile Driver","Self Repair","Defragment"],"picked":"SKIP","floor":2.0},{"not_picked":["Stack","Beam Cell"],"picked":"Gash","floor":3.0},{"not_picked":["Hologram","Skim","Heatsinks"],"picked":"SKIP","floor":4.0},{"not_picked":["Hologram","Heatsinks"],"picked":"Skim","floor":4.0},{"not_picked":["Sweeping Beam","Heatsinks"],"picked":"Gash","floor":7.0},{"not_picked":["Auto Shields","Core Surge","Coolheaded"],"picked":"SKIP","floor":11.0},{"not_picked":["Redo","Hologram"],"picked":"Gash","floor":12.0},{"not_picked":["Buffer","Amplify"],"picked":"Echo Form","floor":16.0},{"not_picked":["Tempest","Sweeping Beam+1","Consume"],"picked":"SKIP","floor":18.0},{"not_picked":["Barrage","Redo","Loop"],"picked":"SKIP","floor":22.0},{"not_picked":["Cold Snap+1","Compile Driver","Ball Lightning"],"picked":"SKIP","floor":25.0},{"not_picked":["Tempest","Ball Lightning"],"picked":"Turbo+1","floor":27.0},{"not_picked":["Darkness+1","Chill"],"picked":"BootSequence+1","floor":29.0},{"not_picked":["Rebound","Double Energy","Ball Lightning"],"picked":"SKIP","floor":31.0},{"not_picked":["Meteor Strike","Biased Cognition"],"picked":"Seek","floor":33.0},{"not_picked":["Stack+1","Go for the Eyes+1","Turbo"],"picked":"SKIP","floor":35.0},{"not_picked":["Static Discharge+1","Tempest+1","Heatsinks+1"],"picked":"SKIP","floor":37.0},{"not_picked":["Redo","Streamline+1","Doom and Gloom+1"],"picked":"SKIP","floor":41},{"not_picked":["Tempest+1","Compile Driver+1","Chill"],"picked":"SKIP","floor":44}],"player_experience":203213,"relics_obtained":[{"floor":9.0,"key":"Smiling Mask"},{"floor":11.0,"key":"Bottled Flame"},{"floor":25.0,"key":"Art of War"},{"floor":26.0,"key":"MealTicket"},{"floor":27.0,"key":"Toy Ornithopter"},{"floor":29.0,"key":"Old Coin"},{"floor":36.0,"key":"Calipers"},{"floor":41,"key":"Vajra"},{"floor":43,"key":"Symbiotic Virus"}],"event_choices":[{"damage_healed":0.0,"max_hp_gain":0.0,"max_hp_loss":0.0,"gold_gain":175.0,"event_name":"Liars Game","player_choice":"AGREE","floor":5.0,"gold_loss":0.0,"damage_taken":0.0,"cards_obtained":["Doubt"]},{"damage_healed":0.0,"max_hp_gain":0.0,"max_hp_loss":0.0,"gold_gain":0.0,"event_name":"Dead Adventurer","player_choice":"Searched \u00270\u0027 times","floor":13.0,"gold_loss":0.0,"damage_taken":0.0},{"damage_healed":0.0,"max_hp_gain":5.0,"max_hp_loss":0.0,"gold_gain":0.0,"event_name":"Forgotten Altar","player_choice":"Shed Blood","floor":19.0,"gold_loss":0.0,"damage_taken":19.0},{"damage_healed":26.0,"max_hp_gain":0.0,"max_hp_loss":0.0,"gold_gain":0.0,"event_name":"The Library","player_choice":"Heal","floor":21.0,"gold_loss":0.0,"damage_taken":0.0},{"cards_removed":["Lockon"],"damage_healed":0.0,"max_hp_gain":0.0,"max_hp_loss":0.0,"gold_gain":0.0,"event_name":"Back to Basics","player_choice":"Elegance","floor":24.0,"gold_loss":0.0,"damage_taken":0.0},{"damage_healed":0.0,"max_hp_gain":0.0,"max_hp_loss":0.0,"gold_gain":0.0,"event_name":"Addict","player_choice":"Obtained Relic","floor":30.0,"gold_loss":85.0,"damage_taken":0.0,"relics_obtained":["InkBottle"]},{"damage_healed":0.0,"max_hp_gain":0.0,"max_hp_loss":0.0,"gold_gain":0.0,"event_name":"MindBloom","player_choice":"Fight","floor":36.0,"gold_loss":0.0,"damage_taken":0.0},{"damage_healed":0.0,"max_hp_gain":0.0,"max_hp_loss":0.0,"gold_gain":0.0,"event_name":"Winding Halls","player_choice":"Embrace Madness","floor":38.0,"gold_loss":0.0,"damage_taken":10.0,"cards_obtained":["Madness","Madness"]}],"is_beta":false,"boss_relics":[{"not_picked":["Runic Dome","Nuclear Battery"],"picked":"Philosopher\u0027s Stone"},{"not_picked":["Velvet Choker","Inserter"],"picked":"Cursed Key"}],"items_purged_floors":[14,20,39,39],"is_endless":false,"potions_floor_spawned":[1,2,3,11,27,29,31,33,36,37],"killed_by":"4 Shapes","ascension_level":4}}