{"host":"kg61lsvem4dxoat8","time":1611883223,"event":{"mods":["AchievementEnabler","BaseMod","Better Altar","Better Match","Better Sensory Stone","Highlight Path","Minty Spire (QoL Compilation)","Quick Restart","Relic Sorter","Relic Stats","StSLib","Synergy Search","slay the spire mod where everything is the same but ironclad has a cowboy hat"],"gold_per_floor":[117,117,117,129,54,54,82,110,110,110,110,25,25,25,25],"floor_reached":14,"language":"ENG","playtime":181,"items_purged":[],"score":218,"play_id":"8ae27f43-df65-438f-bffa-b6d101153b69","local_time":"20210129092023","is_ascension_mode":true,"campfire_choices":[{"data":"Neutralize","floor":6,"key":"SMITH"},{"floor":10,"key":"REST"}],"circlet_count":0,"master_deck":["AscendersBane","Strike_G","Strike_G","Strike_G","Strike_G","Defend_G","Defend_G","Defend_G","Defend_G","Defend_G","Survivor","Neutralize+1","Escape Plan+1","Crippling Poison"],"relics":["Ring of the Snake","NeowsBlessing","Ninja Scroll","HornCleat","Odd Mushroom","Anchor","Nunchaku"],"acts_visited":["Exordium"],"potions_floor_usage":[8],"damage_taken":[{"damage":0,"enemies":"2 Louse","floor":1,"turns":1},{"damage":0,"enemies":"Small Slimes","floor":4,"turns":1},{"damage":0,"enemies":"3 Sentries","floor":7,"turns":1},{"damage":26,"enemies":"The Mushroom Lair","floor":8,"turns":10},{"damage":0,"enemies":"Gremlin Nob","floor":14,"turns":2}],"seed_played":"2944638916932760275","potions_obtained":[{"floor":1,"key":"SneckoOil"}],"is_trial":false,"path_per_floor":["M","?","?","M","?","R","E","?","T","R","?","$","?","E"],"character_chosen":"THE_SILENT","items_purchased":["Crippling Poison"],"campfire_rested":1,"item_purchase_floors":[12],"current_hp_per_floor":[59,48,48,48,48,48,48,22,22,41,46,46,46,46,46],"gold":25,"neow_bonus":"THREE_ENEMY_KILL","is_daily":false,"chose_seed":false,"campfire_upgraded":1,"win_rate":0.0,"timestamp":1611883223,"path_taken":["M","?","?","M","?","R","E","?","T","R","?","$","?","E"],"items_purchased_type":["Card"],"build_version":"2020-12-22","purchased_purges":0,"victory":false,"max_hp_per_floor":[66,66,66,66,66,66,66,66,66,66,71,71,71,71,71],"relic_stats":{"Nunchaku":[0],"counters":[5,15],"obtain_stats":[{"Anchor":9,"Nunchaku":13,"HornCleat":7,"NeowsBlessing":0,"Ninja Scroll":2,"Odd Mushroom":8,"Ring of the Snake":0},{"Anchor":4,"Nunchaku":4,"HornCleat":3,"NeowsBlessing":0,"Ninja Scroll":1,"Odd Mushroom":4,"Ring of the Snake":0},{"Anchor":13,"Nunchaku":13,"HornCleat":3,"NeowsBlessing":0,"Ninja Scroll":1,"Odd Mushroom":13,"Ring of the Snake":0}],"Ring of the Snake":[10]},"card_choices":[{"not_picked":["Sucker Punch","Deflect"],"picked":"Escape Plan","floor":1},{"not_picked":["Deflect","Flying Knee","PiercingWail"],"picked":"SKIP","floor":4},{"not_picked":["Caltrops","Outmaneuver","Riddle With Holes"],"picked":"SKIP","floor":7}],"player_experience":1418178,"relics_obtained":[{"floor":7,"key":"HornCleat"},{"floor":8,"key":"Odd Mushroom"},{"floor":9,"key":"Anchor"}],"event_choices":[{"damage_healed":0,"gold_gain":0,"player_choice":"Success","damage_taken":11,"relics_obtained":["Ninja Scroll"],"max_hp_gain":0,"max_hp_loss":0,"event_name":"Scrap Ooze","floor":2,"gold_loss":0},{"damage_healed":0,"gold_gain":0,"player_choice":"Grow","damage_taken":0,"max_hp_gain":0,"max_hp_loss":0,"event_name":"Living Wall","floor":3,"gold_loss":0,"cards_upgraded":["Escape Plan"]},{"cards_removed":["Strike_G"],"damage_healed":0,"gold_gain":0,"player_choice":"Card Removal","damage_taken":0,"max_hp_gain":0,"max_hp_loss":0,"event_name":"The Cleric","floor":5,"gold_loss":75},{"damage_healed":0,"gold_gain":0,"player_choice":"Fought Mushrooms","damage_taken":0,"max_hp_gain":0,"max_hp_loss":0,"event_name":"Mushrooms","floor":8,"gold_loss":0},{"damage_healed":0,"gold_gain":0,"player_choice":"Donut","damage_taken":0,"max_hp_gain":5,"max_hp_loss":0,"event_name":"Big Fish","floor":11,"gold_loss":0},{"damage_healed":0,"gold_gain":0,"player_choice":"Searched \u00271\u0027 times","damage_taken":0,"relics_obtained":["Nunchaku"],"max_hp_gain":0,"max_hp_loss":0,"event_name":"Dead Adventurer","floor":13,"gold_loss":0}],"is_beta":false,"boss_relics":[],"items_purged_floors":[],"is_endless":false,"potions_floor_spawned":[1],"killed_by":"Gremlin Nob","ascension_level":20}}