{"host":"v711dtdb46xe9u7l","time":1611932309,"event":{"mods":["BaseMod","Bestiary","Highlight Path","Minty Spire (QoL Compilation)","Quick Restart","StSLib"],"gold_per_floor":[114,84,101,115,115,115,134,168,194,214,214,214,244,244,244,343,343,343,343],"floor_reached":18,"language":"ENG","playtime":1013,"items_purged":[],"score":230,"play_id":"ac8c836e-3550-4907-b755-9070e53d1c07","local_time":"20210129145829","is_ascension_mode":true,"campfire_choices":[{"data":"Eruption","floor":6,"key":"SMITH"},{"data":"MentalFortress","floor":12,"key":"SMITH"},{"floor":15,"key":"REST"}],"circlet_count":0,"master_deck":["Strike_P","Strike_P","Strike_P","Strike_P","Defend_P","Defend_P","Defend_P","Defend_P","Eruption+1","Vigilance","ThirdEye","Sanctity","CrushJoints","EmptyBody","MentalFortress+1","Indignation","Vault"],"relics":["PureWater","NeowsBlessing","Bottled Flame","White Beast Statue","Peace Pipe","PreservedInsect","Velvet Choker"],"acts_visited":["Exordium","TheCity"],"potions_floor_usage":[8,8,16,16],"damage_taken":[{"damage":0,"enemies":"2 Louse","floor":1,"turns":2},{"damage":0,"enemies":"Cultist","floor":3,"turns":1},{"damage":0,"enemies":"Small Slimes","floor":4,"turns":1},{"damage":4,"enemies":"Exordium Wildlife","floor":7,"turns":6},{"damage":5,"enemies":"3 Sentries","floor":8,"turns":11},{"damage":1,"enemies":"Exordium Thugs","floor":10,"turns":6},{"damage":42,"enemies":"Gremlin Nob","floor":13,"turns":4},{"damage":36,"enemies":"Slime Boss","floor":16,"turns":11},{"damage":10,"enemies":"3 Byrds","floor":18,"turns":9}],"seed_played":"4225465923609314869","potions_obtained":[{"floor":1,"key":"Dexterity Potion"},{"floor":2,"key":"DistilledChaos"},{"floor":2,"key":"Ancient Potion"},{"floor":10,"key":"Dexterity Potion"},{"floor":13,"key":"Regen Potion"},{"floor":16,"key":"Energy Potion"}],"is_trial":false,"path_per_floor":["M","?","M","M","T","R","M","E","T","M","?","R","E","?","R","B",null,"M"],"character_chosen":"WATCHER","items_purchased":[],"campfire_rested":1,"item_purchase_floors":[],"current_hp_per_floor":[65,65,65,65,65,65,61,56,56,55,43,43,1,1,22,1,54,44,44],"gold":343,"neow_bonus":"THREE_ENEMY_KILL","is_daily":false,"chose_seed":false,"campfire_upgraded":2,"win_rate":0.0,"timestamp":1611932309,"path_taken":["M","?","M","?","?","R","M","E","T","M","?","R","E","?","R","BOSS","M"],"items_purchased_type":[],"build_version":"2020-12-22","purchased_purges":0,"victory":false,"max_hp_per_floor":[72,72,72,72,72,72,72,72,72,72,72,72,72,72,72,72,72,72,72],"card_choices":[{"not_picked":["LikeWater","Prostrate"],"picked":"ThirdEye","floor":1},{"not_picked":["Indignation","FlurryOfBlows"],"picked":"Sanctity","floor":3},{"not_picked":["Crescendo","ThirdEye"],"picked":"CrushJoints","floor":4},{"not_picked":["ClearTheMind","Blasphemy"],"picked":"EmptyBody","floor":7},{"not_picked":["Consecrate","EmptyBody"],"picked":"MentalFortress","floor":8},{"not_picked":["PathToVictory","ThirdEye","WaveOfTheHand"],"picked":"SKIP","floor":10},{"not_picked":["CutThroughFate","Weave"],"picked":"Indignation","floor":13},{"not_picked":["Establishment","Judgement"],"picked":"Vault","floor":16}],"player_experience":405365,"relics_obtained":[{"floor":5,"key":"Bottled Flame"},{"floor":8,"key":"White Beast Statue"},{"floor":13,"key":"PreservedInsect"}],"event_choices":[{"damage_healed":0,"gold_gain":0,"player_choice":"Bought 2 Potions","damage_taken":0,"max_hp_gain":0,"max_hp_loss":0,"event_name":"The Woman in Blue","floor":2,"gold_loss":0},{"damage_healed":0,"gold_gain":0,"player_choice":"Success","damage_taken":12,"relics_obtained":["Peace Pipe"],"max_hp_gain":0,"max_hp_loss":0,"event_name":"Scrap Ooze","floor":11,"gold_loss":0},{"damage_healed":0,"gold_gain":0,"player_choice":"Searched \u00270\u0027 times","damage_taken":0,"max_hp_gain":0,"max_hp_loss":0,"event_name":"Dead Adventurer","floor":14,"gold_loss":0}],"is_beta":false,"boss_relics":[{"not_picked":["Empty Cage","Sozu"],"picked":"Velvet Choker"}],"items_purged_floors":[],"is_endless":false,"potions_floor_spawned":[1,4,10,13,16],"killed_by":"3 Byrds","ascension_level":7}}