{"host":"pgm1p3lvdjflie30","time":1611886260,"event":{"mods":["100% Spire Juice","ATMod(阿瑾Mod)","AchievementEnabler","Act Like it!","Alarm Clock","Aspiration","BaseMod","Challenge The Spire","Colored Map","Colored Powertips","Conspire","Dark Map","Dota2Spire","Downfall","Energized Spire","Faster Ascension Climbing","Gensokyo","Gremlin Mod","GungeonMod","Hallownest","Hermit","Highlight Path","HornydragonMod","Jedi Mod","Minty Spire (QoL Compilation)","MostiFishMod","Pale of the Ancients","Permanent Neow","Quarter Circle Forward PUNCH!","Quick Restart","Relic Stats","Replay The Spire","Robot Space Explorer","Spicy Shops","StSLib","TestMod","The Construct","The Gatherer","The Hayseed","The IronCluck","The Jungle","Waifu the Spire","[GremlinLeader]The Maniac","【功能Mod】混沌之?修复?丁","【?物卡牌】REMEMod","?留之物","篝火指南"],"gold_per_floor":[119,134,134,145,2,27,27,427,427,439,132,142,142,168,168,270,270,282,282,300,391,100,100,126,139,139,154,154,154,154,2,2,103,103,117,130,130,130],"floor_reached":37,"language":"ZHS","playtime":1668,"items_purged":[],"score":647,"play_id":"d59b0b1e-702c-4cd8-9421-ccb65f3f95fa","local_time":"20210129101100","is_ascension_mode":false,"campfire_choices":[{"floor":7,"key":"RECALL"},{"data":"maniac:HammerDown","floor":13,"key":"SMITH"},{"data":"conspire:Purge","floor":15,"key":"SMITH"},{"data":"maniac:FanTheHammer","floor":23,"key":"SMITH"},{"floor":32,"key":"REST"}],"circlet_count":0,"master_deck":["maniac:Strike","maniac:AbyssShackle","AT_FamilyPortrait","conspire:Purge+1","maniac:Confront","maniac:Confront","maniac:ForsakenHand","maniac:Refine+1","maniac:HammerDown+1","maniac:FoilArmor","maniac:FanTheHammer+1","maniac:ShelteringEdge","maniac:MeleeStrike","maniac:DashForward","maniac:Confront+1","maniac:BladeShoot+1","maniac:BladesInCloak","maniac:ShelteringEdge","maniac:WardAndDefend","maniac:WardAndDefend","maniac:Confront","maniac:FindAShortcut","maniac:ListenToNone","maniac:Refine+1","maniac:Confront"],"relics":["maniac:DamagedAnvil","maniac:BrokenHorn","AT_ATBox","DaveBox","REME_ComplimentaryCards","testmod-ObsoleteBoomerang","ShadowXiaoBlade","aspiration:Nostalgia","PureWater","SynthV:TestCard","SynthV","ImprovedEquipment","testmod-Fortitude","War Paint","testmod-DreamHouse","Happy Flower","Lantern","AT_ChloranthyRing","DemoMod:MeatBun","ReplayTheSpireMod:Lightbulb","DemoMod:GlassGuonStoneRelic","Dota2Spire:UrnOfShadows","Bottled Lightning","DiscerningMonocle","White Beast Statue","qcfpunch:Black_Training_Shirt","Dota2Spire:OrchidMalevolence","testmod-Laevatain","Orrery","aspiration:IroncladSkillbook"],"acts_visited":["Exordium","Exordium","TheBeyond"],"potions_floor_usage":[14,20,24,27,31,33,35,35],"damage_taken":[{"damage":16,"enemies":"Jaw Worm","floor":1,"turns":2},{"damage":0,"enemies":"Cultist","floor":2,"turns":1},{"damage":0,"enemies":"2 Louse","floor":4,"turns":1},{"damage":5,"enemies":"3 Sentries","floor":6,"turns":2},{"damage":5,"enemies":"Large Slime","floor":10,"turns":2},{"damage":5,"enemies":"Blue Slaver","floor":12,"turns":1},{"damage":0,"enemies":"Lagavulin","floor":14,"turns":2},{"damage":0,"enemies":"Slime Boss","floor":16,"turns":2},{"damage":10,"enemies":"Hallownest:Guard_and_Sentry","floor":18,"turns":2},{"damage":5,"enemies":"Hallownest:2_Mistakes","floor":20,"turns":1},{"damage":1,"enemies":"Hallownest:eliteWatcherKnight","floor":24,"turns":6},{"damage":4,"enemies":"Hallownest:Master_and_Novice","floor":25,"turns":2},{"damage":5,"enemies":"Hallownest:2_Flukemon","floor":27,"turns":2},{"damage":5,"enemies":"Hallownest:BossGrimm","floor":33,"turns":1},{"damage":0,"enemies":"3 Darklings","floor":35,"turns":1},{"damage":5,"enemies":"3 Shapes","floor":36,"turns":1}],"seed_played":"-3537196125723059423","potions_obtained":[{"floor":1,"key":"BlessingOfTheForge"},{"floor":2,"key":"DemoMod:BlankPotion"},{"floor":6,"key":"Adrenaline Potion"},{"floor":20,"key":"Strength Potion"},{"floor":24,"key":"Fire Potion"},{"floor":25,"key":"Milkshake"},{"floor":33,"key":"LifebloodPotion"},{"floor":35,"key":"SkillPotion"},{"floor":36,"key":"AttackPotion"}],"is_trial":false,"path_per_floor":["M","M","?","M","$","E","R","?","T","M","$","M","R","E","R","B",null,"M","?","M","?","$","R","E","M","T","M","?","T","?","$","R","B",null,"M","M","?"],"character_chosen":"THE_MANIAC","items_purchased":["SynthV","testmod-Fortitude","AT_ChloranthyRing","DemoMod:MeatBun","DiscerningMonocle","maniac:BladesInCloak","maniac:ShelteringEdge","maniac:WardAndDefend","maniac:Confront","maniac:Feint","ReplayTheSpireMod:Private Reserves","MostiFishMod:Kaleido","Explosive Potion","White Beast Statue","qcfpunch:Black_Training_Shirt","Dota2Spire:OrchidMalevolence","testmod-Laevatain","Orrery"],"campfire_rested":1,"item_purchase_floors":[5,11,22,22,31,31,31,31,31,31,31,31,31,31,31,31,31,31],"current_hp_per_floor":[64,64,64,64,64,59,59,59,59,54,54,49,49,49,49,49,80,70,70,65,33,47,47,46,42,42,39,35,35,35,35,54,49,64,64,63,0,0],"gold":130,"neow_bonus":"NOSTALGIA","is_daily":false,"chose_seed":false,"campfire_upgraded":3,"win_rate":0.0,"timestamp":1611886260,"path_taken":["M","M","?","?","?","E","R","?","T","M","$","M","R","E","R","BOSS","M","?","M","?","$","R","E","?","T","M","?","?","?","?","R","BOSS","M","M","?"],"items_purchased_type":["Relic","Relic","Relic","Relic","Relic","Card","Card","Card","Card","Card","Card","Card","Potion","Relic","Relic","Relic","Relic","Relic"],"build_version":"2020-12-22","purchased_purges":0,"victory":false,"max_hp_per_floor":[80,80,80,80,80,80,80,80,80,80,80,80,80,80,80,80,80,80,80,80,80,80,80,80,80,80,80,80,80,80,64,64,64,64,64,64,64,64],"relic_stats":{"Happy Flower":[5],"counters":[16,29],"War Paint":["maniac:BurnBlood","maniac:Refine"],"obtain_stats":[{"Lantern":17,"AT_ATBox":0,"DaveBox":0,"SynthV":5,"DiscerningMonocle":31,"Dota2Spire:OrchidMalevolence":31,"DemoMod:GlassGuonStoneRelic":1,"maniac:BrokenHorn":0,"testmod-Laevatain":31,"testmod-ObsoleteBoomerang":0,"testmod-DreamHouse":17,"AT_ChloranthyRing":22,"maniac:DamagedAnvil":0,"testmod-TestBox":0,"Dota2Spire:UrnOfShadows":26,"Happy Flower":17,"aspiration:Nostalgia":0,"ImprovedEquipment":6,"qcfpunch:Black_Training_Shirt":31,"ShadowXiaoBlade":0,"War Paint":14,"White Beast Statue":31,"aspiration:IroncladSkillbook":34,"testmod-Fortitude":11,"SynthV:TestCard":1,"DemoMod:MeatBun":22,"Orrery":31,"Bottled Lightning":29,"PureWater":0,"ReplayTheSpireMod:Lightbulb":24,"REME_ComplimentaryCards":0},{"Lantern":8,"AT_ATBox":0,"DaveBox":0,"SynthV":3,"DiscerningMonocle":13,"Dota2Spire:OrchidMalevolence":13,"DemoMod:GlassGuonStoneRelic":1,"maniac:BrokenHorn":0,"testmod-Laevatain":13,"testmod-ObsoleteBoomerang":0,"testmod-DreamHouse":8,"AT_ChloranthyRing":10,"maniac:DamagedAnvil":0,"testmod-TestBox":0,"Dota2Spire:UrnOfShadows":12,"Happy Flower":8,"aspiration:Nostalgia":0,"ImprovedEquipment":4,"qcfpunch:Black_Training_Shirt":13,"ShadowXiaoBlade":0,"War Paint":7,"White Beast Statue":13,"aspiration:IroncladSkillbook":14,"testmod-Fortitude":5,"SynthV:TestCard":1,"DemoMod:MeatBun":10,"Orrery":13,"Bottled Lightning":13,"PureWater":0,"ReplayTheSpireMod:Lightbulb":11,"REME_ComplimentaryCards":0},{"Lantern":13,"AT_ATBox":0,"DaveBox":0,"SynthV":4,"DiscerningMonocle":26,"Dota2Spire:OrchidMalevolence":26,"DemoMod:GlassGuonStoneRelic":2,"maniac:BrokenHorn":0,"testmod-Laevatain":26,"testmod-ObsoleteBoomerang":0,"testmod-DreamHouse":13,"AT_ChloranthyRing":16,"maniac:DamagedAnvil":0,"testmod-TestBox":0,"Dota2Spire:UrnOfShadows":24,"Happy Flower":13,"aspiration:Nostalgia":0,"ImprovedEquipment":6,"qcfpunch:Black_Training_Shirt":26,"ShadowXiaoBlade":0,"War Paint":11,"White Beast Statue":26,"aspiration:IroncladSkillbook":27,"testmod-Fortitude":8,"SynthV:TestCard":2,"DemoMod:MeatBun":16,"Orrery":26,"Bottled Lightning":26,"PureWater":0,"ReplayTheSpireMod:Lightbulb":22,"REME_ComplimentaryCards":0}]},"card_choices":[{"not_picked":["maniac:WardAndDefend","maniac:UntravelledPath"],"picked":"maniac:Confront","floor":1},{"not_picked":["maniac:HammerStrike","maniac:BladeShoot","maniac:UntravelledPath","maniac:Lacerate"],"picked":"maniac:SpectralKnives","floor":2},{"not_picked":["maniac:LootBarrage","maniac:Reforge","maniac:PerceiveDanger","maniac:PanickyParry"],"picked":"maniac:Confront","floor":4},{"not_picked":["maniac:Hasten","maniac:MeleeStrike","maniac:Traceback","maniac:Intimidate"],"picked":"maniac:ForsakenHand","floor":6},{"not_picked":["maniac:WitnessTrueSorcery","maniac:ListenToNone","maniac:Infuriate","maniac:SpectralKnives"],"picked":"maniac:Refine","floor":10},{"not_picked":["maniac:UntravelledPath","maniac:BladesInCloak","maniac:ShatteredShield","maniac:WardAndDefend"],"picked":"maniac:HammerDown","floor":12},{"not_picked":["maniac:ListenToNone","maniac:Recollect","maniac:UndyingDesire","maniac:PerceiveDanger"],"picked":"maniac:FoilArmor","floor":14},{"not_picked":["maniac:ForsakenHand","maniac:HammerDown","maniac:Simulacrum","maniac:ShadowContact"],"picked":"maniac:FanTheHammer","floor":16},{"not_picked":["maniac:Quickdraw","maniac:Exterminator+1","maniac:ColdHeart","maniac:BladesInCloak"],"picked":"maniac:GlassScratch+1","floor":18},{"not_picked":["maniac:FindAShortcut","maniac:BladeShoot","maniac:ShelteringEdge","maniac:Quickdraw+1"],"picked":"maniac:BladeArtist","floor":20},{"not_picked":["maniac:BladesInCloak","maniac:Refine","maniac:PanickyParry","maniac:UndyingDesire"],"picked":"maniac:ShelteringEdge","floor":21},{"not_picked":["maniac:Confront","maniac:ReachVictory","maniac:Refine","maniac:FindAShortcut"],"picked":"maniac:MeleeStrike","floor":21},{"not_picked":["maniac:ListenToNone","maniac:Refine","maniac:ExceedEnchantment","maniac:SpectralKnives+1"],"picked":"maniac:SeeingDetails","floor":21},{"not_picked":["maniac:BladeArtist","maniac:FanTheHammer","maniac:SpectralKnives","maniac:SeeingDetails"],"picked":"maniac:DashForward","floor":24},{"not_picked":["maniac:UntravelledPath","maniac:Whirlscythe","maniac:DashForward","maniac:BladeEnd+1"],"picked":"maniac:Confront+1","floor":25},{"not_picked":["maniac:Lacerate","maniac:PanickyParry","maniac:ShatteredShield","maniac:AlleviatingSorcery"],"picked":"maniac:BladeShoot+1","floor":27},{"not_picked":["maniac:Intimidate","maniac:GlassScratch","maniac:UnseenTerror","maniac:ColdHeart"],"picked":"maniac:MeleeStrike","floor":31},{"not_picked":["maniac:BladeArtist+1","maniac:ObscuredAttack","maniac:WardAndDefend","maniac:SorceryHour+1"],"picked":"maniac:FindAShortcut","floor":31},{"not_picked":["maniac:SpectralKnives","maniac:FindAShortcut+1","maniac:MeleeStrike","maniac:Retrospect"],"picked":"maniac:ExceedEnchantment","floor":31},{"not_picked":["maniac:MortalSteel+1","maniac:BladeShoot","maniac:Confront","maniac:BladesInCloak+1"],"picked":"maniac:Precision+1","floor":31},{"not_picked":["maniac:AlleviatingSorcery","maniac:WardAndDefend","maniac:ColdHeart","maniac:Refine"],"picked":"maniac:ListenToNone","floor":31},{"not_picked":["maniac:ShadowContact","maniac:Collecting","maniac:ExceedEnchantment","maniac:TimeForm"],"picked":"maniac:Trap","floor":33},{"not_picked":["maniac:MeleeStrike","maniac:UntravelledPath+1","maniac:SecretBackups","maniac:DashForward+1","maniac:SeekerKnife+1"],"picked":"maniac:Refine+1","floor":35},{"not_picked":["maniac:AllOutAttack","maniac:ObscuredAttack+1","maniac:Intimidate+1","maniac:BladeShoot+1","maniac:BladesInCloak+1"],"picked":"maniac:Confront","floor":36}],"player_experience":333763,"relics_obtained":[{"floor":1,"key":"SynthV:TestCard"},{"floor":6,"key":"ImprovedEquipment"},{"floor":14,"key":"War Paint"},{"floor":24,"key":"ReplayTheSpireMod:Lightbulb"},{"floor":26,"key":"Dota2Spire:UrnOfShadows"},{"floor":29,"key":"Bottled Lightning"}],"event_choices":[{"cards_removed":["maniac:Defend"],"damage_healed":0,"gold_gain":0,"player_choice":"Purged","damage_taken":0,"max_hp_gain":0,"max_hp_loss":0,"event_name":"Purifier","floor":3,"gold_loss":0},{"damage_healed":0,"gold_gain":400,"player_choice":"Sell","damage_taken":0,"max_hp_gain":0,"max_hp_loss":0,"event_name":"恩洛斯的?子","floor":8,"relics_lost":["testmod-TestBox"],"gold_loss":0}],"is_beta":false,"boss_relics":[{"not_picked":["REME_DemonsWealth","testmod-EnergyCheck"],"picked":"testmod-DreamHouse"},{"not_picked":["Philosopher\u0027s Stone","EE1DDrone"],"picked":"aspiration:IroncladSkillbook"}],"items_purged_floors":[],"is_endless":false,"potions_floor_spawned":[1,2,6,20,24,25,33,35,36],"ascension_level":0}}