{"host":"Sylvester","time":1611900641,"event":{"mods":["BaseMod","Colored Map","Lobotomy","Minty Spire (QoL Compilation)","Replay The Spire","StSLib"],"gold_per_floor":[110,128,128,203,222,222,242,272,351,385,385,385,412,431,431,431,431],"floor_reached":16,"language":"ENG","playtime":663,"items_purged":[],"score":120,"play_id":"e796173a-d852-4853-963f-804d43bc76e7","local_time":"20210128221041","is_ascension_mode":false,"campfire_choices":[{"data":"Shockwave","floor":6,"key":"SMITH"},{"data":"Bash","floor":11,"key":"SMITH"},{"data":"ReplayTheSpireMod:Limb From Limb","floor":15,"key":"SMITH"}],"circlet_count":0,"master_deck":["Strike_R","Strike_R","Strike_R","Strike_R","Strike_R","Defend_R","Defend_R","Defend_R","Defend_R","Bash+1","Carnage","BeautyBeast","Shockwave+1","LittlePrince","Spot Weakness","Freischutz","Run Through","SilentOrchestra","Twin Strike","Scarecrow","FieryBird","DreamingCurrent","ReplayTheSpireMod:Limb From Limb+1"],"relics":["Burning Blood","CogitoBucket","Charon\u0027s Ashes","Letter Opener","Boot","Du-Vu Doll","ChangeAnything"],"acts_visited":["Exordium"],"potions_floor_usage":[10,10,16],"damage_taken":[{"damage":3,"enemies":"Small Slimes","floor":1,"turns":3},{"damage":6,"enemies":"Jaw Worm","floor":2,"turns":3},{"damage":2,"enemies":"2 Louse","floor":5,"turns":3},{"damage":2,"enemies":"2 Fungi Beasts","floor":7,"turns":4},{"damage":33,"enemies":"Lagavulin","floor":8,"turns":8},{"damage":3,"enemies":"3 Sentries","floor":10,"turns":4},{"damage":26,"enemies":"Lagavulin","floor":13,"turns":6},{"damage":25,"enemies":"3 Louse","floor":14,"turns":6},{"damage":44,"enemies":"Hexaghost","floor":16,"turns":3}],"seed_played":"-8161052324807708021","potions_obtained":[{"floor":1,"key":"Cursed Concoction"},{"floor":2,"key":"Regen Potion"},{"floor":5,"key":"ColorlessPotion"},{"floor":14,"key":"FearPotion"}],"is_trial":false,"path_per_floor":["M","M","?","?","M","R","M","E","T","E","R","?","E","M","R","B"],"character_chosen":"IRONCLAD","items_purchased":[],"campfire_rested":0,"item_purchase_floors":[],"current_hp_per_floor":[80,80,80,69,73,73,77,50,50,65,65,70,50,31,31,0,0],"gold":431,"neow_bonus":"","is_daily":false,"chose_seed":false,"campfire_upgraded":3,"win_rate":0.0,"timestamp":1611900641,"path_taken":["M","M","?","?","M","R","M","E","T","E","R","?","E","M","R","BOSS"],"items_purchased_type":[],"build_version":"2020-11-17","purchased_purges":0,"victory":false,"max_hp_per_floor":[80,80,80,80,80,80,80,80,80,80,80,85,85,85,85,85,85],"card_choices":[{"not_picked":["Twin Strike","Dark Embrace"],"picked":"Carnage","floor":1},{"not_picked":["LongBird","GalaxyChild"],"picked":"BeautyBeast","floor":2},{"not_picked":["Armaments","Body Slam"],"picked":"Shockwave","floor":2},{"not_picked":["FairyFestival","UniverseFragment","CrumblingArmor"],"picked":"Singing Bowl","floor":5},{"not_picked":["SpiderBud","MHz"],"picked":"LittlePrince","floor":5},{"not_picked":["True Grit","Replay:Undeath\u0027s Touch"],"picked":"Spot Weakness","floor":5},{"not_picked":["MHz","Scorched"],"picked":"Freischutz","floor":7},{"not_picked":["Clash","Heavy Blade"],"picked":"Run Through","floor":7},{"not_picked":["UniverseFragment","Bloodbath","SnowQueen"],"picked":"Singing Bowl","floor":8},{"not_picked":["CrumblingArmor","SpiderBud"],"picked":"SilentOrchestra","floor":8},{"not_picked":["Wild Strike","Iron Wave"],"picked":"Twin Strike","floor":8},{"not_picked":["Variant","CherryBlossoms","Scarecrow"],"picked":"Singing Bowl","floor":10},{"not_picked":["FairyFestival","LittleHelper"],"picked":"Scarecrow","floor":10},{"not_picked":["Flex","Clothesline","Spot Weakness"],"picked":"SKIP","floor":10},{"not_picked":["WallGazer","LongBird"],"picked":"FieryBird","floor":13},{"not_picked":["Anger","Sword Boomerang","Sever Soul"],"picked":"SKIP","floor":13},{"not_picked":["Alriune","Bloodbath","OSAHOGD"],"picked":"Singing Bowl","floor":14},{"not_picked":["SpiderBud","RedShoes"],"picked":"DreamingCurrent","floor":14},{"not_picked":["Pommel Strike","Anger"],"picked":"ReplayTheSpireMod:Limb From Limb","floor":14}],"player_experience":160197,"relics_obtained":[{"floor":8,"key":"Charon\u0027s Ashes"},{"floor":9,"key":"Letter Opener"},{"floor":10,"key":"Boot"},{"floor":13,"key":"Du-Vu Doll"}],"event_choices":[{"damage_healed":0,"gold_gain":0,"player_choice":"Ignored","damage_taken":0,"max_hp_gain":0,"max_hp_loss":0,"event_name":"Liars Game","floor":3,"gold_loss":0},{"damage_healed":0,"gold_gain":75,"player_choice":"Gather Gold","damage_taken":11,"max_hp_gain":0,"max_hp_loss":0,"event_name":"World of Goop","floor":4,"gold_loss":0},{"damage_healed":0,"gold_gain":0,"player_choice":"Donut","damage_taken":0,"max_hp_gain":5,"max_hp_loss":0,"event_name":"Big Fish","floor":12,"gold_loss":0}],"is_beta":true,"boss_relics":[],"items_purged_floors":[],"is_endless":false,"potions_floor_spawned":[1,2,5,14],"killed_by":"Hexaghost","ascension_level":0}}