{"host":"8is2j71l4wmybkoi","time":1611904893,"event":{"mods":["AchievementEnabler","BaseMod","Colored Map","Minty Spire (QoL Compilation)","Rare Cards Sparkle","StSLib","SuperFastMode"],"gold_per_floor":[319,16,16,16,34,34,52,78,78,95,95,95],"floor_reached":11,"language":"KOR","playtime":271,"items_purged":["Strike_G"],"score":128,"play_id":"62d55caf-e675-4e5a-a2f4-30f566f53852","local_time":"20210129162133","is_ascension_mode":true,"campfire_choices":[{"data":"Riddle With Holes","floor":6,"key":"SMITH"}],"circlet_count":0,"master_deck":["AscendersBane","Strike_G","Strike_G","Strike_G","Defend_G","Defend_G","Defend_G","Defend_G","Survivor","Neutralize","Backstab","Riddle With Holes+1","Dagger Throw","Escape Plan","Burst"],"relics":["Ring of the Snake","Old Coin","Anchor","Paper Crane"],"acts_visited":["Exordium"],"potions_floor_usage":[8],"damage_taken":[{"damage":7,"enemies":"Small Slimes","floor":1,"turns":6},{"damage":0,"enemies":"2 Louse","floor":5,"turns":2},{"damage":0,"enemies":"Jaw Worm","floor":7,"turns":2},{"damage":22,"enemies":"Lagavulin","floor":8,"turns":5},{"damage":0,"enemies":"Gremlin Gang","floor":10,"turns":4},{"damage":29,"enemies":"Gremlin Nob","floor":11,"turns":4}],"seed_played":"5877855222282146450","potions_obtained":[{"floor":7,"key":"LiquidMemories"},{"floor":8,"key":"CultistPotion"}],"is_trial":false,"path_per_floor":["M","$","?","?","M","R","M","E","T","M","E"],"character_chosen":"THE_SILENT","items_purchased":["Anchor","Riddle With Holes"],"campfire_rested":0,"item_purchase_floors":[2,2],"current_hp_per_floor":[52,52,52,45,45,45,45,23,23,23,0,0],"gold":95,"neow_bonus":"ONE_RARE_RELIC","is_daily":false,"chose_seed":false,"campfire_upgraded":1,"win_rate":0.0,"timestamp":1611904893,"path_taken":["M","$","?","?","M","R","M","E","T","M","E"],"items_purchased_type":["Relic","Card"],"build_version":"2020-12-22","purchased_purges":1,"victory":false,"max_hp_per_floor":[66,66,66,66,66,66,66,66,66,66,66,66],"card_choices":[{"not_picked":["Slice","Prepared"],"picked":"Backstab","floor":1},{"not_picked":["Tactician","Backflip"],"picked":"Dagger Throw","floor":5},{"not_picked":["Terror","All Out Attack"],"picked":"Escape Plan","floor":7},{"not_picked":["Endless Agony","Tools of the Trade"],"picked":"Burst","floor":8},{"not_picked":["Dagger Throw","Deadly Poison","Escape Plan"],"picked":"SKIP","floor":10}],"player_experience":827760,"relics_obtained":[{"floor":8,"key":"Paper Crane"}],"event_choices":[{"cards_removed":["Defend_G"],"damage_healed":0,"gold_gain":0,"player_choice":"Forget","damage_taken":0,"max_hp_gain":0,"max_hp_loss":0,"event_name":"Living Wall","floor":3,"gold_loss":0},{"cards_removed":["Strike_G"],"damage_healed":0,"gold_gain":0,"player_choice":"Card Removal","damage_taken":7,"max_hp_gain":0,"max_hp_loss":0,"event_name":"Golden Wing","floor":4,"gold_loss":0}],"is_beta":false,"boss_relics":[],"items_purged_floors":[2],"is_endless":false,"potions_floor_spawned":[7,8],"killed_by":"Gremlin Nob","ascension_level":15}}