{"host":"hkj1blq6xqcrzx6o","time":1611928521,"event":{"mods":["BaseMod","Downfall","Marisa£®ÏF”Í°°ƒß¿Ì…≥£©","Minty Spire (QoL Compilation)","Reimu£®≤©¿ˆ¡È√Œ£©","Remilia£®¿Ÿ√◊¿Ú—«£©","Replay The Spire","StSLib","The Cursed","The Senshi","The Servant 0.9.4"],"gold_per_floor":[99,115,132,132,145,145,168,188,203,219,19,4,20,5,23,125,125,217,234,234,251,251,251,327,347,307,37,37,55,75,75,88,191,191,191,210,256,306,306,306,306,306],"floor_reached":40,"language":"ZHS","playtime":2449,"items_purged":[],"score":455,"play_id":"da4759c3-5429-4b6c-adad-ae4892edf2e6","local_time":"20210129215521","is_ascension_mode":false,"campfire_choices":[{"floor":1,"key":"RECALL"},{"data":"hexamod:ForkedFlame","floor":11,"key":"SMITH"},{"data":"hexamod:TimeOfNeed","floor":35,"key":"SMITH"}],"circlet_count":0,"master_deck":["hexamod:Strike","hexamod:Strike+1","hexamod:Strike","hexamod:Strike+1","hexamod:Defend","hexamod:Defend","hexamod:Defend","hexamod:Sear","hexamod:Float","hexamod:NightmareStrike","hexamod:RecurringNightmare+1","hexamod:ForkedFlame+1","hexamod:HeatShield","hexamod:AdvancingGuard","hexamod:HauntingEcho","hexamod:RainOfEmbers","hexamod:Rewind","hexamod:SkipABeat","hexamod:ThermalTransfer","hexamod:HexaLevel","hexamod:EmpoweredFlame+1","hexamod:HauntingEcho+1","hexamod:TimeOfNeed+1","hexamod:FastForward","hexamod:SpectersWail+1","ZunPunch:ReiMu","hexamod:SwordOfDarkness+1","expansioncontent:QuickStudy","hexamod:StepThrough","hexamod:GhostShield","hexamod:HauntingEcho","hexamod:GhostOfSpirePast+1","hexamod:BacktrackSmack","hexamod:SearingWound","hexamod:CatchUp","hexamod:CatchUp","hexamod:BurningTouch+1"],"relics":["hexamod:SpiritBrand","downfall:HeartBlessingRed","downfall:HeartBlessingBlue","Honey Jar","Whetstone","MutagenicStrength","Frozen Egg 2","ReplayTheSpireMod:Ring of Addiction","Toy Ornithopter","SacredBark","SlaversCollar","CatCart","Girya"],"acts_visited":["Exordium","TheCity","TheBeyond"],"potions_floor_usage":[16,16,16,29,29,32,33,33,33,37],"damage_taken":[{"damage":1,"enemies":"Cultist","floor":2,"turns":3},{"damage":0,"enemies":"Small Slimes","floor":3,"turns":3},{"damage":0,"enemies":"Jaw Worm","floor":5,"turns":3},{"damage":0,"enemies":"Large Slime","floor":8,"turns":3},{"damage":15,"enemies":"3 Louse","floor":9,"turns":4},{"damage":2,"enemies":"Exordium Wildlife","floor":10,"turns":3},{"damage":0,"enemies":"downfall:FleeingMerchant","floor":12,"turns":4},{"damage":4,"enemies":"2 Fungi Beasts","floor":13,"turns":2},{"damage":10,"enemies":"downfall:FleeingMerchant","floor":14,"turns":4},{"damage":8,"enemies":"Exordium Wildlife","floor":15,"turns":3},{"damage":43,"enemies":"DF_ARCHETYPE_STREAMLINE","floor":16,"turns":8},{"damage":0,"enemies":"Spheric Guardian","floor":19,"turns":3},{"damage":15,"enemies":"Cultist and Chosen","floor":21,"turns":4},{"damage":2,"enemies":"Centurion and Healer","floor":25,"turns":5},{"damage":3,"enemies":"downfall:FleeingMerchant","floor":27,"turns":4},{"damage":6,"enemies":"Shelled Parasite and Fungi","floor":29,"turns":4},{"damage":10,"enemies":"Cultist and Chosen","floor":30,"turns":4},{"damage":4,"enemies":"Centurion and Healer","floor":32,"turns":5},{"damage":54,"enemies":"IC_MUSHROOM_ARCHETYPE","floor":33,"turns":5},{"damage":13,"enemies":"Orb Walker","floor":36,"turns":3},{"damage":58,"enemies":"Orin","floor":37,"turns":10},{"damage":18,"enemies":"Orin","floor":38,"turns":5},{"damage":23,"enemies":"3 Darklings","floor":40,"turns":2}],"seed_played":"-708576711204036973","potions_obtained":[{"floor":5,"key":"SkillPotion"},{"floor":9,"key":"LiquidMemories"},{"floor":13,"key":"PowerPotion"},{"floor":16,"key":"MagicPotion:ReiMu"},{"floor":21,"key":"Slimebound:ThreeZeroPotion"},{"floor":25,"key":"Fire Potion"},{"floor":28,"key":"DistilledChaos"},{"floor":28,"key":"Ancient Potion"},{"floor":28,"key":"Fire Potion"},{"floor":30,"key":"champ:CounterPotion"},{"floor":32,"key":"PowerPotion"},{"floor":36,"key":"FearPotion"},{"floor":38,"key":"LiquidMemories"}],"is_trial":false,"path_per_floor":["R","M","M","?","M","?","T","M","M","M","R","$","M","$","M","B",null,"R","M","?","M","?","?","T","M","?","$","?","M","M","?","M","B",null,"R","M","?","?","?","M"],"character_chosen":"THE_SPIRIT","items_purchased":["expansioncontent:QuickStudy","hexamod:StepThrough"],"campfire_rested":0,"item_purchase_floors":[27,27],"current_hp_per_floor":[77,76,76,76,76,76,76,76,61,59,69,69,65,55,47,4,87,66,66,66,51,51,51,51,49,49,46,46,50,40,40,41,2,87,87,74,21,3,3,0,0,0],"gold":306,"neow_bonus":"TEN_PERCENT_HP_BONUS","is_daily":false,"chose_seed":false,"campfire_upgraded":2,"win_rate":0.0,"timestamp":1611928521,"path_taken":["R","M","M","?","M","?","T","?","M","M","R","?","?","?","M","BOSS","R","M","?","M","?","?","T","M","?","$","?","?","M","?","M","BOSS","R","M","?","?","?","M"],"items_purchased_type":["Card","Card"],"build_version":"2020-12-22","purchased_purges":0,"victory":false,"max_hp_per_floor":[77,77,77,77,77,77,77,77,77,77,87,87,87,87,87,87,87,87,87,87,87,87,87,87,87,87,87,87,87,87,87,87,87,87,87,87,85,85,85,85,85,85],"card_choices":[{"not_picked":["hexamod:FastForward","hexamod:Hexaguard"],"picked":"hexamod:NightmareStrike","floor":2},{"not_picked":["hexamod:HauntingEcho","hexamod:NecessarySacrifice"],"picked":"hexamod:SpectersWail","floor":3},{"not_picked":["hexamod:Firestarter","hexamod:ShieldOfDarkness"],"picked":"hexamod:ForkedFlame","floor":5},{"not_picked":["hexamod:HeatShield","hexamod:Haunt"],"picked":"hexamod:AdvancingGuard","floor":8},{"not_picked":["hexamod:ThermalTransfer","hexamod:GhostLash"],"picked":"hexamod:HauntingEcho","floor":9},{"not_picked":["hexamod:PhantomCloak","hexamod:InspiringFlames","hexamod:FifthSeal"],"picked":"SKIP","floor":10},{"not_picked":["hexamod:Incineration","hexamod:HeatMetal"],"picked":"hexamod:RainOfEmbers","floor":12},{"not_picked":["hexamod:HeatShield","hexamod:ShieldOfDarkness"],"picked":"hexamod:Rewind","floor":13},{"not_picked":["hexamod:NightmareStrike","hexamod:Firestarter"],"picked":"hexamod:SkipABeat","floor":14},{"not_picked":["hexamod:NecessarySacrifice","hexamod:NightmareStrike"],"picked":"hexamod:ThermalTransfer","floor":15},{"not_picked":["hexamod:WildfireWeapon","hexamod:SearingWound"],"picked":"hexamod:HexaLevel","floor":16},{"not_picked":["hexamod:ThermalTransfer","hexamod:SwordOfDarkness","hexamod:SecondSeal"],"picked":"hexamod:EmpoweredFlame+1","floor":18},{"not_picked":["hexamod:Hexaguard","hexamod:SkipABeat","hexamod:HeatMetal"],"picked":"hexamod:HauntingEcho+1","floor":18},{"not_picked":["hexamod:Hexaguard","hexamod:BacktrackSmack+1","hexamod:NightmareStrike"],"picked":"hexamod:TimeOfNeed","floor":19},{"not_picked":["hexamod:Firestarter","hexamod:RecurringNightmare+1","hexamod:NightmareStrike"],"picked":"hexamod:FastForward","floor":21},{"not_picked":["hexamod:NightmareStrike","hexamod:Hexaguard","hexamod:Firestarter"],"picked":"hexamod:SpectersWail+1","floor":25},{"not_picked":["hexamod:DynamicBlow","hexamod:AdvancingGuard","hexamod:HauntingEcho+1"],"picked":"hexamod:SwordOfDarkness+1","floor":27},{"not_picked":["hexamod:ThermalTransfer+1","hexamod:SwordOfDarkness","hexamod:UnleashSpirits"],"picked":"hexamod:GhostShield","floor":29},{"not_picked":["hexamod:InspiringFlames","hexamod:ThermalTransfer","hexamod:GhostShield"],"picked":"hexamod:HauntingEcho","floor":30},{"not_picked":["hexamod:AdvancingGuard","hexamod:InspiringFlames","hexamod:SwordOfDarkness"],"picked":"hexamod:BacktrackSmack","floor":32},{"not_picked":["hexamod:HexaLevel+1","hexamod:FifthSeal","hexamod:SixthSeal"],"picked":"hexamod:SearingWound","floor":33},{"not_picked":["hexamod:GhostShield","hexamod:Haunt","hexamod:RetreatToShadows+1"],"picked":"hexamod:CatchUp","floor":36},{"not_picked":["hexamod:GhostflameBarrier","hexamod:Rewind+1","hexamod:NightmareGuise"],"picked":"hexamod:CatchUp","floor":37},{"not_picked":["hexamod:HeatShield+1","hexamod:PhantomCloak+1","hexamod:HauntingEcho+1"],"picked":"hexamod:BurningTouch+1","floor":38}],"player_experience":9772,"relics_obtained":[{"floor":18,"key":"Whetstone"},{"floor":24,"key":"Frozen Egg 2"},{"floor":28,"key":"ReplayTheSpireMod:Ring of Addiction"},{"floor":28,"key":"Toy Ornithopter"},{"floor":28,"key":"SacredBark"},{"floor":37,"key":"CatCart"},{"floor":38,"key":"Girya"}],"event_choices":[{"damage_healed":0,"gold_gain":0,"player_choice":"Inject Mutagens","damage_taken":0,"relics_obtained":["MutagenicStrength"],"max_hp_gain":0,"max_hp_loss":0,"event_name":"Drug Dealer","floor":20,"gold_loss":0},{"damage_healed":0,"gold_gain":0,"player_choice":"Ignored","damage_taken":0,"max_hp_gain":0,"max_hp_loss":0,"event_name":"Vampires","floor":22,"gold_loss":0},{"damage_healed":0,"gold_gain":0,"player_choice":"Ωª≥ˆ…Òæ∆","damage_taken":0,"max_hp_gain":0,"max_hp_loss":0,"event_name":"ZunEvent","floor":26,"relics_lost":["ZunR:ReiMu"],"gold_loss":0,"cards_obtained":["ZunPunch:ReiMu"]},{"damage_healed":0,"gold_gain":0,"player_choice":"Read","damage_taken":0,"max_hp_gain":0,"max_hp_loss":0,"event_name":"The Library","floor":31,"gold_loss":0,"cards_obtained":["hexamod:GhostOfSpirePast"]},{"damage_healed":0,"gold_gain":0,"player_choice":"Fight","damage_taken":0,"max_hp_gain":0,"max_hp_loss":0,"event_name":"OrinTheCat","floor":37,"gold_loss":0},{"damage_healed":0,"gold_gain":0,"player_choice":"Ignored","damage_taken":0,"max_hp_gain":0,"max_hp_loss":0,"event_name":"Mysterious Sphere","floor":39,"gold_loss":0}],"is_beta":false,"boss_relics":[{"not_picked":["Velvet Choker","Kintsugi"],"picked":"Honey Jar"},{"not_picked":["Sozu","Replay:Drink Me"],"picked":"SlaversCollar"}],"items_purged_floors":[],"is_endless":false,"potions_floor_spawned":[5,9,13,16,21,25,30,32,36,38],"killed_by":"3 Darklings","ascension_level":0}}