{"host":"cdkrzjeeka80pjqp","time":1611960262,"event":{"mods":["AchievementEnabler","BaseMod","Block Reminder","Colored Map","Colored Powertips","Highlight Path","Minty Spire (QoL Compilation)","Relic Stats"],"gold_per_floor":[117,42,42,52,70,102,102,131,157,192,205,230,230,155,155,250,300,319,339,249,265,165,199,199,231,255,267,267,267],"floor_reached":28,"language":"ENG","playtime":2381,"items_purged":["Defend_P","Strike_P"],"score":440,"play_id":"4e440ec5-ad59-4391-901f-9313e25305c4","local_time":"20210129234422","is_ascension_mode":true,"campfire_choices":[{"data":"Sanctity","floor":7,"key":"SMITH"},{"data":"ForeignInfluence","floor":15,"key":"SMITH"},{"floor":24,"key":"REST"}],"circlet_count":0,"master_deck":["Strike_P","Strike_P","Defend_P","Defend_P","Eruption+1","Vigilance","Consecrate","BattleHymn+1","Sanctity+1","Prostrate+1","ForeignInfluence+1","Pray","SignatureMove","Devotion","Meditate"],"relics":["PureWater","FaceOfCleric","Centennial Puzzle","Lantern","Ancient Tea Set","Juzu Bracelet","Boot","Tiny House","The Courier","Gambling Chip","CeramicFish"],"acts_visited":["Exordium","TheCity"],"potions_floor_usage":[19,19,23,23,28],"damage_taken":[{"damage":0.0,"enemies":"Cultist","floor":1.0,"turns":2.0},{"damage":0.0,"enemies":"Jaw Worm","floor":4.0,"turns":3.0},{"damage":0.0,"enemies":"2 Louse","floor":5.0,"turns":1.0},{"damage":5.0,"enemies":"3 Sentries","floor":6.0,"turns":6.0},{"damage":20,"enemies":"Gremlin Nob","floor":8,"turns":4},{"damage":6,"enemies":"3 Sentries","floor":10,"turns":4},{"damage":1,"enemies":"Red Slaver","floor":11,"turns":2},{"damage":0,"enemies":"Gremlin Nob","floor":12,"turns":2},{"damage":0,"enemies":"Slime Boss","floor":16,"turns":3},{"damage":4,"enemies":"Spheric Guardian","floor":18,"turns":3},{"damage":2,"enemies":"3 Byrds","floor":19,"turns":4},{"damage":15,"enemies":"Shelled Parasite and Fungi","floor":21,"turns":3},{"damage":51,"enemies":"Gremlin Leader","floor":23,"turns":2},{"damage":18,"enemies":"Book of Stabbing","floor":25,"turns":3},{"damage":10,"enemies":"3 Cultists","floor":27,"turns":4},{"damage":29,"enemies":"Gremlin Leader","floor":28,"turns":4}],"seed_played":"-6235083110370775913","potions_obtained":[{"floor":1.0,"key":"Dexterity Potion"},{"floor":8,"key":"BottledMiracle"},{"floor":10,"key":"FearPotion"},{"floor":12,"key":"SteroidPotion"},{"floor":19,"key":"DuplicationPotion"},{"floor":21,"key":"Explosive Potion"},{"floor":27,"key":"Energy Potion"}],"is_trial":false,"path_per_floor":["M","$","?","M","M","E","R","E","T","E","M","E","?","$","R","B",null,"M","M","?","M","$","E","R","E","T","M","E"],"character_chosen":"WATCHER","items_purchased":["BattleHymn"],"campfire_rested":1,"item_purchase_floors":[2],"current_hp_per_floor":[72,72,72,73,74,70,70,51,51,46,46,47,40,40,40,41,85,82,81,81,67,67,17,43,26,26,17,0,0],"gold":267,"neow_bonus":"UPGRADE_CARD","is_daily":false,"chose_seed":false,"campfire_upgraded":2,"win_rate":0.0,"timestamp":1611960262,"path_taken":["M","$","?","M","?","E","R","E","T","E","M","E","?","?","R","BOSS","M","M","?","M","$","E","R","E","T","M","E"],"items_purchased_type":["Card"],"build_version":"2020-12-22","purchased_purges":2,"victory":false,"max_hp_per_floor":[72,72,72,73,74,75,75,76,76,77,78,79,79,79,79,80,85,86,87,87,88,88,89,89,90,90,91,91,91],"relic_stats":{"Centennial Puzzle":[30],"FaceOfCleric":14,"counters":[16,50],"Gambling Chip":[2],"CeramicFish":0,"Juzu Bracelet":0,"Boot":[16],"obtain_stats":[{"Centennial Puzzle":6,"Lantern":8,"Tiny House":17,"FaceOfCleric":3,"Gambling Chip":25,"CeramicFish":26,"The Courier":23,"Juzu Bracelet":10,"PureWater":0,"Ancient Tea Set":9,"Boot":12},{"Centennial Puzzle":4,"Lantern":5,"Tiny House":9,"FaceOfCleric":1,"Gambling Chip":14,"CeramicFish":14,"The Courier":13,"Juzu Bracelet":6,"PureWater":0,"Ancient Tea Set":5,"Boot":8},{"Centennial Puzzle":12,"Lantern":16,"Tiny House":27,"FaceOfCleric":2,"Gambling Chip":42,"CeramicFish":42,"The Courier":39,"Juzu Bracelet":20,"PureWater":0,"Ancient Tea Set":16,"Boot":24}]},"card_choices":[{"not_picked":["Weave","Crescendo"],"picked":"Consecrate","floor":1.0},{"not_picked":["Nirvana","Crescendo","WaveOfTheHand"],"picked":"SKIP","floor":4.0},{"not_picked":["Collect","Halt"],"picked":"Sanctity","floor":5.0},{"not_picked":["PathToVictory","EmptyFist"],"picked":"Prostrate","floor":6.0},{"not_picked":["LikeWater","EmptyBody"],"picked":"ForeignInfluence","floor":8},{"not_picked":["FlyingSleeves","Blasphemy"],"picked":"Pray","floor":10},{"not_picked":["WindmillStrike","Consecrate"],"picked":"SignatureMove","floor":11},{"not_picked":["ForeignInfluence","PathToVictory","Sanctity"],"picked":"SKIP","floor":12},{"not_picked":["Alpha","Establishment"],"picked":"Devotion","floor":16},{"not_picked":["Prostrate","Protect"],"picked":"Meditate","floor":18},{"not_picked":["ReachHeaven","BowlingBash+1","FlurryOfBlows+1"],"picked":"SKIP","floor":19},{"not_picked":["Evaluate","FlyingSleeves+1","Collect"],"picked":"SKIP","floor":21},{"not_picked":["Ragnarok","Halt","FollowUp"],"picked":"SKIP","floor":23},{"not_picked":["FlyingSleeves","Halt","Prostrate"],"picked":"SKIP","floor":25},{"not_picked":["CutThroughFate","SashWhip","Tantrum+1"],"picked":"SKIP","floor":27}],"player_experience":396101,"relics_obtained":[{"floor":6.0,"key":"Centennial Puzzle"},{"floor":8,"key":"Lantern"},{"floor":9,"key":"Ancient Tea Set"},{"floor":10,"key":"Juzu Bracelet"},{"floor":12,"key":"Boot"},{"floor":23,"key":"The Courier"},{"floor":25,"key":"Gambling Chip"},{"floor":26,"key":"CeramicFish"}],"event_choices":[{"damage_healed":0.0,"max_hp_gain":0.0,"max_hp_loss":0.0,"gold_gain":0.0,"event_name":"FaceTrader","player_choice":"Trade","floor":3.0,"gold_loss":0.0,"damage_taken":0.0,"relics_obtained":["FaceOfCleric"]},{"cards_removed":["Strike_P"],"damage_healed":0,"gold_gain":0,"player_choice":"Card Removal","damage_taken":7,"max_hp_gain":0,"max_hp_loss":0,"event_name":"Golden Wing","floor":13,"gold_loss":0},{"cards_removed":["Defend_P"],"damage_healed":0,"gold_gain":0,"player_choice":"Upgrade and Remove","damage_taken":0,"max_hp_gain":0,"max_hp_loss":0,"event_name":"Designer","floor":20,"gold_loss":90,"cards_upgraded":["Prostrate"]}],"is_beta":false,"boss_relics":[{"not_picked":["SacredBark","Runic Pyramid"],"picked":"Tiny House"}],"items_purged_floors":[14,22],"is_endless":false,"potions_floor_spawned":[1,8,10,12,16,19,21,27],"killed_by":"Gremlin Leader","ascension_level":3}}