{"host":"v711dtdb46xe9u7l","time":1611925197,"event":{"mods":["BaseMod","Bestiary","Downfall","Highlight Path","Minty Spire (QoL Compilation)","Quick Restart","StSLib"],"gold_per_floor":[110,120,90,104,29,29,55,74,74,87,87,115,130,140,140,242,242,257,268,280,292,305,305,305],"floor_reached":23,"language":"ENG","playtime":1607,"items_purged":["Strike_G"],"score":303,"play_id":"48b3da12-12c3-48d6-9b1e-c14c9ce5a721","local_time":"20210129125957","is_ascension_mode":true,"campfire_choices":[{"data":"Survivor","floor":6,"key":"SMITH"},{"data":"Predator","floor":11,"key":"SMITH"},{"floor":15,"key":"REST"}],"circlet_count":0,"master_deck":["Strike_G","Strike_G","Strike_G","Strike_G","Defend_G","Defend_G","Defend_G","Defend_G","Defend_G","Survivor+1","Neutralize","Prepared","PiercingWail","Deadly Poison","Predator+1","PiercingWail","Quick Slash","All Out Attack","Adrenaline","Poisoned Stab+1","Acrobatics+1","Calculated Gamble","Burst","Well Laid Plans"],"relics":["HoveringKite","White Beast Statue","Mummified Hand","Bottled Flame","SlaversCollar"],"acts_visited":["Exordium","TheCity"],"potions_floor_usage":[7,7,7,12,14,14,16,18,19,21,22,23,23,23],"damage_taken":[{"damage":4,"enemies":"Small Slimes","floor":1,"turns":4},{"damage":1,"enemies":"Cultist","floor":2,"turns":5},{"damage":3,"enemies":"Jaw Worm","floor":4,"turns":7},{"damage":17,"enemies":"Gremlin Nob","floor":7,"turns":5},{"damage":2,"enemies":"2 Fungi Beasts","floor":8,"turns":4},{"damage":3,"enemies":"Blue Slaver","floor":10,"turns":4},{"damage":10,"enemies":"3 Sentries","floor":12,"turns":7},{"damage":4,"enemies":"Exordium Wildlife","floor":13,"turns":7},{"damage":3,"enemies":"Large Slime","floor":14,"turns":8},{"damage":9,"enemies":"Hexaghost","floor":16,"turns":9},{"damage":11,"enemies":"Spheric Guardian","floor":18,"turns":6},{"damage":3,"enemies":"Chosen","floor":19,"turns":5},{"damage":10,"enemies":"Snake Plant","floor":20,"turns":4},{"damage":0,"enemies":"Cultist and Chosen","floor":21,"turns":6},{"damage":15,"enemies":"Shelled Parasite and Fungi","floor":22,"turns":7},{"damage":26,"enemies":"Gremlin Leader","floor":23,"turns":6}],"seed_played":"7626758266471635703","potions_obtained":[{"floor":3,"key":"GhostInAJar"},{"floor":3,"key":"Fire Potion"},{"floor":4,"key":"bronze:BurnAndBuffPotion"},{"floor":8,"key":"Poison Potion"},{"floor":10,"key":"Explosive Potion"},{"floor":12,"key":"GhostInAJar"},{"floor":13,"key":"Poison Potion"},{"floor":14,"key":"Fruit Juice"},{"floor":16,"key":"GamblersBrew"},{"floor":18,"key":"CunningPotion"},{"floor":19,"key":"Dexterity Potion"},{"floor":20,"key":"SteroidPotion"},{"floor":21,"key":"AttackPotion"},{"floor":22,"key":"FearPotion"}],"is_trial":false,"path_per_floor":["M","M","?","M","$","R","E","M","T","M","R","E","M","M","R","B",null,"M","M","M","M","M","E"],"character_chosen":"THE_SILENT","items_purchased":[],"campfire_rested":1,"item_purchase_floors":[],"current_hp_per_floor":[59,58,58,55,55,55,38,36,36,33,33,23,19,21,43,34,65,54,51,41,41,26,0,0],"gold":305,"neow_bonus":"BOSS_RELIC","is_daily":false,"chose_seed":false,"campfire_upgraded":2,"win_rate":0.0,"timestamp":1611925197,"path_taken":["M","M","?","M","$","R","E","M","T","M","R","E","M","M","R","BOSS","M","?","M","M","M","E"],"items_purchased_type":[],"build_version":"2020-12-22","purchased_purges":1,"victory":false,"max_hp_per_floor":[70,70,70,70,70,70,70,70,70,70,70,70,70,75,75,75,75,75,75,75,75,75,75,75],"card_choices":[{"not_picked":["Flying Knee","Choke"],"picked":"Prepared","floor":1},{"not_picked":["Backflip","Expertise"],"picked":"PiercingWail","floor":2},{"not_picked":["Bane","Sucker Punch"],"picked":"Deadly Poison","floor":4},{"not_picked":["Concentrate","Flying Knee"],"picked":"Predator","floor":7},{"not_picked":["Acrobatics","Prepared","Caltrops"],"picked":"SKIP","floor":8},{"not_picked":["Cloak And Dagger","Flying Knee"],"picked":"PiercingWail","floor":10},{"not_picked":["Deflect","Deadly Poison"],"picked":"Quick Slash","floor":12},{"not_picked":["Infinite Blades","Caltrops","Wraith Form v2"],"picked":"SKIP","floor":13},{"not_picked":["Terror","Accuracy"],"picked":"All Out Attack","floor":14},{"not_picked":["Bullet Time","Wraith Form v2"],"picked":"Adrenaline","floor":16},{"not_picked":["Cloak And Dagger","PiercingWail"],"picked":"Poisoned Stab+1","floor":18},{"not_picked":["Dodge and Roll","Outmaneuver"],"picked":"Acrobatics+1","floor":19},{"not_picked":["Dodge and Roll","Blade Dance"],"picked":"Calculated Gamble","floor":20},{"not_picked":["All Out Attack","Dagger Spray"],"picked":"Burst","floor":21},{"not_picked":["Dash","Infinite Blades+1"],"picked":"Well Laid Plans","floor":22}],"player_experience":429277,"relics_obtained":[{"floor":7,"key":"White Beast Statue"},{"floor":9,"key":"Mummified Hand"},{"floor":12,"key":"Bottled Flame"}],"event_choices":[{"damage_healed":0,"gold_gain":0,"player_choice":"Bought 2 Potions","damage_taken":0,"max_hp_gain":0,"max_hp_loss":0,"event_name":"The Woman in Blue","floor":3,"gold_loss":0}],"is_beta":false,"boss_relics":[{"not_picked":["Busted Crown","WristBlade"],"picked":"SlaversCollar"}],"items_purged_floors":[5],"is_endless":false,"potions_floor_spawned":[4,8,10,12,13,14,16,18,19,20,21,22],"killed_by":"Gremlin Leader","ascension_level":9}}