{"host":"8is2j71l4wmybkoi","time":1611911608,"event":{"mods":["AchievementEnabler","BaseMod","Colored Map","Minty Spire (QoL Compilation)","Rare Cards Sparkle","StSLib","SuperFastMode"],"gold_per_floor":[115,127,177,191,207,207,237,264,313,81,91,91,107,141,141,212,212,224,238,238,253,263,293,293,327,396,407,427,438,438,455,455,455,455],"floor_reached":33,"language":"KOR","playtime":1348,"items_purged":["Strike_P"],"score":574,"play_id":"3f9f821e-90aa-44a9-b527-311831893d4b","local_time":"20210129181328","is_ascension_mode":true,"campfire_choices":[{"data":"Eruption","floor":6,"key":"SMITH"},{"data":"Adaptation","floor":12,"key":"SMITH"},{"data":"Scrawl","floor":15,"key":"SMITH"},{"floor":24,"key":"REST"},{"floor":30,"key":"REST"},{"floor":32,"key":"REST"}],"circlet_count":0,"master_deck":["AscendersBane","Strike_P","Strike_P","Strike_P","Defend_P","Defend_P","Defend_P","Eruption+1","Vigilance","InnerPeace","CrushJoints","FlurryOfBlows","BowlingBash","Adaptation+1","Wallop","EmptyFist","FearNoEvil","Scrawl+1","DevaForm","Decay","FlurryOfBlows+1","EmptyBody","MentalFortress"],"relics":["PureWater","Ornamental Fan","Oddly Smooth Stone","Anchor","Sozu","CloakClasp","Bottled Tornado","Pear"],"acts_visited":["Exordium","TheCity"],"potions_floor_usage":[5,8,16,16],"damage_taken":[{"damage":5,"enemies":"2 Louse","floor":1,"turns":2},{"damage":0,"enemies":"Cultist","floor":2,"turns":3},{"damage":5,"enemies":"Small Slimes","floor":4,"turns":3},{"damage":3,"enemies":"Blue Slaver","floor":5,"turns":4},{"damage":16,"enemies":"Gremlin Nob","floor":8,"turns":3},{"damage":1,"enemies":"Gremlin Gang","floor":11,"turns":3},{"damage":0,"enemies":"Lots of Slimes","floor":13,"turns":4},{"damage":18,"enemies":"Lagavulin","floor":14,"turns":5},{"damage":5,"enemies":"Slime Boss","floor":16,"turns":6},{"damage":8,"enemies":"3 Byrds","floor":18,"turns":4},{"damage":3,"enemies":"2 Thieves","floor":19,"turns":3},{"damage":0,"enemies":"Snecko","floor":21,"turns":5},{"damage":0,"enemies":"3 Cultists","floor":22,"turns":4},{"damage":20,"enemies":"Gremlin Leader","floor":23,"turns":8},{"damage":11,"enemies":"Slavers","floor":25,"turns":4},{"damage":10,"enemies":"Centurion and Healer","floor":27,"turns":5},{"damage":10,"enemies":"Snecko","floor":28,"turns":5},{"damage":19,"enemies":"Shelled Parasite and Fungi","floor":29,"turns":5},{"damage":13,"enemies":"Sentry and Sphere","floor":31,"turns":4},{"damage":47,"enemies":"Collector","floor":33,"turns":9}],"seed_played":"7148412961310436726","potions_obtained":[{"floor":1,"key":"DuplicationPotion"},{"floor":4,"key":"Fruit Juice"},{"floor":5,"key":"LiquidMemories"},{"floor":14,"key":"DistilledChaos"}],"is_trial":false,"path_per_floor":["M","M","?","M","M","R","?","E","T","$","M","R","M","E","R","B",null,"M","M","?","M","M","E","R","E","T","M","M","M","R","M","R","B"],"character_chosen":"WATCHER","items_purchased":["Adaptation","Wallop","Fire Potion"],"campfire_rested":3,"item_purchase_floors":[10,10,10],"current_hp_per_floor":[56,56,56,51,53,53,53,37,37,37,36,36,36,18,18,13,58,50,47,47,47,47,27,48,37,47,37,27,8,32,19,43,0,0],"gold":455,"neow_bonus":"REMOVE_CARD","is_daily":false,"chose_seed":false,"campfire_upgraded":3,"win_rate":0.0,"timestamp":1611911608,"path_taken":["M","M","?","?","M","R","?","E","T","$","M","R","M","E","R","BOSS","M","M","?","M","M","E","R","E","T","M","?","?","R","M","R","BOSS"],"items_purchased_type":["Card","Card","Potion"],"build_version":"2020-12-22","purchased_purges":1,"victory":false,"max_hp_per_floor":[68,68,68,68,73,73,73,73,73,73,73,73,73,73,73,73,73,73,73,73,73,73,73,73,73,83,83,83,83,83,83,83,83,83],"card_choices":[{"not_picked":["SandsOfTime","BowlingBash"],"picked":"InnerPeace","floor":1},{"not_picked":["Fasting2","Halt"],"picked":"CrushJoints","floor":2},{"not_picked":["Crescendo","LikeWater","Evaluate"],"picked":"SKIP","floor":4},{"not_picked":["Fasting2","ClearTheMind"],"picked":"FlurryOfBlows","floor":5},{"not_picked":["WreathOfFlame","FlyingSleeves"],"picked":"BowlingBash","floor":8},{"not_picked":["FlurryOfBlows","FollowUp"],"picked":"EmptyFist","floor":11},{"not_picked":["WaveOfTheHand","FlurryOfBlows"],"picked":"FearNoEvil","floor":13},{"not_picked":["CutThroughFate","EmptyBody"],"picked":"Scrawl","floor":14},{"not_picked":["Devotion","Scrawl"],"picked":"DevaForm","floor":16},{"not_picked":["JustLucky","Collect","BowlingBash"],"picked":"SKIP","floor":18},{"not_picked":["Crescendo","EmptyFist","Prostrate"],"picked":"SKIP","floor":19},{"not_picked":["FlurryOfBlows","Nirvana","BowlingBash"],"picked":"SKIP","floor":21},{"not_picked":["Crescendo","JustLucky","CrushJoints"],"picked":"SKIP","floor":22},{"not_picked":["EmptyFist","WaveOfTheHand"],"picked":"FlurryOfBlows+1","floor":23},{"not_picked":["Conclude+1","BowlingBash"],"picked":"EmptyBody","floor":25},{"not_picked":["CutThroughFate+1","Pray"],"picked":"MentalFortress","floor":27},{"not_picked":["Consecrate+1","Crescendo+1","CarveReality+1"],"picked":"SKIP","floor":28},{"not_picked":["Consecrate+1","Crescendo+1","CarveReality+1"],"picked":"SKIP","floor":28},{"not_picked":["LikeWater+1","BowlingBash","FlyingSleeves"],"picked":"SKIP","floor":29},{"not_picked":["SandsOfTime","Evaluate","DeceiveReality"],"picked":"SKIP","floor":31}],"player_experience":830321,"relics_obtained":[{"floor":8,"key":"Ornamental Fan"},{"floor":9,"key":"Oddly Smooth Stone"},{"floor":14,"key":"Anchor"},{"floor":23,"key":"CloakClasp"},{"floor":25,"key":"Bottled Tornado"},{"floor":26,"key":"Pear"}],"event_choices":[{"damage_healed":0,"gold_gain":50,"player_choice":"Pray","damage_taken":0,"max_hp_gain":0,"max_hp_loss":0,"event_name":"Golden Shrine","floor":3,"gold_loss":0},{"damage_healed":0,"gold_gain":30,"player_choice":"Searched \u00271\u0027 times","damage_taken":0,"max_hp_gain":0,"max_hp_loss":0,"event_name":"Dead Adventurer","floor":7,"gold_loss":0},{"damage_healed":0,"gold_gain":0,"player_choice":"Cursed","damage_taken":0,"max_hp_gain":0,"max_hp_loss":0,"event_name":"Wheel of Change","floor":20,"gold_loss":0,"cards_obtained":["Decay"]}],"is_beta":false,"boss_relics":[{"not_picked":["Philosopher\u0027s Stone","Runic Dome"],"picked":"Sozu"}],"items_purged_floors":[10],"is_endless":false,"potions_floor_spawned":[1,4,5,13,14,18,22,28,29],"killed_by":"Collector","ascension_level":15}}