{"host":"ipcfr4ajj2jkxvg7","time":1611920450,"event":{"mods":["BaseMod","Colored Powertips","GifTheSpireLib","Marisa（F雨　魔理沙）","Minty Spire (QoL Compilation)","Quick Restart","Remilia（蕾米莉亚）","Replay The Spire","RumiaBox-露米娅的神秘盒子","StSLib"],"gold_per_floor":[117,42,55,66,81,107,118,143,143,174,191,191,209,134,134,205,205,225,244,89,106,156,185,185,214,214,214,214,214,9,28,28,105,105,115,131,46,60,78,109,109,142,193,193,203,233,233,259,259,259,259,259,259,98,123,123],"floor_reached":57,"language":"ZHS","playtime":1868,"items_purged":["Strike_R","Strike_RM","Spreading Infection"],"score":3714,"play_id":"3e142ac5-c0b3-45e0-b180-8b2793e632cf","local_time":"20210129194050","is_ascension_mode":true,"campfire_choices":[{"data":"CeilingFear","floor":12.0,"key":"SMITH"},{"data":"DiffusionOfMisfortune","floor":15.0,"key":"SMITH"},{"data":"HeartBreak","floor":24.0,"key":"SMITH"},{"data":"EternalNight","floor":27.0,"key":"SMITH"},{"data":"J.A.X.","floor":32.0,"key":"SMITH"},{"data":"BloodyHallows","floor":41,"key":"SMITH"},{"data":"BloodyMagicSquare","floor":47,"key":"SMITH"},{"floor":49,"key":"RECALL"},{"data":"RedNightlessCastle","floor":53,"key":"SMITH"}],"circlet_count":0,"master_deck":["AscendersBane","Strike_RM","Strike_RM","Strike_RM","Defend_RM","Defend_RM","Defend_RM","RedMoon","ScarletShoot","m_Survivalism","DiffusionOfMisfortune+1","BloodHunter","RedNightlessCastle+1","BloodHunter","NightDance","ScarletDevilSign","NightLord","CeilingFear+1","HeartBreak+1","HunterOfTheNight","EternalNight+1","VampireKiss","HunterOfTheNight","VampirishNight","J.A.X.+1","BloodHunter","NightDance","SuperhumanBloodyKnife","BloodyHallows+1","VampireClaw+1","BloodyMagicSquare+1","NightLord","DevilSight","VampireSweep"],"relics":["ScarletHat","AddBug","SecretRecord","SecretRecord","SecretRecord","SecretRecord","SecretRecord","SecretRecord"],"acts_visited":["Exordium","TheCity","TheBeyond","TheEnding"],"potions_floor_usage":[33,33,56,56],"damage_taken":[{"damage":1.0,"enemies":"Cultist","floor":1.0,"turns":4.0},{"damage":0.0,"enemies":"2 Louse","floor":3.0,"turns":3.0},{"damage":3.0,"enemies":"Jaw Worm","floor":4.0,"turns":4.0},{"damage":0.0,"enemies":"Blue Slaver","floor":5.0,"turns":3.0},{"damage":31.0,"enemies":"Gremlin Nob","floor":6.0,"turns":3.0},{"damage":0.0,"enemies":"3 Louse","floor":7.0,"turns":1.0},{"damage":23.0,"enemies":"Lagavulin","floor":8.0,"turns":5.0},{"damage":0.0,"enemies":"Gremlin Nob","floor":10.0,"turns":1.0},{"damage":0.0,"enemies":"Lots of Slimes","floor":11.0,"turns":2.0},{"damage":0.0,"enemies":"Blue Slaver","floor":13.0,"turns":2.0},{"damage":23.0,"enemies":"The Guardian","floor":16.0,"turns":6.0},{"damage":0.0,"enemies":"3 Byrds","floor":18.0,"turns":1.0},{"damage":8.0,"enemies":"2 Thieves","floor":19.0,"turns":2.0},{"damage":0.0,"enemies":"Chosen and Byrds","floor":21.0,"turns":3.0},{"damage":15.0,"enemies":"Gremlin Leader","floor":23.0,"turns":3.0},{"damage":0.0,"enemies":"Slavers","floor":25.0,"turns":1.0},{"damage":13.0,"enemies":"Shelled Parasite and Fungi","floor":31.0,"turns":1.0},{"damage":51,"enemies":"Pondfish","floor":33,"turns":5},{"damage":39,"enemies":"3 Shapes","floor":35,"turns":4},{"damage":3,"enemies":"Orb Walker","floor":36,"turns":1},{"damage":38,"enemies":"Maw","floor":38,"turns":4},{"damage":0,"enemies":"Writhing Mass","floor":39,"turns":1},{"damage":37,"enemies":"Reptomancer","floor":40,"turns":3},{"damage":59,"enemies":"Giant Head","floor":42,"turns":6},{"damage":0,"enemies":"Spire Growth","floor":45,"turns":2},{"damage":42,"enemies":"Nemesis","floor":46,"turns":7},{"damage":13,"enemies":"Giant Head","floor":48,"turns":3},{"damage":52,"enemies":"Time Eater","floor":50,"turns":6},{"damage":56,"enemies":"Donu and Deca","floor":51,"turns":3},{"damage":58,"enemies":"Shield and Spear","floor":55,"turns":3},{"damage":94,"enemies":"The Heart","floor":56,"turns":7}],"seed_played":"9117775164681871361","potions_obtained":[{"floor":1.0,"key":"ColorlessPotion"},{"floor":4.0,"key":"PowerPotion"},{"floor":10.0,"key":"PowerPotion"},{"floor":13.0,"key":"Fire Potion"},{"floor":16.0,"key":"Elixir"},{"floor":21.0,"key":"EntropicBrew"},{"floor":38,"key":"Energy Potion"}],"is_trial":false,"path_per_floor":["M","$","M","M","M","E","M","E","T","E","M","R","M","?","R","B",null,"M","M","$","M","?","E","R","E","T","R","?","?","$","M","R","B",null,"M","M","$","M","M","E","R","E","T","$","M","E","R","E","R","B","B",null,"R","$","E","B",null],"character_chosen":"REMILIA","items_purchased":["VampireKiss","BloodHunter","NightDance","BloodyMagicSquare","Bag of Preparation"],"campfire_rested":0,"item_purchase_floors":[20,30,30,37,54],"current_hp_per_floor":[62,62,62,62,62,34,34,16,16,18,18,18,19,19,19,16,57,58,54,54,65,65,59,59,66,66,66,66,66,66,57,57,36,62,30,27,27,31,46,31,31,17,17,17,40,26,26,61,61,70,49,91,91,91,49,29],"gold":123,"neow_bonus":"ONE_RARE_RELIC","is_daily":false,"chose_seed":false,"campfire_upgraded":8,"win_rate":0.0,"timestamp":1611920450,"path_taken":["M","?","M","M","M","E","M","E","T","E","M","R","?","?","R","BOSS","M","M","$","M","?","E","R","E","T","R","?","?","?","M","R","BOSS","M","M","$","M","M","E","R","E","T","?","M","E","R","E","R","BOSS","BOSS","R","$","E","BOSS"],"items_purchased_type":["Card","Card","Card","Card","Relic"],"build_version":"2020-12-22","purchased_purges":3,"victory":true,"max_hp_per_floor":[70,70,70,70,70,70,70,70,70,70,70,70,70,70,70,70,70,70,70,70,70,70,70,70,70,70,70,70,70,70,70,70,70,70,70,70,70,78,78,87,87,87,87,87,96,105,105,105,105,105,105,105,105,105,115,115],"card_choices":[{"not_picked":["BlasphemousPunishment","ForbiddenFruit"],"picked":"DiffusionOfMisfortune","floor":1.0},{"not_picked":["BlasphemousPunishment","ScarletDevil"],"picked":"BloodHunter","floor":3.0},{"not_picked":["DiffusionOfMisfortune","SuperhumanBloodyKnife"],"picked":"RedNightlessCastle","floor":4.0},{"not_picked":["NightDance","UnstableMagic"],"picked":"BloodHunter","floor":5.0},{"not_picked":["ScarletNetherworld","Ultimatum"],"picked":"NightDance","floor":6.0},{"not_picked":["EndlessAdversity","FavorOfDestiny","AfternoonTea"],"picked":"SKIP","floor":7.0},{"not_picked":["VampireFantasy","AfternoonTea"],"picked":"ScarletDevilSign","floor":8.0},{"not_picked":["SuperhumanBloodyKnife","UnstableMagic"],"picked":"NightLord","floor":10.0},{"not_picked":["StarOfDavid","ReincarnationDial"],"picked":"CeilingFear","floor":11.0},{"not_picked":["ForbiddenFruit","EndlessAdversity","ScarletDevil"],"picked":"SKIP","floor":13.0},{"not_picked":["CeilingFear","ChaoticDestiny"],"picked":"HeartBreak","floor":16.0},{"not_picked":["ScarletNetherworld","ScarletDevil"],"picked":"HunterOfTheNight","floor":18.0},{"not_picked":["NightDance","ScarletDream+1"],"picked":"EternalNight","floor":19.0},{"not_picked":["BlasphemousPunishment","UnderTheZenith+1"],"picked":"HunterOfTheNight","floor":21.0},{"not_picked":["StarOfDavid","ScarletNetherworld","ScarletDream"],"picked":"SKIP","floor":23.0},{"not_picked":["RedRainbow","MastersStateliness"],"picked":"VampirishNight","floor":25.0},{"not_picked":["LeisurelyOfLord","GlobalNightmare"],"picked":"SuperhumanBloodyKnife","floor":31.0},{"not_picked":["ChaoticDestiny","BatForm"],"picked":"BloodyHallows","floor":33},{"not_picked":["Stigmanizer+1","UltimateOffering"],"picked":"VampireClaw+1","floor":35},{"not_picked":["EternalNight","CharismaGuard+1","VampireClaw"],"picked":"SKIP","floor":36},{"not_picked":["ScarletDevil","CharismaGuard","NightDance+1"],"picked":"SKIP","floor":38},{"not_picked":["UnderTheZenith","DiffusionOfMisfortune","NightDance"],"picked":"SKIP","floor":39},{"not_picked":["BatForm","DiffusionOfMisfortune","UnderTheZenith"],"picked":"SKIP","floor":40},{"not_picked":["MastersStateliness+1","NightDance"],"picked":"NightLord","floor":42},{"not_picked":["RedRainbow","Ultimatum+1"],"picked":"DevilSight","floor":45},{"not_picked":["VampirishNight","Ultimatum","UltimateOffering"],"picked":"SKIP","floor":46},{"not_picked":["EndlessAdversity","RedNightlessCastle","VampireKiss"],"picked":"SKIP","floor":48},{"not_picked":["ScarletSymphony","EndlessAdversity+1"],"picked":"VampireSweep","floor":55}],"player_experience":431533,"relics_obtained":[{"floor":1.0,"key":"AddBug"},{"floor":5.0,"key":"SecretRecord"},{"floor":6.0,"key":"InkBottle"},{"floor":8.0,"key":"Whetstone"},{"floor":10.0,"key":"Chameleon Ring"},{"floor":13.0,"key":"SecretRecord"},{"floor":23.0,"key":"White Beast Statue"},{"floor":25.0,"key":"SecretRecord"},{"floor":25.0,"key":"Replay:Multitool"},{"floor":26.0,"key":"GodSword3"},{"floor":29.0,"key":"Ring of Searing"},{"floor":29.0,"key":"Ring of Hypnosis"},{"floor":39,"key":"SecretRecord"},{"floor":40,"key":"Potion Belt"},{"floor":42,"key":"Dream Catcher"},{"floor":43,"key":"Bag of Marbles"},{"floor":46,"key":"Ginger"},{"floor":48,"key":"SecretRecord"},{"floor":48,"key":"Pear"},{"floor":55,"key":"Replay:Rubber Ducky"}],"event_choices":[{"cards_removed":["Defend_RM"],"damage_healed":0.0,"max_hp_gain":0.0,"max_hp_loss":0.0,"gold_gain":0.0,"event_name":"The Cleric","player_choice":"Card Removal","floor":14.0,"gold_loss":75.0,"damage_taken":0.0},{"damage_healed":0.0,"max_hp_gain":0.0,"max_hp_loss":0.0,"gold_gain":50.0,"event_name":"Nest","player_choice":"Stole From Cult","floor":22.0,"gold_loss":0.0,"damage_taken":0.0},{"damage_healed":0.0,"max_hp_gain":0.0,"max_hp_loss":0.0,"gold_gain":0.0,"event_name":"Drug Dealer","player_choice":"Obtain J.A.X.","floor":28.0,"gold_loss":0.0,"damage_taken":0.0,"cards_obtained":["J.A.X."]}],"is_beta":false,"boss_relics":[{"not_picked":["Snecko Eye","Replay:Wanted Poster"],"picked":"ScarletEmblem"},{"not_picked":["Runic Pyramid","Kintsugi"],"picked":"Replay:Grab Bag"}],"items_purged_floors":[2,20,30],"is_endless":false,"potions_floor_spawned":[1,4,8,10,13,16,21,31,35,38,45,48],"ascension_level":20}}