{"host":"w7tt687j332gugiq","time":1611920825,"event":{"mods":["BaseMod","Minty Spire (QoL Compilation)","StSLib"],"gold_per_floor":[114,131,131,131,56,56,84,84,84,96,96,121,71,71,71,166,166,194,305,327,351,363,375,312,359,448,460,123,140,172,182,182,287,287,298,298,318,329,344,344,377,377,377,390,390,407,421,50,50,50,50,50,9,40,40],"floor_reached":56,"language":"ZHS","playtime":2217,"items_purged":["Defend_G","Strike_G"],"score":1495,"play_id":"1835fe9e-878d-42a2-96b1-324b2d2841be","local_time":"20210129194705","is_ascension_mode":true,"campfire_choices":[{"data":"Neutralize","floor":6.0,"key":"SMITH"},{"floor":8.0,"key":"RECALL"},{"data":"Calculated Gamble","floor":11.0,"key":"SMITH"},{"data":"Cloak And Dagger","floor":15.0,"key":"SMITH"},{"data":"A Thousand Cuts","floor":23.0,"key":"SMITH"},{"floor":27.0,"key":"REST"},{"data":"Tactician","floor":32.0,"key":"SMITH"},{"data":"Tactician","floor":40.0,"key":"SMITH"},{"data":"Burst","floor":42.0,"key":"SMITH"},{"data":"Acrobatics","floor":49,"key":"SMITH"},{"data":"Blur","floor":52,"key":"SMITH"}],"circlet_count":0,"master_deck":["Strike_G","Defend_G","Defend_G","Defend_G","Defend_G","Survivor","Neutralize+1","Blur+1","Noxious Fumes+1","Dagger Throw","Calculated Gamble+1","Cloak And Dagger+1","A Thousand Cuts+1","CurseOfTheBell","Tactician+1","Slice","Tactician+1","Infinite Blades","Grand Finale","Acrobatics+1","Backflip","Footwork+1","Acrobatics+1","Burst+1","Escape Plan","Backflip"],"relics":["WristBlade","CultistMask","Kunai","Gremlin Horn","StoneCalendar","Calling Bell","MawBank","Mercury Hourglass","Mango","CaptainsWheel","Shuriken","Matryoshka","Busted Crown","The Courier","Darkstone Periapt","Lee\u0027s Waffle","Letter Opener","Thread and Needle"],"acts_visited":["Exordium","TheCity","TheBeyond","TheEnding"],"potions_floor_usage":[47,50,55,55],"damage_taken":[{"damage":0.0,"enemies":"Small Slimes","floor":1.0,"turns":3.0},{"damage":0.0,"enemies":"Cultist","floor":2.0,"turns":4.0},{"damage":19.0,"enemies":"3 Sentries","floor":7.0,"turns":7.0},{"damage":2.0,"enemies":"2 Louse","floor":10.0,"turns":3.0},{"damage":6.0,"enemies":"Gremlin Nob","floor":12.0,"turns":4.0},{"damage":3.0,"enemies":"Hexaghost","floor":16.0,"turns":8.0},{"damage":5.0,"enemies":"3 Byrds","floor":18.0,"turns":4.0},{"damage":13.0,"enemies":"Shell Parasite","floor":20.0,"turns":7.0},{"damage":10.0,"enemies":"Snake Plant","floor":21.0,"turns":5.0},{"damage":20.0,"enemies":"Book of Stabbing","floor":25.0,"turns":5.0},{"damage":9.0,"enemies":"Sentry and Sphere","floor":29.0,"turns":4.0},{"damage":0.0,"enemies":"Gremlin Leader","floor":30.0,"turns":5.0},{"damage":6.0,"enemies":"3 Cultists","floor":31.0,"turns":3.0},{"damage":17.0,"enemies":"Collector","floor":33.0,"turns":7.0},{"damage":17.0,"enemies":"Orb Walker","floor":35.0,"turns":4.0},{"damage":9.0,"enemies":"3 Shapes","floor":37.0,"turns":3.0},{"damage":0.0,"enemies":"Sphere and 2 Shapes","floor":38.0,"turns":3.0},{"damage":17.0,"enemies":"Writhing Mass","floor":39.0,"turns":7.0},{"damage":0.0,"enemies":"Reptomancer","floor":41.0,"turns":5.0},{"damage":13,"enemies":"4 Shapes","floor":44,"turns":4},{"damage":0,"enemies":"3 Darklings","floor":46,"turns":3},{"damage":10,"enemies":"Transient","floor":47,"turns":5},{"damage":43,"enemies":"Awakened One","floor":50,"turns":7},{"damage":29,"enemies":"Shield and Spear","floor":54,"turns":7},{"damage":43,"enemies":"The Heart","floor":55,"turns":12}],"seed_played":"-5340162908893425409","potions_obtained":[{"floor":1.0,"key":"Block Potion"},{"floor":10.0,"key":"AttackPotion"},{"floor":16.0,"key":"Poison Potion"},{"floor":21.0,"key":"DistilledChaos"},{"floor":25.0,"key":"Dexterity Potion"},{"floor":29.0,"key":"Swift Potion"},{"floor":33.0,"key":"Swift Potion"},{"floor":35.0,"key":"Block Potion"},{"floor":44,"key":"Dexterity Potion"},{"floor":46,"key":"AttackPotion"},{"floor":54,"key":"Energy Potion"}],"is_trial":false,"path_per_floor":["M","M","?","?","$","R","E","R","T","M","R","E","?","$","R","B",null,"M","?","M","M","?","R","?","E","T","R","$","M","E","M","R","B",null,"M","?","M","M","M","R","E","R","T","M","?","M","M","$","R","B",null,"R","$","E","B",null],"character_chosen":"THE_SILENT","items_purchased":["Infinite Blades","Grand Finale","Acrobatics","Backflip","Lee\u0027s Waffle","Escape Plan","Letter Opener","Backflip"],"campfire_rested":1,"item_purchase_floors":[28,28,28,28,48,48,48,53],"current_hp_per_floor":[70,70,70,70,70,70,51,51,51,49,49,43,43,43,43,40,84,79,79,66,56,56,56,56,36,36,61,61,52,52,46,46,29,84,67,67,58,58,41,41,41,41,41,28,28,28,18,91,91,48,91,91,91,62,19],"gold":40,"neow_bonus":"BOSS_RELIC","is_daily":false,"chose_seed":false,"campfire_upgraded":9,"win_rate":0.0,"timestamp":1611920825,"path_taken":["M","M","?","?","$","R","E","R","T","?","R","E","?","$","R","BOSS","M","?","M","M","?","R","?","E","T","R","$","M","E","M","R","BOSS","M","?","?","M","?","R","E","R","T","M","?","?","M","$","R","BOSS","R","$","E","BOSS"],"items_purchased_type":["Card","Card","Card","Card","Relic","Card","Relic","Card"],"build_version":"2020-12-22","purchased_purges":2,"victory":true,"max_hp_per_floor":[70,70,70,70,70,70,70,70,70,70,70,70,70,70,70,70,84,84,84,84,84,84,84,84,84,84,84,84,84,84,84,84,84,84,84,84,84,84,84,84,84,84,84,84,84,84,84,91,91,91,91,91,91,91,91],"card_choices":[{"not_picked":["PiercingWail","Quick Slash"],"picked":"Blur","floor":1.0},{"not_picked":["Dodge and Roll","Deadly Poison"],"picked":"Noxious Fumes","floor":2.0},{"not_picked":["Catalyst","Outmaneuver"],"picked":"Dagger Throw","floor":7.0},{"not_picked":["Dagger Spray","Outmaneuver"],"picked":"Calculated Gamble","floor":10.0},{"not_picked":["Phantasmal Killer","Deflect"],"picked":"Cloak And Dagger","floor":12.0},{"not_picked":["Envenom","Glass Knife"],"picked":"A Thousand Cuts","floor":16.0},{"not_picked":["PiercingWail","Poisoned Stab","Malaise"],"picked":"SKIP","floor":18.0},{"not_picked":["Sucker Punch+1","Eviscerate"],"picked":"Tactician","floor":20.0},{"not_picked":["Dagger Throw+1","Accuracy"],"picked":"Slice","floor":21.0},{"not_picked":["Dagger Throw+1","Bouncing Flask"],"picked":"Tactician","floor":25.0},{"not_picked":["Slice+1","Cloak And Dagger"],"picked":"Footwork+1","floor":29.0},{"not_picked":["PiercingWail","Eviscerate"],"picked":"Acrobatics+1","floor":30.0},{"not_picked":["Riddle With Holes","Endless Agony","Flying Knee"],"picked":"SKIP","floor":31.0},{"not_picked":["Storm of Steel","Tools of the Trade"],"picked":"Burst","floor":33.0},{"not_picked":["Bane"],"picked":"SKIP","floor":35.0},{"not_picked":["Dodge and Roll+1"],"picked":"SKIP","floor":37.0},{"not_picked":["Masterful Stab"],"picked":"SKIP","floor":38.0},{"not_picked":["Setup+1"],"picked":"SKIP","floor":39.0},{"not_picked":["Night Terror"],"picked":"SKIP","floor":41.0},{"not_picked":["Quick Slash+1"],"picked":"SKIP","floor":44},{"not_picked":["Dagger Spray"],"picked":"SKIP","floor":46},{"not_picked":["Dagger Spray+1"],"picked":"SKIP","floor":47},{"not_picked":["Poisoned Stab+1"],"picked":"SKIP","floor":54}],"player_experience":142735,"relics_obtained":[{"floor":7.0,"key":"Kunai"},{"floor":9.0,"key":"Gremlin Horn"},{"floor":12.0,"key":"StoneCalendar"},{"floor":17.0,"key":"MawBank"},{"floor":17.0,"key":"Mercury Hourglass"},{"floor":17.0,"key":"Mango"},{"floor":25.0,"key":"CaptainsWheel"},{"floor":26.0,"key":"Shuriken"},{"floor":30.0,"key":"Matryoshka"},{"floor":41.0,"key":"The Courier"},{"floor":43.0,"key":"Darkstone Periapt"},{"floor":54,"key":"Thread and Needle"}],"event_choices":[{"damage_healed":0.0,"max_hp_gain":0.0,"max_hp_loss":0.0,"gold_gain":0.0,"event_name":"Living Wall","player_choice":"Grow","floor":3.0,"gold_loss":0.0,"damage_taken":0.0,"cards_upgraded":["Noxious Fumes"]},{"damage_healed":0.0,"max_hp_gain":0.0,"max_hp_loss":0.0,"gold_gain":0.0,"event_name":"FaceTrader","player_choice":"Trade","floor":4.0,"gold_loss":0.0,"damage_taken":0.0,"relics_obtained":["CultistMask"]},{"cards_removed":["Strike_G"],"damage_healed":0.0,"max_hp_gain":0.0,"max_hp_loss":0.0,"gold_gain":0.0,"event_name":"The Cleric","player_choice":"Card Removal","floor":13.0,"gold_loss":50.0,"damage_taken":0.0},{"damage_healed":0.0,"max_hp_gain":0.0,"max_hp_loss":0.0,"gold_gain":99.0,"event_name":"Nest","player_choice":"Stole From Cult","floor":19.0,"gold_loss":0.0,"damage_taken":0.0},{"damage_healed":0.0,"max_hp_gain":0.0,"max_hp_loss":0.0,"gold_gain":0.0,"event_name":"Ghosts","player_choice":"Ignored","floor":22.0,"gold_loss":0.0,"damage_taken":0.0},{"cards_removed":["Strike_G"],"damage_healed":0.0,"max_hp_gain":0.0,"max_hp_loss":0.0,"gold_gain":0.0,"event_name":"Beggar","player_choice":"Gave Gold","floor":24.0,"gold_loss":75.0,"damage_taken":0.0},{"cards_removed":["Strike_G"],"damage_healed":0.0,"max_hp_gain":0.0,"max_hp_loss":0.0,"gold_gain":0.0,"event_name":"Purifier","player_choice":"Purged","floor":36.0,"gold_loss":0.0,"damage_taken":0.0},{"damage_healed":0,"gold_gain":0,"player_choice":"0 cards matched","damage_taken":0,"max_hp_gain":0,"max_hp_loss":0,"event_name":"Match and Keep!","floor":45,"gold_loss":0,"cards_obtained":[]}],"is_beta":false,"boss_relics":[{"not_picked":["Snecko Eye","Runic Dome"],"picked":"Calling Bell"},{"not_picked":["Velvet Choker","Pandora\u0027s Box"],"picked":"Busted Crown"}],"items_purged_floors":[5,28],"is_endless":false,"potions_floor_spawned":[1,10,16,21,25,29,33,35,38,44,46,54],"ascension_level":4}}