{"host":"amvb77pwe2wp6zyc","time":1611933217,"event":{"mods":["2.2 Compatiblity","AchievementEnabler","AlwaysNeverKeys","BaseMod","BetterRewards","Downfall","GifTheSpireLib","Minty Spire (QoL Compilation)","Permanent Neow","Quick Restart","Relic Filter","Shop Mod","StSLib","SuperFastMode","Trackpad"],"gold_per_floor":[99,118,131,145,159,59,85,85,119,129,58,93,93,93,103,204,204,4,18,3,3,3,30,30,30,43,43,62,62,73,73,73,73,73],"floor_reached":32,"language":"DEU","playtime":2969,"items_purged":[],"score":270,"play_id":"40d2ef87-4874-4afe-b81a-270f07c5e7ac","local_time":"20210129161337","is_ascension_mode":false,"campfire_choices":[{"data":"hexamod:Strike","floor":1,"key":"SMITH"},{"data":"hexamod:SoulSteal","floor":6,"key":"SMITH"},{"floor":13,"key":"REST"},{"data":"hexamod:Strike","floor":18,"key":"PURGE"},{"floor":27,"key":"REST"}],"circlet_count":0,"master_deck":["hexamod:Strike","hexamod:Strike+1","hexamod:Defend","hexamod:Defend","hexamod:Defend","hexamod:Defend","hexamod:Sear","hexamod:Float","hexamod:SoulSteal+1","hexamod:FastForward+1","hexamod:ForkedFlame","hexamod:ExtraCrispy","hexamod:HexaLevel","hexamod:ThermalTransfer+1","hexamod:FastForward+1"],"relics":["hexamod:IceCube","downfall:HeartBlessingGreen","The Courier","Peace Pipe","Toy Ornithopter","SlaversCollar","downfall:HeartBlessingBlue","downfall:HeartBlessingRed","trackpad:Compendium","HornCleat"],"acts_visited":["Exordium","TheCity"],"potions_floor_usage":[16,26,26],"damage_taken":[{"damage":1,"enemies":"Jaw Worm","floor":2,"turns":3},{"damage":1,"enemies":"Cultist","floor":3,"turns":4},{"damage":0,"enemies":"2 Louse","floor":4,"turns":2},{"damage":4,"enemies":"2 Fungi Beasts","floor":5,"turns":4},{"damage":21,"enemies":"3 Sentries","floor":9,"turns":8},{"damage":0,"enemies":"3 Louse","floor":10,"turns":4},{"damage":4,"enemies":"downfall:FleeingMerchant","floor":11,"turns":4},{"damage":15,"enemies":"Gremlin Nob","floor":12,"turns":4},{"damage":4,"enemies":"Large Slime","floor":15,"turns":6},{"damage":36,"enemies":"DF_ARCHETYPE_STREAMLINE","floor":16,"turns":8},{"damage":31,"enemies":"3 Byrds","floor":19,"turns":4},{"damage":3,"enemies":"downfall:FleeingMerchant","floor":20,"turns":4},{"damage":39,"enemies":"Book of Stabbing","floor":23,"turns":5},{"damage":12,"enemies":"Snake Plant","floor":26,"turns":3},{"damage":9,"enemies":"3 Cultists","floor":28,"turns":5},{"damage":14,"enemies":"Centurion and Healer","floor":30,"turns":5},{"damage":8,"enemies":"Cultist and Chosen","floor":32,"turns":3}],"seed_played":"-2659846484635354786","potions_obtained":[{"floor":4,"key":"SneckoOil"},{"floor":12,"key":"sneckomod:MuddlingPotion"},{"floor":15,"key":"Strength Potion"},{"floor":16,"key":"champ:CounterPotion"}],"is_trial":false,"path_per_floor":["R","M","M","M","M","R","T","?","E","M","$","E","R","?","M","B",null,"R","M","$","?","?","E","T","?","M","R","M","?","M","?","M"],"character_chosen":"THE_SPIRIT","items_purchased":["hexamod:ExtraCrispy"],"campfire_rested":2,"item_purchase_floors":[11],"current_hp_per_floor":[70,69,68,68,64,64,64,64,43,43,39,24,45,45,41,10,70,80,49,46,46,46,7,7,7,5,29,20,20,6,6,0,0,0],"gold":73,"neow_bonus":"BOSS_RELIC","is_daily":false,"chose_seed":false,"campfire_upgraded":2,"win_rate":0.0,"timestamp":1611933217,"path_taken":["R","M","M","M","M","R","T","?","E","M","?","E","R","?","M","BOSS","R","M","$","?","?","E","T","?","M","R","M","?","M","?","M"],"items_purchased_type":["Card"],"build_version":"2020-12-22","purchased_purges":0,"victory":false,"max_hp_per_floor":[70,70,70,70,70,70,70,70,70,70,70,70,70,70,70,70,70,80,80,80,80,80,80,80,80,80,80,80,80,80,80,80,80,80],"card_choices":[{"not_picked":["hexamod:HeatMetal","hexamod:GhostOfSpireFuture","hexamod:GhostShield"],"picked":"SKIP","floor":2},{"not_picked":["hexamod:FlamesFromBeyond","hexamod:BurningTouch","hexamod:AdvancingGuard"],"picked":"SKIP","floor":3},{"not_picked":["hexamod:NightmareStrike","hexamod:Incineration"],"picked":"hexamod:SoulSteal","floor":4},{"not_picked":["hexamod:SpectralAdrenaline","hexamod:SwordOfDarkness"],"picked":"hexamod:FastForward","floor":5},{"not_picked":["hexamod:FlamesFromBeyond","hexamod:BacktrackSmack","hexamod:SoulSteal"],"picked":"SKIP","floor":9},{"not_picked":["hexamod:NightmareStrike","hexamod:Firestarter","hexamod:Hexaguard"],"picked":"SKIP","floor":10},{"not_picked":["hexamod:ExtraCrispy","hexamod:NightmareGuise"],"picked":"hexamod:ForkedFlame","floor":11},{"not_picked":["hexamod:EtherealExpedition","hexamod:AdvancingGuard","hexamod:PhantomCloak"],"picked":"SKIP","floor":12},{"not_picked":["hexamod:EmpoweredFlame","hexamod:PhantomCloak","hexamod:EtherealExpedition"],"picked":"SKIP","floor":15},{"not_picked":["hexamod:ParanormalForm","hexamod:TimeOfNeed"],"picked":"hexamod:HexaLevel","floor":16},{"not_picked":["hexamod:NightmareGuise","hexamod:GhostShield+1","hexamod:Hexaguard"],"picked":"SKIP","floor":19},{"not_picked":["hexamod:GhostOfSpirePast","hexamod:NightmareGuise+1","hexamod:GhostLash"],"picked":"SKIP","floor":20},{"not_picked":["hexamod:NightmareGuise+1","hexamod:GhostflameInferno"],"picked":"hexamod:ThermalTransfer+1","floor":23},{"not_picked":["hexamod:GhostLash","hexamod:NightmareGuise","hexamod:NecessarySacrifice"],"picked":"SKIP","floor":26},{"not_picked":["hexamod:Incineration","hexamod:BacktrackSmack"],"picked":"hexamod:FastForward+1","floor":28},{"not_picked":["hexamod:Firestarter","hexamod:SkipABeat","hexamod:GhostLash+1"],"picked":"SKIP","floor":30}],"player_experience":240200,"relics_obtained":[{"floor":7,"key":"The Courier"},{"floor":9,"key":"Peace Pipe"},{"floor":12,"key":"Toy Ornithopter"},{"floor":23,"key":"trackpad:Compendium"},{"floor":24,"key":"HornCleat"}],"event_choices":[{"damage_healed":0,"gold_gain":0,"player_choice":"Forge","damage_taken":0,"max_hp_gain":0,"max_hp_loss":0,"event_name":"Accursed Blacksmith","floor":8,"gold_loss":0,"cards_upgraded":["hexamod:FastForward"]}],"is_beta":false,"boss_relics":[{"not_picked":["Runic Pyramid","Velvet Choker"],"picked":"SlaversCollar"}],"items_purged_floors":[],"is_endless":false,"potions_floor_spawned":[4,12,15,16,19,23],"killed_by":"Cultist and Chosen","ascension_level":0}}