{"host":"9kesdg97wkrx2bva","time":1611905824,"event":{"mods":["AchievementEnabler","BaseMod","Colored Map","GifTheSpireLib","Infinite Spire","Minty Spire (QoL Compilation)","Replay The Spire","StSLib"],"gold_per_floor":[119,269,284,297,8,8,8,27,50,50,50,78,0,15,15,86,86,98,98,458,476,423,423,438,449,473,473,443,443,470,489,489,489,489],"floor_reached":33,"language":"ENG","playtime":747,"items_purged":["Doubt"],"score":551,"play_id":"2f448049-c94c-40bf-8aee-9c14f6a510db","local_time":"20210129013704","is_ascension_mode":true,"campfire_choices":[{"data":"Zap","floor":6,"key":"SMITH"},{"data":"Dualcast","floor":11,"key":"SMITH"},{"floor":15,"key":"REST"},{"floor":23,"key":"REST"},{"data":"Machine Learning","floor":27,"key":"SMITH"},{"data":"infinitespire:Collect","floor":29,"key":"SMITH"},{"floor":32,"key":"REST"}],"circlet_count":0,"master_deck":["AscendersBane","Defend_B","Defend_B","Zap+1","Dualcast+1","Ball Lightning","White Noise","Beam Cell","FTL","Rebound","Self Repair","Machine Learning+1","Electrodynamics","Go for the Eyes","infinitespire:Collect+1","Gash","Ball Lightning","Creative AI","Gash+1"],"relics":["Cracked Core","NeowsBlessing","Runic Capacitor","Regal Pillow","Omamori","Kintsugi","Divine Protection","Inserter","MealTicket","Happy Flower"],"acts_visited":["Exordium","TheCity"],"potions_floor_usage":[8,12,16,24,25,30,30],"damage_taken":[{"damage":0,"enemies":"Jaw Worm","floor":1,"turns":1},{"damage":0,"enemies":"Small Slimes","floor":3,"turns":1},{"damage":0,"enemies":"2 Louse","floor":4,"turns":1},{"damage":0,"enemies":"2 Fungi Beasts","floor":8,"turns":1},{"damage":24,"enemies":"Lagavulin","floor":12,"turns":4},{"damage":21,"enemies":"Lots of Slimes","floor":14,"turns":3},{"damage":12,"enemies":"Slime Boss","floor":16,"turns":6},{"damage":1,"enemies":"Spheric Guardian","floor":18,"turns":3},{"damage":26,"enemies":"Shell Parasite","floor":21,"turns":4},{"damage":11,"enemies":"Shelled Parasite and Fungi","floor":24,"turns":2},{"damage":1,"enemies":"Centurion and Healer","floor":25,"turns":4},{"damage":0,"enemies":"Gremlin Leader","floor":30,"turns":4},{"damage":25,"enemies":"Sentry and Sphere","floor":31,"turns":4},{"damage":100,"enemies":"Automaton","floor":33,"turns":6}],"seed_played":"2684524871901011210","potions_obtained":[{"floor":4,"key":"DistilledChaos"},{"floor":8,"key":"BlessingOfTheForge"},{"floor":12,"key":"Elixir"},{"floor":18,"key":"Fire Potion"},{"floor":24,"key":"SpeedPotion"},{"floor":25,"key":"Elixir"},{"floor":28,"key":"FocusPotion"},{"floor":28,"key":"AttackPotion"}],"is_trial":false,"path_per_floor":["M","?","M","M","$","R","?","M","T","?","R","E","$","M","R","B",null,"M","AVR","?","M","$","R","M","M","T","R","?","R","E","M","R","B"],"character_chosen":"DEFECT","items_purchased":["Runic Capacitor","Beam Cell","Self Repair","Gash"],"campfire_rested":3,"item_purchase_floors":[5,5,13,22],"current_hp_per_floor":[64,64,64,64,64,64,64,64,64,64,64,40,40,26,62,57,68,71,71,35,16,16,52,41,47,47,47,47,47,54,36,71,0,0],"gold":489,"neow_bonus":"THREE_ENEMY_KILL","is_daily":false,"chose_seed":false,"campfire_upgraded":4,"win_rate":0.0,"timestamp":1611905824,"path_taken":["M","?","M","M","$","R","?","M","T","?","R","E","$","M","R","BOSS","M","AVR","?","?","$","R","M","M","T","R","?","R","E","?","R","BOSS"],"items_purchased_type":["Relic","Card","Card","Card"],"build_version":"2020-12-22","purchased_purges":1,"victory":false,"max_hp_per_floor":[71,71,71,71,71,71,71,71,71,71,71,71,71,71,71,71,71,71,71,71,71,71,71,71,71,71,71,71,71,71,71,71,71,71],"card_choices":[{"not_picked":["ReplayTheSpireMod:GoodbyeWorld","Compile Driver"],"picked":"Lockon","floor":1},{"not_picked":["Leap","Barrage"],"picked":"Ball Lightning","floor":3},{"not_picked":["FTL","Heatsinks"],"picked":"White Noise","floor":4},{"not_picked":["Redo","Recycle"],"picked":"FTL","floor":8},{"not_picked":["Go for the Eyes","Reprogram"],"picked":"Rebound","floor":12},{"not_picked":["Beam Cell","Recycle"],"picked":"Machine Learning","floor":14},{"not_picked":["Echo Form","ReplayTheSpireMod:Omega Cannon"],"picked":"Electrodynamics","floor":16},{"not_picked":["Sweeping Beam","BasicCrystalCard"],"picked":"Go for the Eyes","floor":18},{"not_picked":["Time Bomb","Cold Snap","Auto Shields"],"picked":"SKIP","floor":21},{"not_picked":["Redo","Beam Cell"],"picked":"Ball Lightning","floor":24},{"not_picked":["Melter","Coolheaded","Sweeping Beam+1"],"picked":"SKIP","floor":25},{"not_picked":["Coolheaded","Beam Cell"],"picked":"Creative AI","floor":30},{"not_picked":["Turbo","Barrage"],"picked":"Gash+1","floor":31}],"player_experience":983373,"relics_obtained":[{"floor":9,"key":"Regal Pillow"},{"floor":12,"key":"Omamori"},{"floor":26,"key":"MealTicket"},{"floor":30,"key":"Happy Flower"}],"event_choices":[{"damage_healed":0,"gold_gain":150,"player_choice":"AGREE","damage_taken":0,"max_hp_gain":0,"max_hp_loss":0,"event_name":"Liars Game","floor":2,"gold_loss":0,"cards_obtained":["Doubt"]},{"cards_removed":["Strike_B"],"damage_healed":0,"gold_gain":0,"player_choice":"Forget","damage_taken":0,"max_hp_gain":0,"max_hp_loss":0,"event_name":"Living Wall","floor":7,"gold_loss":0},{"damage_healed":0,"gold_gain":360,"player_choice":"GOLD GOLD GOLD GOLD ","damage_taken":36,"max_hp_gain":0,"max_hp_loss":0,"event_name":"Knowing Skull","floor":20,"potions_obtained":[],"gold_loss":0,"cards_obtained":[]},{"damage_healed":0,"gold_gain":0,"player_choice":"Bought 2 Potions","damage_taken":0,"max_hp_gain":0,"max_hp_loss":0,"event_name":"The Woman in Blue","floor":28,"gold_loss":0}],"is_beta":false,"boss_relics":[{"not_picked":["Snecko Heart","SacredBark"],"picked":"Kintsugi"}],"items_purged_floors":[5],"is_endless":false,"potions_floor_spawned":[4,8,12,18,24,25],"killed_by":"Automaton","ascension_level":18}}