{"host":"Jinnai","time":1611945758,"event":{"mods":["BaseMod","Bestiary","Block Reminder","Colored Map","Colored Powertips","Highlight Path","Minty Spire (QoL Compilation)","Quick Restart","Relic Stats","StSLib"],"gold_per_floor":[110,35,0,0,24,24,35,61,131,131,461,461,472,82,82,153,153,164,164,184,184,201,201,219,219,219,257,37,37,59,78,78,161,161,190,68,142,153,175,207,207,126,150,150,162,197,197,207,207,207,207,207],"floor_reached":51,"language":"ENG","playtime":2716,"items_purged":["Strike_B","Defend_B","Defend_B"],"score":1441,"play_id":"f0898cc3-d0b2-4d10-8a36-175fc3465ee1","local_time":"20210129134238","is_ascension_mode":true,"campfire_choices":[{"data":"Doom and Gloom","floor":6,"key":"SMITH"},{"floor":10,"key":"REST"},{"floor":12,"key":"REST"},{"data":"Doom and Gloom","floor":15,"key":"SMITH"},{"data":"Multi-Cast","floor":23,"key":"SMITH"},{"data":"Coolheaded","floor":25,"key":"SMITH"},{"data":"Barrage","floor":29,"key":"SMITH"},{"floor":32,"key":"REST"},{"floor":44,"key":"REST"},{"floor":47,"key":"RECALL"},{"floor":49,"key":"REST"}],"circlet_count":0,"master_deck":["AscendersBane","Strike_B+1","Strike_B+1","Defend_B","Zap","Dualcast","Doom and Gloom+1","Doom and Gloom+1","Leap","Glacier","Rebound","Coolheaded+1","Capacitor","Multi-Cast+1","Tempest+1","Fusion+1","Reinforced Body","Barrage+1","Recycle","Hologram","Biased Cognition","Compile Driver","Capacitor","Consume","Aggregate"],"relics":["Cracked Core","Tiny Chest","Smiling Mask","Meat on the Bone","Kunai","Old Coin","Bag of Preparation","Snecko Eye","Dead Branch","CeramicFish","Orichalcum","Philosopher\u0027s Stone","Sundial","Lantern","Happy Flower"],"acts_visited":["Exordium","TheCity","TheBeyond"],"potions_floor_usage":[8,13,27,33,39,51],"damage_taken":[{"damage":6,"enemies":"Cultist","floor":1,"turns":3},{"damage":0,"enemies":"2 Louse","floor":7,"turns":1},{"damage":35,"enemies":"Lagavulin","floor":8,"turns":4},{"damage":21,"enemies":"3 Sentries","floor":11,"turns":4},{"damage":0,"enemies":"Jaw Worm","floor":13,"turns":3},{"damage":39,"enemies":"Slime Boss","floor":16,"turns":11},{"damage":19,"enemies":"2 Thieves","floor":18,"turns":4},{"damage":11,"enemies":"Shell Parasite","floor":20,"turns":6},{"damage":0,"enemies":"Chosen and Byrds","floor":22,"turns":3},{"damage":2,"enemies":"Cultist and Chosen","floor":24,"turns":4},{"damage":16,"enemies":"Slavers","floor":27,"turns":8},{"damage":11,"enemies":"Shelled Parasite and Fungi","floor":30,"turns":6},{"damage":14,"enemies":"Snake Plant","floor":31,"turns":5},{"damage":9,"enemies":"Champ","floor":33,"turns":10},{"damage":0,"enemies":"Orb Walker","floor":35,"turns":2},{"damage":7,"enemies":"3 Shapes","floor":38,"turns":2},{"damage":25,"enemies":"Jaw Worm Horde","floor":39,"turns":2},{"damage":33,"enemies":"Giant Head","floor":40,"turns":8},{"damage":29,"enemies":"Spire Growth","floor":45,"turns":4},{"damage":0,"enemies":"Nemesis","floor":46,"turns":5},{"damage":0,"enemies":"Maw","floor":48,"turns":4},{"damage":58,"enemies":"Time Eater","floor":50,"turns":5},{"damage":20,"enemies":"Awakened One","floor":51,"turns":2}],"seed_played":"-6428396294614582448","potions_obtained":[{"floor":7,"key":"FearPotion"},{"floor":8,"key":"Energy Potion"},{"floor":11,"key":"Regen Potion"},{"floor":22,"key":"FearPotion"},{"floor":27,"key":"FearPotion"},{"floor":33,"key":"LiquidMemories"},{"floor":46,"key":"Dexterity Potion"}],"is_trial":false,"path_per_floor":["M","?","?","?","T","R","M","E","T","R","E","R","M","$","R","B",null,"M","?","M","?","M","R","M","R","T","E","$","R","M","M","R","B",null,"M","$","T","M","M","E","?","$","T","R","M","E","R","M","R","B","B"],"character_chosen":"DEFECT","items_purchased":["Bag of Preparation","Steam","Coolheaded","Capacitor","Orichalcum","FocusPotion","Capacitor","Aggregate"],"campfire_rested":5,"item_purchase_floors":[14,14,14,14,28,28,36,42],"current_hp_per_floor":[58,58,58,37,37,37,37,2,2,23,14,35,44,44,44,17,58,39,39,40,40,40,40,38,38,38,34,34,34,35,33,54,45,65,65,65,65,58,45,24,24,24,24,45,28,40,40,40,61,15,0,0],"gold":207,"neow_bonus":"RANDOM_COMMON_RELIC","is_daily":false,"chose_seed":false,"campfire_upgraded":5,"win_rate":0.0,"timestamp":1611945758,"path_taken":["M","?","?","?","?","R","M","E","T","R","E","R","M","$","R","BOSS","M","?","?","?","M","R","M","R","T","E","$","R","M","M","R","BOSS","M","$","?","?","M","E","?","?","T","R","M","E","R","M","R","BOSS","BOSS"],"items_purchased_type":["Relic","Card","Card","Card","Relic","Potion","Card","Card"],"build_version":"2020-12-18","purchased_purges":3,"victory":false,"max_hp_per_floor":[71,71,71,71,71,71,71,71,71,71,71,71,71,71,71,71,71,71,71,71,71,71,71,71,71,71,71,71,71,71,71,71,71,71,71,71,71,71,71,71,71,71,71,71,71,71,71,71,71,71,71,71],"relic_stats":{"Happy Flower":[3],"counters":[23,106],"Dead Branch":[37],"CeramicFish":72,"Bag of Preparation":[36],"Orichalcum":[132],"Smiling Mask":150,"Sundial":[4],"Snecko Eye":[119,128,121,135],"Tiny Chest":2,"Kunai":[5],"obtain_stats":[{"Lantern":40,"Happy Flower":46,"Dead Branch":26,"CeramicFish":27,"Bag of Preparation":14,"Orichalcum":28,"Smiling Mask":5,"Old Coin":11,"Sundial":37,"Snecko Eye":17,"Tiny Chest":0,"Philosopher\u0027s Stone":34,"Kunai":9,"Cracked Core":0,"Meat on the Bone":8},{"Lantern":18,"Happy Flower":20,"Dead Branch":10,"CeramicFish":11,"Bag of Preparation":5,"Orichalcum":11,"Smiling Mask":1,"Old Coin":4,"Sundial":15,"Snecko Eye":6,"Tiny Chest":0,"Philosopher\u0027s Stone":14,"Kunai":3,"Cracked Core":0,"Meat on the Bone":3},{"Lantern":86,"Happy Flower":95,"Dead Branch":43,"CeramicFish":51,"Bag of Preparation":15,"Orichalcum":51,"Smiling Mask":3,"Old Coin":12,"Sundial":74,"Snecko Eye":26,"Tiny Chest":0,"Philosopher\u0027s Stone":72,"Kunai":8,"Cracked Core":0,"Meat on the Bone":8}],"Meat on the Bone":132},"card_choices":[{"not_picked":["Beam Cell","Skim"],"picked":"Doom and Gloom","floor":1},{"not_picked":["Turbo","Hologram"],"picked":"Doom and Gloom","floor":7},{"not_picked":["Stack","Tempest"],"picked":"Leap","floor":8},{"not_picked":["Sweeping Beam","Steam"],"picked":"Glacier","floor":11},{"not_picked":["Heatsinks","Doom and Gloom"],"picked":"Rebound","floor":13},{"not_picked":["Hyperbeam","Rainbow"],"picked":"Multi-Cast","floor":16},{"not_picked":["Skim","Turbo"],"picked":"Tempest+1","floor":18},{"not_picked":["Hello World+1","Turbo+1"],"picked":"Fusion+1","floor":20},{"not_picked":["Beam Cell","BootSequence"],"picked":"Reinforced Body","floor":22},{"not_picked":["Redo","White Noise","Rebound"],"picked":"SKIP","floor":24},{"not_picked":["Ball Lightning+1","Darkness"],"picked":"Barrage","floor":27},{"not_picked":["Steam","Double Energy"],"picked":"Recycle","floor":30},{"not_picked":["Conserve Battery","Skim"],"picked":"Hologram","floor":31},{"not_picked":["Machine Learning","All For One"],"picked":"Biased Cognition","floor":33},{"not_picked":["Rebound","Steam Power+1"],"picked":"Compile Driver","floor":35},{"not_picked":["Lockon+1","Conserve Battery","Streamline"],"picked":"SKIP","floor":38},{"not_picked":["Hologram","Doom and Gloom"],"picked":"Consume","floor":39},{"not_picked":["Recycle","Self Repair","Heatsinks"],"picked":"SKIP","floor":40},{"not_picked":["Gash","Stack","Go for the Eyes"],"picked":"SKIP","floor":45},{"not_picked":["Storm","Rebound","Gash"],"picked":"SKIP","floor":46},{"not_picked":["Sweeping Beam","Rebound","Multi-Cast"],"picked":"SKIP","floor":48}],"player_experience":1600277,"relics_obtained":[{"floor":5,"key":"Smiling Mask"},{"floor":8,"key":"Meat on the Bone"},{"floor":9,"key":"Kunai"},{"floor":11,"key":"Old Coin"},{"floor":26,"key":"Dead Branch"},{"floor":27,"key":"CeramicFish"},{"floor":37,"key":"Sundial"},{"floor":40,"key":"Lantern"},{"floor":46,"key":"Happy Flower"}],"event_choices":[{"cards_removed":["Defend_B"],"damage_healed":0,"gold_gain":0,"player_choice":"Card Removal","damage_taken":0,"max_hp_gain":0,"max_hp_loss":0,"event_name":"The Cleric","floor":2,"gold_loss":75},{"damage_healed":0,"gold_gain":0,"player_choice":"Left Gold","damage_taken":0,"max_hp_gain":0,"max_hp_loss":0,"event_name":"World of Goop","floor":3,"gold_loss":35},{"damage_healed":0,"gold_gain":0,"player_choice":"Entered Light","damage_taken":21,"max_hp_gain":0,"max_hp_loss":0,"event_name":"Shining Light","floor":4,"gold_loss":0,"cards_upgraded":["Strike_B","Strike_B"]},{"cards_removed":["Steam"],"damage_healed":0,"gold_gain":0,"player_choice":"Purged","damage_taken":0,"max_hp_gain":0,"max_hp_loss":0,"event_name":"Purifier","floor":19,"gold_loss":0},{"cards_removed":["Strike_B"],"damage_healed":0,"gold_gain":0,"player_choice":"Elegance","damage_taken":0,"max_hp_gain":0,"max_hp_loss":0,"event_name":"Back to Basics","floor":21,"gold_loss":0},{"damage_healed":0,"gold_gain":0,"player_choice":"0 cards matched","damage_taken":0,"max_hp_gain":0,"max_hp_loss":0,"event_name":"Match and Keep!","floor":41,"gold_loss":0,"cards_obtained":[]}],"is_beta":true,"boss_relics":[{"not_picked":["SlaversCollar","Runic Pyramid"],"picked":"Snecko Eye"},{"not_picked":["Runic Dome","Astrolabe"],"picked":"Philosopher\u0027s Stone"}],"items_purged_floors":[14,36,42],"is_endless":false,"potions_floor_spawned":[7,8,11,22,27,30,33,38,46],"killed_by":"Awakened One","ascension_level":20}}