{"host":"iphsb0ccnjx0pfn6","time":1611928569,"event":{"mods":["2.2 Compatiblity","AchievementEnabler","BaseMod","Colored Map","DeckTracker","Keyboard Shortcuts","Minty Spire (QoL Compilation)","Permanent Neow","Quick Restart","Relic Stats","StSLib","SuperFastMode","Uncapped","everything is the same but u backflip on backflip"],"gold_per_floor":[115,40,40,40,57,86,86,111,193,204,233,253,263,279,279,353,353,370,385,385,385,385],"floor_reached":21,"language":"KOR","playtime":478,"items_purged":[],"score":432,"play_id":"d81ff278-74fe-44ee-a154-9dcbd3b6618a","local_time":"20210129225609","is_ascension_mode":true,"campfire_choices":[{"data":"Defragment","floor":7.0,"key":"SMITH"},{"floor":15.0,"key":"REST"}],"circlet_count":0,"master_deck":["AscendersBane","Strike_B","Strike_B","Strike_B","Defend_B","Defend_B","Defend_B","Defend_B","Zap","Dualcast","Ball Lightning","Defragment+1","Leap","Go for the Eyes","Ball Lightning","Turbo","Coolheaded","Echo Form","Beam Cell","All For One","Beam Cell+1"],"relics":["Cracked Core","Pen Nib","Kunai","Shuriken","Odd Mushroom","Coffee Dripper","Nloth\u0027s Gift"],"acts_visited":["Exordium","TheCity"],"potions_floor_usage":[21],"damage_taken":[{"damage":0.0,"enemies":"Cultist","floor":1.0,"turns":1.0},{"damage":0.0,"enemies":"Small Slimes","floor":5.0,"turns":1.0},{"damage":0.0,"enemies":"Gremlin Nob","floor":6.0,"turns":1.0},{"damage":15.0,"enemies":"Lagavulin","floor":8.0,"turns":6.0},{"damage":0.0,"enemies":"2 Louse","floor":10.0,"turns":2.0},{"damage":19.0,"enemies":"The Mushroom Lair","floor":11.0,"turns":4.0},{"damage":11.0,"enemies":"Looter","floor":12.0,"turns":2.0},{"damage":9.0,"enemies":"Red Slaver","floor":13.0,"turns":2.0},{"damage":3.0,"enemies":"2 Fungi Beasts","floor":14.0,"turns":3.0},{"damage":12.0,"enemies":"Hexaghost","floor":16.0,"turns":9.0},{"damage":23.0,"enemies":"Shell Parasite","floor":18.0,"turns":6.0},{"damage":23,"enemies":"3 Byrds","floor":19,"turns":4},{"damage":12,"enemies":"Snake Plant","floor":21,"turns":2}],"seed_played":"-213403390740402351","potions_obtained":[{"floor":5.0,"key":"Ancient Potion"},{"floor":8.0,"key":"AttackPotion"},{"floor":12.0,"key":"LiquidBronze"},{"floor":18.0,"key":"BlessingOfTheForge"}],"is_trial":false,"path_per_floor":["M","?","$","?","M","E","R","E","T","M","?","M","M","M","R","B",null,"M","M","?","M"],"character_chosen":"DEFECT","items_purchased":[],"campfire_rested":1,"item_purchase_floors":[],"current_hp_per_floor":[64,64,64,64,64,64,64,49,49,49,30,19,10,7,28,16,57,34,11,11,0,0],"gold":385,"neow_bonus":"THREE_ENEMY_KILL","is_daily":false,"chose_seed":false,"campfire_upgraded":1,"win_rate":0.0,"timestamp":1611928569,"path_taken":["M","?","$","?","M","E","R","E","T","?","?","M","M","M","R","BOSS","M","M","?","?"],"items_purchased_type":[],"build_version":"2020-12-22","purchased_purges":0,"victory":false,"max_hp_per_floor":[71,71,71,71,71,71,71,71,71,71,71,71,71,71,71,71,71,71,71,71,71,71],"relic_stats":{"counters":[13,43],"Shuriken":[14],"Pen Nib":[8],"Nloth\u0027s Gift":0,"Kunai":[14],"obtain_stats":[{"NeowsBlessing":0,"Shuriken":9,"Pen Nib":6,"Coffee Dripper":17,"Nloth\u0027s Gift":20,"Kunai":8,"Odd Mushroom":11,"Cracked Core":0},{"NeowsBlessing":0,"Shuriken":4,"Pen Nib":3,"Coffee Dripper":10,"Nloth\u0027s Gift":12,"Kunai":4,"Odd Mushroom":6,"Cracked Core":0},{"NeowsBlessing":0,"Shuriken":9,"Pen Nib":3,"Coffee Dripper":31,"Nloth\u0027s Gift":41,"Kunai":9,"Odd Mushroom":15,"Cracked Core":0}]},"card_choices":[{"not_picked":["Stack","Rebound"],"picked":"Ball Lightning","floor":1.0},{"not_picked":["Redo","Rebound"],"picked":"Leap","floor":5.0},{"not_picked":["BootSequence","Heatsinks"],"picked":"Go for the Eyes","floor":6.0},{"not_picked":["Loop","Scrape"],"picked":"Ball Lightning","floor":8.0},{"not_picked":["Compile Driver","Doom and Gloom","Sweeping Beam"],"picked":"SKIP","floor":10.0},{"not_picked":["Aggregate","Coolheaded"],"picked":"Turbo","floor":11.0},{"not_picked":["Chaos","Sweeping Beam"],"picked":"Coolheaded","floor":12.0},{"not_picked":["Static Discharge","Leap"],"picked":"Echo Form","floor":13.0},{"not_picked":["Sweeping Beam","Chill"],"picked":"Beam Cell","floor":14.0},{"not_picked":["Hyperbeam","Reboot"],"picked":"All For One","floor":16.0},{"not_picked":["Chill","Melter"],"picked":"Beam Cell+1","floor":18.0},{"not_picked":["Hologram","Ball Lightning","Rebound"],"picked":"SKIP","floor":19}],"player_experience":1289418,"relics_obtained":[{"floor":6.0,"key":"Pen Nib"},{"floor":8.0,"key":"Kunai"},{"floor":9.0,"key":"Shuriken"},{"floor":11.0,"key":"Odd Mushroom"}],"event_choices":[{"cards_removed":["Strike_B"],"damage_healed":0.0,"max_hp_gain":0.0,"max_hp_loss":0.0,"gold_gain":0.0,"event_name":"The Cleric","player_choice":"Card Removal","floor":2.0,"gold_loss":75.0,"damage_taken":0.0},{"damage_healed":0.0,"max_hp_gain":0.0,"max_hp_loss":0.0,"gold_gain":0.0,"event_name":"Match and Keep!","player_choice":"1 cards matched","floor":4.0,"gold_loss":0.0,"damage_taken":0.0,"cards_obtained":["Defragment"]},{"damage_healed":0.0,"max_hp_gain":0.0,"max_hp_loss":0.0,"gold_gain":0.0,"event_name":"Mushrooms","player_choice":"Fought Mushrooms","floor":11.0,"gold_loss":0.0,"damage_taken":0.0},{"damage_healed":0,"gold_gain":0,"player_choice":"Traded Relic","damage_taken":0,"relics_obtained":["Nloth\u0027s Gift"],"max_hp_gain":0,"max_hp_loss":0,"event_name":"N\u0027loth","floor":20,"relics_lost":["NeowsBlessing"],"gold_loss":0}],"is_beta":false,"boss_relics":[{"not_picked":["Snecko Eye","SacredBark"],"picked":"Coffee Dripper"}],"items_purged_floors":[],"is_endless":false,"potions_floor_spawned":[5,8,12,18],"killed_by":"Snake Plant","ascension_level":20}}