{"host":"bwf6jt0gyax88i3l","time":1611899014,"event":{"mods":["AchievementEnabler","BaseMod","Colored Map","Colored Powertips","Downfall","Highlight Path","Hubris","Infinite Spire","Jorbs\u0027s Wanderer Trilogy","Koishi","Lobotomy","Marisa????????","Minty Spire (QoL Compilation)","Quick Restart","Remilia??????","Shop Mod","StSLib","Td1madao Mod","The Bug Knight","The Disciple"],"gold_per_floor":[99,33,49,149,160,189,189,189,215,244,154,186,186,200,219,324,324,324,336,346,346,358,158,158,158,178,206,156,56,56,56,76,173,173,173,184,203,230,230,230,230,230,230,277,332,365,383,393,393,393],"floor_reached":49,"language":"ENG","playtime":2705,"items_purged":["RedMoon"],"score":551,"play_id":"810bf33b-b1fd-4f0a-a66e-93676827c783","local_time":"20210128214334","is_ascension_mode":false,"campfire_choices":[{"data":"BatForm","floor":1.0,"key":"SMITH"},{"data":"Ultimatum","floor":8.0,"key":"SMITH"},{"data":"Stigmanizer","floor":13.0,"key":"SMITH"},{"floor":18.0,"key":"RECALL"},{"data":"DemonKingCradle","floor":23.0,"key":"SMITH"},{"data":"ChaoticDestiny","floor":29.0,"key":"SMITH"},{"data":"ScarletDream","floor":35.0,"key":"SMITH"},{"data":"infinitespire:Oblivion","floor":42,"key":"SMITH"}],"circlet_count":0,"master_deck":["Strike_RM","Strike_RM","Strike_RM","Strike_RM+1","Defend_RM+1","Defend_RM","Defend_RM","Defend_RM","ScarletShoot","BatForm+1","ScarletDream+1","Stigmanizer+1","StarOfDavid","MastersStateliness","Ultimatum+1","VampireKiss+1","BombardNight+1","ScarletCoffin+1","RedNightlessCastle+1","DemonKingCradle+1","hubris:Despair","ChaoticDestiny+1","Shame","infinitespire:Oblivion+1","infinitespire:TheBestDefense","downfall:Aged"],"relics":["ScarletHat","Pen Nib","Peace Pipe","Juzu Bracelet","Odd Mushroom","Cursed Key","downfall:HeartBlessingGreen","downfall:HeartBlessingRed","Regal Pillow","downfall:HeartBlessingBlue","hubris:BottledHeart","hubris:TerracottaHorce","Bag of Marbles","Pantograph","infinitespire:Magic Flask","CatCart","Eternal Feather"],"acts_visited":["Exordium","TheCity","TheBeyond"],"potions_floor_usage":[],"damage_taken":[{"damage":0.0,"enemies":"downfall:FleeingMerchant","floor":2.0,"turns":4.0},{"damage":0.0,"enemies":"Cultist","floor":3.0,"turns":5.0},{"damage":0.0,"enemies":"Jaw Worm","floor":5.0,"turns":2.0},{"damage":2.0,"enemies":"3 Sentries","floor":6.0,"turns":9.0},{"damage":1.0,"enemies":"Gremlin Nob","floor":9.0,"turns":4.0},{"damage":18.0,"enemies":"The Mushroom Lair","floor":10.0,"turns":5.0},{"damage":5.0,"enemies":"downfall:FleeingMerchant","floor":11.0,"turns":4.0},{"damage":1.0,"enemies":"HollowMod:MossKnight","floor":12.0,"turns":8.0},{"damage":4.0,"enemies":"2 Louse","floor":14.0,"turns":2.0},{"damage":6.0,"enemies":"Gremlin Gang","floor":15.0,"turns":5.0},{"damage":36.0,"enemies":"SI_SHIV_ARCHETYPE","floor":16.0,"turns":8.0},{"damage":5.0,"enemies":"Shell Parasite","floor":19.0,"turns":5.0},{"damage":0.0,"enemies":"3 Byrds","floor":20.0,"turns":2.0},{"damage":6.0,"enemies":"Snake Plant","floor":22.0,"turns":2.0},{"damage":33.0,"enemies":"Chosen and Byrds","floor":26.0,"turns":5.0},{"damage":16.0,"enemies":"Gremlin Leader","floor":27.0,"turns":4.0},{"damage":0.0,"enemies":"Centurion and Healer","floor":32.0,"turns":5.0},{"damage":0.0,"enemies":"WA_ARCHETYPE_CALM","floor":33.0,"turns":11.0},{"damage":0.0,"enemies":"Orb Walker","floor":36.0,"turns":3.0},{"damage":0.0,"enemies":"3 Darklings","floor":37.0,"turns":3.0},{"damage":0,"enemies":"2 Orb Walkers","floor":44,"turns":3},{"damage":0,"enemies":"Orin","floor":45,"turns":8},{"damage":17,"enemies":"Reptomancer","floor":46,"turns":5},{"damage":15,"enemies":"Transient","floor":47,"turns":5},{"damage":0,"enemies":"Sphere and 2 Shapes","floor":48,"turns":3},{"damage":10,"enemies":"Maw","floor":49,"turns":5}],"seed_played":"-4302190500711323107","potions_obtained":[{"floor":3.0,"key":"Swift Potion"},{"floor":10.0,"key":"SpeedPotion"},{"floor":12.0,"key":"Swift Potion"},{"floor":15.0,"key":"Explosive Potion"},{"floor":16.0,"key":"Block Potion"},{"floor":19.0,"key":"bronze:BurnAndBuffPotion"},{"floor":25.0,"key":"CultistPotion"}],"is_trial":false,"path_per_floor":["R","$","M","?","M","E","T","R","E","?","$","E","R","M","M","B",null,"R","M","M","?","M","R","T","?","M","E","?","R","?","?","M","B",null,"R","M","M","?","?","AVR","T","R","?","?","?","E","M","M","M"],"character_chosen":"REMILIA","items_purchased":["Stigmanizer"],"campfire_rested":0,"item_purchase_floors":[2],"current_hp_per_floor":[75,75,75,75,75,73,73,73,74,56,54,56,56,52,46,20,75,75,73,73,73,70,70,70,70,39,29,58,68,1,1,1,1,1,1,1,1,1,1,1,1,1,1,1,1,1,1,1,0,0],"gold":393,"neow_bonus":"ONE_RANDOM_RARE_CARD","is_daily":false,"chose_seed":false,"campfire_upgraded":7,"win_rate":0.0,"timestamp":1611899014,"path_taken":["R","?","?","?","M","E","T","R","E","?","$","E","R","M","M","BOSS","R","M","M","?","M","R","T","?","M","E","?","R","?","?","M","BOSS","R","M","M","?","?","AVR","T","R","?","?","?","E","M","M","M"],"items_purchased_type":["Card"],"build_version":"2020-12-22","purchased_purges":1,"victory":false,"max_hp_per_floor":[75,75,75,75,75,75,75,75,75,75,75,75,75,75,75,75,75,75,75,75,75,75,75,75,75,75,75,75,85,1,1,1,1,1,1,1,1,1,1,1,1,1,1,1,1,1,1,1,1,1],"card_choices":[{"not_picked":["VampireKiss","StarOfDavid"],"picked":"ScarletDream","floor":2.0},{"not_picked":["BloodyTrap","UnderTheZenith"],"picked":"StarOfDavid","floor":3.0},{"not_picked":["EndlessAdversity","RedRainbow"],"picked":"MastersStateliness","floor":5.0},{"not_picked":["RedMagic","RedNightlessCastle"],"picked":"Ultimatum","floor":6.0},{"not_picked":["Ultimatum","BloodyTrap","CeilingFear"],"picked":"SKIP","floor":9.0},{"not_picked":["GlobalNightmare","VampireClaw","UltimateOffering"],"picked":"SKIP","floor":9.0},{"not_picked":["ForbiddenFruit","RedNightlessCastle","RedMagic"],"picked":"SKIP","floor":11.0},{"not_picked":["BadLadyScramble","ScarletDevil+1","HunterOfTheNight+1"],"picked":"SKIP","floor":12.0},{"not_picked":["BadLadyScramble","ReincarnationDial","BatForm"],"picked":"SKIP","floor":12.0},{"not_picked":["ReincarnationDial","ScarletDream"],"picked":"VampireKiss+1","floor":14.0},{"not_picked":["AfternoonTea","DiffusionOfMisfortune+1"],"picked":"BombardNight+1","floor":15.0},{"not_picked":["ScarletDream","GlobalNightmare","ForbiddenFruit"],"picked":"SKIP","floor":15.0},{"not_picked":["TricksterDevil","BatForm"],"picked":"ScarletCoffin+1","floor":16.0},{"not_picked":["UnstableMagic","ScarletImprint+1"],"picked":"RedNightlessCastle+1","floor":19.0},{"not_picked":["FavorOfDestiny+1","UnderTheZenith","VampirishNight+1"],"picked":"SKIP","floor":20.0},{"not_picked":["BlasphemousPunishment","BombardNight","ScarletDevil"],"picked":"SKIP","floor":22.0},{"not_picked":["ScarletDevil","UnderTheZenith+1","HunterOfTheNight"],"picked":"SKIP","floor":26.0},{"not_picked":["Maim","ScarletImprint"],"picked":"ChaoticDestiny","floor":27.0},{"not_picked":["ScarletImprint","BloodHunter","NightDance"],"picked":"SKIP","floor":32.0},{"not_picked":["BombardNight","ScarletDream","SuperhumanBloodyKnife+1"],"picked":"SKIP","floor":36.0},{"not_picked":["Ultimatum","BloodHunter+1","BloodAndWine+1"],"picked":"SKIP","floor":37.0},{"not_picked":["infinitespire:SealOfDarkness+","infinitespire:NeuralNetwork"],"picked":"infinitespire:Oblivion","floor":39},{"not_picked":["GlobalNightmare+1","VampireClaw","BloodyMagicSquare"],"picked":"SKIP","floor":46},{"not_picked":["FavorOfDestiny","TricksterDevil","BombardNight"],"picked":"SKIP","floor":47},{"not_picked":["CharismaGuard+1","BloodHunter+1","UnstableMagic+1"],"picked":"SKIP","floor":48}],"player_experience":52102,"relics_obtained":[{"floor":6.0,"key":"Pen Nib"},{"floor":7.0,"key":"Peace Pipe"},{"floor":9.0,"key":"Juzu Bracelet"},{"floor":10.0,"key":"Odd Mushroom"},{"floor":12.0,"key":"Molten Egg 2"},{"floor":27.0,"key":"Regal Pillow"},{"floor":38.0,"key":"Bag of Marbles"},{"floor":41,"key":"Pantograph"},{"floor":44,"key":"infinitespire:Magic Flask"},{"floor":45,"key":"CatCart"},{"floor":46,"key":"Eternal Feather"}],"event_choices":[{"damage_healed":0.0,"max_hp_gain":0.0,"max_hp_loss":0.0,"gold_gain":0.0,"event_name":"Mushrooms","player_choice":"Fought Mushrooms","floor":10.0,"gold_loss":0.0,"damage_taken":0.0},{"damage_healed":0.0,"max_hp_gain":0.0,"max_hp_loss":0.0,"gold_gain":0.0,"event_name":"Wheel of Change","player_choice":"Full Heal","floor":31.0,"gold_loss":0.0,"damage_taken":0.0},{"damage_healed":0,"gold_gain":0,"player_choice":"Fight","damage_taken":0,"max_hp_gain":0,"max_hp_loss":0,"event_name":"Mysterious Sphere","floor":44,"gold_loss":0},{"damage_healed":0,"gold_gain":0,"player_choice":"Fight","damage_taken":0,"max_hp_gain":0,"max_hp_loss":0,"event_name":"OrinTheCat","floor":45,"gold_loss":0}],"is_beta":false,"boss_relics":[{"not_picked":["Snecko Eye","hubris:HollowSoul"],"picked":"Cursed Key"},{"not_picked":["SacredBark","Runic Dome"],"picked":"hubris:TerracottaHorce"}],"items_purged_floors":[11],"is_endless":false,"potions_floor_spawned":[3,10,12,15,16,19,27,33,46],"killed_by":"Maw","ascension_level":0}}