{"host":"gndxudri6ebovps6","time":1611961925,"event":{"mods":["AchievementEnabler","Act Like it!","Aspiration","BaseMod","Better Altar","Better Match","Better Note","Better Sensory Stone","Better Skull","Better Vampires","BetterRewards","Block Reminder","Conspire","GifTheSpireLib","Hubris","Infinite Spire","Marked Mod","Minty Spire (QoL Compilation)","Pale of the Ancients","Quick Restart","Replay The Spire","Shop Mod","Spicy Shops","Spikes Relics","StSLib","Stuff the Spire","The Cursed","The Disciple","The Judge","The Mystic","The Necromancer","everything is the same but u backflip on backflip"],"gold_per_floor":[113,129,143,143,218,218,232,232,259,275,293,293,293,320,320,424,424,438,149,149,166,183,214,214,214,214,249,269,269,28,40,40,138,138,151,151,167,179,199,199,47,67,90,121,134,0,0,17,17,122,122,142,158,158,233,233,252,252,28,28,28,28],"floor_reached":61,"language":"ENG","playtime":2067,"items_purged":[],"score":1633,"play_id":"2bda1be0-9733-415d-ab88-b2ead8ccaaeb","local_time":"20210129211205","is_ascension_mode":true,"campfire_choices":[{"data":"Inflame","floor":6,"key":"SMITH"},{"data":"Heavy Blade","floor":8,"key":"SMITH"},{"data":"infinitespire:SevenWalls","floor":15,"key":"SMITH"},{"data":"Massacre","floor":24,"key":"SMITH"},{"data":"BarbarianYell","floor":29,"key":"SMITH"},{"data":"Flex","floor":32,"key":"SMITH"},{"data":"Juggernaut","floor":40,"key":"SMITH"},{"data":"Replay:Undeath\u0027s Touch","floor":47,"key":"SMITH"},{"data":"Berserk","floor":49,"key":"SMITH"},{"floor":56,"key":"REST"},{"floor":58,"key":"REST"}],"circlet_count":0,"master_deck":["Strike_R","Strike_R","Strike_R+1","Strike_R","Strike_R","Defend_R","Defend_R","Defend_R","Defend_R","Bash","Pummel+1","Absolvement","Rage","Inflame+1","Heavy Blade+1","Clash","Intimidate","BarbarianYell+1","Iron Wave","infinitespire:SevenWalls+1","Massacre+1","Exhume","Sword Boomerang","Flex+1","hubris:CleavingFinish+1","Intimidate+1","Berserk+1","Disarm","ReplayTheSpireMod:LeadingStrike+1","Demon Form+1","Replay:Undeath\u0027s Touch+1","Thunderclap+1","Juggernaut+1","Clash+1","Pummel+1","StuffTheSpire:BloodClot+1","Barricade","Havoc+1","Ghostly Armor+1","Panache","Replay:Undeath\u0027s Touch+1"],"relics":["Burning Blood","infinitespire:WardingShard","RollingBoulder","ReplayTheSpireMod:TigerMarble","Brimstone","Red Skull","Replay:Baseball","hubris:MedicalManual","HandDrill","Whetstone","hubris:ChampionShield","infinitespire:EmpoweringShard","StuffTheSpire:Gunfinga","infinitespire:Burning Sword","FossilizedHelix","Sandwich","TungstenRod","SpikesRelics:ToyHorsey","Blue Doll","conspire:Flyswatter","infinitespire:Satchel","Ornamental Fan","ChewingGum","SnailShell","Happy Flower","aspiration:HiddenCompartment","Red Mask","Fusion Hammer","paleoftheancients:Timepiece","CultistMask","paleoftheancients:SoulOfTheWokeBloke","conspire:DecoderRing"],"acts_visited":["Exordium","TheCity","TheBeyond","paleoftheancients:PaleOfTheAncients"],"potions_floor_usage":[14,16,50,61,61],"damage_taken":[{"damage":3.0,"enemies":"infinitespire:Voidling","floor":1.0,"turns":2.0},{"damage":0.0,"enemies":"Small Slimes","floor":2.0,"turns":2.0},{"damage":0.0,"enemies":"Cultist","floor":3.0,"turns":1.0},{"damage":0,"enemies":"Exordium Wildlife","floor":7,"turns":1},{"damage":0,"enemies":"Large Slime","floor":10,"turns":2},{"damage":0,"enemies":"Exordium Thugs","floor":11,"turns":2},{"damage":5,"enemies":"Replay:BlueRogue","floor":14,"turns":2},{"damage":22,"enemies":"The Guardian","floor":16,"turns":4},{"damage":0,"enemies":"3 Byrds","floor":18,"turns":2},{"damage":0,"enemies":"Chosen","floor":21,"turns":1},{"damage":0,"enemies":"3 Cultists","floor":22,"turns":3},{"damage":10,"enemies":"Slavers","floor":23,"turns":3},{"damage":7,"enemies":"conspire:SneckoGhost","floor":27,"turns":4},{"damage":0,"enemies":"Snecko","floor":28,"turns":1},{"damage":0,"enemies":"Centurion and Healer","floor":31,"turns":3},{"damage":40,"enemies":"Automaton","floor":33,"turns":3},{"damage":0,"enemies":"3 Darklings","floor":35,"turns":1},{"damage":0,"enemies":"3 Shapes","floor":37,"turns":1},{"damage":0,"enemies":"Sphere and 2 Shapes","floor":38,"turns":1},{"damage":0,"enemies":"Maw","floor":39,"turns":3},{"damage":0,"enemies":"Writhing Mass","floor":42,"turns":1},{"damage":0,"enemies":"Nightmare","floor":44,"turns":2},{"damage":0,"enemies":"Transient","floor":45,"turns":5},{"damage":0,"enemies":"3 Darklings","floor":48,"turns":2},{"damage":0,"enemies":"Awakened One","floor":50,"turns":4},{"damage":49,"enemies":"Awakened One","floor":52,"turns":5},{"damage":0,"enemies":"Awakened One","floor":53,"turns":3},{"damage":0,"enemies":"Awakened One","floor":57,"turns":5},{"damage":200,"enemies":"paleoftheancients:N","floor":61,"turns":4}],"seed_played":"-1922021585429911201","potions_obtained":[{"floor":1.0,"key":"infinitespire:BlackPotion"},{"floor":3.0,"key":"Strength Potion"},{"floor":11,"key":"BlessingOfTheForge"},{"floor":21,"key":"Languid Potion"},{"floor":25,"key":"CultistPotion"},{"floor":25,"key":"HeartOfIron"},{"floor":25,"key":"EssenceOfSteel"},{"floor":27,"key":"BloodPotion"},{"floor":50,"key":"Ancient Potion"}],"is_trial":false,"path_per_floor":["M","M","M","$","?","R","M","R","T","M","M","T","AVR","E","R","B",null,"M","$","?","M","M","E","R","?","T","E","M","R","$","M","R","B",null,"M","?","M","M","M","R","$","M","T","NM","M","?","R","M","R","B",null,"M","M","?","T","R","M","R","$","?","B"],"character_chosen":"IRONCLAD","items_purchased":["infinitespire:WardingShard","RollingBoulder","ReplayTheSpireMod:TigerMarble","Brimstone","Red Skull","Pummel","Replay:Baseball","hubris:MedicalManual","HandDrill","Whetstone","Absolvement","Rage","TungstenRod","Ornamental Fan","SnailShell","Panache","Replay:Undeath\u0027s Touch+1"],"campfire_rested":2,"item_purchase_floors":[0,0,0,0,0,0,0,0,0,0,0,0,19,30,41,59,59],"current_hp_per_floor":[27,33,39,39,31,31,37,37,37,43,49,49,49,50,50,34,69,75,75,75,80,80,76,76,76,76,75,80,80,80,80,80,46,72,78,78,80,80,80,80,80,80,80,80,80,80,80,80,80,80,80,59,73,73,73,80,80,80,80,80,0,0],"gold":28,"neow_bonus":"","is_daily":false,"chose_seed":false,"campfire_upgraded":9,"win_rate":0.0,"timestamp":1611961925,"path_taken":["M","M","?","$","?","R","?","R","T","M","M","?","AVR","E","R","BOSS","M","$","?","M","?","E","R","?","T","E","M","R","?","?","R","BOSS","M","?","?","M","?","R","$","M","T","NM","M","?","R","M","R","BOSS","M","M","?","T","R","M","R","$","?","BOSS"],"items_purchased_type":["Relic","Relic","Relic","Relic","Relic","Card","Relic","Relic","Relic","Relic","Card","Card","Relic","Relic","Relic","Card","Card"],"build_version":"2020-12-22","purchased_purges":0,"victory":false,"max_hp_per_floor":[80,80,80,80,80,80,80,80,80,80,80,80,80,80,80,80,80,80,80,80,80,80,80,80,80,80,80,80,80,80,80,80,80,80,80,80,80,80,80,80,80,80,80,80,80,80,80,80,80,80,80,80,80,80,80,80,80,80,80,80,80,80],"card_choices":[{"not_picked":["Clash","Body Slam"],"picked":"Inflame","floor":1.0},{"not_picked":["Sword Boomerang","Ghostly Armor"],"picked":"Heavy Blade","floor":2.0},{"not_picked":["ReplayTheSpireMod:Corrosion Curse","Shrug It Off"],"picked":"Clash","floor":3.0},{"not_picked":["Clothesline","Hemokinesis"],"picked":"Intimidate","floor":7},{"not_picked":["Perfected Strike","Shrug It Off"],"picked":"BarbarianYell","floor":10},{"not_picked":["Pommel Strike","Sword Boomerang"],"picked":"Iron Wave","floor":11},{"not_picked":["Thunderclap","Pommel Strike"],"picked":"Massacre","floor":14},{"not_picked":["Double Tap","StuffTheSpire:TitanForm"],"picked":"Exhume","floor":16},{"not_picked":["Shrug It Off","Power Through"],"picked":"Sword Boomerang","floor":18},{"not_picked":["Replay:Undeath\u0027s Touch+1","Inflame+1"],"picked":"Flex","floor":21},{"not_picked":["Shrug It Off","Headbutt"],"picked":"hubris:CleavingFinish+1","floor":22},{"not_picked":["Iron Wave","Body Slam"],"picked":"Intimidate+1","floor":23},{"not_picked":["Perfected Strike+1","True Grit+1"],"picked":"Berserk","floor":27},{"not_picked":["Thunderclap","Armaments+1"],"picked":"Disarm","floor":28},{"not_picked":["Sever Soul","Body Slam"],"picked":"ReplayTheSpireMod:LeadingStrike+1","floor":31},{"not_picked":["Exhume","hubris:StunningStrike"],"picked":"Demon Form","floor":33},{"not_picked":["Sword Boomerang","True Grit+1"],"picked":"Replay:Undeath\u0027s Touch","floor":35},{"not_picked":["Iron Wave","Pommel Strike"],"picked":"Thunderclap+1","floor":37},{"not_picked":["True Grit+1","Pommel Strike+1","StuffTheSpire:RockThrow"],"picked":"SKIP","floor":38},{"not_picked":["Cleave+1","Iron Wave+1"],"picked":"Juggernaut","floor":39},{"not_picked":["StuffTheSpire:Incineration","Perfected Strike+1"],"picked":"Clash+1","floor":42},{"not_picked":["Anger+1","Heavy Blade"],"picked":"Pummel+1","floor":44},{"not_picked":["Sever Soul+1","Berserk","Searing Blow+1"],"picked":"SKIP","floor":45},{"not_picked":["Twin Strike","Whirlwind+1"],"picked":"StuffTheSpire:BloodClot+1","floor":48},{"not_picked":["hubris:StunningStrike","Bludgeon"],"picked":"Barricade","floor":50},{"not_picked":["Twin Strike","Pommel Strike+1"],"picked":"Havoc+1","floor":52},{"not_picked":["Armaments","Havoc"],"picked":"Ghostly Armor+1","floor":53},{"not_picked":["StuffTheSpire:RockThrow","Body Slam","Clothesline+1"],"picked":"SKIP","floor":57}],"player_experience":517351,"relics_obtained":[{"floor":9,"key":"hubris:ChampionShield"},{"floor":12,"key":"infinitespire:EmpoweringShard"},{"floor":14,"key":"FossilizedHelix"},{"floor":23,"key":"Blue Doll"},{"floor":26,"key":"conspire:Flyswatter"},{"floor":27,"key":"infinitespire:Satchel"},{"floor":43,"key":"Happy Flower"},{"floor":44,"key":"aspiration:HiddenCompartment"},{"floor":52,"key":"paleoftheancients:SoulOfTheWokeBloke"},{"floor":53,"key":"paleoftheancients:SoulOfTheWatcher"},{"floor":55,"key":"conspire:DecoderRing"},{"floor":57,"key":"paleoftheancients:SoulOfTheHexaghost"}],"event_choices":[{"damage_healed":0,"gold_gain":75,"player_choice":"Touch","damage_taken":8,"max_hp_gain":0,"max_hp_loss":0,"event_name":"FaceTrader","floor":5,"gold_loss":0},{"damage_healed":0,"gold_gain":0,"player_choice":"Gave Potion","damage_taken":0,"relics_obtained":["SpikesRelics:ToyHorsey"],"max_hp_gain":0,"max_hp_loss":0,"event_name":"WeMeetAgain","floor":20,"gold_loss":0},{"damage_healed":0,"gold_gain":0,"player_choice":"Got Potions","damage_taken":0,"max_hp_gain":0,"max_hp_loss":0,"event_name":"Lab","floor":25,"gold_loss":0},{"damage_healed":0,"gold_gain":0,"player_choice":"Forge","damage_taken":0,"max_hp_gain":0,"max_hp_loss":0,"event_name":"Accursed Blacksmith","floor":36,"gold_loss":0,"cards_upgraded":["Demon Form"]},{"damage_healed":0,"gold_gain":0,"player_choice":"Paid","damage_taken":0,"relics_obtained":["Red Mask"],"max_hp_gain":0,"max_hp_loss":0,"event_name":"Tomb of Lord Red Mask","floor":46,"gold_loss":134},{"damage_healed":0,"gold_gain":0,"player_choice":"Ignored","damage_taken":0,"max_hp_gain":0,"max_hp_loss":0,"event_name":"Transmorgrifier","floor":54,"gold_loss":0}],"is_beta":false,"boss_relics":[{"not_picked":["Replay:Wanted Poster","StuffTheSpire:RunicHypercube"],"picked":"Sandwich"},{"not_picked":["Runic Cube","Pandora\u0027s Box"],"picked":"ChewingGum"},{"not_picked":["aspiration:SilentSkillbook","conspire:RoyalGoblet"],"picked":"Fusion Hammer"}],"items_purged_floors":[],"is_endless":true,"potions_floor_spawned":[1,3,11,21,27,39,42,50],"killed_by":"paleoftheancients:N","ascension_level":8}}