{"host":"i0avyit1s6jb1siw","time":1611922627,"event":{"mods":["BaseMod","DeckTracker","Dota2Spire","Highlight Path","Minty Spire (QoL Compilation)","Quick Restart","StSLib","SuperFastMode"],"gold_per_floor":[118,193,208,224,64,64,64,9,9,9,9,87,102,129,129,155,155,229,229,229,301,301,315,335,785,795,795,795,810,843,866,866,791,791,824,824,837,837,909,909,919,693,693,710,710,710,736,736,766,766,776,795,821,833,846,846,846,846,846,846,246,278,278,278],"floor_reached":63,"language":"ENG","playtime":1749,"items_purged":["Strike_R","Decay","Bash"],"score":2665,"play_id":"3175e00d-e3ee-4947-9714-87e248f588d0","local_time":"20210129131707","is_ascension_mode":true,"campfire_choices":[{"data":"Inflame","floor":6.0,"key":"SMITH"},{"data":"Evolve","floor":15.0,"key":"SMITH"},{"data":"Sword Boomerang","floor":17.0,"key":"SMITH"},{"floor":20.0,"key":"REST"},{"data":"Immolate","floor":28.0,"key":"SMITH"},{"data":"Reaper","floor":34.0,"key":"SMITH"},{"data":"Pummel","floor":38.0,"key":"SMITH"},{"floor":46.0,"key":"REST"},{"floor":48.0,"key":"RECALL"},{"data":"Barricade","floor":56.0,"key":"SMITH"},{"data":"Impervious","floor":60.0,"key":"SMITH"}],"circlet_count":0,"master_deck":["AscendersBane","Anger+1","Rage","Inflame+1","Evolve+1","Shrug It Off","Sword Boomerang+1","Immolate+1","Reaper+1","Warcry+1","Uppercut+1","Pummel+1","Clothesline","Shockwave","Second Wind","Barricade+1","Disarm","Iron Wave","Anger","Wild Strike","Shrug It Off","Deep Breath","Pummel","Panacea","Power Through+1","Pommel Strike+1","Shrug It Off","Body Slam+1","Impervious+1","Burning Pact"],"relics":["Black Star","Dota2Spire:Butterfly","War Paint","Dota2Spire:Vanguard","Bottled Flame","Dota2Spire:EyeOfSkadi","Whetstone","Empty Cage","Mark of Pain","Shuriken","PreservedInsect","Dota2Spire:ArcaneBoots","Ornamental Fan","Smiling Mask","Akabeko","Pandora\u0027s Box","Bottled Lightning","Pantograph","Dota2Spire:DivineRapier","Dota2Spire:LinkenSphere","Dota2Spire:MaskOfMadness","Nunchaku","TheAbacus","Pocketwatch","Bag of Preparation","Centennial Puzzle"],"acts_visited":["Exordium","TheCity","TheBeyond","TheEnding"],"potions_floor_usage":[63,63],"damage_taken":[{"damage":6.0,"enemies":"Cultist","floor":1.0,"turns":3.0},{"damage":4.0,"enemies":"Jaw Worm","floor":3.0,"turns":3.0},{"damage":3.0,"enemies":"2 Louse","floor":4.0,"turns":3.0},{"damage":12.0,"enemies":"Large Slime","floor":13.0,"turns":6.0},{"damage":7.0,"enemies":"3 Sentries","floor":14.0,"turns":8.0},{"damage":2.0,"enemies":"Lagavulin","floor":16.0,"turns":5.0},{"damage":23.0,"enemies":"Slime Boss","floor":18.0,"turns":7.0},{"damage":3.0,"enemies":"Slime Boss","floor":21.0,"turns":8.0},{"damage":0.0,"enemies":"3 Byrds","floor":23.0,"turns":3.0},{"damage":0.0,"enemies":"Shell Parasite","floor":24.0,"turns":3.0},{"damage":0.0,"enemies":"Cultist and Chosen","floor":26.0,"turns":5.0},{"damage":14.0,"enemies":"Snecko","floor":29.0,"turns":6.0},{"damage":0.0,"enemies":"Slavers","floor":30.0,"turns":1.0},{"damage":8.0,"enemies":"Gremlin Leader","floor":35.0,"turns":5.0},{"damage":0.0,"enemies":"Centurion and Healer","floor":37.0,"turns":4.0},{"damage":21.0,"enemies":"Champ","floor":39.0,"turns":11.0},{"damage":18.0,"enemies":"3 Shapes","floor":41.0,"turns":3.0},{"damage":20.0,"enemies":"3 Darklings","floor":44.0,"turns":5.0},{"damage":13.0,"enemies":"Reptomancer","floor":47.0,"turns":4.0},{"damage":2.0,"enemies":"Nemesis","floor":49.0,"turns":5.0},{"damage":16.0,"enemies":"Sphere and 2 Shapes","floor":51.0,"turns":3.0},{"damage":18.0,"enemies":"Spire Growth","floor":52.0,"turns":3.0},{"damage":34.0,"enemies":"Reptomancer","floor":53.0,"turns":4.0},{"damage":4.0,"enemies":"4 Shapes","floor":54.0,"turns":4.0},{"damage":9.0,"enemies":"Transient","floor":55.0,"turns":6.0},{"damage":25.0,"enemies":"Time Eater","floor":57.0,"turns":9.0},{"damage":89.0,"enemies":"Awakened One","floor":58.0,"turns":9.0},{"damage":44,"enemies":"Shield and Spear","floor":62,"turns":4},{"damage":83,"enemies":"The Heart","floor":63,"turns":8}],"seed_played":"-6082206471795792339","potions_obtained":[{"floor":13.0,"key":"Weak Potion"},{"floor":16.0,"key":"Dexterity Potion"},{"floor":23.0,"key":"DuplicationPotion"},{"floor":24.0,"key":"BloodPotion"},{"floor":30.0,"key":"BlessingOfTheForge"},{"floor":37.0,"key":"FairyPotion"}],"is_trial":false,"path_per_floor":["M","?","M","M","$","R","?","$","T","T","?","T","M","E","R","E","R","B",null,"R","B",null,"M","M","?","M","?","R","M","E","T","T","?","R","E","?","M","R","B",null,"M","$","?","M","?","R","E","R","E","T","M","M","E","M","M","R","B","B",null,"R","$","E","B"],"character_chosen":"IRONCLAD","items_purchased":["Inflame","Strength Potion","Deep Breath","Pummel","TheAbacus","Pocketwatch","Strength Potion"],"campfire_rested":2,"item_purchase_floors":[5,8,42,42,61,61,61],"current_hp_per_floor":[62,51,47,44,44,44,44,44,44,44,49,49,37,30,30,33,33,10,10,35,32,72,72,72,26,32,32,32,30,30,30,30,30,30,35,23,50,50,39,74,56,56,46,26,26,51,38,38,36,36,38,20,34,66,81,81,60,25,70,70,70,39,0,0],"gold":278,"neow_bonus":"BOSS_RELIC","is_daily":false,"chose_seed":false,"campfire_upgraded":8,"win_rate":0.0,"timestamp":1611922627,"path_taken":["M","?","M","M","$","R","?","?","T","T","?","?","M","E","R","E","R","BOSS","R","BOSS","M","M","?","?","?","R","M","E","T","T","?","R","E","?","?","R","BOSS","M","$","?","M","?","R","E","R","E","T","M","M","E","?","M","R","BOSS","BOSS","R","$","E","BOSS"],"items_purchased_type":["Card","Potion","Card","Card","Relic","Relic","Potion"],"build_version":"2020-12-22","purchased_purges":3,"victory":false,"max_hp_per_floor":[75,75,75,75,75,75,75,75,75,75,80,80,80,80,80,85,85,85,85,85,85,85,85,85,85,85,85,85,85,85,85,85,85,85,85,85,85,85,85,85,85,85,85,85,85,85,85,85,85,85,85,85,85,85,85,85,85,85,85,85,85,85,85,85],"card_choices":[{"not_picked":["Headbutt","Body Slam"],"picked":"Anger","floor":1.0},{"not_picked":["Havoc","Second Wind","Warcry"],"picked":"SKIP","floor":3.0},{"not_picked":["Bloodletting","Warcry"],"picked":"Rage","floor":4.0},{"not_picked":["Disarm","Havoc"],"picked":"Evolve","floor":13.0},{"not_picked":["Demon Form","Warcry"],"picked":"Shrug It Off","floor":14.0},{"not_picked":["Perfected Strike","Searing Blow"],"picked":"Sword Boomerang","floor":16.0},{"not_picked":["Bludgeon","Double Tap"],"picked":"Immolate","floor":18.0},{"not_picked":["Brutality","Exhume"],"picked":"Reaper","floor":21.0},{"not_picked":["Body Slam","Iron Wave","Dark Embrace"],"picked":"SKIP","floor":23.0},{"not_picked":["Intimidate","Perfected Strike"],"picked":"Warcry+1","floor":24.0},{"not_picked":["Warcry","Perfected Strike"],"picked":"Uppercut+1","floor":26.0},{"not_picked":["Searing Blow","Warcry"],"picked":"Pummel","floor":29.0},{"not_picked":["Dropkick","Reckless Charge"],"picked":"Clothesline","floor":30.0},{"not_picked":["Sever Soul","Clothesline"],"picked":"Shockwave","floor":35.0},{"not_picked":["Disarm","Cleave"],"picked":"Second Wind","floor":37.0},{"not_picked":["Corruption","Double Tap"],"picked":"Barricade","floor":39.0},{"not_picked":["Perfected Strike+1","Body Slam"],"picked":"Shrug It Off","floor":41.0},{"not_picked":["Secret Technique","Forethought"],"picked":"Panacea","floor":43.0},{"not_picked":["Warcry+1","Havoc"],"picked":"Power Through+1","floor":44.0},{"not_picked":["Bludgeon","Dropkick+1"],"picked":"Pommel Strike+1","floor":47.0},{"not_picked":["Warcry","Havoc"],"picked":"Shrug It Off","floor":49.0},{"not_picked":["Sword Boomerang","Warcry","Havoc"],"picked":"SKIP","floor":51.0},{"not_picked":["Wild Strike+1","Pummel","Clothesline"],"picked":"SKIP","floor":52.0},{"not_picked":["Havoc","Twin Strike"],"picked":"Body Slam+1","floor":53.0},{"not_picked":["Flex","Dark Embrace","Armaments"],"picked":"SKIP","floor":54.0},{"not_picked":["Disarm","Blood for Blood"],"picked":"Impervious","floor":55.0},{"not_picked":["True Grit","Pommel Strike+1"],"picked":"Burning Pact","floor":62}],"player_experience":2370840,"relics_obtained":[{"floor":9.0,"key":"Dota2Spire:Butterfly"},{"floor":10.0,"key":"War Paint"},{"floor":14.0,"key":"Dota2Spire:Vanguard"},{"floor":14.0,"key":"Bottled Flame"},{"floor":16.0,"key":"Dota2Spire:EyeOfSkadi"},{"floor":16.0,"key":"Whetstone"},{"floor":30.0,"key":"Shuriken"},{"floor":30.0,"key":"PreservedInsect"},{"floor":31.0,"key":"Dota2Spire:ArcaneBoots"},{"floor":32.0,"key":"Ornamental Fan"},{"floor":35.0,"key":"Smiling Mask"},{"floor":35.0,"key":"Akabeko"},{"floor":47.0,"key":"Bottled Lightning"},{"floor":49.0,"key":"Pantograph"},{"floor":49.0,"key":"Dota2Spire:DivineRapier"},{"floor":50.0,"key":"Dota2Spire:LinkenSphere"},{"floor":53.0,"key":"Dota2Spire:MaskOfMadness"},{"floor":53.0,"key":"Nunchaku"},{"floor":62,"key":"Bag of Preparation"},{"floor":62,"key":"Centennial Puzzle"}],"event_choices":[{"damage_healed":0.0,"max_hp_gain":0.0,"max_hp_loss":0.0,"gold_gain":75.0,"event_name":"World of Goop","player_choice":"Gather Gold","floor":2.0,"gold_loss":0.0,"damage_taken":11.0},{"damage_healed":0.0,"max_hp_gain":0.0,"max_hp_loss":0.0,"gold_gain":0.0,"event_name":"Liars Game","player_choice":"Ignored","floor":7.0,"gold_loss":0.0,"damage_taken":0.0},{"damage_healed":0.0,"max_hp_gain":5.0,"max_hp_loss":0.0,"gold_gain":0.0,"event_name":"Big Fish","player_choice":"Donut","floor":11.0,"gold_loss":0.0,"damage_taken":0.0},{"damage_healed":0.0,"max_hp_gain":0.0,"max_hp_loss":0.0,"gold_gain":450.0,"event_name":"Knowing Skull","player_choice":"GOLD GOLD GOLD GOLD GOLD ","floor":25.0,"potions_obtained":[],"gold_loss":0.0,"damage_taken":46.0,"cards_obtained":[]},{"damage_healed":0.0,"max_hp_gain":0.0,"max_hp_loss":0.0,"gold_gain":0.0,"event_name":"Forgotten Altar","player_choice":"Smashed Altar","floor":27.0,"gold_loss":0.0,"damage_taken":0.0,"cards_obtained":["Decay"]},{"cards_removed":["Strike_R"],"damage_healed":0.0,"max_hp_gain":0.0,"max_hp_loss":0.0,"gold_gain":0.0,"event_name":"Beggar","player_choice":"Gave Gold","floor":33.0,"gold_loss":75.0,"damage_taken":0.0},{"damage_healed":0.0,"max_hp_gain":0.0,"max_hp_loss":0.0,"gold_gain":0.0,"event_name":"Wheel of Change","player_choice":"Damaged","floor":36.0,"gold_loss":0.0,"damage_taken":12.0},{"damage_healed":0.0,"max_hp_gain":0.0,"max_hp_loss":0.0,"gold_gain":0.0,"event_name":"SensoryStone","player_choice":"Memory 3","floor":43.0,"gold_loss":0.0,"damage_taken":10.0},{"cards_removed":["Clash"],"damage_healed":0.0,"max_hp_gain":0.0,"max_hp_loss":0.0,"gold_gain":0.0,"event_name":"Purifier","player_choice":"Purged","floor":45.0,"gold_loss":0.0,"damage_taken":0.0}],"is_beta":false,"boss_relics":[{"not_picked":["Philosopher\u0027s Stone","SacredBark"],"picked":"Empty Cage"},{"not_picked":["Runic Dome","Runic Pyramid"],"picked":"Mark of Pain"},{"not_picked":["Cursed Key","Coffee Dripper"],"picked":"Pandora\u0027s Box"}],"items_purged_floors":[5,42,61],"is_endless":false,"potions_floor_spawned":[13,14,16,23,24,30,37,41,49,52,53],"killed_by":"The Heart","ascension_level":20}}