{"host":"6bsan6hkua32tfq7","time":1611903280,"event":{"mods":["BaseMod","Better Third Choice","Colored Map","Highlight Path","Minty Spire (QoL Compilation)","StSLib"],"gold_per_floor":[110,56,56,56,75,75,110,127,152,192,219,258,280,302,314,403,415,440,452,464,493,525,537,567,579,591,603,153,164,164,78,78,152,152,170,43,43,43],"floor_reached":37,"language":"ENG","playtime":1096,"items_purged":["Corruption"],"score":908,"play_id":"94caea9f-2fb4-42ef-96ab-66623a619aef","local_time":"20210129075440","is_ascension_mode":true,"campfire_choices":[{"data":"Dark Embrace","floor":6,"key":"SMITH"},{"data":"Shockwave","floor":15,"key":"SMITH"},{"data":"True Grit","floor":23,"key":"SMITH"},{"floor":25,"key":"REST"},{"data":"Brutality","floor":27,"key":"SMITH"},{"data":"Barricade","floor":30,"key":"SMITH"},{"floor":32,"key":"REST"}],"circlet_count":0,"master_deck":["AscendersBane","Bash","Reckless Charge","Dark Embrace+1","Fire Breathing","Shockwave+1","Cleave","Headbutt","Rupture","Cleave","Brutality+1","Seeing Red","Juggernaut","Sever Soul","Clothesline","Rage","Anger","Dropkick","Seeing Red","True Grit+1","Reaper","Evolve","True Grit","Barricade+1","Fiend Fire","True Grit","Feel No Pain","Demon Form","Entrench"],"relics":["Burning Blood","NeowsBlessing","betterThird:SlimedRelic","Toy Ornithopter","MawBank","Red Skull","Odd Mushroom","Pandora\u0027s Box","Question Card","Bag of Preparation","Orrery","SlaversCollar"],"acts_visited":["Exordium","TheCity","TheBeyond"],"potions_floor_usage":[10,12,14,22,24,33,33],"damage_taken":[{"damage":0,"enemies":"2 Louse","floor":1,"turns":1},{"damage":0,"enemies":"Small Slimes","floor":5,"turns":1},{"damage":0,"enemies":"3 Sentries","floor":7,"turns":2},{"damage":2,"enemies":"Jaw Worm","floor":8,"turns":3},{"damage":22,"enemies":"Lagavulin","floor":10,"turns":7},{"damage":12,"enemies":"Blue Slaver","floor":11,"turns":3},{"damage":4,"enemies":"The Mushroom Lair","floor":12,"turns":5},{"damage":0,"enemies":"Looter","floor":13,"turns":3},{"damage":23,"enemies":"Gremlin Gang","floor":14,"turns":3},{"damage":0,"enemies":"Slime Boss","floor":16,"turns":9},{"damage":30,"enemies":"3 Byrds","floor":18,"turns":4},{"damage":22,"enemies":"Chosen","floor":21,"turns":4},{"damage":25,"enemies":"Snecko","floor":22,"turns":5},{"damage":18,"enemies":"Centurion and Healer","floor":24,"turns":6},{"damage":22,"enemies":"3 Cultists","floor":29,"turns":5},{"damage":51,"enemies":"Automaton","floor":33,"turns":9},{"damage":30,"enemies":"Orb Walker","floor":35,"turns":4},{"damage":46,"enemies":"3 Shapes","floor":37,"turns":3}],"seed_played":"-7858156190604422402","potions_obtained":[{"floor":1,"key":"Weak Potion"},{"floor":5,"key":"Block Potion"},{"floor":11,"key":"Block Potion"},{"floor":13,"key":"Ancient Potion"},{"floor":16,"key":"CultistPotion"},{"floor":22,"key":"DuplicationPotion"}],"is_trial":false,"path_per_floor":["M","?","?","?","M","R","E","M","T","E","M","?","M","M","R","B",null,"M","?","?","M","M","R","M","R","T","R","$","M","R","$","R","B",null,"M","$","M"],"character_chosen":"IRONCLAD","items_purchased":["Bag of Preparation","Orrery","Dexterity Potion","Feel No Pain","Entrench","Regen Potion"],"campfire_rested":2,"item_purchase_floors":[28,28,28,31,36,36],"current_hp_per_floor":[74,63,63,40,46,46,52,56,56,45,39,46,52,40,40,46,68,44,44,44,28,14,14,7,29,29,29,29,31,31,31,53,49,69,45,45,0,0],"gold":43,"neow_bonus":"THREE_ENEMY_KILL","is_daily":false,"chose_seed":false,"campfire_upgraded":5,"win_rate":0.0,"timestamp":1611903280,"path_taken":["M","?","?","?","M","R","E","M","T","E","M","?","?","M","R","BOSS","M","?","?","?","M","R","M","R","T","R","$","M","R","$","R","BOSS","M","$","M"],"items_purchased_type":["Relic","Relic","Potion","Card","Card","Potion"],"build_version":"2020-12-22","purchased_purges":1,"victory":false,"max_hp_per_floor":[75,75,75,75,75,75,75,75,75,75,75,75,75,75,75,75,75,75,75,75,75,75,75,75,75,75,75,75,75,75,75,75,75,75,75,75,75,75],"card_choices":[{"not_picked":["Clash","Dark Embrace"],"picked":"Reckless Charge","floor":1},{"not_picked":["Battle Trance","True Grit"],"picked":"Dark Embrace","floor":5},{"not_picked":["Second Wind","Warcry"],"picked":"Fire Breathing","floor":7},{"not_picked":["Perfected Strike","Infernal Blade"],"picked":"Shockwave","floor":8},{"not_picked":["Bloodletting","Dark Embrace"],"picked":"Cleave","floor":10},{"not_picked":["Infernal Blade","Armaments","Iron Wave"],"picked":"SKIP","floor":11},{"not_picked":["Searing Blow","Clothesline"],"picked":"Headbutt","floor":12},{"not_picked":["Twin Strike","Bloodletting"],"picked":"Rupture","floor":13},{"not_picked":["Shrug It Off","Twin Strike"],"picked":"Cleave","floor":14},{"not_picked":["Limit Break","Demon Form"],"picked":"Brutality","floor":16},{"not_picked":["Clothesline","Body Slam","Thunderclap"],"picked":"SKIP","floor":18},{"not_picked":["Battle Trance","Flame Barrier"],"picked":"Seeing Red","floor":21},{"not_picked":["Brutality","Cleave"],"picked":"True Grit","floor":22},{"not_picked":["Body Slam","True Grit","Clothesline"],"picked":"SKIP","floor":24},{"not_picked":["Pommel Strike","Reckless Charge","Shrug It Off"],"picked":"Reaper","floor":28},{"not_picked":["Wild Strike","Cleave","Shrug It Off"],"picked":"Evolve","floor":28},{"not_picked":["Sentinel","Evolve","Armaments"],"picked":"True Grit","floor":28},{"not_picked":["Pommel Strike","Entrench","Hemokinesis"],"picked":"Barricade","floor":28},{"not_picked":["Headbutt+1","Sword Boomerang","Cleave"],"picked":"Fiend Fire","floor":28},{"not_picked":["Fire Breathing","Havoc","Dual Wield"],"picked":"True Grit","floor":29},{"not_picked":["Exhume","Barricade","Juggernaut"],"picked":"Demon Form","floor":33},{"not_picked":["Sword Boomerang","Sentinel","Body Slam","Combust"],"picked":"SKIP","floor":35}],"player_experience":5356502,"relics_obtained":[{"floor":7,"key":"Toy Ornithopter"},{"floor":9,"key":"MawBank"},{"floor":10,"key":"Red Skull"},{"floor":12,"key":"Odd Mushroom"},{"floor":26,"key":"Question Card"}],"event_choices":[{"damage_healed":0,"gold_gain":0,"player_choice":"Slimed","damage_taken":11,"max_hp_gain":0,"max_hp_loss":0,"event_name":"betterThird:BetterGoop","floor":2,"gold_loss":54},{"damage_healed":0,"gold_gain":0,"player_choice":"Ignored","damage_taken":56,"max_hp_gain":0,"max_hp_loss":0,"event_name":"betterThird:BetterSerpent","floor":3,"gold_loss":0},{"damage_healed":63,"gold_gain":0,"player_choice":"Upgrade","damage_taken":23,"max_hp_gain":0,"max_hp_loss":75,"event_name":"betterThird:BetterShining","floor":4,"gold_loss":0,"cards_upgraded":["Defend_R","Strike_R"]},{"damage_healed":0,"gold_gain":0,"player_choice":"Fought Mushrooms","damage_taken":0,"max_hp_gain":0,"max_hp_loss":0,"event_name":"Mushrooms","floor":12,"gold_loss":0},{"cards_removed":["Entrench"],"damage_healed":0,"gold_gain":0,"player_choice":"Elegance","damage_taken":0,"max_hp_gain":0,"max_hp_loss":0,"event_name":"betterThird:BetterWriting","floor":19,"gold_loss":0},{"damage_healed":0,"gold_gain":0,"cards_transformed":["Rage"],"player_choice":"Transformed","damage_taken":0,"max_hp_gain":0,"max_hp_loss":0,"event_name":"Transmorgrifier","floor":20,"gold_loss":0,"cards_obtained":["Corruption"]}],"is_beta":false,"boss_relics":[{"not_picked":["Runic Pyramid","Sozu"],"picked":"Pandora\u0027s Box"},{"not_picked":["Black Star","Busted Crown"],"picked":"SlaversCollar"}],"items_purged_floors":[28],"is_endless":false,"potions_floor_spawned":[1,5,11,13,16,18,21,22],"killed_by":"3 Shapes","ascension_level":20}}