{"host":"oz0i1fpezyhy8r2h","time":1611893297,"event":{"mods":["ATMod(∞¢Ë™Mod)","Act Like it!","Arknights The Spire","BaseMod","KinomotoSakuraMod(ƒæ÷Æ±æ”£)","Minty Spire (QoL Compilation)","Reimu£®≤©¿ˆ¡È√Œ£©","Remilia£®¿Ÿ√◊¿Ú—«£©","StSLib","The Bug Knight","°æ“≈ŒÔø®≈∆°øREMEMod"],"gold_per_floor":[118,118,118,133,144,144,175,191,238,238,238],"floor_reached":10,"language":"ZHS","playtime":522,"items_purged":[],"score":92,"play_id":"909a81d2-0ad2-4492-aee8-a4f01a60b7a8","local_time":"20210129120817","is_ascension_mode":true,"campfire_choices":[{"data":"ats:Guard Mode","floor":6.0,"key":"SMITH"}],"circlet_count":0,"master_deck":["ats:Strike C+1","ats:Strike G","ats:Strike S","ats:Strike V","ats:Armor Crushing Shot","ats:Defend","ats:Defend","ats:Defend","ats:Defend","ats:Emotion Absorption+1","ats:Guard Mode+1","ats:Disruption Kick","ats:Dogmatic Field","ats:Guard Mode"],"relics":["ats:Sanity","AT_ATBox","REME_ComplimentaryCards","HollowMod:LifeEnderRelic","ats:Originium","Happy Flower","ats:Ability Aura"],"acts_visited":["Exordium"],"potions_floor_usage":[10],"damage_taken":[{"damage":0.0,"enemies":"2 Louse","floor":1.0,"turns":4.0},{"damage":3.0,"enemies":"Jaw Worm","floor":4.0,"turns":6.0},{"damage":0.0,"enemies":"Small Slimes","floor":5.0,"turns":2.0},{"damage":40.0,"enemies":"3 Sentries","floor":7.0,"turns":16.0},{"damage":1.0,"enemies":"Looter","floor":8.0,"turns":4.0},{"damage":20,"enemies":"Gremlin Nob","floor":10,"turns":2}],"seed_played":"5984301560770087192","potions_obtained":[{"floor":4.0,"key":"DistilledChaos"},{"floor":5.0,"key":"Strength Potion"},{"floor":8.0,"key":"SkillPotion"}],"is_trial":false,"path_per_floor":["M","?","?","M","M","R","E","M","T","E"],"character_chosen":"DOCTOR_CLASS","items_purchased":[],"campfire_rested":0,"item_purchase_floors":[],"current_hp_per_floor":[72,69,53,50,50,50,10,9,9,0,0],"gold":238,"neow_bonus":"TEN_PERCENT_HP_BONUS","is_daily":false,"chose_seed":false,"campfire_upgraded":1,"win_rate":0.0,"timestamp":1611893297,"path_taken":["M","?","?","M","M","R","E","?","T","E"],"items_purchased_type":[],"build_version":"2020-12-22","purchased_purges":0,"victory":false,"max_hp_per_floor":[79,79,79,79,79,79,79,79,79,79,79],"card_choices":[{"not_picked":["ats:Powerful Strike","ats:Absolute Focus"],"picked":"ats:Guard Mode","floor":1.0},{"not_picked":["ats:Absolute Focus","ats:Support Order","ats:Explosion Area Strengthen"],"picked":"SKIP","floor":4.0},{"not_picked":["ats:Consecutive Shot Auto","ats:Cat Scratch"],"picked":"ats:Disruption Kick","floor":5.0},{"not_picked":["ats:Guard Mode","ats:Very Hot Blade"],"picked":"ats:Dogmatic Field","floor":7.0},{"not_picked":["ats:Apocalypse","ats:Revitalization"],"picked":"ats:Guard Mode","floor":8.0}],"player_experience":185401,"relics_obtained":[{"floor":7.0,"key":"ats:Originium"},{"floor":7.0,"key":"Happy Flower"},{"floor":9.0,"key":"ats:Ability Aura"}],"event_choices":[{"damage_healed":0.0,"max_hp_gain":0.0,"max_hp_loss":0.0,"gold_gain":0.0,"event_name":"Scrap Ooze","player_choice":"Success","floor":2.0,"gold_loss":0.0,"damage_taken":3.0,"relics_obtained":["HollowMod:LifeEnderRelic"]},{"damage_healed":0.0,"max_hp_gain":0.0,"max_hp_loss":0.0,"gold_gain":0.0,"event_name":"Shining Light","player_choice":"Entered Light","floor":3.0,"gold_loss":0.0,"damage_taken":16.0,"cards_upgraded":["ats:Strike C","ats:Emotion Absorption"]}],"is_beta":false,"boss_relics":[],"items_purged_floors":[],"is_endless":false,"potions_floor_spawned":[4,5,8],"killed_by":"Gremlin Nob","ascension_level":7}}