{"host":"2j5d0uw0vihq8b8w","time":1611905513,"event":{"mods":["2.2 Compatiblity","AchievementEnabler","BaseMod","BetterRewards","Colored Map","Colored Powertips","Custom Start","DeckTracker","Minty Spire (QoL Compilation)","Permanent Neow","Quick Restart","Rare Cards Sparkle","StSLib","SuperFastMode"],"gold_per_floor":[109,109,133,145,167,179,217,229,311,356,394,471,483,510,522,632,644,668,706,718,748,504,504,536,552,552,552,272,272,272,301,301,405,405,421,439,439,661,661,692,379,404,483,483,483,483,79,93,93,93],"floor_reached":51,"language":"KOR","playtime":2602,"items_purged":["Strike_R","Strike_R"],"score":947,"play_id":"7ceb0cf1-2472-4ac1-9fdc-8e6c3b47440b","local_time":"20210129163153","is_ascension_mode":true,"campfire_choices":[{"data":"Combust","floor":6.0,"key":"SMITH"},{"data":"Enlightenment","floor":8.0,"key":"SMITH"},{"floor":15.0,"key":"REST"},{"data":"Rupture","floor":23.0,"key":"SMITH"},{"data":"Barricade","floor":27.0,"key":"SMITH"},{"floor":30.0,"key":"REST"},{"floor":32.0,"key":"REST"},{"floor":44.0,"key":"REST"},{"floor":46.0,"key":"DIG"},{"floor":49,"key":"REST"}],"circlet_count":0,"master_deck":["Strike_R","Strike_R","Strike_R","Defend_R+1","Defend_R","Defend_R","Defend_R","Bash","Enlightenment+1","Combust+1","Pummel","Flame Barrier","Heavy Blade+1","Evolve","Immolate","Warcry+1","Limit Break+1","Shrug It Off+1","Limit Break+1","Rupture+1","Spot Weakness+1","Warcry+1","Entrench+1","Barricade+1","Apotheosis+1","True Grit+1","Brutality","Flex+1","Body Slam","Madness+1","Madness+1","Deep Breath+1"],"relics":["Burning Blood","MawBank","Mercury Hourglass","Lizard Tail","Toxic Egg 2","Vajra","Odd Mushroom","Boot","Sozu","Red Mask","Toy Ornithopter","Turnip","Enchiridion","PreservedInsect","Fusion Hammer","Shovel","Gambling Chip","Art of War","Pear","Blood Vial","ClockworkSouvenir","Oddly Smooth Stone"],"acts_visited":["Exordium","TheCity","TheBeyond"],"potions_floor_usage":[],"damage_taken":[{"damage":12.0,"enemies":"Jaw Worm","floor":1.0,"turns":5.0},{"damage":12.0,"enemies":"2 Louse","floor":3.0,"turns":3.0},{"damage":10.0,"enemies":"Small Slimes","floor":5.0,"turns":3.0},{"damage":20.0,"enemies":"3 Sentries","floor":7.0,"turns":5.0},{"damage":24.0,"enemies":"Lagavulin","floor":10.0,"turns":5.0},{"damage":5.0,"enemies":"The Mushroom Lair","floor":11.0,"turns":3.0},{"damage":12.0,"enemies":"3 Sentries","floor":12.0,"turns":3.0},{"damage":3.0,"enemies":"3 Louse","floor":14.0,"turns":2.0},{"damage":0.0,"enemies":"Slime Boss","floor":16.0,"turns":3.0},{"damage":11.0,"enemies":"Spheric Guardian","floor":18.0,"turns":3.0},{"damage":25.0,"enemies":"Masked Bandits","floor":19.0,"turns":4.0},{"damage":16.0,"enemies":"2 Thieves","floor":21.0,"turns":3.0},{"damage":15.0,"enemies":"Gremlin Leader","floor":24.0,"turns":4.0},{"damage":9.0,"enemies":"Sentry and Sphere","floor":25.0,"turns":4.0},{"damage":11.0,"enemies":"Book of Stabbing","floor":31.0,"turns":5.0},{"damage":34.0,"enemies":"Collector","floor":33.0,"turns":8.0},{"damage":17.0,"enemies":"3 Shapes","floor":35.0,"turns":5.0},{"damage":8.0,"enemies":"Orb Walker","floor":36.0,"turns":4.0},{"damage":16.0,"enemies":"Giant Head","floor":40.0,"turns":6.0},{"damage":34.0,"enemies":"Reptomancer","floor":42.0,"turns":5.0},{"damage":14,"enemies":"4 Shapes","floor":48,"turns":5},{"damage":50,"enemies":"Time Eater","floor":50,"turns":8}],"seed_played":"8599373414122265106","potions_obtained":[{"floor":3.0,"key":"DuplicationPotion"},{"floor":5.0,"key":"Fire Potion"},{"floor":11.0,"key":"SneckoOil"},{"floor":12.0,"key":"LiquidMemories"}],"is_trial":false,"path_per_floor":["M","?","M","T","M","R","E","R","T","E","?","?","?","M","R","B",null,"M","?","?","M","$","R","E","M","T","R","$","?","R","E","R","B",null,"M","M","?","?","?","E","$","E","T","R","?","R","$","M","R","B",null],"character_chosen":"IRONCLAD","items_purchased":["Rupture","Spot Weakness+1","Warcry+1","Apotheosis+1","Gambling Chip","ClockworkSouvenir","Oddly Smooth Stone","Deep Breath+1"],"campfire_rested":5,"item_purchase_floors":[22,22,22,28,41,47,47,47],"current_hp_per_floor":[74,67,61,61,57,57,43,43,43,25,26,20,4,7,31,37,80,75,56,56,46,46,46,37,34,34,34,34,18,42,37,61,33,80,69,67,57,57,57,47,47,19,29,56,56,56,56,50,77,35],"gold":93,"neow_bonus":"RANDOM_COLORLESS","is_daily":false,"chose_seed":false,"campfire_upgraded":4,"win_rate":0.0,"timestamp":1611905513,"path_taken":["M","?","M","?","M","R","E","R","T","E","?","?","?","M","R","BOSS","M","?","?","?","$","R","E","M","T","R","?","?","R","E","R","BOSS","M","M","?","?","?","E","$","E","T","R","?","R","?","M","R","BOSS"],"items_purchased_type":["Card","Card","Card","Card","Relic","Relic","Relic","Card"],"build_version":"2020-12-22","purchased_purges":2,"victory":true,"max_hp_per_floor":[80,80,80,80,80,80,80,80,80,80,80,80,80,80,80,80,80,80,80,80,80,80,80,80,80,80,80,80,80,80,80,80,80,80,80,80,80,80,80,80,80,80,90,90,90,90,90,90,90,90],"card_choices":[{"not_picked":["Impatience","Dramatic Entrance"],"picked":"Enlightenment","floor":0.0},{"not_picked":["Perfected Strike","Twin Strike"],"picked":"Combust","floor":1.0},{"not_picked":["Havoc","Searing Blow","Clothesline"],"picked":"SKIP","floor":3.0},{"not_picked":["Pommel Strike","Anger"],"picked":"Pummel","floor":5.0},{"not_picked":["Body Slam","Burning Pact"],"picked":"Flame Barrier","floor":7.0},{"not_picked":["Rage+1","Searing Blow"],"picked":"Heavy Blade","floor":10.0},{"not_picked":["Combust","Iron Wave"],"picked":"Evolve","floor":11.0},{"not_picked":["Feel No Pain","Cleave"],"picked":"Immolate","floor":12.0},{"not_picked":["Twin Strike","Sever Soul"],"picked":"Warcry+1","floor":14.0},{"not_picked":["Fiend Fire","Demon Form"],"picked":"Limit Break+1","floor":16.0},{"not_picked":["Twin Strike+1","Clash"],"picked":"Shrug It Off+1","floor":18.0},{"not_picked":["Twin Strike","Anger","Infernal Blade+1"],"picked":"SKIP","floor":21.0},{"not_picked":["Combust+1","Cleave"],"picked":"Entrench+1","floor":24.0},{"not_picked":["Warcry+1","Spot Weakness+1"],"picked":"Barricade","floor":25.0},{"not_picked":["Twin Strike","Rage+1"],"picked":"True Grit+1","floor":31.0},{"not_picked":["Feed","Berserk"],"picked":"Brutality","floor":33.0},{"not_picked":["Pummel","Fire Breathing"],"picked":"Flex+1","floor":35.0},{"not_picked":["Iron Wave+1","Cleave+1"],"picked":"Body Slam","floor":36.0},{"not_picked":["Immolate","Rampage","Pommel Strike"],"picked":"SKIP","floor":40.0},{"not_picked":["Clothesline","Armaments+1","Perfected Strike+1"],"picked":"SKIP","floor":42.0},{"not_picked":["Blood for Blood","Body Slam+1","Pommel Strike"],"picked":"SKIP","floor":48}],"player_experience":628823,"relics_obtained":[{"floor":4.0,"key":"Mercury Hourglass"},{"floor":7.0,"key":"Lizard Tail"},{"floor":9.0,"key":"Toxic Egg 2"},{"floor":10.0,"key":"Vajra"},{"floor":11.0,"key":"Odd Mushroom"},{"floor":12.0,"key":"Boot"},{"floor":19.0,"key":"Red Mask"},{"floor":24.0,"key":"Toy Ornithopter"},{"floor":26.0,"key":"Turnip"},{"floor":29.0,"key":"Enchiridion"},{"floor":31.0,"key":"PreservedInsect"},{"floor":40.0,"key":"Shovel"},{"floor":42.0,"key":"Art of War"},{"floor":43.0,"key":"Pear"},{"floor":46.0,"key":"Blood Vial"}],"event_choices":[{"damage_healed":0.0,"max_hp_gain":0.0,"max_hp_loss":0.0,"gold_gain":0.0,"event_name":"Scrap Ooze","player_choice":"Success","floor":2.0,"gold_loss":0.0,"damage_taken":7.0,"relics_obtained":["MawBank"]},{"damage_healed":0.0,"max_hp_gain":0.0,"max_hp_loss":0.0,"gold_gain":0.0,"event_name":"Mushrooms","player_choice":"Fought Mushrooms","floor":11.0,"gold_loss":0.0,"damage_taken":0.0},{"damage_healed":0.0,"max_hp_gain":0.0,"max_hp_loss":0.0,"gold_gain":0.0,"event_name":"Dead Adventurer","player_choice":"Searched \u00271\u0027 times","floor":12.0,"gold_loss":0.0,"damage_taken":0.0},{"damage_healed":0.0,"max_hp_gain":0.0,"max_hp_loss":0.0,"gold_gain":0.0,"event_name":"Shining Light","player_choice":"Entered Light","floor":13.0,"gold_loss":0.0,"damage_taken":16.0,"cards_upgraded":["Heavy Blade","Defend_R"]},{"damage_healed":0.0,"max_hp_gain":0.0,"max_hp_loss":0.0,"gold_gain":0.0,"event_name":"Masked Bandits","player_choice":"Fought Bandits","floor":19.0,"gold_loss":0.0,"damage_taken":0.0},{"damage_healed":0.0,"max_hp_gain":0.0,"max_hp_loss":0.0,"gold_gain":0.0,"event_name":"Duplicator","player_choice":"Copied","floor":20.0,"gold_loss":0.0,"damage_taken":0.0,"cards_obtained":["Limit Break"]},{"damage_healed":0.0,"max_hp_gain":0.0,"max_hp_loss":0.0,"gold_gain":0.0,"event_name":"Cursed Tome","player_choice":"Obtained Book","floor":29.0,"gold_loss":0.0,"damage_taken":16.0},{"damage_healed":0.0,"max_hp_gain":0.0,"max_hp_loss":0.0,"gold_gain":0.0,"event_name":"Winding Halls","player_choice":"Embrace Madness","floor":37.0,"gold_loss":0.0,"damage_taken":10.0,"cards_obtained":["Madness","Madness"]},{"damage_healed":0.0,"max_hp_gain":0.0,"max_hp_loss":0.0,"gold_gain":222.0,"event_name":"Tomb of Lord Red Mask","player_choice":"Wore Mask","floor":38.0,"gold_loss":0.0,"damage_taken":0.0},{"damage_healed":0.0,"max_hp_gain":0.0,"max_hp_loss":0.0,"gold_gain":0.0,"event_name":"Mysterious Sphere","player_choice":"Ignored","floor":39.0,"gold_loss":0.0,"damage_taken":0.0},{"damage_healed":0.0,"max_hp_gain":0.0,"max_hp_loss":0.0,"gold_gain":0.0,"event_name":"SensoryStone","player_choice":"Memory 1","floor":45.0,"gold_loss":0.0,"damage_taken":0.0}],"is_beta":false,"boss_relics":[{"not_picked":["SacredBark","Empty Cage"],"picked":"Sozu"},{"not_picked":["Snecko Eye","Mark of Pain"],"picked":"Fusion Hammer"}],"items_purged_floors":[22,28],"is_endless":false,"potions_floor_spawned":[3,5,11,12,19,24,35,40,48],"ascension_level":2}}