{"host":"1bf4lopb4xlrny0j","time":1611907824,"event":{"mods":["100% Spire Juice","Act Like it!","Aspiration","Astrologer","Bard","BaseMod","CapriCore","Chen","Colored Powertips","Gensokyo","Hubris","Koishi","Marisa£®ÏF”Í°°ƒß¿Ì…≥£©","Minty Spire (QoL Compilation)","Pale of the Ancients","Reimu£®≤©¿ˆ¡È√Œ£©","Remilia£®¿Ÿ√◊¿Ú—«£©","Spicy Shops","StSLib","The Administrix","The Gatherer","The Immortal","The Mystic","The Runesmith","The Servant 0.9.4","Yakumo Yukari mod","Youmu£®ªÍ∆«—˝√Œ£©","Yuyuko"],"gold_per_floor":[116,116,131,141,141,141,176,192,192,192,36,36,64,82,82,180,180,200,213,224,238,252,282,282,299,353,380,380,260,41,51,51,151,151,162,178,178,189,203,229,229,229,229,262,285,50,65,80,80,80,93,113,113,162,162,173,173,19,19,19],"floor_reached":61,"language":"ZHS","playtime":3046,"items_purged":["Runesmith:Strike_RS"],"score":1486,"play_id":"44f09d81-244f-4cc3-b8f4-2042916bfdbd","local_time":"20210129161024","is_ascension_mode":false,"campfire_choices":[{"data":"Runesmith:UnstableHammer","floor":6.0,"key":"SMITH"},{"data":"Runesmith:HeatExchange","floor":10.0,"key":"SMITH"},{"data":"Runesmith:MetallurgicalResearch","floor":15.0,"key":"SMITH"},{"floor":24.0,"key":"REST"},{"floor":32,"key":"REST"},{"floor":41,"key":"REST"},{"floor":49,"key":"REST"},{"floor":55,"key":"RECALL"},{"floor":57,"key":"REST"}],"circlet_count":0,"master_deck":["Runesmith:Strike_RS","Runesmith:Strike_RS","Runesmith:Strike_RS","Runesmith:Defend_RS","Runesmith:Defend_RS","Runesmith:Defend_RS","Runesmith:Defend_RS","Runesmith:CraftFirestone","Runesmith:Fortify","Runesmith:ChiselStab","Runesmith:OneForEveryone","Runesmith:UnstableHammer+1","Runesmith:HammerAndChisel","Runesmith:HeatExchange+1","Runesmith:OneForEveryone","Runesmith:MetallurgicalResearch+1","Runesmith:EnergizedChisel","Runesmith:UnstableHammer","Runesmith:Firestorm+1"],"relics":["Runesmith:BrokenRuby","NeowsBlessing","Pear","Potion Belt","hubris:Reverence","hubris:Towel","hubris:MysteriousPyramids","Fusion Hammer","Ornamental Fan","Oddly Smooth Stone","Pen Nib","Gensokyo:SpiderMask","Lantern","aspiration:Lifesprig","Busted Crown","StrikeDummy","hubris:PeanutButter","Blood Vial","Toy Ornithopter","Membership Card","hubris:EmptyBottle","paleoftheancients:Timepiece","paleoftheancients:KeyRelic","Spirit Poop","paleoftheancients:SoulOfTheIroncluck","Runesmith:AutoHammer","Happy Flower","Strawberry"],"acts_visited":["Gensokyo:Gensokyo","Gensokyo:Gensokyoer","Gensokyo:Gensokyoest","paleoftheancients:PaleOfTheAncients"],"potions_floor_usage":[33,51,52,60,60,60,60,60,60,60,60],"damage_taken":[{"damage":0.0,"enemies":"Gensokyo:Python","floor":1.0,"turns":1.0},{"damage":0.0,"enemies":"Gensokyo:Gryphon","floor":3.0,"turns":1.0},{"damage":0.0,"enemies":"Gensokyo:2_Kodama","floor":4.0,"turns":2.0},{"damage":18.0,"enemies":"Gensokyo:Aya","floor":7.0,"turns":5.0},{"damage":0.0,"enemies":"Gensokyo:LivingMonolith","floor":8.0,"turns":2.0},{"damage":11.0,"enemies":"Gensokyo:Mamizou","floor":13.0,"turns":7.0},{"damage":0.0,"enemies":"Gensokyo:Gryphon_and_Rabbit","floor":14.0,"turns":3.0},{"damage":16.0,"enemies":"Gensokyo:Kokoro","floor":16.0,"turns":6.0},{"damage":9.0,"enemies":"Gensokyo:AngelMirror","floor":18.0,"turns":3.0},{"damage":0.0,"enemies":"Gensokyo:CosmicMonolith","floor":19.0,"turns":3.0},{"damage":0.0,"enemies":"Gensokyo:Chomper_and_Gloop","floor":20.0,"turns":2.0},{"damage":7.0,"enemies":"Gensokyo:Wraith","floor":21.0,"turns":5.0},{"damage":0.0,"enemies":"Gensokyo:3_Gloops","floor":22.0,"turns":3.0},{"damage":21.0,"enemies":"Gensokyo:Reisen","floor":23.0,"turns":5.0},{"damage":11,"enemies":"Gensokyo:Chomper_and_Gloop","floor":25,"turns":4},{"damage":14,"enemies":"Gensokyo:Tenshi","floor":27,"turns":3},{"damage":1,"enemies":"Gensokyo:Slime_Group","floor":31,"turns":3},{"damage":8,"enemies":"Gensokyo:Eternal_Rivals","floor":33,"turns":8},{"damage":0,"enemies":"Gensokyo:AncientGuardian","floor":35,"turns":4},{"damage":9,"enemies":"Gensokyo:3_Boulders","floor":36,"turns":4},{"damage":2,"enemies":"Gensokyo:Rafflesia","floor":38,"turns":4},{"damage":0,"enemies":"Gensokyo:AtlasGolem","floor":39,"turns":4},{"damage":9,"enemies":"Gensokyo:Kasen","floor":40,"turns":5},{"damage":9,"enemies":"Gensokyo:Marisa","floor":44,"turns":4},{"damage":0,"enemies":"Gensokyo:SeedOfUnknown","floor":47,"turns":3},{"damage":0,"enemies":"Gensokyo:4_Bats","floor":48,"turns":3},{"damage":0,"enemies":"Gensokyo:Yuyuko","floor":50,"turns":8},{"damage":0,"enemies":"Gensokyo:Yuyuko","floor":51,"turns":11},{"damage":0,"enemies":"Gensokyo:Yuyuko","floor":52,"turns":3},{"damage":0,"enemies":"Gensokyo:Yuyuko","floor":56,"turns":4},{"damage":69,"enemies":"paleoftheancients:N","floor":60,"turns":5}],"seed_played":"-4128370177585968839","potions_obtained":[{"floor":1.0,"key":"Block Potion"},{"floor":3.0,"key":"Fire Potion"},{"floor":7.0,"key":"LiquidBronze"},{"floor":14.0,"key":"Swift Potion"},{"floor":16.0,"key":"Dexterity Potion"},{"floor":20.0,"key":"Fire Potion"},{"floor":21.0,"key":"Regen Potion"},{"floor":38,"key":"DuplicationPotion"},{"floor":52,"key":"Strength Potion"}],"is_trial":false,"path_per_floor":["M","?","M","M","?","R","E","M","T","R","$","?","E","M","R","B",null,"M","M","M","M","M","E","R","M","T","E","COS","?","$","M","R","B",null,"M","M","?","M","M","E","R","?","T","E","T","$","M","M","R","B","M","M","T","T","R","M","R","$","?","B",null],"character_chosen":"RUNESMITH_CLASS","items_purchased":["Runesmith:OneForEveryone","Lantern","aspiration:Lifesprig","Membership Card","hubris:EmptyBottle","Happy Flower","Strawberry"],"campfire_rested":5,"item_purchase_floors":[11,30,30,46,46,58,58],"current_hp_per_floor":[70,65,65,65,73,73,55,55,55,55,55,55,44,44,44,28,80,71,71,71,64,64,43,67,56,56,42,42,42,42,41,65,57,80,80,71,71,69,69,60,80,80,80,71,71,71,73,75,80,80,80,80,80,80,80,80,80,87,87,68],"gold":19,"neow_bonus":"THREE_ENEMY_KILL","is_daily":false,"chose_seed":false,"campfire_upgraded":3,"win_rate":0.0,"timestamp":1611907824,"path_taken":["M","?","M","M","?","R","E","?","T","R","$","?","E","M","R","BOSS","M","M","M","M","M","E","R","M","T","E","COS","?","$","M","R","BOSS","M","M","?","M","M","E","R","?","T","E","?","$","?","M","R","BOSS","M","M","?","T","R","M","R","$","?","BOSS"],"items_purchased_type":["Card","Relic","Relic","Relic","Relic","Relic","Relic"],"build_version":"2020-12-22","purchased_purges":1,"victory":true,"max_hp_per_floor":[70,80,80,80,80,80,80,80,80,80,80,80,80,80,80,80,80,80,80,80,80,80,80,80,80,80,80,80,80,80,80,80,80,80,80,80,80,80,80,80,80,80,80,80,80,80,80,80,80,80,80,80,80,80,80,80,80,87,87,87],"card_choices":[{"not_picked":["Runesmith:Attraction","Runesmith:Prism"],"picked":"Runesmith:ChiselStab","floor":1.0},{"not_picked":["Runesmith:CraftObretio","Runesmith:CraftProtectio"],"picked":"Runesmith:OneForEveryone","floor":3.0},{"not_picked":["Runesmith:Permafrost","Runesmith:EnergizedChisel"],"picked":"Runesmith:UnstableHammer","floor":4.0},{"not_picked":["Runesmith:CraftProtectio","Runesmith:Discharge"],"picked":"Runesmith:HammerAndChisel","floor":7.0},{"not_picked":["Runesmith:Empowerment","Runesmith:ChiselStab"],"picked":"Runesmith:HeatExchange","floor":8.0},{"not_picked":["Runesmith:CraftSpiculum","Runesmith:ChiselStab","Runesmith:HeatExchange"],"picked":"SKIP","floor":13.0},{"not_picked":["Runesmith:Retool","Runesmith:Overpower"],"picked":"Runesmith:MetallurgicalResearch","floor":14.0},{"not_picked":["Runesmith:ChiselStab","Runesmith:Reinforce"],"picked":"Runesmith:EnergizedChisel","floor":18.0},{"not_picked":["Runesmith:HammerAndChisel","Runesmith:ChargedHammer","Runesmith:HeatExchange"],"picked":"SKIP","floor":19.0},{"not_picked":["Runesmith:Permafrost","Runesmith:BackupBattery","Runesmith:HeatExchange"],"picked":"SKIP","floor":20.0},{"not_picked":["Runesmith:CraftPrismatica","Runesmith:Grindstone"],"picked":"Runesmith:UnstableHammer","floor":21.0},{"not_picked":["Runesmith:CraftProtectio","Runesmith:CraftMagma","Runesmith:Repurpose"],"picked":"SKIP","floor":22.0},{"not_picked":["Runesmith:ShiftingStrike","Runesmith:StaticCage","Runesmith:CraftMagma"],"picked":"SKIP","floor":23.0},{"not_picked":["Runesmith:ShiftingStrike","Runesmith:GoWithTheFlow+1","Runesmith:Empowerment"],"picked":"SKIP","floor":25},{"not_picked":["Runesmith:HammerThrow+1","Runesmith:OneForEveryone","Runesmith:HammerAndChisel"],"picked":"SKIP","floor":27},{"not_picked":["Runesmith:PerfectChisel+1","Runesmith:Refine+1","aspiration:UnbridledHammer"],"picked":"SKIP","floor":31},{"not_picked":["Runesmith:ChiselStab+1"],"picked":"SKIP","floor":35},{"not_picked":["Runesmith:CraftProtectio"],"picked":"SKIP","floor":36},{"not_picked":["Runesmith:Overpower+1"],"picked":"SKIP","floor":38},{"not_picked":["Runesmith:HammerThrow"],"picked":"SKIP","floor":39},{"not_picked":["Runesmith:MakeshiftArmor"],"picked":"SKIP","floor":40},{"not_picked":["Runesmith:Grindstone"],"picked":"SKIP","floor":44},{"not_picked":["Runesmith:UnstableHammer+1"],"picked":"SKIP","floor":47},{"not_picked":["Runesmith:FieryHammer+1"],"picked":"SKIP","floor":48},{"not_picked":["Runesmith:MakeshiftArmor+1"],"picked":"SKIP","floor":51},{"not_picked":["Runesmith:EnergizedChisel+1"],"picked":"SKIP","floor":52},{"not_picked":[],"picked":"Runesmith:Firestorm+1","floor":56}],"player_experience":283682,"relics_obtained":[{"floor":7.0,"key":"Potion Belt"},{"floor":9.0,"key":"hubris:Reverence"},{"floor":13.0,"key":"hubris:MysteriousPyramids"},{"floor":23.0,"key":"Ornamental Fan"},{"floor":26,"key":"Oddly Smooth Stone"},{"floor":27,"key":"Pen Nib"},{"floor":40,"key":"StrikeDummy"},{"floor":43,"key":"hubris:PeanutButter"},{"floor":44,"key":"Blood Vial"},{"floor":45,"key":"Toy Ornithopter"},{"floor":51,"key":"paleoftheancients:SoulOfTheIroncluck"},{"floor":52,"key":"paleoftheancients:SoulOfTheGuardian"},{"floor":54,"key":"Runesmith:AutoHammer"}],"event_choices":[],"is_beta":false,"boss_relics":[{"not_picked":["RedLine:ReiMu","aspiration:RunicSpoon"],"picked":"Fusion Hammer"},{"not_picked":["hubris:HollowSoul","aspiration:BardSkillbook"],"picked":"Busted Crown"}],"items_purged_floors":[11],"is_endless":false,"potions_floor_spawned":[1,3,7,14,16,20,21,25,27,38,44,47,48,52,56],"ascension_level":0}}