{"host":"szp1d6dso4pv7ddl","time":1611883012,"event":{"mods":["AchievementEnabler","Alarm Clock","BaseMod","Bestiary","Block Reminder","Colored Map","Colored Powertips","Curses Come First","Dark Map","Displayed Cursed Tome","Highlight Path","Minty Spire (QoL Compilation)","Permanent Neow","Quick Restart","Relic Sorter","Relic Stats","StSLib","Synergy Search"],"gold_per_floor":[117,117,132,207,227,227,152,152,229,241,36,56,76,105,105,105,105],"floor_reached":16,"language":"ENG","playtime":475,"items_purged":["Strike_B","Strike_B"],"score":92,"play_id":"c2589e03-f02f-44a6-9e20-3fd444b5a89f","local_time":"20210128171652","is_ascension_mode":false,"campfire_choices":[{"data":"Zap","floor":6,"key":"SMITH"},{"data":"Defend_B","floor":8,"key":"SMITH"},{"data":"Dualcast","floor":15,"key":"SMITH"}],"circlet_count":0,"master_deck":["Strike_B","Strike_B","Defend_B+1","Defend_B","Defend_B","Zap+1","Dualcast+1","Rebound"],"relics":["Sozu","Symbiotic Virus","Membership Card","Odd Mushroom"],"acts_visited":["Exordium"],"potions_floor_usage":[],"damage_taken":[{"damage":3,"enemies":"2 Louse","floor":1,"turns":3},{"damage":10,"enemies":"Small Slimes","floor":3,"turns":3},{"damage":1,"enemies":"Cultist","floor":5,"turns":3},{"damage":5,"enemies":"Looter","floor":10,"turns":3},{"damage":6,"enemies":"Large Slime","floor":12,"turns":3},{"damage":0,"enemies":"Lots of Slimes","floor":13,"turns":3},{"damage":2,"enemies":"The Mushroom Lair","floor":14,"turns":4},{"damage":14,"enemies":"The Guardian","floor":16,"turns":3}],"seed_played":"4705737638816338687","potions_obtained":[],"is_trial":false,"path_per_floor":["M","?","M","?","M","R","$","R","T","M","$","M","M","?","R","B"],"character_chosen":"DEFECT","items_purchased":["Membership Card"],"campfire_rested":0,"item_purchase_floors":[11],"current_hp_per_floor":[72,72,62,55,54,54,54,54,54,49,49,43,43,41,41,27,27],"gold":105,"neow_bonus":"BOSS_RELIC","is_daily":false,"chose_seed":false,"campfire_upgraded":3,"win_rate":0.0,"timestamp":1611883012,"path_taken":["M","?","M","?","M","R","$","R","T","M","$","M","?","?","R","BOSS"],"items_purchased_type":["Relic"],"build_version":"2020-12-22","purchased_purges":2,"victory":false,"max_hp_per_floor":[75,75,75,75,75,75,75,75,75,75,75,75,75,75,75,75,75],"relic_stats":{"Sozu":3,"counters":[8,25],"obtain_stats":[{"Sozu":0,"Membership Card":11,"Odd Mushroom":14,"Cracked Core":0,"Symbiotic Virus":9},{"Sozu":0,"Membership Card":4,"Odd Mushroom":7,"Cracked Core":0,"Symbiotic Virus":3},{"Sozu":0,"Membership Card":12,"Odd Mushroom":22,"Cracked Core":0,"Symbiotic Virus":9}]},"card_choices":[{"not_picked":["Redo","Barrage","Capacitor"],"picked":"SKIP","floor":1},{"not_picked":["Heatsinks","Barrage","Genetic Algorithm"],"picked":"SKIP","floor":3},{"not_picked":["Fusion","Scrape","Reinforced Body"],"picked":"SKIP","floor":5},{"not_picked":["Aggregate","Streamline","Fusion"],"picked":"SKIP","floor":10},{"not_picked":["Scrape","Cold Snap","Stack"],"picked":"SKIP","floor":12},{"not_picked":["Turbo","Go for the Eyes","Storm"],"picked":"SKIP","floor":13}],"player_experience":1305697,"relics_obtained":[{"floor":9,"key":"Symbiotic Virus"},{"floor":14,"key":"Odd Mushroom"}],"event_choices":[{"damage_healed":0,"gold_gain":0,"cards_transformed":["Defend_B"],"player_choice":"Change","damage_taken":0,"max_hp_gain":0,"max_hp_loss":0,"event_name":"Living Wall","floor":2,"gold_loss":0,"cards_obtained":["Rebound"]},{"damage_healed":0,"gold_gain":75,"player_choice":"Touch","damage_taken":7,"max_hp_gain":0,"max_hp_loss":0,"event_name":"FaceTrader","floor":4,"gold_loss":0},{"damage_healed":0,"gold_gain":0,"player_choice":"Fought Mushrooms","damage_taken":0,"max_hp_gain":0,"max_hp_loss":0,"event_name":"Mushrooms","floor":14,"gold_loss":0}],"is_beta":false,"boss_relics":[],"items_purged_floors":[7,11],"is_endless":false,"potions_floor_spawned":[3,5,10],"killed_by":"The Guardian","ascension_level":0}}