{"host":"kmq7aw60w430zvtx","time":1611923590,"event":{"mods":["BaseMod","Downfall","GifTheSpireLib","Hermit","Hubris","Minty Spire (QoL Compilation)","Reliquary","StSLib","The Construct","The Cursed","The Hierophant","The Jungle","The Necromancer","The Runesmith"],"gold_per_floor":[113,113,113,128,144,178,178,203,203,203,217,56,56,89,89,186,186,202,302,315,331,344,344,44,44,94,123,135,163,3,14,14,114,114,130,140,154,154,154,186,186,20,20,20,53,71,21,39,39,39,39,39,39,39,39],"floor_reached":54,"language":"ENG","playtime":3355,"items_purged":[],"score":962,"play_id":"b5dfdfc7-9b22-4a80-b115-b2f9da22dad2","local_time":"20210129133310","is_ascension_mode":true,"campfire_choices":[{"floor":7,"key":"RECALL"},{"data":"Havoc","floor":10,"key":"SMITH"},{"floor":13,"key":"REST"},{"data":"Armaments","floor":15,"key":"SMITH"},{"data":"Feel No Pain","floor":23,"key":"SMITH"},{"data":"Havoc","floor":25,"key":"SMITH"},{"data":"Armaments","floor":32,"key":"SMITH"},{"data":"Inflame","floor":41,"key":"SMITH"},{"data":"hubris:EnhanceAbility","floor":44,"key":"SMITH"},{"floor":49,"key":"REST"},{"data":"Feel No Pain","floor":52,"key":"SMITH"}],"circlet_count":0,"master_deck":["Defend_R","Defend_R","Defend_R","Bash","hubris:CleavingFinish","Flame Barrier","hubris:StunningStrike","Thunderclap","Havoc+1","Anger","Intimidate","Second Wind","Battle Trance","Carnage","Armaments+1","Intimidate","Offering","Feel No Pain+1","Havoc+1","Armaments+1","Inflame+1","Juggernaut+1","True Grit","Bite","Bite","Bite","Bite","Bite","Clothesline+1","Ghostly Armor","Impervious","Warcry","Anger","Rage","Havoc+1","hubris:EnhanceAbility+1","True Grit+1","Sentinel","Feel No Pain+1"],"relics":["Burning Blood","Bag of Marbles","Letter Opener","Oddly Smooth Stone","Toy Ornithopter","Philosopher\u0027s Stone","ClockworkSouvenir","Juzu Bracelet","MawBank","construct:ClawGrip","reliquary:BoilingFlask","Mercury Hourglass","reliquary:TatteredRug"],"acts_visited":["Exordium","TheCity","TheBeyond","TheEnding"],"potions_floor_usage":[6,8,14,22,27,31,33,33,40,45,50,50,50],"damage_taken":[{"damage":6,"enemies":"2 Louse","floor":1,"turns":3},{"damage":7,"enemies":"Small Slimes","floor":4,"turns":6},{"damage":1,"enemies":"Cultist","floor":5,"turns":3},{"damage":33,"enemies":"Gremlin Nob","floor":6,"turns":5},{"damage":15,"enemies":"Lagavulin","floor":8,"turns":4},{"damage":4,"enemies":"Red Slaver","floor":11,"turns":4},{"damage":3,"enemies":"3 Sentries","floor":14,"turns":8},{"damage":48,"enemies":"Hexaghost","floor":16,"turns":10},{"damage":14,"enemies":"2 Thieves","floor":18,"turns":3},{"damage":12,"enemies":"3 Byrds","floor":20,"turns":3},{"damage":26,"enemies":"Snake Plant","floor":21,"turns":5},{"damage":7,"enemies":"3 Cultists","floor":22,"turns":4},{"damage":48,"enemies":"Slavers","floor":27,"turns":4},{"damage":2,"enemies":"Snecko","floor":29,"turns":5},{"damage":15,"enemies":"Centurion and Healer","floor":31,"turns":7},{"damage":59,"enemies":"Automaton","floor":33,"turns":10},{"damage":30,"enemies":"3 Darklings","floor":35,"turns":5},{"damage":0,"enemies":"3 Shapes","floor":36,"turns":4},{"damage":6,"enemies":"Jaw Worm Horde","floor":37,"turns":4},{"damage":30,"enemies":"Nemesis","floor":40,"turns":8},{"damage":3,"enemies":"Reptomancer","floor":45,"turns":6},{"damage":13,"enemies":"4 Shapes","floor":46,"turns":3},{"damage":54,"enemies":"Transient","floor":48,"turns":5},{"damage":0,"enemies":"hubris:GrandSnecko","floor":50,"turns":14},{"damage":69,"enemies":"Shield and Spear","floor":54,"turns":6}],"seed_played":"1125959626566624156","potions_obtained":[{"floor":1,"key":"champ:CounterPotion"},{"floor":4,"key":"hexamod:SoulburnPotion"},{"floor":8,"key":"sneckomod:MuddlingPotion"},{"floor":11,"key":"SpeedPotion"},{"floor":18,"key":"Strength Potion"},{"floor":22,"key":"Guardian:BlockOnCardUsePotion"},{"floor":33,"key":"ElixirPotion"},{"floor":37,"key":"Strength Potion"},{"floor":38,"key":"CultistPotion"},{"floor":38,"key":"Fruit Juice"},{"floor":38,"key":"CultistPotion"},{"floor":40,"key":"BlessingOfTheForge"}],"is_trial":false,"path_per_floor":["M","?","?","M","M","E","R","E","T","R","M","$","R","E","R","B",null,"M","?","M","M","M","R","$","R","T","E","?","M","$","M","R","B",null,"M","M","M","?","?","E","R","$","T","R","E","M","$","M","R","B",null,"R","$","E"],"character_chosen":"IRONCLAD","items_purchased":["Battle Trance","Carnage","Armaments","Juggernaut","ClockworkSouvenir","Regen Potion","Block Potion","AttackPotion","hubris:EnhanceAbility","Dexterity Potion"],"campfire_rested":2,"item_purchase_floors":[12,12,12,24,24,30,30,30,42,47],"current_hp_per_floor":[80,80,80,79,80,53,53,44,44,44,46,46,70,73,73,31,80,72,72,66,46,50,50,50,50,50,13,13,24,24,49,49,23,56,40,56,56,56,56,46,46,46,46,46,61,60,60,13,31,54,61,61,61,0,0],"gold":39,"neow_bonus":"RANDOM_COMMON_RELIC","is_daily":false,"chose_seed":false,"campfire_upgraded":8,"win_rate":0.0,"timestamp":1611923590,"path_taken":["M","?","?","M","M","E","R","E","T","R","?","?","R","E","R","BOSS","M","?","M","M","M","R","$","R","T","E","?","M","$","M","R","BOSS","M","M","M","?","?","E","R","$","T","R","E","M","$","M","R","BOSS","R","$","E"],"items_purchased_type":["Card","Card","Card","Card","Relic","Potion","Potion","Potion","Card","Potion"],"build_version":"2020-12-22","purchased_purges":0,"victory":false,"max_hp_per_floor":[80,80,80,80,80,80,80,80,80,80,80,80,80,80,80,80,80,80,80,80,80,80,80,80,80,80,80,56,56,56,56,56,56,56,56,56,56,56,56,61,61,61,61,61,61,61,61,61,61,61,61,61,61,61,61],"card_choices":[{"not_picked":["Uppercut","Burning Pact"],"picked":"hubris:CleavingFinish","floor":1},{"not_picked":["Burning Pact","Havoc"],"picked":"Thunderclap","floor":4},{"not_picked":["Heavy Blade","Whirlwind"],"picked":"Havoc","floor":5},{"not_picked":["Bludgeon","Wild Strike"],"picked":"Anger","floor":6},{"not_picked":["Warcry","Sentinel"],"picked":"Intimidate","floor":8},{"not_picked":["Whirlwind","Reckless Charge"],"picked":"Second Wind","floor":11},{"not_picked":["Combust","Blood for Blood"],"picked":"Intimidate","floor":14},{"not_picked":["Juggernaut","Brutality"],"picked":"Offering","floor":16},{"not_picked":["Cleave","Burning Pact"],"picked":"Feel No Pain","floor":18},{"not_picked":["Warcry","Sword Boomerang"],"picked":"Havoc","floor":20},{"not_picked":["Heavy Blade","Pommel Strike"],"picked":"Armaments","floor":21},{"not_picked":["Warcry","Wild Strike"],"picked":"Inflame","floor":22},{"not_picked":["Body Slam","Warcry"],"picked":"True Grit","floor":27},{"not_picked":["hubris:ReadiedAction","Warcry"],"picked":"Clothesline+1","floor":29},{"not_picked":["Reckless Charge","Thunderclap+1"],"picked":"Ghostly Armor","floor":31},{"not_picked":["Corruption","Double Tap"],"picked":"Impervious","floor":33},{"not_picked":["Blood for Blood","Clothesline"],"picked":"Warcry","floor":35},{"not_picked":["Armaments","Pommel Strike"],"picked":"Anger","floor":36},{"not_picked":["Blood for Blood","Exhume"],"picked":"Rage","floor":37},{"not_picked":["True Grit","hubris:ReadiedAction+1"],"picked":"Havoc+1","floor":40},{"not_picked":["Pummel+1","Pommel Strike"],"picked":"True Grit+1","floor":45},{"not_picked":["Fire Breathing+1","Iron Wave"],"picked":"Sentinel","floor":46},{"not_picked":["Thunderclap+1","hubris:ReadiedAction+1"],"picked":"Feel No Pain","floor":48}],"player_experience":318233,"relics_obtained":[{"floor":6,"key":"Letter Opener"},{"floor":8,"key":"Oddly Smooth Stone"},{"floor":14,"key":"Toy Ornithopter"},{"floor":26,"key":"Juzu Bracelet"},{"floor":27,"key":"MawBank"},{"floor":40,"key":"reliquary:BoilingFlask"},{"floor":43,"key":"Mercury Hourglass"},{"floor":45,"key":"reliquary:TatteredRug"}],"event_choices":[{"damage_healed":0,"gold_gain":0,"cards_transformed":["Strike_R"],"player_choice":"Change","damage_taken":0,"max_hp_gain":0,"max_hp_loss":0,"event_name":"Living Wall","floor":2,"gold_loss":0,"cards_obtained":["Flame Barrier"]},{"damage_healed":0,"gold_gain":0,"cards_transformed":["Defend_R"],"player_choice":"Transformed","damage_taken":0,"max_hp_gain":0,"max_hp_loss":0,"event_name":"Transmorgrifier","floor":3,"gold_loss":0,"cards_obtained":["hubris:StunningStrike"]},{"damage_healed":0,"gold_gain":100,"player_choice":"Pray","damage_taken":0,"max_hp_gain":0,"max_hp_loss":0,"event_name":"Golden Shrine","floor":19,"gold_loss":0},{"damage_healed":0,"gold_gain":0,"player_choice":"Became a vampire","damage_taken":0,"max_hp_gain":0,"max_hp_loss":24,"event_name":"Vampires","floor":28,"gold_loss":0,"cards_obtained":["Bite","Bite","Bite","Bite","Bite"]},{"damage_healed":0,"gold_gain":0,"player_choice":"Got Potions","damage_taken":0,"max_hp_gain":0,"max_hp_loss":0,"event_name":"Lab","floor":38,"gold_loss":0}],"is_beta":false,"boss_relics":[{"not_picked":["Black Star","Coffee Dripper"],"picked":"Philosopher\u0027s Stone"},{"not_picked":["SacredBark","Empty Cage"],"picked":"construct:ClawGrip"}],"items_purged_floors":[],"is_endless":false,"potions_floor_spawned":[1,4,8,11,18,22,33,37,40,48],"killed_by":"Shield and Spear","ascension_level":4}}