{"host":"amyouew1jj5rel7b","time":1611946980,"event":{"mods":["AchievementEnabler","Arknights The Spire","BaseMod","Better Altar","Better Match","Better Note","Better Skull","Better Third Choice","CapriCore","Minty Spire (QoL Compilation)","Permanent Neow","Spicy Shops","StSLib","SuperFastMode"],"gold_per_floor":[116,116,132,132,132,132,132,132,132,132,167,182,182,202,202,301,301,313,313,92,110,124,158,158,5,56,67,79,91,119,119,119,119,119],"floor_reached":33,"language":"KOR","playtime":1971,"items_purged":["ats:Strike G"],"score":285,"play_id":"3cd136f9-26ea-4a6f-8517-3c2350432592","local_time":"20210130040300","is_ascension_mode":false,"campfire_choices":[{"data":"ats:Emotion Absorption","floor":6,"key":"SMITH"},{"data":"Fiend Fire","floor":8,"key":"SMITH"},{"data":"ats:Sunburst","floor":10,"key":"SMITH"},{"data":"ats:Literary Storm","floor":15,"key":"SMITH"},{"floor":24,"key":"REST"},{"floor":32,"key":"REST"}],"circlet_count":0,"master_deck":["ats:Strike C","ats:Strike V","ats:Armor Crushing Shot","ats:Defend","ats:Defend","ats:Defend","ats:Defend","ats:Emotion Absorption+1","ats:Cat Scratch","Fiend Fire+1","ats:Sunburst+1","ats:Literary Storm+1","ats:Ignite","ats:LN2 Cannon","ats:Burning Ground","ats:Disruption Kick+1","ats:Support Order","ats:Very Hot Blade+1","ats:Volcano"],"relics":["ats:Sanity","Dead Branch","ats:Lavender","ats:Originium","Blood Vial","ats:Omniscience","Nloth\u0027s Gift","ats:Rhine Circuitry","Du-Vu Doll","Strange Spoon","Tiny Chest","Happy Flower"],"acts_visited":["Exordium","TheCity"],"potions_floor_usage":[16,23,30,30,30],"damage_taken":[{"damage":13,"enemies":"Jaw Worm","floor":1,"turns":5},{"damage":1,"enemies":"2 Louse","floor":3,"turns":3},{"damage":24,"enemies":"Lagavulin","floor":11,"turns":5},{"damage":4,"enemies":"Small Slimes","floor":12,"turns":3},{"damage":1,"enemies":"Blue Slaver","floor":14,"turns":3},{"damage":46,"enemies":"Slime Boss","floor":16,"turns":7},{"damage":0,"enemies":"Shell Parasite","floor":18,"turns":3},{"damage":7,"enemies":"Spheric Guardian","floor":21,"turns":4},{"damage":0,"enemies":"Snecko","floor":22,"turns":1},{"damage":63,"enemies":"Gremlin Leader","floor":23,"turns":6},{"damage":21,"enemies":"Centurion and Healer","floor":27,"turns":5},{"damage":22,"enemies":"3 Cultists","floor":28,"turns":4},{"damage":0,"enemies":"Chosen and Byrds","floor":29,"turns":4},{"damage":19,"enemies":"Book of Stabbing","floor":30,"turns":7},{"damage":59,"enemies":"Automaton","floor":33,"turns":8}],"seed_played":"3225375999065616818","potions_obtained":[{"floor":1,"key":"ats:Emergency Sanity Potion"},{"floor":11,"key":"EssenceOfSteel"},{"floor":12,"key":"SpeedPotion"},{"floor":14,"key":"Explosive Potion"},{"floor":18,"key":"Weak Potion"},{"floor":29,"key":"Dexterity Potion"}],"is_trial":false,"path_per_floor":["M","?","M","?","?","R","$","R","T","R","E","M","?","M","R","B",null,"M","?","$","M","M","E","R","$","T","M","M","M","E","?","R","B"],"character_chosen":"DOCTOR_CLASS","items_purchased":["ats:Rhine Circuitry","Strange Spoon"],"campfire_rested":2,"item_purchase_floors":[20,25],"current_hp_per_floor":[59,47,46,39,63,63,63,63,63,63,43,43,43,46,46,15,72,72,72,72,65,67,11,32,32,32,23,7,12,1,1,22,0,0],"gold":119,"neow_bonus":"ONE_RARE_RELIC","is_daily":false,"chose_seed":false,"campfire_upgraded":4,"win_rate":0.0,"timestamp":1611946980,"path_taken":["M","?","M","?","?","R","$","R","T","R","E","M","?","M","R","BOSS","M","?","$","?","M","E","R","?","T","M","M","M","E","?","R","BOSS"],"items_purchased_type":["Relic","Relic"],"build_version":"2020-12-22","purchased_purges":1,"victory":false,"max_hp_per_floor":[72,72,72,72,72,72,72,72,72,72,72,72,72,72,72,72,72,72,72,72,72,72,72,72,72,72,72,72,72,72,72,72,72,72],"card_choices":[{"not_picked":["ats:Charging Defense","ats:Very Hot Blade"],"picked":"ats:Cat Scratch","floor":1},{"not_picked":["ats:Magnetic Hammer","ats:Guard Mode"],"picked":"ats:Sunburst","floor":3},{"not_picked":["ats:Cat Scratch","ats:Burning Ground"],"picked":"ats:Literary Storm","floor":11},{"not_picked":["ats:Assault Order","ats:Soul Absorption"],"picked":"ats:Ignite","floor":12},{"not_picked":["ats:Guard Mode","ats:Red Shift"],"picked":"ats:Burning Ground","floor":14},{"not_picked":["ats:Shadow Assault","ats:Ambush"],"picked":"ats:Disruption Kick","floor":16},{"not_picked":["ats:Explosion Area Strengthen","ats:Cat Scratch+1"],"picked":"ats:Support Order","floor":18},{"not_picked":["ats:Healing Drone+1","ats:Support Order"],"picked":"ats:Very Hot Blade+1","floor":21},{"not_picked":["ats:Flexible Camouflage","ats:Chain Hook","ats:Neurotoxin+1"],"picked":"SKIP","floor":22},{"not_picked":["ats:Sashimi Platter","ats:Steam Pump"],"picked":"ats:Volcano","floor":23},{"not_picked":["ats:Support Order","ats:Neurotoxin","ats:Sword Rain"],"picked":"SKIP","floor":27},{"not_picked":["ats:Shell Defense","ats:Curse Doll+1","ats:LN2 Cannon"],"picked":"SKIP","floor":28},{"not_picked":["ats:Hammer On","ats:Beaten Up","ats:Consecutive Shot Auto"],"picked":"SKIP","floor":29},{"not_picked":["ats:Poison Spread","ats:Red Shift","ats:Roar Of Ursus"],"picked":"SKIP","floor":30}],"player_experience":258277,"relics_obtained":[{"floor":9,"key":"ats:Lavender"},{"floor":11,"key":"ats:Originium"},{"floor":11,"key":"Blood Vial"},{"floor":23,"key":"ats:Originium"},{"floor":23,"key":"Du-Vu Doll"},{"floor":26,"key":"Tiny Chest"},{"floor":30,"key":"ats:Originium"},{"floor":30,"key":"Happy Flower"}],"event_choices":[{"cards_removed":["Normality"],"damage_healed":0,"gold_gain":0,"player_choice":"Card Removal","damage_taken":7,"max_hp_gain":0,"max_hp_loss":0,"event_name":"Golden Wing","floor":4,"gold_loss":0},{"damage_healed":24,"gold_gain":0,"player_choice":"Banana","damage_taken":0,"max_hp_gain":0,"max_hp_loss":0,"event_name":"Big Fish","floor":5,"gold_loss":0},{"damage_healed":0,"gold_gain":0,"cards_transformed":["ats:Strike S"],"player_choice":"Change","damage_taken":0,"max_hp_gain":0,"max_hp_loss":0,"event_name":"Living Wall","floor":13,"gold_loss":0,"cards_obtained":["ats:LN2 Cannon"]},{"damage_healed":0,"gold_gain":0,"player_choice":"Traded Relic","damage_taken":0,"relics_obtained":["Nloth\u0027s Gift"],"max_hp_gain":0,"max_hp_loss":0,"event_name":"N\u0027loth","floor":19,"relics_lost":["Oddly Smooth Stone"],"gold_loss":0},{"damage_healed":0,"gold_gain":0,"player_choice":"Forge","damage_taken":0,"max_hp_gain":0,"max_hp_loss":0,"event_name":"Accursed Blacksmith","floor":31,"gold_loss":0,"cards_upgraded":["ats:Disruption Kick"]}],"is_beta":false,"boss_relics":[{"not_picked":["Black Star","Pandora\u0027s Box"],"picked":"ats:Omniscience"}],"items_purged_floors":[20],"is_endless":false,"potions_floor_spawned":[1,11,12,14,18,22,29],"killed_by":"Automaton","ascension_level":0}}