{"host":"vm3f1ccwgbs4oygt","time":1611913347,"event":{"mods":["BaseMod","BetterRewards","Colored Powertips","Minty Spire (QoL Compilation)","Permanent Neow","Shop Mod","StSLib"],"gold_per_floor":[111,211,230,243,253,253,283,283,308,338,350,350],"floor_reached":11,"language":"ENG","playtime":1329,"items_purged":[],"score":83,"play_id":"13cd9a90-d387-4afa-98ec-a49e4a883fc1","local_time":"20210129104227","is_ascension_mode":true,"campfire_choices":[{"data":"Envenom","floor":6,"key":"SMITH"},{"floor":8,"key":"REST"}],"circlet_count":0,"master_deck":["Strike_G","Strike_G","Strike_G","Strike_G","Strike_G","Defend_G","Defend_G","Defend_G","Defend_G","Defend_G","Survivor","Neutralize","Storm of Steel","Backflip","Footwork","Envenom+1","Accuracy","Outmaneuver","Cloak And Dagger"],"relics":["Ring of the Snake","Orichalcum","MawBank"],"acts_visited":["Exordium"],"potions_floor_usage":[],"damage_taken":[{"damage":6,"enemies":"Jaw Worm","floor":1,"turns":7},{"damage":1,"enemies":"Cultist","floor":3,"turns":4},{"damage":0,"enemies":"Small Slimes","floor":4,"turns":3},{"damage":13,"enemies":"Exordium Thugs","floor":5,"turns":6},{"damage":28,"enemies":"Lagavulin","floor":7,"turns":9},{"damage":26,"enemies":"Lots of Slimes","floor":10,"turns":9},{"damage":27,"enemies":"Gremlin Nob","floor":11,"turns":5}],"seed_played":"-3210937114478614928","potions_obtained":[{"floor":3,"key":"GamblersBrew"}],"is_trial":false,"path_per_floor":["M","?","M","M","M","R","E","R","T","M","E"],"character_chosen":"THE_SILENT","items_purchased":[],"campfire_rested":1,"item_purchase_floors":[],"current_hp_per_floor":[64,64,63,63,50,50,22,43,43,17,0,0],"gold":350,"neow_bonus":"ONE_RANDOM_RARE_CARD","is_daily":false,"chose_seed":false,"campfire_upgraded":1,"win_rate":0.0,"timestamp":1611913347,"path_taken":["M","?","M","?","M","R","E","R","T","M","E"],"items_purchased_type":[],"build_version":"2020-12-22","purchased_purges":0,"victory":false,"max_hp_per_floor":[70,70,70,70,70,70,70,70,70,70,70,70],"card_choices":[{"not_picked":["Bane","Sucker Punch"],"picked":"Backflip","floor":1},{"not_picked":["Choke","Skewer"],"picked":"Footwork","floor":3},{"not_picked":["Escape Plan","Blade Dance"],"picked":"Envenom","floor":4},{"not_picked":["Dagger Spray","Backflip"],"picked":"Accuracy","floor":5},{"not_picked":["Crippling Poison","Masterful Stab"],"picked":"Outmaneuver","floor":7},{"not_picked":["Flechettes","Catalyst"],"picked":"Cloak And Dagger","floor":10}],"player_experience":945821,"relics_obtained":[{"floor":7,"key":"Orichalcum"},{"floor":9,"key":"MawBank"}],"event_choices":[{"damage_healed":0,"gold_gain":100,"player_choice":"Pray","damage_taken":0,"max_hp_gain":0,"max_hp_loss":0,"event_name":"Golden Shrine","floor":2,"gold_loss":0}],"is_beta":false,"boss_relics":[],"items_purged_floors":[],"is_endless":false,"potions_floor_spawned":[3],"killed_by":"Gremlin Nob","ascension_level":2}}