{"host":"2qstd83ou5jzlfqv","time":1611892770,"event":{"mods":["BaseMod","Colored Powertips","Minty Spire (QoL Compilation)","Relic Stats"],"gold_per_floor":[115,190,200,39,56,82,82,111,111,111,111,130,130,158,158,263,263,280,280,300,313,8,8,8,8,8,50,66,86,107,133,133,246,246,268,288,3,27,45,45,74,83,83,104,116,160,160,70,70,70],"floor_reached":51,"language":"ENG","playtime":3703,"items_purged":["Strike_B"],"score":988,"play_id":"924fc073-0283-4678-b59d-8853a8640a92","local_time":"20210128195930","is_ascension_mode":true,"campfire_choices":[{"data":"Consume","floor":7,"key":"SMITH"},{"data":"Capacitor","floor":13,"key":"SMITH"},{"floor":15,"key":"REST"},{"data":"Echo Form","floor":23,"key":"SMITH"},{"data":"Reinforced Body","floor":25,"key":"SMITH"},{"floor":32,"key":"REST"},{"data":"Darkness","floor":40,"key":"SMITH"},{"data":"Capacitor","floor":47,"key":"SMITH"},{"data":"Coolheaded","floor":49,"key":"SMITH"}],"circlet_count":0,"master_deck":["Defend_B","Defend_B","Defend_B","Defend_B","Zap+1","Dualcast","Auto Shields+1","Cold Snap+1","Skim","Melter","Consume+1","Coolheaded+1","Capacitor+1","Reinforced Body+1","Echo Form+1","Conserve Battery+1","Consume+1","Hologram+1","Defragment","Coolheaded","Creative AI","Darkness+1","Doom and Gloom+1","Capacitor+1","Streamline+1","Bandage Up","Apotheosis","Sunder","Self Repair+1","Redo+1"],"relics":["Cracked Core","Lantern","Lizard Tail","Symbiotic Virus","Blood Vial","SlaversCollar","Lee\u0027s Waffle","Happy Flower","DataDisk","CeramicFish","StoneCalendar","Snecko Eye","Potion Belt","Frozen Egg 2","Eternal Feather","Orichalcum"],"acts_visited":["Exordium","TheCity","TheBeyond"],"potions_floor_usage":[8,12,16,20,20,21,27,28,41,41,41,41,44,45,45,46,50,50,50,50],"damage_taken":[{"damage":7,"enemies":"Jaw Worm","floor":1,"turns":5},{"damage":0,"enemies":"Small Slimes","floor":3,"turns":3},{"damage":0,"enemies":"2 Louse","floor":5,"turns":1},{"damage":16,"enemies":"Lagavulin","floor":6,"turns":7},{"damage":0,"enemies":"Gremlin Nob","floor":8,"turns":4},{"damage":5,"enemies":"Gremlin Gang","floor":12,"turns":5},{"damage":15,"enemies":"Lagavulin","floor":14,"turns":8},{"damage":13,"enemies":"Hexaghost","floor":16,"turns":10},{"damage":10,"enemies":"Chosen","floor":18,"turns":6},{"damage":35,"enemies":"3 Byrds","floor":20,"turns":9},{"damage":8,"enemies":"Centurion and Healer","floor":21,"turns":11},{"damage":22,"enemies":"Slavers","floor":27,"turns":8},{"damage":17,"enemies":"Snake Plant","floor":28,"turns":4},{"damage":6,"enemies":"Cultist and Chosen","floor":29,"turns":10},{"damage":24,"enemies":"Centurion and Healer","floor":30,"turns":8},{"damage":55,"enemies":"Gremlin Leader","floor":31,"turns":15},{"damage":19,"enemies":"Automaton","floor":33,"turns":15},{"damage":8,"enemies":"Orb Walker","floor":35,"turns":6},{"damage":2,"enemies":"3 Shapes","floor":36,"turns":7},{"damage":18,"enemies":"Maw","floor":38,"turns":10},{"damage":0,"enemies":"Reptomancer","floor":41,"turns":5},{"damage":11,"enemies":"3 Darklings","floor":44,"turns":5},{"damage":8,"enemies":"4 Shapes","floor":45,"turns":7},{"damage":1,"enemies":"Nemesis","floor":46,"turns":7},{"damage":13,"enemies":"Donu and Deca","floor":50,"turns":11}],"seed_played":"543670731968347403","potions_obtained":[{"floor":3,"key":"BlessingOfTheForge"},{"floor":6,"key":"Weak Potion"},{"floor":8,"key":"SkillPotion"},{"floor":12,"key":"Explosive Potion"},{"floor":16,"key":"Dexterity Potion"},{"floor":19,"key":"Block Potion"},{"floor":20,"key":"Energy Potion"},{"floor":21,"key":"Weak Potion"},{"floor":28,"key":"SteroidPotion"},{"floor":33,"key":"EntropicBrew"},{"floor":36,"key":"Explosive Potion"},{"floor":41,"key":"PowerPotion"},{"floor":44,"key":"EssenceOfSteel"},{"floor":45,"key":"SteroidPotion"},{"floor":46,"key":"Block Potion"}],"is_trial":false,"path_per_floor":["M","?","M","$","M","E","R","E","T","?","?","M","R","E","R","B",null,"M","?","M","M","$","R","?","R","T","E","M","M","M","E","R","B",null,"M","M","$","M","?","R","E","?","T","M","M","E","R","?","R","B",null],"character_chosen":"DEFECT","items_purchased":["Skim","Melter","Energy Potion","Lee\u0027s Waffle","Happy Flower","Capacitor","Potion Belt"],"campfire_rested":2,"item_purchase_floors":[4,4,4,22,22,37,37],"current_hp_per_floor":[68,57,57,57,57,41,41,41,41,46,30,25,25,10,34,23,66,58,58,25,19,87,87,87,87,87,65,50,46,24,16,42,25,72,66,66,66,50,45,45,53,53,53,48,64,79,87,87,87,87],"gold":70,"neow_bonus":"TRANSFORM_CARD","is_daily":false,"chose_seed":false,"campfire_upgraded":7,"win_rate":0.0,"timestamp":1611892770,"path_taken":["M","?","M","$","M","E","R","E","T","?","?","M","R","E","R","BOSS","M","?","?","M","$","R","?","R","T","E","?","M","M","E","R","BOSS","M","M","$","?","?","R","E","?","T","?","M","E","R","?","R","BOSS"],"items_purchased_type":["Card","Card","Potion","Relic","Relic","Card","Relic"],"build_version":"2020-12-22","purchased_purges":1,"victory":true,"max_hp_per_floor":[75,75,75,75,75,75,75,75,75,80,80,80,80,80,80,80,80,80,80,80,80,87,87,87,87,87,87,87,87,87,87,87,87,87,87,87,87,87,87,87,87,87,87,87,87,87,87,87,87,87],"relic_stats":{"Blood Vial":32,"Lizard Tail":43,"Lee\u0027s Waffle":68,"Happy Flower":[39],"counters":[25,187],"CeramicFish":117,"Snecko Eye":[104,103,103,114],"StoneCalendar":[279],"Eternal Feather":8,"Orichalcum":[6],"obtain_stats":[{"Potion Belt":37,"Lantern":6,"Lee\u0027s Waffle":22,"Happy Flower":22,"CeramicFish":27,"StoneCalendar":31,"Eternal Feather":43,"Frozen Egg 2":41,"Orichalcum":46,"Blood Vial":14,"SlaversCollar":17,"Lizard Tail":8,"DataDisk":26,"Snecko Eye":34,"Cracked Core":0,"Symbiotic Virus":9},{"Potion Belt":19,"Lantern":4,"Lee\u0027s Waffle":11,"Happy Flower":11,"CeramicFish":12,"StoneCalendar":16,"Eternal Feather":21,"Frozen Egg 2":21,"Orichalcum":24,"Blood Vial":7,"SlaversCollar":8,"Lizard Tail":5,"DataDisk":11,"Snecko Eye":17,"Cracked Core":0,"Symbiotic Virus":5},{"Potion Belt":142,"Lantern":16,"Lee\u0027s Waffle":69,"Happy Flower":69,"CeramicFish":77,"StoneCalendar":114,"Eternal Feather":157,"Frozen Egg 2":157,"Orichalcum":176,"Blood Vial":33,"SlaversCollar":43,"Lizard Tail":20,"DataDisk":69,"Snecko Eye":129,"Cracked Core":0,"Symbiotic Virus":20}]},"card_choices":[{"not_picked":["Sunder","Blizzard"],"picked":"Cold Snap","floor":1},{"not_picked":["Redo","Darkness","Turbo"],"picked":"SKIP","floor":3},{"not_picked":["Static Discharge","Cold Snap"],"picked":"Consume","floor":5},{"not_picked":["Storm","Heatsinks"],"picked":"Coolheaded","floor":6},{"not_picked":["Sunder","Rebound"],"picked":"Capacitor","floor":8},{"not_picked":["Force Field","Conserve Battery","Beam Cell"],"picked":"SKIP","floor":12},{"not_picked":["Sweeping Beam","Go for the Eyes"],"picked":"Reinforced Body","floor":14},{"not_picked":["Meteor Strike","Creative AI"],"picked":"Echo Form","floor":16},{"not_picked":["Skim+1","Redo","Heatsinks+1"],"picked":"SKIP","floor":18},{"not_picked":["Streamline","Recycle"],"picked":"Conserve Battery+1","floor":20},{"not_picked":["Cold Snap+1","Hello World","Hologram"],"picked":"SKIP","floor":21},{"not_picked":["Gash+1","Consume"],"picked":"Hologram+1","floor":27},{"not_picked":["Force Field","Compile Driver","Reprogram"],"picked":"SKIP","floor":28},{"not_picked":["Gash","Genetic Algorithm"],"picked":"Defragment","floor":29},{"not_picked":["Rainbow","Leap"],"picked":"Coolheaded","floor":30},{"not_picked":["Sweeping Beam","Ball Lightning","Barrage"],"picked":"SKIP","floor":31},{"not_picked":["Electrodynamics","Meteor Strike"],"picked":"Creative AI","floor":33},{"not_picked":["Auto Shields","Hologram+1"],"picked":"Darkness","floor":35},{"not_picked":["Glacier","Rebound"],"picked":"Doom and Gloom+1","floor":36},{"not_picked":["Beam Cell","Coolheaded+1"],"picked":"Streamline+1","floor":38},{"not_picked":["Sadistic Nature","Deep Breath"],"picked":"Bandage Up","floor":39},{"not_picked":["Deep Breath","Panacea"],"picked":"Apotheosis","floor":39},{"not_picked":["Sunder+1","Hello World+1","Streamline+1"],"picked":"SKIP","floor":41},{"not_picked":["Sunder+1","Hello World+1","Streamline+1"],"picked":"SKIP","floor":41},{"not_picked":["Reprogram","Sunder"],"picked":"Self Repair+1","floor":44},{"not_picked":["Force Field","FTL+1","Hologram+1"],"picked":"SKIP","floor":45},{"not_picked":["Hologram","Steam"],"picked":"Redo+1","floor":46}],"player_experience":379824,"relics_obtained":[{"floor":6,"key":"Lantern"},{"floor":8,"key":"Lizard Tail"},{"floor":9,"key":"Symbiotic Virus"},{"floor":14,"key":"Blood Vial"},{"floor":26,"key":"DataDisk"},{"floor":27,"key":"CeramicFish"},{"floor":31,"key":"StoneCalendar"},{"floor":41,"key":"Frozen Egg 2"},{"floor":43,"key":"Eternal Feather"},{"floor":46,"key":"Orichalcum"}],"event_choices":[{"damage_healed":0,"gold_gain":75,"player_choice":"Gather Gold","damage_taken":11,"max_hp_gain":0,"max_hp_loss":0,"event_name":"World of Goop","floor":2,"gold_loss":0},{"damage_healed":0,"gold_gain":0,"player_choice":"Donut","damage_taken":0,"max_hp_gain":5,"max_hp_loss":0,"event_name":"Big Fish","floor":10,"gold_loss":0},{"damage_healed":0,"gold_gain":0,"player_choice":"Entered Light","damage_taken":16,"max_hp_gain":0,"max_hp_loss":0,"event_name":"Shining Light","floor":11,"gold_loss":0,"cards_upgraded":["Auto Shields","Cold Snap"]},{"damage_healed":0,"gold_gain":0,"player_choice":"Got Potions","damage_taken":0,"max_hp_gain":0,"max_hp_loss":0,"event_name":"Lab","floor":19,"gold_loss":0},{"damage_healed":0,"gold_gain":0,"player_choice":"Copied","damage_taken":0,"max_hp_gain":0,"max_hp_loss":0,"event_name":"Duplicator","floor":24,"gold_loss":0,"cards_obtained":["Consume"]},{"damage_healed":0,"gold_gain":0,"player_choice":"Memory 2","damage_taken":5,"max_hp_gain":0,"max_hp_loss":0,"event_name":"SensoryStone","floor":39,"gold_loss":0},{"damage_healed":0,"gold_gain":0,"cards_transformed":["Strike_B"],"player_choice":"Transformed","damage_taken":0,"max_hp_gain":0,"max_hp_loss":0,"event_name":"Transmorgrifier","floor":42,"gold_loss":0,"cards_obtained":["Sunder"]},{"cards_removed":["Strike_B"],"damage_healed":0,"gold_gain":0,"player_choice":"Upgrade and Remove","damage_taken":0,"max_hp_gain":0,"max_hp_loss":0,"event_name":"Designer","floor":48,"gold_loss":90,"cards_upgraded":["Zap"]}],"is_beta":false,"boss_relics":[{"not_picked":["Ectoplasm","Pandora\u0027s Box"],"picked":"SlaversCollar"},{"not_picked":["Runic Pyramid","Astrolabe"],"picked":"Snecko Eye"}],"items_purged_floors":[37],"is_endless":false,"potions_floor_spawned":[3,6,8,12,16,20,21,28,33,36,41,44,45,46],"ascension_level":5}}