{"host":"w01zow3jg16g8jdh","time":1611927240,"event":{"mods":["AchievementEnabler","BaseMod","DeckTracker","Keyboard Shortcuts","Minty Spire (QoL Compilation)","Permanent Neow","StSLib","SuperFastMode"],"gold_per_floor":[112,112,130,142,158,192,192,192,192],"floor_reached":8,"language":"KOR","playtime":225,"items_purged":[],"score":116,"play_id":"64896fdb-ba8a-4dd6-b55e-db657661f7c3","local_time":"20210129223400","is_ascension_mode":true,"campfire_choices":[{"floor":7,"key":"REST"}],"circlet_count":0,"master_deck":["AscendersBane","Strike_G","Strike_G","Strike_G","Strike_G","Strike_G","Defend_G","Defend_G","Defend_G","Defend_G","Survivor","Neutralize","Tactician","Crippling Poison","Adrenaline","Deadly Poison","Dagger Spray"],"relics":["Ring of the Snake","Shovel"],"acts_visited":["Exordium"],"potions_floor_usage":[6,6],"damage_taken":[{"damage":9.0,"enemies":"Small Slimes","floor":1.0,"turns":4.0},{"damage":0.0,"enemies":"2 Louse","floor":3.0,"turns":3.0},{"damage":3.0,"enemies":"Cultist","floor":4.0,"turns":5.0},{"damage":11.0,"enemies":"Red Slaver","floor":5.0,"turns":6.0},{"damage":27,"enemies":"Gremlin Nob","floor":6,"turns":4},{"damage":30,"enemies":"Lagavulin","floor":8,"turns":6}],"seed_played":"-4692892709713819251","potions_obtained":[{"floor":0.0,"key":"Strength Potion"},{"floor":0.0,"key":"DuplicationPotion"}],"is_trial":false,"path_per_floor":["M","?","M","M","M","E","R","E"],"character_chosen":"THE_SILENT","items_purchased":[],"campfire_rested":1,"item_purchase_floors":[],"current_hp_per_floor":[50,43,43,40,29,2,21,0,0],"gold":192,"neow_bonus":"THREE_SMALL_POTIONS","is_daily":false,"chose_seed":false,"campfire_upgraded":0,"win_rate":0.0,"timestamp":1611927240,"path_taken":["M","?","M","M","M","E","R","E"],"items_purchased_type":[],"build_version":"2020-12-22","purchased_purges":0,"victory":false,"max_hp_per_floor":[66,66,66,66,66,66,66,66,66],"card_choices":[{"not_picked":["Acrobatics","Catalyst"],"picked":"Tactician","floor":1.0},{"not_picked":["Skewer","Backflip"],"picked":"Crippling Poison","floor":3.0},{"not_picked":["Deadly Poison","Poisoned Stab"],"picked":"Adrenaline","floor":4.0},{"not_picked":["Well Laid Plans","Quick Slash"],"picked":"Deadly Poison","floor":5.0},{"not_picked":["Prepared","Outmaneuver"],"picked":"Dagger Spray","floor":6}],"player_experience":337046,"relics_obtained":[{"floor":6,"key":"Shovel"}],"event_choices":[{"cards_removed":["Defend_G"],"damage_healed":0.0,"max_hp_gain":0.0,"max_hp_loss":0.0,"gold_gain":0.0,"event_name":"Golden Wing","player_choice":"Card Removal","floor":2.0,"gold_loss":0.0,"damage_taken":7.0}],"is_beta":false,"boss_relics":[],"items_purged_floors":[],"is_endless":false,"potions_floor_spawned":[3,5],"killed_by":"Lagavulin","ascension_level":20}}