{"host":"6jrnojxwearbrjzo","time":1611922492,"event":{"mods":["BaseMod","Conspire","Highlight Path","Marisa（F雨　魔理沙）","Minty Spire (QoL Compilation)","MostiFishMod","Quick Restart","Random Character Button","Shop Mod","Spicy Shops","StSLib","The Construct","The Servant 0.9.4","[功能]功能增强和修复MOD","篝火指南"],"gold_per_floor":[118,118,118,181,181,210,227,227,276,367,367,396,491,491,246,320,320,330,330,495,515,515,359,424,449,531,531,531],"floor_reached":27,"language":"ZHS","playtime":872,"items_purged":["Defend_G","Defend_G","Defend_G","Defend_G","Strike_G","Strike_G","Strike_G","Defend_G","Normality","Strike_G","Strike_G","Clumsy"],"score":649,"play_id":"bed597e8-c947-4046-8000-2e01b3a36062","local_time":"20210129201452","is_ascension_mode":true,"campfire_choices":[{"floor":8,"key":"REST"}],"circlet_count":0,"master_deck":["AscendersBane","Survivor+1","Neutralize+1","Dagger Spray+1","Concentrate+1","Blade Dance+1","Heel Hook","Cloak And Dagger+1","Accuracy+1","Finisher+1","Tactician+1","Acrobatics+1"],"relics":["DaveBox","DiscerningMonocle","BloodWine","SynthV:TestCard","Toxic Egg 2","Akabeko","Mummified Hand","TakeMeEscape","Medical Kit","construct:FoamFinger","Centennial Puzzle","MerchantsRug","ImprovedEquipment","Blood Vial","Bottled Lightning","conspire:Flyswatter","BirthdayGift-Tetrahedron","ChiLing","Chi","Ling","Kunai","Mercury Hourglass","MawBank","conspire:TreasureMap","Singing Bowl","SynthV","Meat on the Bone","Ninja Scroll","Paper Crane","Blue Candle","Toy Ornithopter","DianPoetry","Nunchaku","Toolbox","OneHitWonderSystem","MostiFishMod:Haymaker","BirthdayGift-Icosahedron","Art of War","Omamori","Bag of Marbles","Sling","White Beast Statue","Juzu Bracelet","construct:BoolHorns","Bronze Scales","PreservedInsect","TwistedFunnel","Technique","SynthV:C4","OriginationStaff","Sundial","Eternal Feather","Chemical X","Orrery","Potion Belt","HornCleat"],"acts_visited":["Exordium","TheCity"],"potions_floor_usage":[],"damage_taken":[{"damage":9,"enemies":"2 Louse","floor":1,"turns":3},{"damage":2,"enemies":"3 Sentries","floor":6,"turns":2},{"damage":0,"enemies":"Small Slimes","floor":7,"turns":1},{"damage":3,"enemies":"Lagavulin","floor":12,"turns":1},{"damage":5,"enemies":"Hexaghost","floor":16,"turns":2},{"damage":0,"enemies":"Shell Parasite","floor":18,"turns":1},{"damage":0,"enemies":"conspire:FuzzyDice","floor":21,"turns":1},{"damage":0,"enemies":"conspire:Head Lice","floor":25,"turns":1}],"seed_played":"4933312542326812832","potions_obtained":[{"floor":6,"key":"Explosive Potion"},{"floor":6,"key":"GamblersBrew"},{"floor":12,"key":"PowerPotion"},{"floor":16,"key":"FearPotion"},{"floor":18,"key":"Weak Potion"},{"floor":21,"key":"FearPotion"},{"floor":25,"key":"Block Potion"},{"floor":25,"key":"Block Potion"},{"floor":25,"key":"GamblersBrew"},{"floor":25,"key":"Swift Potion"}],"is_trial":false,"path_per_floor":["M","?","?","$","?","E","M","R","T","$","?","E","$","?","R","B",null,"M","?","$","M","?","R","$","E","T","?"],"character_chosen":"THE_SILENT","items_purchased":["Akabeko","Mummified Hand","TakeMeEscape","Medical Kit","construct:FoamFinger","Centennial Puzzle","Concentrate+1","Blade Dance+1","Heel Hook","CunningPotion","SkillPotion","MerchantsRug","EntropicBrew","Ancient Potion","Cloak And Dagger+1","Accuracy","Bottled Lightning","conspire:Flyswatter","BirthdayGift-Tetrahedron","ChiLing","Kunai","Mercury Hourglass","GamblersBrew","PowerPotion","SkillPotion","Swift Potion","MostiFishMod:JungleRules+1","conspire:TreasureMap","Singing Bowl","SynthV","Meat on the Bone","Ninja Scroll","Paper Crane","ColorlessPotion","Fire Potion","Weak Potion","SkillPotion","Blue Candle","Toy Ornithopter","DianPoetry","Nunchaku","Toolbox","Tactician+1","MostiFishMod:Haymaker","BirthdayGift-Icosahedron","Art of War","Omamori","Bag of Marbles","Sling","Ancient Potion","Weak Potion","GamblersBrew","Weak Potion","Juzu Bracelet","construct:BoolHorns","Bronze Scales","PreservedInsect","TwistedFunnel","Technique","DistilledChaos","Strength Potion","Swift Potion","GamblersBrew","SkillPotion","Poison Potion","Fire Potion","SynthV:C4","OriginationStaff","Sundial","Eternal Feather","Chemical X","Orrery","SpeedPotion"],"campfire_rested":1,"item_purchase_floors":[4,4,4,4,4,4,4,4,4,4,4,4,4,4,10,10,10,10,10,10,10,10,10,10,10,10,10,13,13,13,13,13,13,13,13,13,13,15,15,15,15,15,15,20,20,20,20,20,20,20,20,20,20,23,23,23,23,23,23,23,23,23,23,24,24,24,24,24,24,24,24,24,24],"current_hp_per_floor":[50,5,5,5,5,3,3,22,22,22,44,43,43,23,23,32,1,3,11,1,3,1,1,9,3,1,0,0],"gold":531,"neow_bonus":"BOSS_RELIC","is_daily":false,"chose_seed":false,"campfire_upgraded":0,"win_rate":0.0,"timestamp":1611922492,"path_taken":["M","?","?","$","?","E","?","R","T","$","?","E","?","?","R","BOSS","M","?","$","?","?","R","?","E","T","?"],"items_purchased_type":["Relic","Relic","Relic","Relic","Relic","Relic","Card","Card","Card","Potion","Potion","Relic","Potion","Potion","Card","Card","Relic","Relic","Relic","Relic","Relic","Relic","Potion","Potion","Potion","Potion","Card","Relic","Relic","Relic","Relic","Relic","Relic","Potion","Potion","Potion","Potion","Relic","Relic","Relic","Relic","Relic","Card","Relic","Relic","Relic","Relic","Relic","Relic","Potion","Potion","Potion","Potion","Relic","Relic","Relic","Relic","Relic","Relic","Potion","Potion","Potion","Potion","Potion","Potion","Potion","Relic","Relic","Relic","Relic","Relic","Relic","Potion"],"build_version":"2020-12-22","purchased_purges":12,"victory":false,"max_hp_per_floor":[66,66,66,66,66,66,66,66,66,66,66,66,66,66,66,66,1,3,11,1,3,1,1,9,3,1,1,1],"card_choices":[{"not_picked":["PiercingWail","Calculated Gamble"],"picked":"Dagger Spray","floor":1},{"not_picked":["Dodge and Roll+1","Dagger Spray","Blade Dance+1","Quick Slash"],"picked":"Dagger Throw","floor":6},{"not_picked":["Deadly Poison+1","Dagger Spray","Footwork","Glass Knife","Dodge and Roll+1"],"picked":"SKIP","floor":7},{"not_picked":["Bane","Poisoned Stab","MostiFishMod:ThornCasing","Footwork"],"picked":"Finisher","floor":12},{"not_picked":["Adrenaline+1","MostiFishMod:Listen+1","Night Terror+1","Doppelganger+1"],"picked":"MostiFishMod:FullyArmed+1","floor":16},{"not_picked":["conspire:PoisonWeapons+1","Dagger Spray","Outmaneuver+1","Sucker Punch","Choke"],"picked":"Singing Bowl","floor":18},{"not_picked":["Blur+1","MostiFishMod:ThornCasing","Leg Sweep+1","MostiFishMod:PerfectParry+1","Deflect+1"],"picked":"Singing Bowl","floor":21},{"not_picked":["Dodge and Roll+1","Blur+1","Backflip+1","Endless Agony","Malaise+1"],"picked":"Singing Bowl","floor":24},{"not_picked":["Crippling Poison+1","Poisoned Stab","Deflect+1","Sucker Punch+1","Dagger Spray"],"picked":"Singing Bowl","floor":24},{"not_picked":["Flechettes","Deadly Poison+1","Dodge and Roll+1","Dash"],"picked":"Acrobatics+1","floor":24},{"not_picked":["Prepared+1","Dash","Slice+1","Deflect+1","MostiFishMod:PerfectParry+1"],"picked":"Singing Bowl","floor":24},{"not_picked":["Backflip+1","Crippling Poison+1","Storm of Steel+1","PiercingWail+1","Acrobatics+1"],"picked":"Singing Bowl","floor":24},{"not_picked":["Prepared+1","Outmaneuver+1","All Out Attack","Bouncing Flask+1","MostiFishMod:PerfectParry+1"],"picked":"Singing Bowl","floor":25}],"player_experience":117807,"relics_obtained":[{"floor":1,"key":"SynthV:TestCard"},{"floor":6,"key":"ImprovedEquipment"},{"floor":9,"key":"Blood Vial"},{"floor":12,"key":"MawBank"},{"floor":25,"key":"Potion Belt"},{"floor":26,"key":"HornCleat"}],"event_choices":[{"damage_healed":0,"gold_gain":0,"player_choice":"Success","damage_taken":45,"relics_obtained":["Toxic Egg 2"],"max_hp_gain":0,"max_hp_loss":0,"event_name":"Scrap Ooze","floor":2,"gold_loss":0},{"damage_healed":0,"gold_gain":0,"player_choice":"Grow","damage_taken":0,"max_hp_gain":0,"max_hp_loss":0,"event_name":"Living Wall","floor":3,"gold_loss":0,"cards_upgraded":["Dagger Spray"]},{"damage_healed":0,"gold_gain":0,"player_choice":"Forge","damage_taken":0,"max_hp_gain":0,"max_hp_loss":0,"event_name":"Accursed Blacksmith","floor":5,"gold_loss":0,"cards_upgraded":["Neutralize"]},{"damage_healed":22,"gold_gain":0,"player_choice":"Banana","damage_taken":0,"max_hp_gain":0,"max_hp_loss":0,"event_name":"Big Fish","floor":11,"gold_loss":0},{"damage_healed":0,"gold_gain":0,"player_choice":"Entered Light","damage_taken":20,"max_hp_gain":0,"max_hp_loss":0,"event_name":"Shining Light","floor":14,"gold_loss":0,"cards_upgraded":["Survivor","Dagger Throw"]},{"cards_removed":["MostiFishMod:JungleRules"],"damage_healed":0,"gold_gain":0,"player_choice":"Offered Rare","damage_taken":0,"max_hp_gain":10,"max_hp_loss":0,"event_name":"Bonfire Elementals","floor":19,"gold_loss":0},{"cards_removed":["Dagger Throw"],"damage_healed":0,"gold_gain":0,"player_choice":"Gave Card","damage_taken":0,"relics_obtained":["White Beast Statue"],"max_hp_gain":0,"max_hp_loss":0,"event_name":"WeMeetAgain","floor":22,"gold_loss":0},{"damage_healed":0,"gold_gain":0,"player_choice":"Leave","damage_taken":0,"max_hp_gain":0,"max_hp_loss":0,"event_name":"conspire:Investor","floor":27,"gold_loss":0}],"is_beta":false,"boss_relics":[{"not_picked":["SacredBark","Philosopher\u0027s Stone"],"picked":"OneHitWonderSystem"}],"items_purged_floors":[4,4,4,4,4,4,4,4,10,10,10,13],"is_endless":false,"potions_floor_spawned":[6,6,12,16,16,18,21,25,25,25,25],"ascension_level":16}}