{"host":"moiuhynrbsbkjl64","time":1611914803,"event":{"mods":["2.2 Compatiblity","Act Like it!","Aspiration","BaseMod","Beaked The Cultist","Better Third Choice","BetterRewards","Challenge The Spire","Colored Powertips","Conspire","Downfall","Energized Spire","Fiend Mod","GifTheSpireLib","Googly Eyes","GungeonMod","Halation","Hallownest","Highlight Path","Hubris","Infinite Spire","Jedi Mod","Jorbs\u0027s Wanderer Trilogy","Mimic Mod","Minty Spire (QoL Compilation)","RRrroohrrRGHHhhh!!","RatMod","Replay The Spire","Retaliation","SCP261 Mod","Shop Mod","Small Relic Pack","Spicy Shops","Spikes Relics","StSLib","Stuff the Spire","TestMod","The Blackbeard","The Blue Laboratory","The Bug Knight","The Construct","The Disciple","The Jungle","The Mystic","The Necromancer","The Poker Player","The Runesmith","The Saiyan","The Servant 0.9.4","Waifu the Spire","Wandering Minibosses","everything is the same but u backflip on backflip","thorton","??????REMEMod","????"],"gold_per_floor":[119,132,132,132,132,132,62,62,86,118,137,170,220,220,73,183,183,198,198,200,218,242,242,242,262,262,262,284,78,107,47,47,155,155,180,198,198,198],"floor_reached":37,"language":"ENG","playtime":1972,"items_purged":["Skewer"],"score":495,"play_id":"567ef83e-0319-4c1e-9d15-085aa318f913","local_time":"20210129050643","is_ascension_mode":false,"campfire_choices":[{"data":"beaked:Tweet","floor":6,"key":"SMITH"},{"data":"beaked:BraceForImpact","floor":8,"key":"SMITH"},{"data":"Pot Of Greed","floor":23,"key":"SMITH"},{"floor":27,"key":"REST"},{"data":"beaked:Windmill","floor":32,"key":"SMITH"}],"circlet_count":0,"master_deck":["beaked:Strike_Y","beaked:Strike_Y","beaked:Strike_Y","beaked:Strike_Y","beaked:Strike_Y","beaked:Defend_Y","beaked:Defend_Y","beaked:Defend_Y","beaked:Defend_Y","beaked:Ceremony","beaked:Ceremony","beaked:Ceremony","beaked:Tweet+1","beaked:BraceForImpact+1","Pot Of Greed+1","Pot Of Greed","beaked:Struggle","beaked:Cower","beaked:DesperateSwing","beaked:BloodRitual","beaked:VolatileMisfortune","beaked:CursingBlood","beaked:Tweet+1","beaked:Evade","Pot Of Greed","beaked:DigDeep","beaked:Windmill+1","beaked:WarriorSpirit+1","beaked:Caw","beaked:CrazyRituals","beaked:Daydream+1","beaked:Strike_Y"],"relics":["beaked:MendingPlumage","testmod-TestBox","REME_ComplimentaryCards","testmod-TurbochargingSystem","Vajra","SCP261:SadistsTumblerRelic","Unceasing Top","StuffTheSpire:Mouthbags","halation:PinkSoulGem","hubris:Towel","Hallownest:StagBellRelic1","Grinning Jar","halation:OrihimeAndHikoboshiSamaAndTears","StuffTheSpire:Gunfinga","ReplayTheSpireMod:Ring of Addiction","Ring of Greed","Potion Belt","SacredBark","Smiling Mask","infinitespire:Midas Blood","MerchantsRug","testmod-Temperance","relicPack:AllForOne","Pen Nib","testmod-BalancedPeriapt","aspiration:Lifesprig","Strawberry","Cursed Key","DemoMod:GlassGuonStoneRelic","ChewingGum","Replay:Bottled Eggs"],"acts_visited":["Hallownest:Greenpath","Hallownest:CityofTears","Hallownest:KingdomsEdge"],"potions_floor_usage":[14,16,16,16,16,16,16,16,21,25,28,30,33,33,33,33,33,33,33,33,33,36],"damage_taken":[{"damage":2,"enemies":"Hallownest:2_MossCreeps","floor":1,"turns":4},{"damage":0,"enemies":"Hallownest:2_Baldur","floor":2,"turns":4},{"damage":8,"enemies":"Hallownest:eliteCrystalGuardian","floor":10,"turns":5},{"damage":2,"enemies":"Hallownest:monsterHuskGuard","floor":11,"turns":2},{"damage":2,"enemies":"Hallownest:eliteMossKnight","floor":12,"turns":5},{"damage":0,"enemies":"Hallownest:monsterAspidMother","floor":14,"turns":2},{"damage":30,"enemies":"Hallownest:BossBrokenVessel","floor":16,"turns":6},{"damage":0,"enemies":"Hallownest:Guard_and_Sentry","floor":18,"turns":2},{"damage":0,"enemies":"Hallownest:3_Youths","floor":21,"turns":6},{"damage":8,"enemies":"Hallownest:monsterShrumalOgre","floor":22,"turns":4},{"damage":30,"enemies":"Hallownest:Warrior_and_Youth","floor":25,"turns":4},{"damage":17,"enemies":"Hallownest:monsterMisterMushroom","floor":28,"turns":4},{"damage":4,"enemies":"Hallownest:Nosk","floor":30,"turns":5},{"damage":18,"enemies":"Hallownest:BossMantisLord","floor":33,"turns":8},{"damage":28,"enemies":"Hallownest:Shield_Heavy","floor":35,"turns":4},{"damage":1,"enemies":"Hallownest:2_Littles","floor":36,"turns":2}],"seed_played":"-3685792405673058770","potions_obtained":[{"floor":11,"key":"SCP261:SweetSwarmPotion"},{"floor":12,"key":"blueLaboratory:Moonshine"},{"floor":13,"key":"blueLaboratory:Moonshine"},{"floor":13,"key":"blueLaboratory:LouseDecoction"},{"floor":13,"key":"Energy Potion"},{"floor":16,"key":"SkillPotion"},{"floor":21,"key":"blueLaboratory:RememoryPotion"},{"floor":22,"key":"Weak Potion"},{"floor":25,"key":"ColorlessPotion"},{"floor":28,"key":"sneckomod:MuddlingPotion"},{"floor":35,"key":"blueLaboratory:FrostheartPotion"}],"is_trial":false,"path_per_floor":["M","M","?","$","?","R","?","R","T","E","M","E","?","M","R","B",null,"M","?","?","M","M","R","HB","M","T","R","M","R","E","$","R","B",null,"M","M","AVR"],"character_chosen":"BEAKED_THE_CULTIST","items_purchased":["Vajra","SCP261:SadistsTumblerRelic","StuffTheSpire:Mouthbags","MerchantsRug","aspiration:Lifesprig","DDmod:CleansePotion","beaked:WarriorSpirit+1"],"campfire_rested":1,"item_purchase_floors":[0,0,0,15,29,29,31],"current_hp_per_floor":[35,47,47,47,47,47,47,47,47,50,50,50,50,50,50,40,56,56,56,39,54,51,51,27,7,7,14,15,15,25,25,25,25,25,17,22,22,22],"gold":198,"neow_bonus":"","is_daily":false,"chose_seed":false,"campfire_upgraded":4,"win_rate":0.0,"timestamp":1611914803,"path_taken":["M","M","?","$","?","R","?","R","T","E","?","E","?","M","R","BOSS","M","?","?","M","M","R","HB","M","T","R","?","R","E","$","R","BOSS","M","M","AVR"],"items_purchased_type":["Relic","Relic","Relic","Relic","Relic","Potion","Card"],"build_version":"2020-12-22","purchased_purges":1,"victory":false,"max_hp_per_floor":[50,50,50,50,50,50,50,50,50,50,50,50,50,50,50,56,56,56,56,54,54,54,54,27,25,25,25,25,25,25,25,25,25,25,25,25,25,25],"card_choices":[{"not_picked":["beaked:Tradeoff","beaked:Hexing"],"picked":"beaked:Tweet","floor":1},{"not_picked":["beaked:StunningBlow","beaked:Resilience"],"picked":"beaked:BraceForImpact","floor":2},{"not_picked":["beaked:VigorBurst","beaked:Tweet"],"picked":"beaked:Struggle","floor":10},{"not_picked":["beaked:Poke","beaked:HuntressEssence"],"picked":"beaked:Cower","floor":11},{"not_picked":["beaked:CheekyTricks","beaked:MimicHuntress"],"picked":"beaked:DesperateSwing","floor":12},{"not_picked":["beaked:Struggle","beaked:Poke"],"picked":"beaked:BloodRitual","floor":14},{"not_picked":["beaked:Brainwash","beaked:DarkTribute"],"picked":"beaked:VolatileMisfortune","floor":16},{"not_picked":["beaked:Cower","beaked:MimicHuntress"],"picked":"beaked:CursingBlood","floor":18},{"not_picked":["beaked:MimicMachine","beaked:SurvivalInstinct+1"],"picked":"beaked:Tweet+1","floor":21},{"not_picked":["beaked:Tradeoff","beaked:Poke"],"picked":"beaked:Evade","floor":22},{"not_picked":["beaked:Insight+1","beaked:CursingBlood"],"picked":"beaked:DigDeep","floor":25},{"not_picked":["beaked:Tradeoff+1","beaked:Cower","beaked:DesperateSwing+1"],"picked":"SKIP","floor":28},{"not_picked":["beaked:MimicWarrior","beaked:SacrificialScars"],"picked":"beaked:Windmill","floor":30},{"not_picked":["beaked:Sacrifice","beaked:DarkPact"],"picked":"beaked:Caw","floor":33},{"not_picked":["beaked:Cower+1","beaked:MachineSpirit"],"picked":"beaked:CrazyRituals","floor":35},{"not_picked":["beaked:Tradeoff+1","beaked:Insight+1"],"picked":"beaked:Daydream+1","floor":36}],"player_experience":381908,"relics_obtained":[{"floor":9,"key":"Grinning Jar"},{"floor":10,"key":"halation:OrihimeAndHikoboshiSamaAndTears"},{"floor":12,"key":"StuffTheSpire:Gunfinga"},{"floor":13,"key":"ReplayTheSpireMod:Ring of Addiction"},{"floor":13,"key":"Ring of Greed"},{"floor":13,"key":"Potion Belt"},{"floor":13,"key":"SacredBark"},{"floor":13,"key":"Smiling Mask"},{"floor":13,"key":"infinitespire:Midas Blood"},{"floor":26,"key":"testmod-BalancedPeriapt"},{"floor":30,"key":"Strawberry"}],"event_choices":[],"is_beta":false,"boss_relics":[{"not_picked":["Snecko Eye","energizedSpire:EnergizedDie"],"picked":"testmod-Temperance"},{"not_picked":["aspiration:MobileForge","hubris:TerracottaHorce"],"picked":"Cursed Key"}],"items_purged_floors":[0],"is_endless":false,"potions_floor_spawned":[11,12,16,21,22,25,28,35],"ascension_level":0}}