{"host":"zk71suw73lg2r165","time":1611932603,"event":{"mods":["BaseMod","Colored Map","Minty Spire (QoL Compilation)","Permanent Neow","Relic Stats","StSLib"],"gold_per_floor":[10,30,44,62,81,81,116,116,140,140,140,173,188,29,29,125,125,146,146,39,57,77,77,91,91,91],"floor_reached":25,"language":"ENG","playtime":830,"items_purged":[],"score":470,"play_id":"de62b34c-9896-4f18-89ff-fd31474c6cff","local_time":"20210129100323","is_ascension_mode":true,"campfire_choices":[{"floor":6.0,"key":"REST"},{"floor":15.0,"key":"REST"}],"circlet_count":0,"master_deck":["AscendersBane","Strike_B","Strike_B","Strike_B","Defend_B","Defend_B","Defend_B","Defend_B","Zap","Dualcast","Static Discharge","Ball Lightning","BootSequence","Steam","Turbo","FTL","Skim","Creative AI","Leap","Compile Driver","Cold Snap","Self Repair","Thunder Strike","Storm","Doom and Gloom","Glacier","Chill"],"relics":["Cracked Core","Prayer Wheel","Pear","Akabeko","Golden Idol","MealTicket","Fusion Hammer","Bag of Preparation"],"acts_visited":["Exordium","TheCity"],"potions_floor_usage":[23,25],"damage_taken":[{"damage":4.0,"enemies":"Small Slimes","floor":1.0,"turns":4.0},{"damage":8.0,"enemies":"2 Louse","floor":2.0,"turns":2.0},{"damage":0.0,"enemies":"Jaw Worm","floor":3.0,"turns":3.0},{"damage":28.0,"enemies":"Exordium Thugs","floor":4.0,"turns":6.0},{"damage":9.0,"enemies":"Red Slaver","floor":5.0,"turns":3.0},{"damage":30.0,"enemies":"Lagavulin","floor":7.0,"turns":4.0},{"damage":34.0,"enemies":"3 Sentries","floor":12.0,"turns":7.0},{"damage":0.0,"enemies":"2 Fungi Beasts","floor":13.0,"turns":3.0},{"damage":27.0,"enemies":"Hexaghost","floor":16.0,"turns":9.0},{"damage":13.0,"enemies":"2 Thieves","floor":18.0,"turns":4.0},{"damage":19.0,"enemies":"3 Byrds","floor":21.0,"turns":3.0},{"damage":32.0,"enemies":"Shelled Parasite and Fungi","floor":22.0,"turns":6.0},{"damage":0,"enemies":"Slavers","floor":23,"turns":1},{"damage":6,"enemies":"Centurion and Healer","floor":24,"turns":7},{"damage":35,"enemies":"Cultist and Chosen","floor":25,"turns":3}],"seed_played":"-2951248332375836893","potions_obtained":[{"floor":1.0,"key":"Strength Potion"},{"floor":4.0,"key":"FocusPotion"},{"floor":16.0,"key":"ColorlessPotion"},{"floor":21.0,"key":"Explosive Potion"},{"floor":24,"key":"GamblersBrew"}],"is_trial":false,"path_per_floor":["M","M","M","M","M","R","E","?","T","?","?","E","M","$","R","B",null,"M","?","$","M","M","E","M","M"],"character_chosen":"DEFECT","items_purchased":["Self Repair","DistilledChaos","SmokeBomb"],"campfire_rested":2,"item_purchase_floors":[14,14,20],"current_hp_per_floor":[60,52,52,24,15,36,16,9,9,36,36,2,2,17,38,18,59,53,53,68,56,31,31,32,0,0],"gold":91,"neow_bonus":"ONE_RARE_RELIC","is_daily":false,"chose_seed":false,"campfire_upgraded":0,"win_rate":0.0,"timestamp":1611932603,"path_taken":["M","M","M","M","M","R","E","?","T","?","?","E","M","?","R","BOSS","M","?","?","M","?","E","M","M"],"items_purchased_type":["Card","Potion","Potion"],"build_version":"2020-12-22","purchased_purges":0,"victory":false,"max_hp_per_floor":[71,71,71,71,71,71,81,81,81,81,73,73,73,73,73,73,73,73,73,73,73,73,73,73,73,73],"relic_stats":{"counters":[15,65],"Golden Idol":53,"Prayer Wheel":10,"MealTicket":30,"Bag of Preparation":[10],"obtain_stats":[{"Pear":7,"Golden Idol":11,"Prayer Wheel":0,"MealTicket":12,"Fusion Hammer":17,"Bag of Preparation":19,"Cracked Core":0,"Akabeko":9},{"Pear":6,"Golden Idol":6,"Prayer Wheel":0,"MealTicket":7,"Fusion Hammer":9,"Bag of Preparation":10,"Cracked Core":0,"Akabeko":6},{"Pear":22,"Golden Idol":22,"Prayer Wheel":0,"MealTicket":29,"Fusion Hammer":41,"Bag of Preparation":45,"Cracked Core":0,"Akabeko":22}]},"card_choices":[{"not_picked":["Streamline","Steam"],"picked":"Static Discharge","floor":1.0},{"not_picked":["BootSequence","Go for the Eyes"],"picked":"Ball Lightning","floor":1.0},{"not_picked":["Rip and Tear","Gash"],"picked":"BootSequence","floor":2.0},{"not_picked":["Streamline","Recycle","Beam Cell"],"picked":"SKIP","floor":2.0},{"not_picked":["Auto Shields","Rebound"],"picked":"Steam","floor":3.0},{"not_picked":["Turbo","Storm","Steam"],"picked":"SKIP","floor":3.0},{"not_picked":["Storm","Steam"],"picked":"Turbo","floor":3.0},{"not_picked":["Redo","White Noise"],"picked":"FTL","floor":4.0},{"not_picked":["Gash","Reprogram"],"picked":"Skim","floor":4.0},{"not_picked":["Undo","Compile Driver"],"picked":"Creative AI","floor":5.0},{"not_picked":["Redo","Recycle","Beam Cell"],"picked":"SKIP","floor":5.0},{"not_picked":["Meteor Strike","Double Energy"],"picked":"Leap","floor":7.0},{"not_picked":["Sweeping Beam","Stack"],"picked":"Compile Driver","floor":12.0},{"not_picked":["Turbo","Compile Driver"],"picked":"Cold Snap","floor":13.0},{"not_picked":["Rebound","Double Energy","Ball Lightning"],"picked":"SKIP","floor":13.0},{"not_picked":["Multi-Cast","Rainbow"],"picked":"Thunder Strike","floor":16.0},{"not_picked":["Redo","Cold Snap"],"picked":"Storm","floor":18.0},{"not_picked":["Steam","Stack"],"picked":"Doom and Gloom","floor":18.0},{"not_picked":["Rebound","Hologram"],"picked":"Glacier","floor":21.0},{"not_picked":["Rebound","Turbo","Undo"],"picked":"SKIP","floor":21.0},{"not_picked":["Sweeping Beam","Recycle"],"picked":"Chill","floor":22.0},{"not_picked":["Static Discharge","Barrage","Gash+1"],"picked":"SKIP","floor":22.0},{"not_picked":["Go for the Eyes","Creative AI","Steam"],"picked":"SKIP","floor":24},{"not_picked":["Gash","Streamline","Barrage"],"picked":"SKIP","floor":24}],"player_experience":1416959,"relics_obtained":[{"floor":7.0,"key":"Pear"},{"floor":9.0,"key":"Akabeko"},{"floor":12.0,"key":"MealTicket"}],"event_choices":[{"cards_removed":["Strike_B"],"damage_healed":0.0,"max_hp_gain":0.0,"max_hp_loss":0.0,"gold_gain":0.0,"event_name":"Golden Wing","player_choice":"Card Removal","floor":8.0,"gold_loss":0.0,"damage_taken":7.0},{"damage_healed":27.0,"max_hp_gain":0.0,"max_hp_loss":0.0,"gold_gain":0.0,"event_name":"Big Fish","player_choice":"Banana","floor":10.0,"gold_loss":0.0,"damage_taken":0.0},{"damage_healed":0.0,"max_hp_gain":0.0,"max_hp_loss":8.0,"gold_gain":0.0,"event_name":"Golden Idol","player_choice":"Lose Max HP","floor":11.0,"gold_loss":0.0,"damage_taken":0.0,"relics_obtained":["Golden Idol"]},{"damage_healed":0.0,"max_hp_gain":0.0,"max_hp_loss":0.0,"gold_gain":0.0,"event_name":"WeMeetAgain","player_choice":"Gave Potion","floor":19.0,"gold_loss":0.0,"damage_taken":0.0,"relics_obtained":["Bag of Preparation"]}],"is_beta":false,"boss_relics":[{"not_picked":["FrozenCore","Astrolabe"],"picked":"Fusion Hammer"}],"items_purged_floors":[],"is_endless":false,"potions_floor_spawned":[1,4,5,16,21,24],"killed_by":"Cultist and Chosen","ascension_level":20}}