{"host":"r428wgyz1934czl7","time":1611918539,"event":{"mods":["100% Spire Juice","2.2 Compatiblity","Act Like it!","Aspiration","Bard","BaseMod","Beaked The Cultist","Bestiary","Better Altar","Better Match","Better Note","Better Sensory Stone","Better Skull","Better Third Choice","CCEM2","CapriCore","Conspire","Displayed Cursed Tome","Duelist Mod","Elementarium","Gensokyo","GifTheSpireLib","Hubris","Infinite Spire","Jedi Mod","Jorbs\u0027s Wanderer Trilogy","Menagerie","Minty Spire (QoL Compilation)","Permanent Neow","Prisma Mod","Reliquary","Replay The Spire","Robot Space Explorer","Spicy Shops","Spire Arcade","StSLib","Stuff the Spire","The Alterego","The Animator","The Dragon Tamer","The Gatherer","The Immortal","The Marked","The Poker Player","WarShipGirlsR/??¤Ö¤kR mod"],"gold_per_floor":[117,130,150,75,86,115,115,129,202,218,218,218,218,238,238,339,339,352,367,367,367,367,367,378,378,428,678,678,703,703,715,715,817,817,832,832,849,59,59,59,70,102,173,173,189,205,218,234,234,234,234,234,39,65,65],"floor_reached":56,"language":"ENG","playtime":3054,"items_purged":["MokouMod:Strike","MokouMod:Defend","MokouMod:RoaringFlare"],"score":1181,"play_id":"509ddc0f-35b2-45d3-a998-e3ddae467c55","local_time":"20210129190859","is_ascension_mode":false,"campfire_choices":[{"floor":12.0,"key":"REST"},{"data":"MokouMod:SearingShot","floor":15.0,"key":"SMITH"},{"data":"MokouMod:SacredFire","floor":23.0,"key":"SMITH"},{"floor":25.0,"key":"RECALL"},{"floor":30.0,"key":"REST"},{"data":"MokouMod:BurningDraft","floor":32.0,"key":"SMITH"},{"data":"MokouMod:RisingSunBarrier","floor":40.0,"key":"SMITH"},{"data":"infinitespire:Collect","floor":49.0,"key":"SMITH"},{"data":"MokouMod:Refresh","floor":52.0,"key":"SMITH"}],"circlet_count":0,"master_deck":["MokouMod:Strike","MokouMod:Strike","MokouMod:Strike","MokouMod:Defend","MokouMod:Defend+1","MokouMod:Defend","MokouMod:FlickeringFlame","MokouMod:SearingShot+1","MokouMod:HeartofFire","MokouMod:AdaptivePyromancy","MokouMod:BlazingComet","MokouMod:ScorchingColumn","MokouMod:Scorch","MokouMod:SacredFire+1","MokouMod:IndiscriminateIgnition+1","MokouMod:HeatCyclone","infinitespire:Gouge","MokouMod:BurningDraft+1","infinitespire:Collect+1","MokouMod:IgneousBlow+1","MokouMod:BurningHiddenBullet","MokouMod:Refresh+1","MokouMod:RetainTemperature","MokouMod:SacredFire","MokouMod:RisingSunBarrier+1","MokouMod:BlazingComet+1","MokouMod:Overheat","MokouMod:TemporalFireSeal+1","MokouMod:RisingSunBarrier"],"relics":["MokouMod:PhoenixFeather","jedi:crownofsimplicity","reliquary:PorcupineQuills","Bottled Tornado","Gensokyo:Mercy","Sozu","Gensokyo:ConquerorOfFear","hubris:ToyBattleship","hubris:VirtuousBlindfold","aspiration:AnachronicSnailShell","reliquary:PartyBalloon","Molten Egg 2","reliquary:PorcupineQuills","StuffTheSpire:Barrel"],"acts_visited":["Gensokyo:Gensokyo","Gensokyo:Gensokyoer","Gensokyo:Gensokyoest","TheEnding"],"potions_floor_usage":[55,55,55],"damage_taken":[{"damage":0.0,"enemies":"Gensokyo:2_Kodama","floor":1.0,"turns":2.0},{"damage":0.0,"enemies":"Gensokyo:3_Fairies","floor":2.0,"turns":4.0},{"damage":0.0,"enemies":"Gensokyo:Python","floor":3.0,"turns":2.0},{"damage":0.0,"enemies":"Gensokyo:LivingMonolith","floor":5.0,"turns":3.0},{"damage":54.0,"enemies":"Gensokyo:Aya","floor":6.0,"turns":7.0},{"damage":13.0,"enemies":"Gensokyo:Python_and_Kodama","floor":8.0,"turns":4.0},{"damage":19.0,"enemies":"Gensokyo:Kitsune","floor":10.0,"turns":2.0},{"damage":4.0,"enemies":"Gensokyo:CorruptedTreant","floor":14.0,"turns":4.0},{"damage":13.0,"enemies":"Gensokyo:Reimu","floor":16.0,"turns":8.0},{"damage":1.0,"enemies":"Gensokyo:2_Gloops","floor":18.0,"turns":4.0},{"damage":12.0,"enemies":"Gensokyo:3_Dogs","floor":19.0,"turns":2.0},{"damage":6.0,"enemies":"Gensokyo:3_Gloops","floor":24.0,"turns":3.0},{"damage":7.0,"enemies":"Gensokyo:Chomper_and_Gloop","floor":31.0,"turns":3.0},{"damage":16.0,"enemies":"Gensokyo:Eternal_Rivals","floor":33.0,"turns":7.0},{"damage":16.0,"enemies":"Gensokyo:3_Boulders","floor":35.0,"turns":3.0},{"damage":1.0,"enemies":"Gensokyo:AncientGuardian","floor":37.0,"turns":3.0},{"damage":0.0,"enemies":"Gensokyo:SeedOfUnknown","floor":41.0,"turns":3.0},{"damage":3.0,"enemies":"Gensokyo:Doremy","floor":42.0,"turns":4.0},{"damage":0.0,"enemies":"Gensokyo:Rafflesia","floor":45.0,"turns":3.0},{"damage":0.0,"enemies":"Gensokyo:3_Boulders","floor":46.0,"turns":4.0},{"damage":0.0,"enemies":"Gensokyo:AtlasGolem","floor":47.0,"turns":3.0},{"damage":5.0,"enemies":"Gensokyo:Sharpion","floor":48.0,"turns":3.0},{"damage":10.0,"enemies":"Gensokyo:Yuyuko","floor":50.0,"turns":5.0},{"damage":1,"enemies":"Shield and Spear","floor":54,"turns":3},{"damage":25,"enemies":"The Heart","floor":55,"turns":9}],"seed_played":"1341330741390882053","potions_obtained":[{"floor":1.0,"key":"BlessingOfTheForge"},{"floor":3.0,"key":"EssenceOfSteel"},{"floor":10.0,"key":"Swift Potion"}],"is_trial":false,"path_per_floor":["M","M","M","?","M","E","?","M","T","M","?","R","?","M","R","B",null,"M","M","AVR","?","?","R","M","R","T","?","?","T","R","M","R","B",null,"M","?","M","$","?","R","M","E","T","?","M","M","M","M","R","B",null,"R","$","E","B",null],"character_chosen":"MKU","items_purchased":["MokouMod:SacredFire","MokouMod:RisingSunBarrier","aspiration:AnachronicSnailShell","reliquary:PartyBalloon","MokouMod:RisingSunBarrier"],"campfire_rested":2,"item_purchase_floors":[38,38,38,38,53],"current_hp_per_floor":[75,75,75,75,75,21,29,16,16,18,18,40,44,40,40,27,75,74,62,62,62,62,62,56,56,56,56,40,40,61,54,54,38,71,55,55,54,54,54,54,54,51,51,58,58,58,58,53,53,53,71,71,71,70,45],"gold":65,"neow_bonus":"RANDOM_COMMON_RELIC","is_daily":false,"chose_seed":false,"campfire_upgraded":6,"win_rate":0.0,"timestamp":1611918539,"path_taken":["M","M","M","?","M","E","?","?","T","M","?","R","?","?","R","BOSS","M","M","AVR","?","?","R","M","R","T","?","?","?","R","M","R","BOSS","M","?","M","$","?","R","M","E","T","?","?","M","M","M","R","BOSS","R","$","E","BOSS"],"items_purchased_type":["Card","Card","Relic","Relic","Card"],"build_version":"2020-12-22","purchased_purges":3,"victory":true,"max_hp_per_floor":[75,75,75,75,75,75,75,75,75,75,75,75,75,75,75,75,75,75,75,75,75,75,75,75,75,75,71,71,71,71,71,71,71,71,71,71,71,71,71,71,71,71,71,71,71,71,71,71,71,71,71,71,71,71,71],"card_choices":[{"not_picked":["MokouMod:WarmUp","MokouMod:FujiyamaVolcano"],"picked":"MokouMod:FlickeringFlame","floor":1.0},{"not_picked":["MokouMod:ImperishableFlame","MokouMod:EternalBurstReactor"],"picked":"MokouMod:SearingShot","floor":2.0},{"not_picked":["MokouMod:ProfanedFlare","MokouMod:Stoke"],"picked":"MokouMod:HeartofFire","floor":3.0},{"not_picked":["MokouMod:Scorch","MokouMod:FlickeringFlame"],"picked":"MokouMod:AdaptivePyromancy","floor":5.0},{"not_picked":["MokouMod:Afterburner","MokouMod:Rebirth"],"picked":"MokouMod:BlazingComet","floor":6.0},{"not_picked":["MokouMod:HeartofFire","MokouMod:EternalBurstReactor"],"picked":"MokouMod:RoaringFlare","floor":8.0},{"not_picked":["MokouMod:Ember","MokouMod:RoaringFlare"],"picked":"MokouMod:ScorchingColumn","floor":10.0},{"not_picked":["MokouMod:PhoenixFeathers","MokouMod:Trailblazer"],"picked":"MokouMod:Scorch","floor":14.0},{"not_picked":["MokouMod:HouraiForge","MokouMod:Extinguish"],"picked":"MokouMod:SacredFire","floor":16.0},{"not_picked":["MokouMod:Meltdown","MokouMod:BlazingComet"],"picked":"MokouMod:IndiscriminateIgnition+1","floor":18.0},{"not_picked":["MokouMod:HeartofFire+1","MokouMod:ScorchingColumn+1"],"picked":"MokouMod:HeatCyclone","floor":19.0},{"not_picked":["MokouMod:Afterburner","MokouMod:CrimsonArmoury"],"picked":"MokouMod:BurningDraft","floor":24.0},{"not_picked":["hubris:Rewind","infinitespire:TheBestDefense"],"picked":"infinitespire:Collect","floor":28.0},{"not_picked":["MokouMod:ScorchingColumn+1","MokouMod:UncontrollableSolarReaction"],"picked":"MokouMod:IgneousBlow+1","floor":31.0},{"not_picked":["MokouMod:ProfanedFlare","MokouMod:EnchantingBambooForest"],"picked":"MokouMod:BurningHiddenBullet","floor":33.0},{"not_picked":["MokouMod:Singe","MokouMod:Stoke"],"picked":"MokouMod:Refresh","floor":35.0},{"not_picked":["MokouMod:Singe","MokouMod:ImperishableFlame"],"picked":"MokouMod:RetainTemperature","floor":37.0},{"not_picked":["MokouMod:HeatTransfer","MokouMod:Cataclysm+1"],"picked":"MokouMod:BlazingComet+1","floor":41.0},{"not_picked":["MokouMod:IgnitionBlast+1","MokouMod:Meltdown+1","MokouMod:Stoke"],"picked":"SKIP","floor":42.0},{"not_picked":["MokouMod:HeatFactory","MokouMod:IndiscriminateIgnition","MokouMod:SpontaneousHumanCombustion"],"picked":"SKIP","floor":45.0},{"not_picked":["MokouMod:InfernalWave+1","MokouMod:SubterraneanCore+1"],"picked":"MokouMod:Overheat","floor":46.0},{"not_picked":["MokouMod:FujiyamaVolcano+1","MokouMod:SearingShot+1"],"picked":"MokouMod:TemporalFireSeal+1","floor":47.0},{"not_picked":["MokouMod:Rebirth","MokouMod:ResoluteFlare+1","MokouMod:InfernalWave+1"],"picked":"SKIP","floor":48.0},{"not_picked":["MokouMod:HeatCyclone","MokouMod:FlareStarter","MokouMod:IndiscriminateIgnition"],"picked":"SKIP","floor":54}],"player_experience":186427,"relics_obtained":[{"floor":6.0,"key":"reliquary:PorcupineQuills"},{"floor":9.0,"key":"Bottled Tornado"},{"floor":24.0,"key":"Gensokyo:ConquerorOfFear"},{"floor":29.0,"key":"hubris:ToyBattleship"},{"floor":42.0,"key":"Molten Egg 2"},{"floor":43.0,"key":"reliquary:SculptingSteel"},{"floor":54,"key":"StuffTheSpire:Barrel"}],"event_choices":[{"damage_healed":0.0,"max_hp_gain":0.0,"max_hp_loss":0.0,"gold_gain":0.0,"event_name":"betterMatch:BetterMatch","player_choice":"2","floor":4.0,"gold_loss":0.0,"damage_taken":0.0,"cards_obtained":[]},{"damage_healed":4.0,"max_hp_gain":0.0,"max_hp_loss":0.0,"gold_gain":0.0,"event_name":"betterSkull:BetterSkull","player_choice":"LEAVE ","floor":13.0,"gold_loss":0.0,"damage_taken":0.0,"cards_upgraded":[],"relics_obtained":[]},{"damage_healed":0.0,"max_hp_gain":0.0,"max_hp_loss":0.0,"gold_gain":0.0,"event_name":"conspire:Investor","player_choice":"Leave","floor":39.0,"gold_loss":0.0,"damage_taken":0.0}],"is_beta":false,"boss_relics":[{"not_picked":["CCEMRelics:DefectiveTurbocharger","aspiration:PoetsPen_weak"],"picked":"Sozu"},{"not_picked":["Fusion Hammer","conspire:RunicOctahedron"],"picked":"hubris:VirtuousBlindfold"}],"items_purged_floors":[20,38,53],"is_endless":false,"potions_floor_spawned":[1,3,10,14,19,24,31,37,42,47],"ascension_level":0}}