{"host":"1u5b8mzv927aru3b","time":1611940812,"event":{"mods":["AchievementEnabler","BaseMod","Colored Map","Colored Powertips","Downfall","GifTheSpireLib","Googly Eyes","Minty Spire (QoL Compilation)","Quick Restart","Relic Sorter","StSLib","The IronCluck","Unceasing Turn Reminder"],"gold_per_floor":[99,99,99,99,110,110,110,110,125,143,318,17,45,62,75,75,75,75],"floor_reached":16,"language":"ENG","playtime":483,"items_purged":[],"score":156,"play_id":"5ab52ffa-64a5-4032-8c1a-ac1c00e86e78","local_time":"20210129212012","is_ascension_mode":true,"campfire_choices":[{"data":"Guardian:CurlUp","floor":1,"key":"SMITH"},{"data":"Guardian:SentryBeam","floor":6,"key":"SMITH"},{"data":"Guardian:SentryBeam","floor":8,"key":"SMITH"}],"circlet_count":0,"master_deck":["Guardian:Strike_Guardian","Guardian:Strike_Guardian","Guardian:Strike_Guardian","Guardian:Strike_Guardian","Guardian:Defend_Guardian","Guardian:Defend_Guardian","Guardian:Defend_Guardian","Guardian:Defend_Guardian","Guardian:CurlUp+1","Guardian:TwinSlam","Guardian:PrimingBeam","Guardian:SentryBeam+1","Guardian:SentryBeam+1","Guardian:Gem_White","Guardian:BodySlam","Doubt","Guardian:Gem_Cyan","Guardian:SphericShield","Guardian:Gem_Synthetic","Guardian:BodySlam","Guardian:ChargeUp"],"relics":["Guardian:ModeShifter","downfall:HeartsMalice","Mercury Hourglass","Blood Vial","Bottled Flame"],"acts_visited":["Exordium"],"potions_floor_usage":[12,16,16],"damage_taken":[{"damage":0,"enemies":"2 Louse","floor":2,"turns":1},{"damage":0,"enemies":"Cultist","floor":3,"turns":1},{"damage":0,"enemies":"Jaw Worm","floor":4,"turns":1},{"damage":13,"enemies":"Large Slime","floor":5,"turns":8},{"damage":0,"enemies":"Blue Slaver","floor":9,"turns":3},{"damage":1,"enemies":"2 Fungi Beasts","floor":10,"turns":3},{"damage":0,"enemies":"downfall:FleeingMerchant","floor":12,"turns":4},{"damage":0,"enemies":"Gremlin Nob","floor":13,"turns":4},{"damage":0,"enemies":"Exordium Thugs","floor":14,"turns":3},{"damage":6,"enemies":"Blue Slaver","floor":15,"turns":3},{"damage":74,"enemies":"SI_SHIV_ARCHETYPE","floor":16,"turns":10}],"seed_played":"-2647166665781925837","potions_obtained":[{"floor":9,"key":"hexamod:SoulburnPotion"},{"floor":10,"key":"LiquidBronze"},{"floor":13,"key":"Fruit Juice"},{"floor":14,"key":"Block Potion"}],"is_trial":false,"path_per_floor":["R","M","M","M","M","R","T","R","M","M","?","$","E","M","M","B"],"character_chosen":"GUARDIAN","items_purchased":["Guardian:SphericShield","Blood Vial"],"campfire_rested":0,"item_purchase_floors":[12,12],"current_hp_per_floor":[80,80,80,80,67,67,67,67,67,66,66,66,68,70,66,0,0,0],"gold":75,"neow_bonus":"THREE_ENEMY_KILL","is_daily":false,"chose_seed":false,"campfire_upgraded":3,"win_rate":0.0,"timestamp":1611940812,"path_taken":["R","M","M","M","M","R","T","R","M","M","?","$","E","M","M","BOSS"],"items_purchased_type":["Card","Relic"],"build_version":"2020-12-22","purchased_purges":0,"victory":false,"max_hp_per_floor":[80,80,80,80,80,80,80,80,80,80,80,80,80,80,80,85,85,85],"card_choices":[{"not_picked":["Guardian:ShieldCharger","Guardian:Reroute"],"picked":"Guardian:Gem_Cyan","floor":2},{"not_picked":["Guardian:FuturePlans","Guardian:ShieldCharger"],"picked":"Guardian:PrimingBeam","floor":3},{"not_picked":["Guardian:FuturePlans","Guardian:ChargeCore"],"picked":"Guardian:SentryBeam","floor":4},{"not_picked":["Guardian:VentSteam","Guardian:ChargeCore"],"picked":"Guardian:SentryBeam","floor":5},{"not_picked":["Guardian:Clone","Guardian:CrystalBeam"],"picked":"Guardian:Gem_White","floor":9},{"not_picked":["Guardian:Gem_Red","Guardian:TimeCapacitor"],"picked":"Guardian:BodySlam","floor":10},{"not_picked":["Guardian:TimeBomb","Guardian:Reroute"],"picked":"Guardian:Gem_Cyan","floor":12},{"not_picked":["Guardian:PrismaticBeam","Guardian:VentSteam"],"picked":"Guardian:Gem_Synthetic","floor":13},{"not_picked":["Guardian:ShieldCharger","Guardian:Reroute"],"picked":"Guardian:BodySlam","floor":14},{"not_picked":["Guardian:Orbwalk","Guardian:Planning"],"picked":"Guardian:ChargeUp","floor":15}],"player_experience":175680,"relics_obtained":[{"floor":7,"key":"Mercury Hourglass"},{"floor":13,"key":"Bottled Flame"}],"event_choices":[],"is_beta":false,"boss_relics":[],"items_purged_floors":[],"is_endless":false,"potions_floor_spawned":[9,10,13,14],"killed_by":"SI_SHIV_ARCHETYPE","ascension_level":5}}