{"host":"2pffx5rqbod9ds0c","time":1611882449,"event":{"mods":["BaseMod","Better Altar","Better Match","Better Note","Better Sensory Stone","Better Skull","Better Third Choice","Custom Start","HololiveMod","Hubris","Minty Spire (QoL Compilation)","Quick Restart","Relic Stats","Spicy Shops","StSLib"],"gold_per_floor":[83,83,83,102,120,120,139,139,165,165,181,181,191,211,211,309,309,319,335,335,335,335],"floor_reached":21,"language":"ENG","playtime":508,"items_purged":[],"score":284,"play_id":"67502b21-cadf-4855-a1ca-1ad7db94d7bb","local_time":"20210128170729","is_ascension_mode":true,"campfire_choices":[{"data":"Hololive_StrengthChampion","floor":6,"key":"SMITH"},{"data":"Hololive_StrengthChampion+1","floor":8,"key":"SMITH"},{"data":"Hololive_StrengthChampion+2","floor":10,"key":"SMITH"},{"data":"Hololive_StrengthChampion+3","floor":12,"key":"SMITH"},{"data":"Hololive_StrengthChampion+4","floor":15,"key":"SMITH"}],"circlet_count":0,"master_deck":["Hololive_Strike","Hololive_Strike","Hololive_Strike","Hololive_Strike","Hololive_Defend","Hololive_Defend","Hololive_Defend","Hololive_Defend","Hololive_LuckPotion","Hololive_Trident","Hololive_CocoNews","Hololive_StrengthChampion+5"],"relics":["Hololive_TheStar","Hololive_Peko","Vajra","Hololive_Finger","hubris:AstralHammer"],"acts_visited":["Exordium","TheCity"],"potions_floor_usage":[],"damage_taken":[{"damage":0,"enemies":"2 Louse","floor":1,"turns":3},{"damage":0,"enemies":"Small Slimes","floor":4,"turns":2},{"damage":0,"enemies":"Cultist","floor":5,"turns":2},{"damage":0,"enemies":"Red Slaver","floor":7,"turns":3},{"damage":0,"enemies":"Exordium Thugs","floor":11,"turns":4},{"damage":0,"enemies":"Looter","floor":13,"turns":2},{"damage":0,"enemies":"Large Slime","floor":14,"turns":2},{"damage":0,"enemies":"Hexaghost","floor":16,"turns":6},{"damage":0,"enemies":"Spheric Guardian","floor":18,"turns":3},{"damage":0,"enemies":"2 Thieves","floor":19,"turns":3}],"seed_played":"8571460090051462348","potions_obtained":[{"floor":5,"key":"Block Potion"},{"floor":7,"key":"GamblersBrew"},{"floor":13,"key":"AttackPotion"}],"is_trial":false,"path_per_floor":["M","?","?","M","M","R","M","R","T","R","M","R","M","M","R","B",null,"M","M","T","$"],"character_chosen":"Hololive_HololiveCharacter","items_purchased":[],"campfire_rested":0,"item_purchase_floors":[],"current_hp_per_floor":[35,35,35,35,35,35,35,35,35,35,35,35,35,35,35,35,35,35,35,35,35,35],"gold":335,"neow_bonus":"THREE_CARDS","is_daily":false,"chose_seed":false,"campfire_upgraded":5,"win_rate":0.0,"timestamp":1611882449,"path_taken":["M","?","?","M","M","R","M","R","T","R","M","R","M","?","R","BOSS","M","M","?","$"],"items_purchased_type":[],"build_version":"2020-12-22","purchased_purges":0,"victory":false,"max_hp_per_floor":[35,35,35,35,35,35,35,35,35,35,35,35,35,35,35,35,35,35,35,35,35,35],"relic_stats":{"counters":[10,30],"obtain_stats":[{"Hololive_Peko":0,"hubris:AstralHammer":20,"Hololive_TheStar":0,"Vajra":9,"Hololive_Finger":17},{"Hololive_Peko":0,"hubris:AstralHammer":10,"Hololive_TheStar":0,"Vajra":4,"Hololive_Finger":8},{"Hololive_Peko":0,"hubris:AstralHammer":30,"Hololive_TheStar":0,"Vajra":10,"Hololive_Finger":24}]},"card_choices":[{"not_picked":["Hololive_CallMomosuzuNene","Hololive_LuckPotion"],"picked":"Hololive_CocoNews","floor":0},{"not_picked":["Hololive_Sequa","Hololive_Drill","Hololive_FlyingPonyTail","Hololive_CocoNews"],"picked":"SKIP","floor":1},{"not_picked":["Hololive_RevenueBasedLive","Hololive_CocoNews","Hololive_CallCivia","Hololive_FlyingPonyTail"],"picked":"SKIP","floor":4},{"not_picked":["Hololive_CallMurasakiShion","Hololive_CallShirakamiFubuki","Hololive_CallFriendA","Hololive_Drill"],"picked":"SKIP","floor":5},{"not_picked":["Hololive_Teleport","Hololive_StrengthChampion","Hololive_CallMomosuzuNene","Hololive_Trident"],"picked":"SKIP","floor":7},{"not_picked":["Hololive_OvertimeWork","Hololive_CallUruhaRushia","Hololive_ILoveYou","Hololive_Sequa"],"picked":"SKIP","floor":11},{"not_picked":["Hololive_Breathe","Hololive_CallHoushouMarine","Hololive_Rebound","Hololive_HuntDinosaur"],"picked":"SKIP","floor":13},{"not_picked":["Hololive_CallRoboco","Hololive_CallTsunomakiWatame","Hololive_Psychosis","Hololive_AWSL"],"picked":"SKIP","floor":14},{"not_picked":["Hololive_StrengthChampion","Hololive_RevenueBasedLive","Hololive_Drill+1","Hololive_FlyingPonyTail"],"picked":"SKIP","floor":18},{"not_picked":["Hololive_Drill","Hololive_Psychosis","Hololive_Recruit","Hololive_FlyingPonyTail"],"picked":"SKIP","floor":19}],"player_experience":847824,"relics_obtained":[{"floor":9,"key":"Vajra"},{"floor":20,"key":"hubris:AstralHammer"}],"event_choices":[{"damage_healed":0,"gold_gain":1,"player_choice":"1","damage_taken":0,"max_hp_gain":0,"max_hp_loss":0,"event_name":"betterStone:BetterStone","floor":3,"gold_loss":0}],"is_beta":false,"boss_relics":[{"not_picked":["Cursed Key","Tiny House"],"picked":"Hololive_Finger"}],"items_purged_floors":[],"is_endless":false,"potions_floor_spawned":[5,7,13,16],"ascension_level":1}}