{"host":"o3b7ow6d1xe49css","time":1611910191,"event":{"mods":["Act Like it!","Aspiration","BaseMod","Bestiary","Better Altar","Better Match","Better Note","Better Sensory Stone","Better Skull","Better Third Choice","Colored Powertips","Conspire","Energized Spire","Force Act Four","GifTheSpireLib","Halation","Hermit","Hubris","Infinite Spire","Lobotomy","Minty Spire (QoL Compilation)","Quick Restart","Relic Filter Mod","Reliquary","Replay The Spire","Spicy Shops","Spikes Relics","Spire Arcade","StSLib","Stuff the Spire","The Blue Laboratory","Wandering Minibosses"],"gold_per_floor":[114,134,146,226,239,273,21,54,54,88,120,130,130,160,160,277,277,298,313,313,313,330,330,444,444,444,444,41,41,41,161,161,281,281,311,359,404,162,162,293,50,50,50,50,164,287,438,438,438,577,577,577,0,116,251],"floor_reached":56,"language":"ENG","playtime":1828,"items_purged":["Strike_P","Strike_P","Strike_P","Scorched","conspire:Blindness"],"score":1906,"play_id":"29d1488e-307b-4522-bb86-b3cf34ced84b","local_time":"20210128234951","daily_mods":["Heirloom","Flight"],"is_ascension_mode":true,"campfire_choices":[{"data":"Eruption","floor":13,"key":"SMITH"},{"data":"Crescendo","floor":13,"key":"SMITH"},{"data":"BattleHymn","floor":15,"key":"SMITH"},{"data":"Vengeance","floor":15,"key":"SMITH"},{"data":"Fasting2","floor":23,"key":"SMITH"},{"data":"Vigilance","floor":23,"key":"SMITH"},{"floor":25,"key":"REST"},{"floor":27,"key":"RECALL"},{"data":"Defend_P","floor":29,"key":"SMITH"},{"data":"Defend_P","floor":29,"key":"SMITH"},{"data":"FlurryOfBlows","floor":32,"key":"SMITH"},{"data":"Consecrate","floor":32,"key":"SMITH"},{"data":"Pot Of Greed","floor":42,"key":"SMITH"},{"data":"Pot Of Greed","floor":42,"key":"SMITH"},{"data":"Pot Of Greed","floor":44,"key":"SMITH"},{"data":"infinitespire:Execution","floor":44,"key":"SMITH"},{"data":"Omniscience","floor":49,"key":"SMITH"},{"data":"CrushJoints","floor":49,"key":"SMITH"},{"data":"Vault","floor":52,"key":"SMITH"},{"data":"Purity","floor":52,"key":"SMITH"}],"circlet_count":0,"master_deck":["Defend_P","Defend_P","Defend_P+1","Defend_P+1","Eruption+1","Vigilance+1","OldLady","Vengeance+1","Mercenary","FlurryOfBlows+1","Consecrate+1","OSAHOGD","Crescendo+1","BattleHymn+1","Fasting2+1","CommonCold","Omniscience+1","infinitespire:Execution+1","Purity+1","BowlingBash+1","Establishment+1","CrushJoints+1","FlyingSleeves","Pot Of Greed+1","Pot Of Greed+1","Pot Of Greed+1","Pain","Vault+1"],"relics":["PureWater","Ring of Chaos","CogitoBucket","MealTicket","Blood Vial","Replay:Arrowhead","Lee\u0027s Waffle","infinitespire:CursedDice","infinitespire:Midas Blood","StuffTheSpire:Expresso","StuffTheSpire:TintedRock","Cursed Key","SkinProphecy","hubris:FruitBowl","StuffTheSpire:HeavyRock","infinitespire:Broken Mirror","BranchBurnRelic","infinitespire:ShieldingShard","reliquary:RoseTintedGlasses","Boot","SpikesRelics:ToyHorsey","infinitespire:EvilPickle","ReplayTheSpireMod:SealedPack","BehaviorAdjustment","wanderingMiniBosses:CarrionFlame","infinitespire:WardingShard","Grinning Jar","CaptainsWheel","halation:Pancakes","StuffTheSpire:Gunfinga","aspiration:StickyExplosives_weak","energizedSpire:MagnifyingGlass","Ring of Chaos","reliquary:Bookmark","Anchor","StuffTheSpire:OldFever"],"acts_visited":["Exordium","TheCity","TheBeyond","Exordium","TheEnding"],"potions_floor_usage":[11,24,33,37,40,55],"damage_taken":[{"damage":0,"enemies":"2 Louse","floor":1,"turns":2},{"damage":4,"enemies":"Small Slimes","floor":2,"turns":5},{"damage":0,"enemies":"Cultist","floor":3,"turns":2},{"damage":42,"enemies":"Exordium Thugs","floor":5,"turns":6},{"damage":0,"enemies":"Lagavulin","floor":6,"turns":3},{"damage":0,"enemies":"Gremlin Nob","floor":8,"turns":2},{"damage":35,"enemies":"3 Sentries","floor":10,"turns":3},{"damage":0,"enemies":"Gremlin Nob","floor":11,"turns":3},{"damage":0,"enemies":"Lagavulin","floor":14,"turns":3},{"damage":36,"enemies":"Hexaghost","floor":16,"turns":4},{"damage":7,"enemies":"2 Thieves","floor":18,"turns":1},{"damage":6,"enemies":"Shell Parasite","floor":19,"turns":2},{"damage":2,"enemies":"Snecko","floor":22,"turns":3},{"damage":56,"enemies":"Slavers","floor":24,"turns":3},{"damage":50,"enemies":"Nightmare","floor":31,"turns":5},{"damage":25,"enemies":"Pondfish","floor":33,"turns":4},{"damage":0,"enemies":"Orb Walker","floor":35,"turns":2},{"damage":30,"enemies":"3 Shapes","floor":36,"turns":3},{"damage":3,"enemies":"Spire Growth","floor":37,"turns":3},{"damage":32,"enemies":"Reptomancer","floor":40,"turns":3},{"damage":16,"enemies":"R_Hoarder","floor":45,"turns":4},{"damage":0,"enemies":"Giant Head","floor":46,"turns":4},{"damage":29,"enemies":"Nemesis","floor":47,"turns":3},{"damage":35,"enemies":"Time Eater","floor":50,"turns":4},{"damage":0,"enemies":"Shield and Spear","floor":54,"turns":2},{"damage":70,"enemies":"The Heart","floor":55,"turns":5}],"seed_played":"-2175930035656026704","potions_obtained":[{"floor":1,"key":"Flashbang"},{"floor":3,"key":"blueLaboratory:PyrophylliteBrew"},{"floor":4,"key":"blueLaboratory:Moonshine"},{"floor":4,"key":"FairyPotion"},{"floor":11,"key":"blueLaboratory:AbyssPotion"},{"floor":22,"key":"blueLaboratory:PressurePotion"},{"floor":31,"key":"blueLaboratory:BottleOfVodka"},{"floor":35,"key":"BottledMiracle"},{"floor":36,"key":"blueLaboratory:PressurePotion"},{"floor":47,"key":"Dexterity Potion"}],"is_trial":true,"path_per_floor":["M","M","M","?","M","E","$","E","T","E","E","?","R","E","R","B",null,"M","M","?","$","M","R","E","R","T","R","$","R","AVR","NM","R","B",null,"M","M","M","$","?","E","$","R","T","R","E","E","E","?","R","B",null,"R","$","E","B",null],"character_chosen":"WATCHER","items_purchased":["Consecrate","Replay:Arrowhead","Lee\u0027s Waffle","hubris:FruitBowl","infinitespire:ShieldingShard","reliquary:RoseTintedGlasses","Establishment+1","CrushJoints","Grinning Jar","reliquary:Bookmark","Anchor"],"campfire_rested":1,"item_purchase_floors":[7,7,7,21,28,28,38,38,41,53,53],"current_hp_per_floor":[72,68,68,50,8,8,79,79,79,44,46,46,46,48,48,14,63,60,52,52,33,29,29,11,36,36,36,51,51,51,13,13,32,75,71,39,34,49,49,15,30,30,30,30,81,79,48,48,48,23,102,102,107,109,37],"gold":251,"neow_bonus":"","is_daily":false,"chose_seed":false,"campfire_upgraded":18,"win_rate":0.0,"timestamp":1611910191,"path_taken":["M","M","M","?","M","E","$","E","T","E","E","?","R","E","R","BOSS","M","M","?","?","?","R","E","R","T","R","$","R","AVR","NM","R","BOSS","M","M","M","$","?","E","$","R","T","R","E","E","E","?","R","BOSS","R","$","E","BOSS"],"items_purchased_type":["Card","Relic","Relic","Relic","Relic","Relic","Card","Card","Relic","Relic","Relic"],"build_version":"2020-12-22","purchased_purges":5,"victory":true,"max_hp_per_floor":[72,72,72,72,72,72,79,79,79,79,79,79,79,79,79,79,79,79,81,81,81,83,83,85,85,85,85,85,85,85,87,87,89,89,93,95,97,97,97,99,99,99,99,99,101,103,105,105,105,107,107,107,107,109,111],"card_choices":[{"not_picked":["SpiderBud","BeautyBeast","MeatLantern"],"picked":"Singing Bowl","floor":1},{"not_picked":["Replay:AtTheReady","MentalFortress","Replay:BluntJabs"],"picked":"SKIP","floor":1},{"not_picked":["WhitesApple","LaLuna"],"picked":"OldLady","floor":2},{"not_picked":["Wireheading","Protect"],"picked":"Vengeance","floor":2},{"not_picked":["ShyLook","FieryBird","Murderer"],"picked":"Singing Bowl","floor":3},{"not_picked":["PunishingBird","CherryBlossoms"],"picked":"Mercenary","floor":3},{"not_picked":["Vengeance","JustLucky","Protect"],"picked":"SKIP","floor":3},{"not_picked":["VoidDream","WallGazer","CrumblingArmor"],"picked":"Singing Bowl","floor":5},{"not_picked":["UniverseFragment","PunishingBird"],"picked":"Scorched","floor":5},{"not_picked":["PathToVictory","Blasphemy","Replay:ManipulateFuture"],"picked":"SKIP","floor":5},{"not_picked":["MeatLantern","WallGazer","PunishingBird"],"picked":"Singing Bowl","floor":6},{"not_picked":["Replay:Hum","Replay:Anticipation"],"picked":"FlurryOfBlows","floor":6},{"not_picked":["PunishingBird","VoidDream"],"picked":"OSAHOGD","floor":8},{"not_picked":["SashWhip","ThirdEye","WreathOfFlame"],"picked":"SKIP","floor":8},{"not_picked":["WallGazer","GreedKing","Bloodbath"],"picked":"Singing Bowl","floor":10},{"not_picked":["Perseverance","ThirdEye","Tantrum"],"picked":"SKIP","floor":10},{"not_picked":["CherryBlossoms","SpiderBud","ShyLook"],"picked":"Singing Bowl","floor":11},{"not_picked":["Replay:Cycle","BowlingBash"],"picked":"Crescendo","floor":11},{"not_picked":["WallGazer","Bloodbath","MHz"],"picked":"Singing Bowl","floor":14},{"not_picked":["PathToVictory","FollowUp"],"picked":"BattleHymn","floor":14},{"not_picked":["CherryBlossoms","Woodsman","MHz"],"picked":"Singing Bowl","floor":16},{"not_picked":["LaLuna","WallGazer","FairyFestival"],"picked":"Singing Bowl","floor":18},{"not_picked":["CutThroughFate","WindmillStrike","MentalFortress"],"picked":"SKIP","floor":18},{"not_picked":["VoidDream","ShyLook","Wellcheers"],"picked":"Singing Bowl","floor":19},{"not_picked":["WindmillStrike","PathToVictory","Replay:BluntJabs+1"],"picked":"SKIP","floor":19},{"not_picked":["CrumblingArmor","ShyLook","CherryBlossoms"],"picked":"Singing Bowl","floor":22},{"not_picked":["Crescendo+1","ThirdEye"],"picked":"Fasting2","floor":22},{"not_picked":["Pray","Establishment","InnerPeace"],"picked":"SKIP","floor":24},{"not_picked":["Wellcheers","Bloodbath","DespairKnight"],"picked":"Singing Bowl","floor":31},{"not_picked":["EmptyBody+1","JustLucky","Protect"],"picked":"SKIP","floor":31},{"not_picked":["Scarecrow","FairyFestival","SilentOrchestra"],"picked":"Singing Bowl","floor":33},{"not_picked":["Devotion","Wish"],"picked":"Omniscience","floor":34},{"not_picked":["hubris:Rewind","infinitespire:FinalStrike"],"picked":"infinitespire:Execution","floor":34},{"not_picked":["Mind Blast","Swift Strike"],"picked":"Purity","floor":34},{"not_picked":["GalaxyChild","WhiteNight","Bloodbath"],"picked":"Singing Bowl","floor":35},{"not_picked":["PathToVictory","SandsOfTime","LessonLearned"],"picked":"SKIP","floor":35},{"not_picked":["Yin","WhiteNight","Scarecrow"],"picked":"Singing Bowl","floor":36},{"not_picked":["Protect+1","ThirdEye+1"],"picked":"BowlingBash+1","floor":36},{"not_picked":["BodiesMountain","Bloodbath","LongBird"],"picked":"Singing Bowl","floor":37},{"not_picked":["BowlingBash+1","JustLucky+1","Replay:AtTheReady"],"picked":"SKIP","floor":37},{"not_picked":["Replay:Hum+1","Replay:BluntJabs"],"picked":"FlyingSleeves","floor":40},{"not_picked":["Woodsman","BodiesMountain","HeroicMonk"],"picked":"Singing Bowl","floor":40},{"not_picked":["HeroicMonk","Variant","SnowQueen"],"picked":"Singing Bowl","floor":45},{"not_picked":["Replay:ManipulateFuture+1","ForeignInfluence","ClearTheMind+1"],"picked":"SKIP","floor":45},{"not_picked":["Bloodbath","MHz","LaLuna"],"picked":"Singing Bowl","floor":46},{"not_picked":["JustLucky","CrushJoints","FlurryOfBlows"],"picked":"SKIP","floor":46},{"not_picked":["BlueStar","QueenOfHatred","SingingMachine"],"picked":"Singing Bowl","floor":47},{"not_picked":["FlyingSleeves","WreathOfFlame+1","CutThroughFate+1"],"picked":"SKIP","floor":47},{"not_picked":["WhiteNight","SingingMachine","FieryBird"],"picked":"Singing Bowl","floor":50},{"not_picked":["Judgement","Omniscience"],"picked":"Vault","floor":50},{"not_picked":["WhitesApple","Scarecrow","SilentOrchestra"],"picked":"Singing Bowl","floor":54},{"not_picked":["Pray+1","Study","JustLucky+1"],"picked":"SKIP","floor":54}],"player_experience":1886043,"relics_obtained":[{"floor":4,"key":"MealTicket"},{"floor":6,"key":"Blood Vial"},{"floor":8,"key":"infinitespire:CursedDice"},{"floor":10,"key":"infinitespire:Midas Blood"},{"floor":11,"key":"StuffTheSpire:Expresso"},{"floor":14,"key":"StuffTheSpire:TintedRock"},{"floor":24,"key":"StuffTheSpire:HeavyRock"},{"floor":26,"key":"infinitespire:Broken Mirror"},{"floor":31,"key":"SpikesRelics:ToyHorsey"},{"floor":37,"key":"wanderingMiniBosses:CarrionFlame"},{"floor":40,"key":"infinitespire:WardingShard"},{"floor":43,"key":"CaptainsWheel"},{"floor":45,"key":"halation:Pancakes"},{"floor":46,"key":"StuffTheSpire:Gunfinga"},{"floor":47,"key":"aspiration:StickyExplosives_weak"},{"floor":54,"key":"StuffTheSpire:OldFever"}],"event_choices":[{"cards_removed":["Strike_P"],"damage_healed":0,"gold_gain":0,"player_choice":"Give","damage_taken":0,"max_hp_gain":0,"max_hp_loss":0,"event_name":"betterNote:BetterNote","floor":20,"gold_loss":0,"cards_obtained":["Strike_R"]},{"damage_healed":0,"gold_gain":0,"player_choice":"Ignored","damage_taken":0,"max_hp_gain":0,"max_hp_loss":0,"event_name":"Mysterious Sphere","floor":39,"gold_loss":0}],"is_beta":false,"boss_relics":[{"not_picked":["halation:MonkeysPaw","Ring of Chaos"],"picked":"Cursed Key"},{"not_picked":["Painkiller Herb","conspire:RunicOctahedron"],"picked":"ReplayTheSpireMod:SealedPack"},{"not_picked":["Replay:Wanted Poster","halation:HeavySnake"],"picked":"energizedSpire:MagnifyingGlass"}],"items_purged_floors":[30,38,41,53,53],"is_endless":true,"potions_floor_spawned":[1,3,10,11,19,22,31,35,36,47],"ascension_level":5}}