{"host":"3jpcvpprzj9sjffh","time":1611928505,"event":{"mods":["AchievementEnabler","BaseMod","Colored Map","Minty Spire (QoL Compilation)","Rare Cards Sparkle","SuperFastMode","everything is the same but u backflip on backflip"],"gold_per_floor":[109,126,1,13,25,25,40,40,40,60,88,145,145,167,167,269,269,282,293,293,312,312,312,312,312],"floor_reached":24,"language":"KOR","playtime":728,"items_purged":["Defend_R"],"score":198,"play_id":"764edd96-16de-47aa-aded-238efbf0124d","local_time":"20210129225505","is_ascension_mode":false,"campfire_choices":[{"floor":6,"key":"REST"},{"data":"Perfected Strike","floor":8,"key":"SMITH"},{"floor":13,"key":"REST"},{"floor":15,"key":"REST"},{"floor":23,"key":"REST"}],"circlet_count":0,"master_deck":["Strike_R","Strike_R","Strike_R","Strike_R","Strike_R","Defend_R","Defend_R","Bash","Violence","Perfected Strike","Second Wind","Perfected Strike+1","Fire Breathing","Searing Blow","Shrug It Off","Headbutt","Wild Strike","Cleave","Uppercut","Barricade","Blood for Blood+1","Spot Weakness","Defend_B","Perfected Strike"],"relics":["Burning Blood","Eternal Feather","WingedGreaves","HornCleat","Odd Mushroom","SlaversCollar","Toxic Egg 2"],"acts_visited":["Exordium","TheCity"],"potions_floor_usage":[4,12],"damage_taken":[{"damage":3,"enemies":"2 Louse","floor":1,"turns":3},{"damage":8,"enemies":"Jaw Worm","floor":2,"turns":4},{"damage":0,"enemies":"Cultist","floor":4,"turns":2},{"damage":34,"enemies":"Exordium Thugs","floor":5,"turns":5},{"damage":9,"enemies":"3 Louse","floor":7,"turns":4},{"damage":19,"enemies":"Blue Slaver","floor":10,"turns":3},{"damage":35,"enemies":"3 Sentries","floor":11,"turns":5},{"damage":12,"enemies":"Gremlin Nob","floor":12,"turns":4},{"damage":12,"enemies":"The Mushroom Lair","floor":14,"turns":4},{"damage":59,"enemies":"The Guardian","floor":16,"turns":11},{"damage":2,"enemies":"Chosen","floor":18,"turns":4},{"damage":55,"enemies":"Shell Parasite","floor":19,"turns":7},{"damage":26,"enemies":"Centurion and Healer","floor":21,"turns":5},{"damage":47,"enemies":"Sentry and Sphere","floor":24,"turns":5}],"seed_played":"-862084235102900001","potions_obtained":[{"floor":1,"key":"Energy Potion"},{"floor":4,"key":"SmokeBomb"},{"floor":11,"key":"SkillPotion"},{"floor":16,"key":"Block Potion"},{"floor":21,"key":"Strength Potion"}],"is_trial":false,"path_per_floor":["M","M","$","M","M","R","M","R","T","M","E","?","R","?","R","B",null,"M","M","?","M","T","R","M"],"character_chosen":"IRONCLAD","items_purchased":["Perfected Strike"],"campfire_rested":4,"item_purchase_floors":[3],"current_hp_per_floor":[59,57,57,63,35,59,56,56,56,43,14,8,41,35,71,18,80,80,31,31,11,11,47,0,0],"gold":312,"neow_bonus":"RANDOM_COLORLESS_2","is_daily":false,"chose_seed":false,"campfire_upgraded":1,"win_rate":0.0,"timestamp":1611928505,"path_taken":["M","M","$","M","M","R","M","R","T","M","E","?","R","?","R","BOSS","M","M","?","?","?","R","M"],"items_purchased_type":["Card"],"build_version":"2020-12-22","purchased_purges":1,"victory":false,"max_hp_per_floor":[80,80,80,80,80,80,80,80,80,80,80,80,80,80,80,80,80,80,80,80,80,80,80,80,80],"card_choices":[{"not_picked":["Secret Weapon","Panache"],"picked":"Violence","floor":0},{"not_picked":["Iron Wave","Warcry"],"picked":"Perfected Strike","floor":1},{"not_picked":["Dropkick","Shrug It Off"],"picked":"Second Wind","floor":2},{"not_picked":["Inflame","Havoc"],"picked":"Fire Breathing","floor":4},{"not_picked":["Reckless Charge","Fire Breathing"],"picked":"Searing Blow","floor":5},{"not_picked":["Reckless Charge","Battle Trance"],"picked":"Shrug It Off","floor":7},{"not_picked":["Sword Boomerang","Havoc"],"picked":"Headbutt","floor":10},{"not_picked":["Exhume","Clash"],"picked":"Wild Strike","floor":11},{"not_picked":["Burning Pact","Seeing Red"],"picked":"Cleave","floor":12},{"not_picked":["Headbutt","Combust"],"picked":"Uppercut","floor":14},{"not_picked":["Fiend Fire","Berserk"],"picked":"Barricade","floor":16},{"not_picked":["Sword Boomerang+1","Clothesline+1"],"picked":"Blood for Blood+1","floor":18},{"not_picked":["Clash","Thunderclap"],"picked":"Spot Weakness","floor":19},{"not_picked":["Inflame","Headbutt"],"picked":"Perfected Strike","floor":21}],"player_experience":301598,"relics_obtained":[{"floor":9,"key":"Eternal Feather"},{"floor":11,"key":"WingedGreaves"},{"floor":12,"key":"HornCleat"},{"floor":14,"key":"Odd Mushroom"},{"floor":22,"key":"Toxic Egg 2"}],"event_choices":[{"damage_healed":0,"gold_gain":0,"player_choice":"Searched \u00271\u0027 times","damage_taken":0,"max_hp_gain":0,"max_hp_loss":0,"event_name":"Dead Adventurer","floor":12,"gold_loss":0},{"damage_healed":0,"gold_gain":0,"player_choice":"Fought Mushrooms","damage_taken":0,"max_hp_gain":0,"max_hp_loss":0,"event_name":"Mushrooms","floor":14,"gold_loss":0},{"cards_removed":["Defend_R"],"damage_healed":0,"gold_gain":0,"player_choice":"Took Card","damage_taken":0,"max_hp_gain":0,"max_hp_loss":0,"event_name":"NoteForYourself","floor":20,"gold_loss":0,"cards_obtained":["Defend_B"]}],"is_beta":false,"boss_relics":[{"not_picked":["Busted Crown","Snecko Eye"],"picked":"SlaversCollar"}],"items_purged_floors":[3],"is_endless":false,"potions_floor_spawned":[1,4,11,16,21],"killed_by":"Sentry and Sphere","ascension_level":0}}