{"host":"fvux6yoihym3ucic","time":1611939463,"event":{"mods":["BaseMod","Curses Come First","Downfall","Energized Spire","Hermit","Infinite Spire","Minty Spire (QoL Compilation)","Rare Cards Sparkle","Replay The Spire","Spire Arcade","StSLib","The Cursed"],"gold_per_floor":[119,139,152,152,152,152,152,152,152,167,181,181,194,48,48,178,178,197,215,239,239,239,239],"floor_reached":22,"language":"ENG","playtime":657,"items_purged":[],"score":201,"play_id":"faec9ac2-0f76-48b6-97de-7b04b6990d45","local_time":"20210129115743","is_ascension_mode":false,"campfire_choices":[{"floor":6,"key":"RECALL"},{"data":"Defend_R","floor":8,"key":"SMITH"},{"data":"Demonic Infusion","floor":15,"key":"SMITH"}],"circlet_count":0,"master_deck":["Strike_R","Strike_R","Strike_R","Strike_R","Defend_R","Defend_R+1","Defend_R","Defend_R","Bash","Demonic Infusion+1","Reaper"],"relics":["Burning Blood","Golden Idol","Mango","GremlinMask","Replay:Baseball","SlaversCollar"],"acts_visited":["Exordium","TheCity"],"potions_floor_usage":[16,16,18,19],"damage_taken":[{"damage":6,"enemies":"2 Louse","floor":1,"turns":3},{"damage":5,"enemies":"Small Slimes","floor":2,"turns":4},{"damage":6,"enemies":"Cultist","floor":3,"turns":3},{"damage":9,"enemies":"Blue Slaver","floor":10,"turns":4},{"damage":10,"enemies":"Lots of Slimes","floor":11,"turns":7},{"damage":16,"enemies":"Red Slaver","floor":13,"turns":3},{"damage":46,"enemies":"Hexaghost","floor":16,"turns":7},{"damage":35,"enemies":"2 Thieves","floor":18,"turns":4},{"damage":25,"enemies":"Shell Parasite","floor":19,"turns":10},{"damage":13,"enemies":"3 Cultists","floor":22,"turns":3}],"seed_played":"-6525691707752748181","potions_obtained":[{"floor":1,"key":"Block Potion"},{"floor":13,"key":"infinitespire:BlackPotion"},{"floor":16,"key":"hexamod:SoulburnPotion"},{"floor":18,"key":"Weak Potion"}],"is_trial":false,"path_per_floor":["M","M","M","?","?","R","?","R","T","M","M","?","M","$","R","B",null,"M","M","T","?","M"],"character_chosen":"IRONCLAD","items_purchased":["Replay:Baseball"],"campfire_rested":0,"item_purchase_floors":[14],"current_hp_per_floor":[88,88,88,88,88,88,88,88,102,99,95,95,85,85,85,45,102,73,54,54,54,53,53],"gold":239,"neow_bonus":"TEN_PERCENT_HP_BONUS","is_daily":false,"chose_seed":false,"campfire_upgraded":2,"win_rate":0.0,"timestamp":1611939463,"path_taken":["M","M","M","?","?","R","?","R","T","M","?","?","M","$","R","BOSS","M","?","?","?","M"],"items_purchased_type":["Relic"],"build_version":"2020-12-22","purchased_purges":0,"victory":false,"max_hp_per_floor":[88,88,88,88,88,88,88,88,102,102,102,102,102,102,102,102,102,102,102,102,102,102,102],"card_choices":[{"not_picked":["Rage","Searing Blow","Run Through"],"picked":"SKIP","floor":1},{"not_picked":["Sword Boomerang","Wild Strike","Clothesline"],"picked":"SKIP","floor":2},{"not_picked":["Body Slam","Shrug It Off","Flex"],"picked":"SKIP","floor":3},{"not_picked":["Sever Soul","Uppercut","Replay:Undeath\u0027s Touch"],"picked":"SKIP","floor":10},{"not_picked":["Thunderclap","Carnage"],"picked":"Demonic Infusion","floor":11},{"not_picked":["Clash","ReplayTheSpireMod:LeadingStrike","Headbutt"],"picked":"SKIP","floor":13},{"not_picked":["Hemogenesis","Barricade"],"picked":"Reaper","floor":16},{"not_picked":["Havoc","Armaments","Anger"],"picked":"SKIP","floor":18},{"not_picked":["Intimidate","Spot Weakness","Cleave+1"],"picked":"SKIP","floor":19}],"player_experience":34319,"relics_obtained":[{"floor":9,"key":"Mango"}],"event_choices":[{"damage_healed":0,"gold_gain":0,"player_choice":"Take Wound","damage_taken":0,"relics_obtained":["Golden Idol"],"max_hp_gain":0,"max_hp_loss":0,"event_name":"Golden Idol","floor":4,"gold_loss":0,"cards_obtained":["Injury"]},{"cards_removed":["Strike_R"],"damage_healed":0,"gold_gain":0,"player_choice":"Offered Basic","damage_taken":0,"max_hp_gain":0,"max_hp_loss":0,"event_name":"Bonfire Elementals","floor":7,"gold_loss":0},{"damage_healed":0,"gold_gain":0,"player_choice":"Trade","damage_taken":0,"relics_obtained":["GremlinMask"],"max_hp_gain":0,"max_hp_loss":0,"event_name":"FaceTrader","floor":12,"gold_loss":0},{"damage_healed":0,"gold_gain":0,"player_choice":"Ignored","damage_taken":0,"max_hp_gain":0,"max_hp_loss":0,"event_name":"NoteForYourself","floor":21,"gold_loss":0}],"is_beta":false,"boss_relics":[{"not_picked":["energizedSpire:SpiderWeb","Fusion Hammer"],"picked":"SlaversCollar"}],"items_purged_floors":[],"is_endless":false,"potions_floor_spawned":[1,13,16,18],"killed_by":"3 Cultists","ascension_level":0}}