{"host":"2brg86hfzr3u5cix","time":1611947709,"event":{"mods":["AchievementEnabler","Ascension Unlocker","BaseMod","CapriCore","DeckTracker","Highlight Path","Keyboard Shortcuts","Minty Spire (QoL Compilation)","Permanent Neow","Relic Stats","StSLib","Twitch Utils","Uncapped","UnlockEverythingMod"],"gold_per_floor":[110,125,41,41,41,41,63,63,63],"floor_reached":8,"language":"KOR","playtime":226,"items_purged":[],"score":88,"play_id":"8784e1bf-c2d8-4482-ac02-3e437bd4b036","local_time":"20210130041509","is_ascension_mode":true,"campfire_choices":[{"data":"Eruption","floor":6.0,"key":"SMITH"}],"circlet_count":0,"master_deck":["AscendersBane","Strike_P","Strike_P","Strike_P","Strike_P","Defend_P","Defend_P","Defend_P","Defend_P","Eruption+1","Vigilance","Halt","MentalFortress","Wallop"],"relics":["PureWater","Orichalcum","Odd Mushroom"],"acts_visited":["Exordium"],"potions_floor_usage":[],"damage_taken":[{"damage":0.0,"enemies":"Cultist","floor":1.0,"turns":2.0},{"damage":0.0,"enemies":"Small Slimes","floor":2.0,"turns":3.0},{"damage":9.0,"enemies":"The Mushroom Lair","floor":7.0,"turns":6.0},{"damage":54,"enemies":"3 Sentries","floor":8,"turns":5}],"seed_played":"-6050953484925537468","potions_obtained":[],"is_trial":false,"path_per_floor":["M","M","$","?","?","R","?","E"],"character_chosen":"WATCHER","items_purchased":["MentalFortress"],"campfire_rested":0,"item_purchase_floors":[3],"current_hp_per_floor":[61,61,61,61,61,61,52,0,0],"gold":63,"neow_bonus":"RANDOM_COMMON_RELIC","is_daily":false,"chose_seed":false,"campfire_upgraded":1,"win_rate":0.0,"timestamp":1611947709,"path_taken":["M","M","$","?","?","R","?","E"],"items_purchased_type":["Card"],"build_version":"2020-12-22","purchased_purges":0,"victory":false,"max_hp_per_floor":[68,68,68,68,68,68,68,68,68],"relic_stats":{"counters":[4,16],"Orichalcum":[18],"obtain_stats":[{"PureWater":0,"Orichalcum":0,"Odd Mushroom":7},{"PureWater":0,"Orichalcum":0,"Odd Mushroom":3},{"PureWater":0,"Orichalcum":0,"Odd Mushroom":11}]},"card_choices":[{"not_picked":["CrushJoints","PathToVictory","Meditate"],"picked":"SKIP","floor":1.0},{"not_picked":["Swivel","SashWhip"],"picked":"Halt","floor":2.0},{"not_picked":["InnerPeace","Protect"],"picked":"Wallop","floor":7.0}],"player_experience":339878,"relics_obtained":[{"floor":7.0,"key":"Odd Mushroom"}],"event_choices":[{"damage_healed":0.0,"max_hp_gain":0.0,"max_hp_loss":0.0,"gold_gain":0.0,"event_name":"The Cleric","player_choice":"Leave","floor":4.0,"gold_loss":0.0,"damage_taken":0.0},{"damage_healed":0.0,"max_hp_gain":0.0,"max_hp_loss":0.0,"gold_gain":0.0,"event_name":"Liars Game","player_choice":"Ignored","floor":5.0,"gold_loss":0.0,"damage_taken":0.0},{"damage_healed":0.0,"max_hp_gain":0.0,"max_hp_loss":0.0,"gold_gain":0.0,"event_name":"Mushrooms","player_choice":"Fought Mushrooms","floor":7.0,"gold_loss":0.0,"damage_taken":0.0}],"is_beta":false,"boss_relics":[],"items_purged_floors":[],"is_endless":false,"potions_floor_spawned":[],"killed_by":"3 Sentries","ascension_level":20}}