{"host":"vjx32eilbdx7ga3d","time":1611911448,"event":{"mods":["A Penny For Your Troubles","Aspiration","BaseMod","Bestiary","Better Altar","Better Third Choice","BetterRewards","Colored Map","Conspire","Defuse TimeMaze Blight","Energized Spire","Fox Events","GifTheSpireLib","HexUI Lib","Infinite Spire","Minty Spire (QoL Compilation)","Permanent Neow","Relic Sorter","Relic Stats","Reliquary","Replay The Spire","Spikes Relics","StSLib","Stuff the Spire","SuperFastMode","TheWitcher","Trackpad"],"gold_per_floor":[124,124,151,176,199,239,253,289,357,393,447,447,145,156,156,263,263,282,301,301,301,321,321,346,346,396,431,441,459,497,397,397,488,588,607,607,607,640,225,271,292,292,338,438,438,455,494,517,517,528,528,538,548,553,559,559,582,582,603,629,621,621],"floor_reached":61,"language":"ENG","playtime":3155,"items_purged":["SnafuTest:DefaultCommonSkill","SnafuTest:DefaultCommonSkill","StuffTheSpire:CuriosityCurse"],"score":872,"play_id":"2f287a4e-5070-42e5-803f-4ed0819b7bf0","local_time":"20210129111048","is_ascension_mode":false,"campfire_choices":[{"data":"SnafuTest:BattleCry","floor":12,"key":"SMITH"},{"data":"Trip","floor":15,"key":"SMITH"},{"data":"SnafuTest:PowerEternalFlame","floor":23,"key":"SMITH"},{"data":"SnafuTest:PowerEleganceEmbodiment","floor":25,"key":"SMITH"},{"data":"SnafuTest:LeadingCharge","floor":32,"key":"SMITH"},{"data":"SnafuTest:PowerEleganceEmbodiment","floor":42,"key":"SMITH"},{"data":"SnafuTest:MercilessReaper","floor":45,"key":"SMITH"},{"data":"SnafuTest:PowerLadyOfLake","floor":49,"key":"SMITH"},{"data":"SnafuTest:PowerAlwaysAWay","floor":58,"key":"SMITH"}],"circlet_count":0,"master_deck":["SnafuTest:DefaultCommonAttack","SnafuTest:DefaultCommonAttack","SnafuTest:DefaultCommonAttack","SnafuTest:BountyHunt+1","SnafuTest:DefaultCommonSkill","SnafuTest:SignQuen","SnafuTest:SpellIncendiaryShower+1","SnafuTest:SignIgni","SnafuTest:BattleCry+1","SnafuTest:PowerEleganceEmbodiment+1","SnafuTest:PowerEleganceEmbodiment+1","SnafuTest:PowerEleganceEmbodiment+1","SnafuTest:SuddenPuncture","Trip+1","SnafuTest:PowerEternalFlame+1","SnafuTest:SwordDance","SnafuTest:MercilessReaper+1","SnafuTest:LeadingCharge+1","Writhe","SnafuTest:SpellBitingFrost","SnafuTest:PowerLadyOfLake+1","SnafuTest:PowerAlwaysAWay+1"],"relics":["SnafuTest:UnstableMutagenRelic","aspiration:Nostalgia","infinitespire:DarkRift","Dream Catcher","Bag of Marbles","Question Card","reliquary:TridentHead","reliquary:Buckler","StuffTheSpire:Gunfinga","energizedSpire:MagnifyingGlass","reliquary:Boomerang","Vajra","HornCleat","Art of War","Replay:Wanted Poster","ReplayFunnel","Medical Kit","Gremlin Food","reliquary:SilkGlove","Incense Burner","Replay:Grab Bag","Replay:Bronze Core","conspire:RoyalGoblet","Black Star","trackpad:CultistFigurine","aspiration:StickyExplosives_weak","trackpad:BottledTsunami","Potion Belt","Blood Vial","Strawberry"],"acts_visited":["Exordium","TheCity","TheBeyond","Exordium"],"potions_floor_usage":[30,30,47,47,48,57,61,61],"damage_taken":[{"damage":1,"enemies":"Jaw Worm","floor":1,"turns":6},{"damage":0,"enemies":"2 Louse","floor":3,"turns":3},{"damage":3,"enemies":"conspire:RoseBush","floor":4,"turns":3},{"damage":1,"enemies":"Exordium Wildlife","floor":5,"turns":3},{"damage":6,"enemies":"3 Sentries","floor":6,"turns":5},{"damage":8,"enemies":"Looter","floor":7,"turns":3},{"damage":0,"enemies":"Replay:BlueRogue","floor":8,"turns":6},{"damage":9,"enemies":"3 Sentries","floor":10,"turns":5},{"damage":0,"enemies":"conspire:MimicChest","floor":11,"turns":8},{"damage":0,"enemies":"Gremlin Gang","floor":14,"turns":1},{"damage":4,"enemies":"The Guardian","floor":16,"turns":7},{"damage":12,"enemies":"3 Byrds","floor":18,"turns":3},{"damage":4,"enemies":"Chosen","floor":19,"turns":4},{"damage":13,"enemies":"Centurion and Healer","floor":22,"turns":4},{"damage":6,"enemies":"Chosen and Byrds","floor":24,"turns":4},{"damage":4,"enemies":"Gremlin Leader","floor":27,"turns":5},{"damage":0,"enemies":"Sentry and Sphere","floor":28,"turns":5},{"damage":0,"enemies":"3 Cultists","floor":29,"turns":3},{"damage":0,"enemies":"Nightmare","floor":30,"turns":7},{"damage":0,"enemies":"Champ","floor":33,"turns":7},{"damage":0,"enemies":"3 Darklings","floor":35,"turns":3},{"damage":36,"enemies":"3 Shapes","floor":38,"turns":1},{"damage":8,"enemies":"Reptomancer","floor":40,"turns":3},{"damage":0,"enemies":"Transient","floor":41,"turns":5},{"damage":18,"enemies":"4 Shapes","floor":46,"turns":2},{"damage":12,"enemies":"Nemesis","floor":47,"turns":9},{"damage":0,"enemies":"Maw","floor":48,"turns":10},{"damage":4,"enemies":"Replay:Hell Engine","floor":50,"turns":11},{"damage":0,"enemies":"Cultist","floor":52,"turns":2},{"damage":0,"enemies":"conspire:RoseBush","floor":53,"turns":1},{"damage":6,"enemies":"Jaw Worm","floor":54,"turns":2},{"damage":10,"enemies":"Exordium Wildlife","floor":55,"turns":2},{"damage":0,"enemies":"3 Sentries","floor":57,"turns":3},{"damage":14,"enemies":"Gremlin Nob","floor":59,"turns":3},{"damage":52,"enemies":"Nightmare","floor":61,"turns":5}],"seed_played":"-2169989937659784258","potions_obtained":[{"floor":3,"key":"SpeedPotion"},{"floor":4,"key":"DistilledChaos"},{"floor":5,"key":"Strength Potion"},{"floor":7,"key":"Block Potion"},{"floor":30,"key":"LiquidMemories"},{"floor":40,"key":"Fire Potion"},{"floor":47,"key":"Weak Potion"},{"floor":52,"key":"SteroidPotion"},{"floor":53,"key":"Milkshake"},{"floor":54,"key":"DistilledChaos"},{"floor":59,"key":"Block Potion"}],"is_trial":false,"path_per_floor":["M","?","M","M","M","E","M","E","T","E","?","R","$","M","R","B",null,"M","M","?","?","M","R","M","R","T","E","M","M","NM","$","R","B",null,"M","?","?","M","$","E","M","R","T","?","R","M","E","M","R","B",null,"M","M","M","M","?","E","R","E","T","NM"],"character_chosen":"THE_WITCHER","items_purchased":["Trip","StuffTheSpire:Gunfinga","ReplayFunnel","Medical Kit"],"campfire_rested":0,"item_purchase_floors":[13,13,39,39],"current_hp_per_floor":[74,74,74,71,70,64,56,56,56,47,47,47,47,47,47,43,75,63,59,59,59,46,46,40,40,40,36,36,36,36,36,36,36,75,75,75,75,39,39,31,31,31,31,31,31,13,1,11,11,7,75,75,75,69,59,52,52,52,38,45,0,0],"gold":621,"neow_bonus":"NOSTALGIA","is_daily":false,"chose_seed":false,"campfire_upgraded":9,"win_rate":0.0,"timestamp":1611911448,"path_taken":["M","?","M","M","M","E","M","E","T","E","?","R","$","M","R","BOSS","M","M","?","?","M","R","M","R","T","E","M","M","NM","$","R","BOSS","M","?","?","M","$","E","?","R","T","?","R","M","E","M","R","BOSS","M","M","?","M","?","E","R","E","T","NM"],"items_purchased_type":["Card","Relic","Relic","Relic"],"build_version":"2020-12-22","purchased_purges":3,"victory":false,"max_hp_per_floor":[75,75,75,75,75,75,75,75,75,75,75,75,75,75,75,75,75,75,75,75,75,75,75,75,75,75,75,75,75,75,75,75,75,75,75,75,75,75,75,75,75,75,75,75,75,75,75,75,75,75,75,75,75,75,75,75,75,75,75,82,82,82],"relic_stats":{"Blood Vial":2,"Dream Catcher":0,"counters":[35,152],"Art of War":[7],"Black Star":2,"Question Card":36,"Medical Kit":[1],"obtain_stats":[{"ReplayFunnel":39,"reliquary:Boomerang":20,"reliquary:SilkGlove":43,"conspire:RoyalGoblet":51,"Vajra":26,"Incense Burner":47,"aspiration:StickyExplosives_weak":57,"Replay:Wanted Poster":34,"Blood Vial":59,"reliquary:TridentHead":10,"Dream Catcher":6,"StuffTheSpire:Gunfinga":13,"HornCleat":27,"Replay:Bronze Core":51,"Strawberry":60,"reliquary:Buckler":11,"trackpad:CultistFigurine":56,"Gremlin Food":40,"Potion Belt":59,"SnafuTest:UnstableMutagenRelic":0,"aspiration:Nostalgia":0,"Replay:Grab Bag":51,"Question Card":9,"Medical Kit":39,"infinitespire:DarkRift":0,"Bag of Marbles":8,"energizedSpire:MagnifyingGlass":17,"Art of War":30,"Black Star":51,"trackpad:BottledTsunami":57},{"ReplayFunnel":22,"reliquary:Boomerang":13,"reliquary:SilkGlove":24,"conspire:RoyalGoblet":28,"Vajra":15,"Incense Burner":26,"aspiration:StickyExplosives_weak":33,"Replay:Wanted Poster":20,"Blood Vial":34,"reliquary:TridentHead":8,"Dream Catcher":5,"StuffTheSpire:Gunfinga":9,"HornCleat":16,"Replay:Bronze Core":28,"Strawberry":34,"reliquary:Buckler":9,"trackpad:CultistFigurine":32,"Gremlin Food":23,"Potion Belt":34,"SnafuTest:UnstableMutagenRelic":0,"aspiration:Nostalgia":0,"Replay:Grab Bag":28,"Question Card":7,"Medical Kit":22,"infinitespire:DarkRift":0,"Bag of Marbles":7,"energizedSpire:MagnifyingGlass":11,"Art of War":19,"Black Star":28,"trackpad:BottledTsunami":33},{"ReplayFunnel":94,"reliquary:Boomerang":56,"reliquary:SilkGlove":102,"conspire:RoyalGoblet":134,"Vajra":63,"Incense Burner":113,"aspiration:StickyExplosives_weak":144,"Replay:Wanted Poster":90,"Blood Vial":147,"reliquary:TridentHead":33,"Dream Catcher":19,"StuffTheSpire:Gunfinga":41,"HornCleat":68,"Replay:Bronze Core":134,"Strawberry":147,"reliquary:Buckler":41,"trackpad:CultistFigurine":141,"Gremlin Food":97,"Potion Belt":147,"SnafuTest:UnstableMutagenRelic":0,"aspiration:Nostalgia":0,"Replay:Grab Bag":134,"Question Card":28,"Medical Kit":94,"infinitespire:DarkRift":0,"Bag of Marbles":28,"energizedSpire:MagnifyingGlass":49,"Art of War":83,"Black Star":134,"trackpad:BottledTsunami":144}]},"card_choices":[{"not_picked":["SnafuTest:PayWeaponShop","SnafuTest:TrackingSense"],"picked":"SnafuTest:SpellIncendiaryShower","floor":1},{"not_picked":["SnafuTest:Portal","SnafuTest:PayGnomePedlar"],"picked":"SnafuTest:SignIgni","floor":3},{"not_picked":["SnafuTest:MCMockAndRun","SnafuTest:ShieldUp"],"picked":"SnafuTest:BattleCry","floor":4},{"not_picked":["SnafuTest:SwiftAssault","SnafuTest:FlashingEvasion"],"picked":"SnafuTest:PowerEleganceEmbodiment","floor":5},{"not_picked":["SnafuTest:VitalShield","SnafuTest:Siege"],"picked":"SnafuTest:PowerEleganceEmbodiment","floor":6},{"not_picked":["SnafuTest:HermitsErudition","SnafuTest:PowerHangmenTree","SnafuTest:ScholarsIntrigue"],"picked":"SKIP","floor":7},{"not_picked":["SnafuTest:SpellDarkMirror","SnafuTest:SpellButterflyIllusion","SnafuTest:SpellMagicScry"],"picked":"SKIP","floor":8},{"not_picked":["SnafuTest:BombMoonDust","SnafuTest:SpellLivingArmor","SnafuTest:MelitelesCare"],"picked":"SnafuTest:PowerEleganceEmbodiment","floor":10},{"not_picked":["SnafuTest:Portal","SnafuTest:PayArmorSmith","SnafuTest:AncestralRitual"],"picked":"SnafuTest:SuddenPuncture","floor":11},{"not_picked":["SnafuTest:ShoulderSlam","SnafuTest:RecklessBlow","SnafuTest:Siege"],"picked":"SnafuTest:PowerEternalFlame","floor":14},{"not_picked":["SnafuTest:ArmoredSortie","SnafuTest:Kick","SnafuTest:Shooting","SnafuTest:TrackingSense"],"picked":"SKIP","floor":18},{"not_picked":["SnafuTest:SpellGloemGuard","SnafuTest:BlueWhale+1","SnafuTest:BattleCry","SnafuTest:PowerCrimsonRitual"],"picked":"SKIP","floor":19},{"not_picked":["SnafuTest:SuddenPuncture","SnafuTest:ShieldUp","SnafuTest:PhantomMemory+1","SnafuTest:PayGnomePedlar"],"picked":"SKIP","floor":22},{"not_picked":["SnafuTest:SignIgni","SnafuTest:PowerHangmenTree","SnafuTest:FullCover","SnafuTest:DesperateRemediation+1"],"picked":"SKIP","floor":24},{"not_picked":["SnafuTest:ScholarsIntrigue","SnafuTest:QueensGuard","SnafuTest:PowerEternalFlame","SnafuTest:SpellBlindFury"],"picked":"SKIP","floor":27},{"not_picked":["SnafuTest:FirstAid+1","SnafuTest:PayWeaponShop","SnafuTest:SwiftAssault"],"picked":"SnafuTest:SwordDance","floor":28},{"not_picked":["SnafuTest:PayWeaponSmith","SnafuTest:WeddingDance+1","SnafuTest:ScholarsIntrigue"],"picked":"SnafuTest:MercilessReaper","floor":29},{"not_picked":["SnafuTest:Meditation","SnafuTest:SpellIncendiaryShower+1","SnafuTest:WorldMap"],"picked":"SnafuTest:LeadingCharge","floor":30},{"not_picked":["SnafuTest:SpellLivingArmor+1","SnafuTest:PaySmithWorkshop","SnafuTest:MCSongOfPeace","SnafuTest:TrackingSense+1"],"picked":"SKIP","floor":35},{"not_picked":["SnafuTest:SpellTortoise+1","SnafuTest:PaySaddlery+1","SnafuTest:PaySmithWorkshop","SnafuTest:NoPass"],"picked":"SKIP","floor":38},{"not_picked":["SnafuTest:AncestralRitual","SnafuTest:PowerCounterAttack+1","SnafuTest:SpellDarkMirror"],"picked":"SnafuTest:SpellBitingFrost","floor":40},{"not_picked":["SnafuTest:SwiftAssault","SnafuTest:SignQuen","SnafuTest:ArmoredSortie","SnafuTest:PowerAlwaysOnRoads+1"],"picked":"SKIP","floor":41},{"not_picked":["SnafuTest:SpellChainLightning+1","SnafuTest:PaySmithWorkshop+1","SnafuTest:PowerVainGlory+1","SnafuTest:MercilessReaper+1"],"picked":"SKIP","floor":46},{"not_picked":["SnafuTest:ScholarsIntrigue","SnafuTest:WeddingDance","SnafuTest:SignAard+1"],"picked":"SnafuTest:PowerLadyOfLake","floor":47},{"not_picked":["SnafuTest:MercilessReaper","SnafuTest:PayWeaponSmith+1","SnafuTest:SignQuen+1","SnafuTest:SpellLifeDrain"],"picked":"SKIP","floor":48},{"not_picked":["SnafuTest:SpellArcaneDomain","SnafuTest:SmashingSlash","SnafuTest:BattleCry"],"picked":"SnafuTest:PowerAlwaysAWay","floor":52},{"not_picked":["SnafuTest:BombDevilsPuffball","SnafuTest:Siege","SnafuTest:SpellTortoise","SnafuTest:WorldMap"],"picked":"SKIP","floor":53},{"not_picked":["SnafuTest:BombNorthernWind","SnafuTest:QueensGuard","SnafuTest:SpellDispellingPush","SnafuTest:ShoulderSlam"],"picked":"SKIP","floor":54},{"not_picked":["SnafuTest:PowerVainGlory","SnafuTest:WorldMap","SnafuTest:SpellMagicScry","SnafuTest:PayArmorSmith"],"picked":"SKIP","floor":55},{"not_picked":["SnafuTest:Oriole","SnafuTest:SignIgni","SnafuTest:SpellBitingFrost","SnafuTest:Decapitate"],"picked":"SKIP","floor":57},{"not_picked":["SnafuTest:Kick","SnafuTest:SpellTelekinesis","SnafuTest:WorldMap","SnafuTest:SneakKill"],"picked":"SKIP","floor":59}],"player_experience":449692,"relics_obtained":[{"floor":6,"key":"Dream Catcher"},{"floor":8,"key":"Bag of Marbles"},{"floor":9,"key":"Question Card"},{"floor":10,"key":"reliquary:TridentHead"},{"floor":11,"key":"reliquary:Buckler"},{"floor":26,"key":"Vajra"},{"floor":27,"key":"HornCleat"},{"floor":30,"key":"Art of War"},{"floor":40,"key":"Gremlin Food"},{"floor":43,"key":"reliquary:SilkGlove"},{"floor":47,"key":"Incense Burner"},{"floor":57,"key":"aspiration:StickyExplosives_weak"},{"floor":57,"key":"trackpad:BottledTsunami"},{"floor":59,"key":"Potion Belt"},{"floor":59,"key":"Blood Vial"},{"floor":60,"key":"Strawberry"}],"event_choices":[{"damage_healed":0,"gold_gain":0,"player_choice":"Grow","damage_taken":0,"max_hp_gain":0,"max_hp_loss":0,"event_name":"Living Wall","floor":2,"gold_loss":0,"cards_upgraded":["SnafuTest:BountyHunt"]},{"damage_healed":0,"gold_gain":0,"player_choice":"Ignored","damage_taken":0,"max_hp_gain":0,"max_hp_loss":0,"event_name":"Vampires","floor":21,"gold_loss":0},{"damage_healed":0,"gold_gain":0,"player_choice":"Leave","damage_taken":0,"max_hp_gain":0,"max_hp_loss":0,"event_name":"conspire:Investor","floor":36,"gold_loss":0},{"damage_healed":19,"gold_gain":0,"player_choice":"Writhe","damage_taken":0,"max_hp_gain":0,"max_hp_loss":0,"event_name":"Winding Halls","floor":37,"gold_loss":0,"cards_obtained":["Writhe"]},{"damage_healed":0,"gold_gain":100,"player_choice":"Pray","damage_taken":0,"max_hp_gain":0,"max_hp_loss":0,"event_name":"Golden Shrine","floor":44,"gold_loss":0},{"damage_healed":0,"gold_gain":0,"player_choice":"Relic ","damage_taken":7,"max_hp_gain":0,"max_hp_loss":0,"event_name":"betterThird:BetterScrap","floor":56,"gold_loss":0,"cards_obtained":["Replay:Battleflow"]}],"is_beta":false,"boss_relics":[{"not_picked":["Honey Jar","Abe\u0027s Treasure"],"picked":"energizedSpire:MagnifyingGlass"},{"not_picked":["Snecko Eye","Calling Bell"],"picked":"Replay:Wanted Poster"},{"not_picked":["Painkiller Herb","aspiration:RitualDagger"],"picked":"Replay:Grab Bag"},{"not_picked":["CosmicIsotope","trackpad:Coffee"],"picked":"Replay:Bronze Core"},{"not_picked":["energizedSpire:EnergizedDie","reliquary:Ember"],"picked":"conspire:RoyalGoblet"},{"not_picked":["aspiration:RunicSpoon","SlaversCollar"],"picked":"Black Star"}],"items_purged_floors":[13,31,39],"is_endless":true,"potions_floor_spawned":[3,4,5,7,11,14,24,28,29,30,40,41,47,52,53,54,59],"killed_by":"Nightmare","ascension_level":0}}