{"host":"8p5c6x4qt9411139","time":1611958318,"event":{"mods":["Aspiration","BaseMod","BetterRewards","Hubris","Infinite Spire","Minty Spire (QoL Compilation)","Quick Restart","Replay The Spire","Shop Mod","StSLib","The Animator","The Jungle"],"gold_per_floor":[114,124,136,86,86,111,111,123,123,123,123,123,123,141,153,153,153,254,254,271,271,290,290,290,290,290],"floor_reached":25,"language":"ENG","playtime":692,"items_purged":["Strike_R"],"score":201,"play_id":"7a0e1f5e-1e8b-485a-97d7-0a5f10222278","local_time":"20210129141158","is_ascension_mode":false,"campfire_choices":[{"data":"Uppercut","floor":7,"key":"SMITH"},{"data":"Demonic Infusion","floor":12,"key":"SMITH"},{"data":"Inflame","floor":16,"key":"SMITH"},{"data":"Rage","floor":17,"key":"SMITH"}],"circlet_count":0,"master_deck":["Strike_R+1","Strike_R","Defend_R","Defend_R","Defend_R","Defend_R","Bash","Whirlwind+1","Uppercut+1","Spot Weakness","Inflame+1","Demonic Infusion+1","Rage+1","Berserk+1","ReplayTheSpireMod:Stacked"],"relics":["Burning Blood","Replay:Wax Seal","hubris:FunFungus","Vajra","Guide Book","Centennial Puzzle","Golden Egg","Molten Egg 2","hubris:Towel","hubris:Icosahedron","Black Star","theJungle:WildMango","Replay:Bottled Flurry"],"acts_visited":["Exordium","Exordium"],"potions_floor_usage":[18,25,25],"damage_taken":[{"damage":0,"enemies":"2 Louse","floor":1,"turns":1},{"damage":0,"enemies":"Small Slimes","floor":2,"turns":2},{"damage":0,"enemies":"Cultist","floor":3,"turns":3},{"damage":31,"enemies":"Replay:BlueRogue","floor":6,"turns":5},{"damage":6,"enemies":"Blue Slaver","floor":8,"turns":4},{"damage":0,"enemies":"2 Fungi Beasts","floor":14,"turns":1},{"damage":0,"enemies":"3 Louse","floor":15,"turns":1},{"damage":21,"enemies":"Hexaghost","floor":18,"turns":8},{"damage":24,"enemies":"theJungle:Flameango_and_Byrd","floor":20,"turns":4},{"damage":9,"enemies":"Shell Parasite","floor":22,"turns":2},{"damage":78,"enemies":"Nightmare","floor":25,"turns":7}],"seed_played":"7015940691374830638","potions_obtained":[{"floor":2,"key":"Toxic Potion"},{"floor":18,"key":"Strength Potion"}],"is_trial":false,"path_per_floor":["M","M","M","?","?","E","R","M","T","T","?","R","?","M","M","R","R","B",null,"M","?","M","?","AVR","NM"],"character_chosen":"IRONCLAD","items_purchased":["Replay:Wax Seal","Whirlwind","Vajra","Guide Book"],"campfire_rested":0,"item_purchase_floors":[0,0,0,0],"current_hp_per_floor":[50,56,62,62,62,37,37,37,37,37,37,37,37,43,49,49,49,35,80,62,76,73,73,73,0,0],"gold":290,"neow_bonus":"","is_daily":false,"chose_seed":false,"campfire_upgraded":4,"win_rate":0.0,"timestamp":1611958318,"path_taken":["M","M","M","?","?","E","R","?","T","T","?","R","?","M","M","R","R","BOSS","M","?","M","?","AVR","NM"],"items_purchased_type":["Relic","Card","Relic","Relic"],"build_version":"2020-12-22","purchased_purges":1,"victory":false,"max_hp_per_floor":[80,80,80,80,80,80,80,80,80,80,80,80,80,80,80,80,80,80,80,80,94,94,94,94,94,94],"card_choices":[{"not_picked":["Clash","Run Through"],"picked":"Uppercut","floor":1},{"not_picked":["Sentinel","Replay:Undeath\u0027s Touch"],"picked":"Spot Weakness","floor":2},{"not_picked":["Anger","Second Wind"],"picked":"Inflame","floor":3},{"not_picked":["Exhume","Searing Blow"],"picked":"Demonic Infusion","floor":6},{"not_picked":["Perfected Strike","Anger","Body Slam"],"picked":"SKIP","floor":8},{"not_picked":["Searing Blow+1","Shockwave","Spot Weakness"],"picked":"SKIP","floor":14},{"not_picked":["Iron Wave+1","Wild Strike+1","Rage"],"picked":"SKIP","floor":15},{"not_picked":["Iron Wave+1","Wild Strike+1"],"picked":"Rage","floor":15},{"not_picked":["Barricade","Bludgeon+1"],"picked":"Berserk","floor":18},{"not_picked":["Iron Wave+1","Clash+1","Pommel Strike+1"],"picked":"SKIP","floor":20},{"not_picked":["Wild Strike+1","Body Slam+1"],"picked":"ReplayTheSpireMod:Stacked","floor":22}],"player_experience":402311,"relics_obtained":[{"floor":6,"key":"Centennial Puzzle"},{"floor":9,"key":"Golden Egg"},{"floor":10,"key":"Molten Egg 2"}],"event_choices":[{"cards_removed":["Strike_R"],"damage_healed":0,"gold_gain":0,"player_choice":"Card Removal","damage_taken":0,"max_hp_gain":0,"max_hp_loss":0,"event_name":"The Cleric","floor":4,"gold_loss":50},{"cards_removed":["Strike_R"],"damage_healed":0,"gold_gain":0,"player_choice":"Purged","damage_taken":0,"max_hp_gain":0,"max_hp_loss":0,"event_name":"Purifier","floor":5,"gold_loss":0}],"is_beta":false,"boss_relics":[{"not_picked":["hubris:TerracottaHorce","hubris:GrandSneckoEye"],"picked":"Black Star"}],"items_purged_floors":[0],"is_endless":false,"potions_floor_spawned":[2,18],"killed_by":"Nightmare","ascension_level":0}}