{"host":"hl3ams4am2ku5u4p","time":1611932707,"event":{"mods":["AchievementEnabler","Act Like it!","Aspiration","BaseMod","Beaked The Cultist","BetterRewards","CatGirl Mod","Colored Map","Colored Powertips","Conspire","Downfall","Energized Spire","Halation","Hallownest","HornydragonMod","Hubris","Infinite Spire","Mad Scientist","Magitek Elite","Minty Spire (QoL Compilation)","READ ME - Guardian Mod","Replay The Spire","Spikes Relics","StSLib","SuperFastMode","The Blackbeard","The Bug Knight","The Construct","The Disciple","The Jungle","The Mystic","The Necromancer","The Senshi"],"gold_per_floor":[116,156,156,156,173,173,191,191,216,227,227,258,258,288,288,391,491,506,506,519,530,541,541,567,567,592,592,607,607,607,664,664,761,761,775,775,787,561,574,574,606,624,624,624,644,705,705,716,716,716],"floor_reached":51,"language":"FRA","playtime":1959,"items_purged":[],"score":1041,"play_id":"c64a32aa-37a9-4a24-a12f-6e3186f69e2c","local_time":"20210129160507","is_ascension_mode":true,"campfire_choices":[{"data":"Crippling Poison","floor":6,"key":"SMITH"},{"data":"Poisoned Stab","floor":8,"key":"SMITH"},{"floor":15,"key":"REST"},{"data":"beaked:WalkersFury","floor":23,"key":"SMITH"},{"data":"infinitespire:Neurotoxin","floor":27,"key":"SMITH"},{"floor":29,"key":"REST"},{"data":"Riddle With Holes","floor":32,"key":"SMITH"},{"data":"Adrenaline","floor":40,"key":"SMITH"},{"data":"Hallownest:attackMasterCycloneSlash","floor":44,"key":"SMITH"},{"floor":47,"key":"REST"}],"circlet_count":0,"master_deck":["Strike_G","Strike_G","Strike_G","Strike_G","Strike_G","Defend_G","Defend_G","Defend_G","Defend_G","Defend_G","Survivor","Neutralize","Crippling Poison+1","Poisoned Stab+1","Bane","Riddle With Holes+1","Flying Knee","infinitespire:Neurotoxin+1","beaked:WalkersFury+1","Hallownest:attackMasterCycloneSlash+1","Backflip+1","Deadly Poison","conspire:PoisonWeapons","Adrenaline+1","Footwork","Footwork+1","Noxious Fumes"],"relics":["Ring of the Snake","MoneyPower","Vajra","Hallownest:DreamNailRelic","Toy Ornithopter","Boot","hubris:BundleOfHerbs","Replay:Grab Bag","Replay:Wanted Poster","Painkiller Herb","beaked:SacredDeck","Regal Pillow","Lantern","halation:PinkSoulGem","Hallownest:BlackEggRelic","Membership Card","Happy Flower","aspiration:HiddenCompartment","Mercury Hourglass","hubris:MedicalManual"],"acts_visited":["Exordium","Hallownest:Greenpath","Hallownest:CityofTears"],"potions_floor_usage":[2,16,24,46,50,50],"damage_taken":[{"damage":0,"enemies":"Hallownest:2_MossCreeps","floor":1,"turns":6},{"damage":12,"enemies":"conspire:MimicChest","floor":2,"turns":11},{"damage":0,"enemies":"Hallownest:2_Baldur","floor":5,"turns":3},{"damage":2,"enemies":"2_ Uuma","floor":7,"turns":3},{"damage":6,"enemies":"Hallownest:monsterMossCharger","floor":10,"turns":3},{"damage":7,"enemies":"Hallownest:eliteCrystalGuardian","floor":12,"turns":4},{"damage":1,"enemies":"Hallownest:eliteMossKnight","floor":14,"turns":4},{"damage":53,"enemies":"Hallownest:BossHornet","floor":16,"turns":7},{"damage":1,"enemies":"Hallownest:Guard_and_Sentry","floor":18,"turns":3},{"damage":0,"enemies":"Hallownest:3_Youths","floor":20,"turns":4},{"damage":0,"enemies":"Hallownest:monsterMisterMushroom","floor":21,"turns":3},{"damage":13,"enemies":"Hallownest:2_Flukemon","floor":22,"turns":6},{"damage":0,"enemies":"Hallownest:Nosk","floor":24,"turns":3},{"damage":17,"enemies":"Hallownest:Warrior_and_Youth","floor":28,"turns":2},{"damage":0,"enemies":"Hallownest:Glutton_and_Coward","floor":31,"turns":3},{"damage":47,"enemies":"Hallownest:BossMantisLord","floor":33,"turns":4},{"damage":4,"enemies":"Hallownest:3_Siblings","floor":35,"turns":3},{"damage":0,"enemies":"Hallownest:Shield_Heavy","floor":37,"turns":2},{"damage":3,"enemies":"Hallownest:monsterPrimalAspid","floor":39,"turns":2},{"damage":18,"enemies":"Hallownest:eliteHiveKnight","floor":41,"turns":3},{"damage":0,"enemies":"Hallownest:2_Wandering_and_1_Horned","floor":42,"turns":4},{"damage":0,"enemies":"Hallownest:2_Great","floor":45,"turns":2},{"damage":33,"enemies":"Hallownest:2_Primals","floor":46,"turns":3},{"damage":0,"enemies":"Hallownest:Xero_Hu_Marmu","floor":48,"turns":3},{"damage":59,"enemies":"Hallownest:BossHollowKnight","floor":50,"turns":4}],"seed_played":"821068433677669099","potions_obtained":[{"floor":1,"key":"ColorlessPotion"},{"floor":2,"key":"bronze:BurnAndBuffPotion"},{"floor":12,"key":"Strength Potion"},{"floor":20,"key":"Strength Potion"},{"floor":21,"key":"Block Potion"},{"floor":35,"key":"BlessingOfTheForge"},{"floor":41,"key":"Adrenaline Potion"},{"floor":42,"key":"PowerPotion"}],"is_trial":false,"path_per_floor":["M","?","?","?","M","R","M","R","T","M","?","E","?","E","R","B",null,"?","?","?","?","?","T","E","?","T","T","?","T","?","?","T","B",null,"?","?","?","T","?","T","E","?","T","T","?","?","T","?","T","B",null],"character_chosen":"THE_SILENT","items_purchased":["MoneyPower","Membership Card","Happy Flower"],"campfire_rested":3,"item_purchase_floors":[0,38,38],"current_hp_per_floor":[70,58,58,58,58,58,56,56,56,50,50,43,43,42,63,33,70,69,69,69,69,56,56,61,61,61,61,44,70,70,70,70,23,70,66,66,66,66,63,63,45,45,45,45,45,17,53,68,68,11],"gold":716,"neow_bonus":"","is_daily":false,"chose_seed":false,"campfire_upgraded":7,"win_rate":0.0,"timestamp":1611932707,"path_taken":["M","?","?","?","M","R","?","R","T","M","?","E","?","E","R","BOSS","?","?","?","?","?","T","E","?","T","T","?","T","?","?","T","BOSS","?","?","?","T","?","T","E","?","T","T","?","?","T","?","T","BOSS"],"items_purchased_type":["Relic","Relic","Relic"],"build_version":"2020-12-22","purchased_purges":0,"victory":true,"max_hp_per_floor":[70,70,70,70,70,70,70,70,70,70,70,70,70,70,70,70,70,70,70,70,70,70,70,70,70,70,70,70,70,70,70,70,70,70,70,70,70,70,70,70,70,70,70,70,70,70,70,70,70,70],"card_choices":[{"not_picked":["Backflip","Slice"],"picked":"Crippling Poison","floor":1},{"not_picked":["PiercingWail","Dagger Throw"],"picked":"Poisoned Stab","floor":2},{"not_picked":["hubris:SlightOfHand","Finisher","Distraction"],"picked":"SKIP","floor":5},{"not_picked":["ReplayTheSpireMod:Necrosis","ReplayTheSpireMod:The Works","Blade Dance"],"picked":"SKIP","floor":7},{"not_picked":["Underhanded Strike","Infinite Blades"],"picked":"Bane","floor":10},{"not_picked":["Night Terror","Dodge and Roll"],"picked":"Flying Knee","floor":12},{"not_picked":["Dagger Throw","Quick Slash","hubris:Counter"],"picked":"SKIP","floor":14},{"not_picked":["Doppelganger","ReplayTheSpireMod:From All Sides"],"picked":"infinitespire:Neurotoxin","floor":16},{"not_picked":["Flechettes","Dodge and Roll","Fluid Movement"],"picked":"SKIP","floor":18},{"not_picked":["Outmaneuver","Expertise+1"],"picked":"Backflip+1","floor":20},{"not_picked":["Backflip","Poisoned Stab"],"picked":"Deadly Poison","floor":21},{"not_picked":["Quick Slash","Well Laid Plans","Dash"],"picked":"SKIP","floor":22},{"not_picked":["Deadly Poison","Doppelganger"],"picked":"conspire:PoisonWeapons","floor":24},{"not_picked":["Deflect","Poisoned Stab","ReplayTheSpireMod:Exploit Weakness"],"picked":"SKIP","floor":28},{"not_picked":["Sucker Punch","Prepared+1","Dodge and Roll"],"picked":"SKIP","floor":31},{"not_picked":["Replay:Bag of Tricks","infinitespire:Neurotoxin"],"picked":"Adrenaline","floor":33},{"not_picked":["Quick Slash+1","Dash"],"picked":"Footwork","floor":35},{"not_picked":["Pace+1","Prepared","Bane+1"],"picked":"SKIP","floor":37},{"not_picked":["Draining Mist","Underhanded Strike"],"picked":"Footwork+1","floor":39},{"not_picked":["Replay:Bag of Tricks","Choke+1"],"picked":"Noxious Fumes","floor":41},{"not_picked":["Quick Slash","Underhanded Strike+1","Flying Knee+1"],"picked":"SKIP","floor":42},{"not_picked":["All Out Attack+1","ReplayTheSpireMod:Speed Training","Deadly Poison+1"],"picked":"SKIP","floor":45},{"not_picked":["hubris:TrickCloak+1","hubris:SlightOfHand","Hidden Blade"],"picked":"SKIP","floor":48}],"player_experience":40209,"relics_obtained":[{"floor":2,"key":"Vajra"},{"floor":9,"key":"Toy Ornithopter"},{"floor":12,"key":"Boot"},{"floor":14,"key":"hubris:BundleOfHerbs"},{"floor":24,"key":"Regal Pillow"},{"floor":26,"key":"Lantern"},{"floor":41,"key":"aspiration:HiddenCompartment"},{"floor":43,"key":"Mercury Hourglass"},{"floor":46,"key":"hubris:MedicalManual"}],"event_choices":[],"is_beta":false,"boss_relics":[{"not_picked":["Replay:Fungal Core","Runic Dome"],"picked":"Replay:Grab Bag"},{"not_picked":["ChewingGum","aspiration:FutureDiary"],"picked":"Replay:Wanted Poster"},{"not_picked":["Cursed Key","conspire:SlowCooker"],"picked":"Painkiller Herb"},{"not_picked":["conspire:SpecialSausage","Runic Pyramid"],"picked":"beaked:SacredDeck"},{"not_picked":["Honey Jar","energizedSpire:PogoStick","hubris:HollowSoul"]}],"items_purged_floors":[],"is_endless":false,"potions_floor_spawned":[1,2,12,20,21,22,35,41,42],"ascension_level":2}}