{"host":"ucgrft0m53zzt06v","time":1611887678,"event":{"mods":["BaseMod","Colored Map","Colored Powertips","Conspire","HololiveMod","KinomotoSakuraMod(木之本樱)","Lobotomy","Minty Spire (QoL Compilation)","Quick Restart","Replay The Spire","Shop Mod","Spicy Shops","StSLib","Td1madao Mod","The Senshi","Waifu the Spire","WarShipGirlsR/战舰少女R mod","【遗物卡牌】REMEMod"],"gold_per_floor":[117,137,152,152,172,172,183,217,217,235,235,42,42,60,60,165,165,179,213,213,230,246,246,264,264,309,339,339,366,385,400,400,500,500,517,531,72,107,155,155,263,263,263,263,302,350,350,392,392,412],"floor_reached":51,"language":"ZHS","playtime":8363,"items_purged":["rmod:strick","rmod:strick"],"score":723,"play_id":"0297d722-2231-4eb5-8db2-281ef23ea183","local_time":"20210129103438","is_ascension_mode":false,"campfire_choices":[{"data":"rmod:expeditionaryescort","floor":6.0,"key":"SMITH"},{"data":"rmod:basicallowance","floor":11.0,"key":"SMITH"},{"data":"rmod:maintain","floor":13.0,"key":"SMITH"},{"data":"rmod:maingunfire","floor":15.0,"key":"SMITH"},{"data":"rmod:fuelsupply","floor":23.0,"key":"SMITH"},{"data":"rmod:aviationdawn","floor":25.0,"key":"SMITH"},{"data":"rmod:highspeedmaneuver","floor":28.0,"key":"SMITH"},{"data":"rmod:expedition","floor":28.0,"key":"SMITH"},{"data":"rmod:diaomin","floor":32.0,"key":"SMITH"},{"data":"rmod:expedition+1","floor":32.0,"key":"SMITH"},{"floor":42,"key":"DIG"},{"data":"rmod:ridicule","floor":49,"key":"SMITH"},{"data":"rmod:expedition+2","floor":49,"key":"SMITH"}],"circlet_count":0,"master_deck":["rmod:defend","rmod:defend","rmod:defend","rmod:defend","rmod:basicallowance+1","rmod:maingunfire+1","rmod:expeditionaryescort+1","rmod:maintain+1","rmod:openingtorpedo+1","rmod:intelligenceanalysis","rmod:secretscript+1","rmod:highspeedmaneuver+1","rmod:expedition+3","rmod:fuelsupply+1","rmod:aviationdawn+1","rmod:diaomin+1","rmod:advancebysurprise+1","rmod:windflower","rmod:smokecover","Finesse","rmod:ridicule+1","rmod:lonelyqueen+1","rmod:spoils+1","rmod:steelsupply+1"],"relics":["rmod:firstchargereward","Thread and Needle","Pocketwatch","conspire:SpecialSausage","Red Mask","Enchiridion","Strawberry","Replay:Arrowhead","Replay:Multitool","Replay:Grab Bag","Philosopher\u0027s Stone","Sozu","Black Star","Orrery","Bottled Tornado","Happy Flower","Frozen Egg 2","Replay:Accelerometer","Boot"],"acts_visited":["Exordium","TheCity","TheBeyond"],"potions_floor_usage":[50,50,50],"damage_taken":[{"damage":0.0,"enemies":"Cultist","floor":1.0,"turns":3.0},{"damage":6.0,"enemies":"2 Louse","floor":2.0,"turns":2.0},{"damage":0.0,"enemies":"Jaw Worm","floor":3.0,"turns":1.0},{"damage":0.0,"enemies":"3 Louse","floor":5.0,"turns":3.0},{"damage":5.0,"enemies":"Exordium Wildlife","floor":7.0,"turns":6.0},{"damage":20.0,"enemies":"Gremlin Nob","floor":8.0,"turns":4.0},{"damage":0.0,"enemies":"Looter","floor":10.0,"turns":4.0},{"damage":0.0,"enemies":"Large Slime","floor":14.0,"turns":6.0},{"damage":20.0,"enemies":"Hexaghost","floor":16.0,"turns":14.0},{"damage":8.0,"enemies":"conspire:FuzzyDice","floor":18.0,"turns":6.0},{"damage":1.0,"enemies":"Masked Bandits","floor":19.0,"turns":7.0},{"damage":0.0,"enemies":"3 Byrds","floor":21.0,"turns":6.0},{"damage":0.0,"enemies":"Snecko","floor":22.0,"turns":5.0},{"damage":0.0,"enemies":"Shelled Parasite and Fungi","floor":24.0,"turns":6.0},{"damage":1.0,"enemies":"Replay:Snechameleon","floor":27.0,"turns":5.0},{"damage":5.0,"enemies":"REME_1_Revenger","floor":29.0,"turns":6.0},{"damage":3.0,"enemies":"Snake Plant","floor":30.0,"turns":4.0},{"damage":0.0,"enemies":"Centurion and Healer","floor":31.0,"turns":4.0},{"damage":0.0,"enemies":"Collector","floor":33.0,"turns":8.0},{"damage":13.0,"enemies":"3 Darklings","floor":35.0,"turns":5.0},{"damage":0.0,"enemies":"3 Shapes","floor":36.0,"turns":5.0},{"damage":15.0,"enemies":"Sphere and 2 Shapes","floor":38.0,"turns":12.0},{"damage":10,"enemies":"Writhing Mass","floor":39,"turns":7},{"damage":10,"enemies":"conspire:MimicChest","floor":41,"turns":14},{"damage":0,"enemies":"Maw","floor":45,"turns":8},{"damage":0,"enemies":"Giant Head","floor":46,"turns":7},{"damage":0,"enemies":"4 Shapes","floor":48,"turns":5},{"damage":0,"enemies":"Replay:Hell Engine","floor":50,"turns":6}],"seed_played":"-5433535806237665272","potions_obtained":[{"floor":1.0,"key":"AttackPotion"},{"floor":3.0,"key":"Dexterity Potion"},{"floor":7.0,"key":"SteroidPotion"},{"floor":16.0,"key":"EntropicBrew"},{"floor":19.0,"key":"Weak Potion"},{"floor":21.0,"key":"SkillPotion"},{"floor":24.0,"key":"Cursed Concoction"},{"floor":33.0,"key":"Adrenaline Potion"}],"is_trial":false,"path_per_floor":["M","M","M","?","M","R","M","E","T","M","R","$","R","M","R_BF","B",null,"M","?","?","M","M","R","M","R","T","E","R","E","M","M","R","B",null,"M","M","$","M","M","R","?","R","T","?","M","E","?","M","R","B",null],"character_chosen":"PRAEFECT","items_purchased":["rmod:secretscript+1","rmod:smokecover","Finesse","Orrery"],"campfire_rested":0,"item_purchase_floors":[12,37,37,37],"current_hp_per_floor":[68,62,62,62,62,62,57,37,37,37,37,37,37,37,37,17,68,60,59,43,43,43,43,43,43,50,49,49,44,41,41,41,41,75,62,62,62,47,37,59,49,49,49,49,49,49,49,49,49,49],"gold":412,"neow_bonus":"THREE_RARE_CARDS","is_daily":false,"chose_seed":false,"campfire_upgraded":12,"win_rate":0.0,"timestamp":1611887678,"path_taken":["M","?","M","?","M","R","?","E","T","M","R","$","R","M","R_BF","BOSS","M","?","?","?","M","R","M","R","T","E","R","E","M","M","R","BOSS","M","M","$","M","M","R","?","R","T","?","M","E","?","?","R","BOSS"],"items_purchased_type":["Card","Card","Card","Relic"],"build_version":"2020-12-22","purchased_purges":2,"victory":true,"max_hp_per_floor":[68,68,68,68,68,68,68,68,68,68,68,68,68,68,68,68,68,68,68,68,68,68,68,68,68,75,75,75,75,75,75,75,75,75,75,75,75,75,75,75,75,75,75,75,75,75,75,75,75,75],"card_choices":[{"not_picked":["rmod:windflower","rmod:stealaluminum"],"picked":"rmod:expeditionaryescort","floor":0.0},{"not_picked":["rmod:robin","rmod:circuitoustactics"],"picked":"rmod:maintain","floor":1.0},{"not_picked":["rmod:slowdown","rmod:aggressivemary"],"picked":"rmod:openingtorpedo","floor":2.0},{"not_picked":["rmod:steelsupply","rmod:ammunitionsupply","rmod:aluminumsupply"],"picked":"SKIP","floor":3.0},{"not_picked":["rmod:capitalist","rmod:victimresponsibility","rmod:supportescort"],"picked":"SKIP","floor":5.0},{"not_picked":["rmod:punchline","rmod:victimresponsibility","rmod:rockthrower"],"picked":"SKIP","floor":7.0},{"not_picked":["rmod:circuitoustactics","rmod:sl","rmod:victimresponsibility"],"picked":"SKIP","floor":8.0},{"not_picked":["rmod:victimresponsibility","rmod:generalist"],"picked":"rmod:intelligenceanalysis","floor":10.0},{"not_picked":["rmod:victimresponsibility","rmod:unsinkable","rmod:diamondstrike"],"picked":"SKIP","floor":14.0},{"not_picked":["rmod:secretscript","rmod:desperatesituation"],"picked":"rmod:highspeedmaneuver","floor":16.0},{"not_picked":["rmod:circuitoustactics","rmod:unsinkable+1"],"picked":"rmod:expedition","floor":18.0},{"not_picked":["rmod:fletcherpendant","rmod:luckystar","rmod:intelligenceanalysis"],"picked":"SKIP","floor":21.0},{"not_picked":["rmod:ring","rmod:openingtorpedo"],"picked":"rmod:fuelsupply","floor":22.0},{"not_picked":["rmod:sl+1","rmod:tearstotiara+1"],"picked":"rmod:aviationdawn","floor":24.0},{"not_picked":["rmod:u235","rmod:fletcherpendant+1","rmod:ammunitionsupply"],"picked":"SKIP","floor":27.0},{"not_picked":["rmod:unsinkable+1","rmod:supportescort","rmod:goodsister"],"picked":"SKIP","floor":29.0},{"not_picked":["rmod:diamondstrike","rmod:firesupport"],"picked":"rmod:diaomin","floor":30.0},{"not_picked":["rmod:unsinkable","rmod:intelligenceanalysis"],"picked":"rmod:advancebysurprise+1","floor":31.0},{"not_picked":["rmod:abidefaith","rmod:u235"],"picked":"rmod:windflower","floor":33.0},{"not_picked":["rmod:fuelsupply","rmod:sl+1","rmod:victimresponsibility+1"],"picked":"SKIP","floor":35.0},{"not_picked":["rmod:wolves+1","rmod:steelsupply","rmod:heivgo"],"picked":"SKIP","floor":36.0},{"not_picked":["rmod:firesupport+1","rmod:goodsister"],"picked":"rmod:ridicule","floor":37.0},{"not_picked":["rmod:maintain","rmod:supportescort+1"],"picked":"rmod:lonelyqueen+1","floor":37.0},{"not_picked":["rmod:wolves+1","rmod:diamondstrike"],"picked":"rmod:spoils+1","floor":37.0},{"not_picked":["rmod:victimresponsibility","rmod:fuelsupply"],"picked":"rmod:steelsupply+1","floor":38.0},{"not_picked":["rmod:supportescort+1","rmod:aviationdawn","rmod:wolves+1"],"picked":"SKIP","floor":39},{"not_picked":["rmod:tearstotiara+1","rmod:abidefaith+1","rmod:luckystar+1"],"picked":"SKIP","floor":45},{"not_picked":["rmod:luckystar","rmod:aviationdawn","rmod:firesupport+1"],"picked":"SKIP","floor":46},{"not_picked":["rmod:tearstotiara","rmod:advancebysurprise","rmod:garrisonisland+1"],"picked":"SKIP","floor":48}],"player_experience":99173,"relics_obtained":[{"floor":8.0,"key":"Thread and Needle"},{"floor":9.0,"key":"Pocketwatch"},{"floor":19.0,"key":"Red Mask"},{"floor":20.0,"key":"Enchiridion"},{"floor":26.0,"key":"Strawberry"},{"floor":27.0,"key":"Replay:Arrowhead"},{"floor":29.0,"key":"Replay:Multitool"},{"floor":41,"key":"Bottled Tornado"},{"floor":42,"key":"Happy Flower"},{"floor":43,"key":"Frozen Egg 2"},{"floor":46,"key":"Replay:Accelerometer"},{"floor":46,"key":"Boot"}],"event_choices":[{"cards_removed":["rmod:strick"],"damage_healed":0.0,"max_hp_gain":0.0,"max_hp_loss":0.0,"gold_gain":0.0,"event_name":"Purifier","player_choice":"Purged","floor":4.0,"gold_loss":0.0,"damage_taken":0.0},{"damage_healed":0.0,"max_hp_gain":0.0,"max_hp_loss":0.0,"gold_gain":0.0,"event_name":"Masked Bandits","player_choice":"Fought Bandits","floor":19.0,"gold_loss":0.0,"damage_taken":0.0},{"damage_healed":0.0,"max_hp_gain":0.0,"max_hp_loss":0.0,"gold_gain":0.0,"event_name":"Cursed Tome","player_choice":"Obtained Book","floor":20.0,"gold_loss":0.0,"damage_taken":16.0},{"damage_healed":0,"gold_gain":0,"player_choice":"Leave","damage_taken":0,"max_hp_gain":0,"max_hp_loss":0,"event_name":"conspire:Investor","floor":44,"gold_loss":0},{"cards_removed":["rmod:strick"],"damage_healed":0,"gold_gain":0,"player_choice":"Removed Attack","damage_taken":0,"max_hp_gain":0,"max_hp_loss":0,"event_name":"Falling","floor":47,"gold_loss":0}],"is_beta":false,"boss_relics":[{"not_picked":["Astrolabe","Snecko Eye"],"picked":"conspire:SpecialSausage"},{"not_picked":["Fusion Hammer","SlaversCollar"],"picked":"Replay:Grab Bag"},{"not_picked":["Cursed Key","Runic Dome"],"picked":"Philosopher\u0027s Stone"},{"not_picked":["Velvet Choker","Busted Crown"],"picked":"Sozu"},{"not_picked":["SacredBark","Ring of Chaos"],"picked":"Black Star"}],"items_purged_floors":[12,37],"is_endless":false,"potions_floor_spawned":[1,3,7,16,19,21,24,31,33,38,39,45],"ascension_level":0}}