{"host":"d9m9v0h6vo0edadb","time":1611938920,"event":{"mods":["BaseMod","Hermit","Keyboard Shortcuts","Minty Spire (QoL Compilation)","StSLib","SuperFastMode","The Cursed"],"gold_per_floor":[113,113,113,38,51,51,82,82,132,168,3,24,24,48,48,48,48],"floor_reached":16,"language":"KOR","playtime":155,"items_purged":["Strike_G"],"score":266,"play_id":"51167aa1-c012-4960-a3eb-555b6d22cc89","local_time":"20210130014840","is_ascension_mode":true,"campfire_choices":[{"data":"Blade Dance","floor":6.0,"key":"SMITH"},{"data":"All Out Attack","floor":8.0,"key":"SMITH"},{"data":"Blade Dance","floor":13,"key":"SMITH"},{"data":"Flechettes","floor":15,"key":"SMITH"}],"circlet_count":0,"master_deck":["AscendersBane","Strike_G","Strike_G","Strike_G","Strike_G","Defend_G","Defend_G","Defend_G","Defend_G","Defend_G","Survivor","Neutralize","Blade Dance+1","All Out Attack+1","Blade Dance+1","Infinite Blades","Infinite Blades","Reflex","Flechettes+1"],"relics":["Ring of the Snake","NeowsBlessing","Golden Idol","Prayer Wheel","Pen Nib","Bag of Preparation","Membership Card"],"acts_visited":["Exordium"],"potions_floor_usage":[],"damage_taken":[{"damage":0.0,"enemies":"Small Slimes","floor":1.0,"turns":1.0},{"damage":0.0,"enemies":"Jaw Worm","floor":5.0,"turns":1.0},{"damage":0.0,"enemies":"Gremlin Nob","floor":7.0,"turns":1.0},{"damage":12.0,"enemies":"Lagavulin","floor":10.0,"turns":5.0},{"damage":0.0,"enemies":"2 Louse","floor":12.0,"turns":2.0},{"damage":3,"enemies":"Blue Slaver","floor":14,"turns":3},{"damage":51,"enemies":"The Guardian","floor":16,"turns":10}],"seed_played":"3343859529208620454","potions_obtained":[{"floor":7.0,"key":"PowerPotion"}],"is_trial":false,"path_per_floor":["M","?","?","$","M","R","E","R","T","E","$","M","R","M","R","B"],"character_chosen":"THE_SILENT","items_purchased":["Membership Card"],"campfire_rested":0,"item_purchase_floors":[11],"current_hp_per_floor":[59,64,64,64,64,64,64,64,64,52,52,52,52,49,49,0,0],"gold":48,"neow_bonus":"THREE_ENEMY_KILL","is_daily":false,"chose_seed":false,"campfire_upgraded":4,"win_rate":0.0,"timestamp":1611938920,"path_taken":["M","?","?","$","M","R","E","R","T","E","$","M","R","M","R","BOSS"],"items_purchased_type":["Relic"],"build_version":"2020-12-22","purchased_purges":1,"victory":false,"max_hp_per_floor":[66,71,64,64,64,64,64,64,64,64,64,64,64,64,64,64,64],"card_choices":[{"not_picked":["Underhanded Strike","Setup"],"picked":"Blade Dance","floor":1.0},{"not_picked":["Deadly Poison","Backflip"],"picked":"All Out Attack","floor":5.0},{"not_picked":["Slice","Deflect"],"picked":"Blade Dance","floor":7.0},{"not_picked":["Sucker Punch","Bane","Dodge and Roll"],"picked":"SKIP","floor":10.0},{"not_picked":["Bane","Eviscerate"],"picked":"Infinite Blades","floor":12},{"not_picked":["Bullet Time","Outmaneuver"],"picked":"Infinite Blades","floor":12},{"not_picked":["Finisher","Backflip"],"picked":"Reflex","floor":14},{"not_picked":["Bane","Riddle With Holes"],"picked":"Flechettes","floor":14}],"player_experience":998626,"relics_obtained":[{"floor":7.0,"key":"Prayer Wheel"},{"floor":9.0,"key":"Pen Nib"},{"floor":10.0,"key":"Bag of Preparation"}],"event_choices":[{"damage_healed":0.0,"max_hp_gain":5.0,"max_hp_loss":0.0,"gold_gain":0.0,"event_name":"Big Fish","player_choice":"Donut","floor":2.0,"gold_loss":0.0,"damage_taken":0.0},{"damage_healed":0.0,"max_hp_gain":0.0,"max_hp_loss":7.0,"gold_gain":0.0,"event_name":"Golden Idol","player_choice":"Lose Max HP","floor":3.0,"gold_loss":0.0,"damage_taken":0.0,"relics_obtained":["Golden Idol"]}],"is_beta":false,"boss_relics":[],"items_purged_floors":[4],"is_endless":false,"potions_floor_spawned":[7],"killed_by":"The Guardian","ascension_level":20}}