{"host":"1tl36azeqm6yhdgj","time":1611934890,"event":{"mods":["AchievementEnabler","BaseMod","Minty Spire (QoL Compilation)","StSLib","The IronCluck","everything is the same but u backflip on backflip"],"gold_per_floor":[118,137,153,153,167,176,212,236,261,261,261],"floor_reached":10,"language":"ENG","playtime":283,"items_purged":[],"score":136,"play_id":"2f37bb00-3b61-45a1-9c6b-f9af5de974d4","local_time":"20210129104130","is_ascension_mode":true,"campfire_choices":[],"circlet_count":0,"master_deck":["AscendersBane","Strike_R","Strike_R","Strike_R","Strike_R","Strike_R","Defend_R","Defend_R","Defend_R","Defend_R","Bash","Shrug It Off","Disarm","Metallicize","Flame Barrier","Offering","Whirlwind","Regret","Rampage"],"relics":["Burning Blood","NeowsBlessing","CeramicFish","Oddly Smooth Stone","Potion Belt","Centennial Puzzle"],"acts_visited":["Exordium"],"potions_floor_usage":[7,7],"damage_taken":[{"damage":0,"enemies":"Jaw Worm","floor":1,"turns":1},{"damage":0,"enemies":"Cultist","floor":2,"turns":1},{"damage":0,"enemies":"2 Louse","floor":3,"turns":2},{"damage":20,"enemies":"Exordium Wildlife","floor":5,"turns":11},{"damage":23,"enemies":"3 Sentries","floor":7,"turns":6},{"damage":44,"enemies":"Lagavulin","floor":10,"turns":10}],"seed_played":"7335405123844629732","potions_obtained":[{"floor":2,"key":"ColorlessPotion"},{"floor":5,"key":"SteroidPotion"},{"floor":7,"key":"Strength Potion"}],"is_trial":false,"path_per_floor":["M","M","M","?","M","?","E","T","T","E"],"character_chosen":"IRONCLAD","items_purchased":[],"campfire_rested":0,"item_purchase_floors":[],"current_hp_per_floor":[74,75,75,75,61,61,44,44,44,0,0],"gold":261,"neow_bonus":"THREE_ENEMY_KILL","is_daily":false,"chose_seed":false,"campfire_upgraded":0,"win_rate":0.0,"timestamp":1611934890,"path_taken":["M","M","M","?","?","?","E","?","T","E"],"items_purchased_type":[],"build_version":"2020-12-22","purchased_purges":0,"victory":false,"max_hp_per_floor":[75,75,75,75,75,75,75,75,75,75,75],"card_choices":[{"not_picked":["Armaments","True Grit"],"picked":"Shrug It Off","floor":1},{"not_picked":["Power Through","Uppercut"],"picked":"Disarm","floor":2},{"not_picked":["Hemokinesis","Havoc"],"picked":"Metallicize","floor":3},{"not_picked":["True Grit","Heavy Blade"],"picked":"Whirlwind","floor":5},{"not_picked":["Dual Wield","Anger"],"picked":"Rampage","floor":7}],"player_experience":2100210,"relics_obtained":[{"floor":7,"key":"Oddly Smooth Stone"},{"floor":8,"key":"Potion Belt"},{"floor":9,"key":"Centennial Puzzle"}],"event_choices":[{"damage_healed":0,"gold_gain":0,"player_choice":"2 cards matched","damage_taken":0,"max_hp_gain":0,"max_hp_loss":0,"event_name":"Match and Keep!","floor":4,"gold_loss":0,"cards_obtained":["Flame Barrier","Offering"]},{"damage_healed":0,"gold_gain":0,"player_choice":"Box","damage_taken":0,"relics_obtained":["CeramicFish"],"max_hp_gain":0,"max_hp_loss":0,"event_name":"Big Fish","floor":6,"gold_loss":0,"cards_obtained":["Regret"]}],"is_beta":false,"boss_relics":[],"items_purged_floors":[],"is_endless":false,"potions_floor_spawned":[2,5,7],"killed_by":"Lagavulin","ascension_level":20}}