{"host":"u8jm3mkzbb0z8q6m","time":1611883276,"event":{"mods":["BaseMod","Challenge The Spire","Colored Powertips","Minty Spire (QoL Compilation)","Quick Restart","Replay The Spire","Spicy Shops","StSLib","¡¾ÒÅÎï¿¨ÅÆ¡¿REMEMod"],"gold_per_floor":[116,135,146,162,5,5,5,5,5,5,18,34,34,34,34,132,132,142,162,39,58,58,86,86,86],"floor_reached":24,"language":"ZHS","playtime":1337,"items_purged":["Voices"],"score":208,"play_id":"aa357515-2263-40cd-a8da-49a77381d095","local_time":"20210129102116","is_ascension_mode":false,"campfire_choices":[{"data":"Storm of Steel","floor":6,"key":"SMITH"},{"data":"Accuracy","floor":8,"key":"SMITH"},{"data":"Accuracy","floor":10,"key":"SMITH"},{"floor":15,"key":"REST"}],"circlet_count":0,"master_deck":["Strike_G","Defend_G","Defend_G","Defend_G","Defend_G","Defend_G","Survivor","Neutralize","Accuracy+1","Prepared","Hidden Blade","Storm of Steel+1","Slice","Accuracy","Accuracy+1","Acrobatics","Calculated Gamble","Quick Slash","Tools of the Trade","Regret","Expertise+1","ReplayTheSpireMod:Speed Training+1","Acrobatics+1","Cloak And Dagger+1","Hidden Blade+1"],"relics":["REME_ComplimentaryCards","Painkiller Herb","Lantern","Replay:Kaleidoscope","Toxic Egg 2","Kintsugi","MutagenicStrength","Pocketwatch"],"acts_visited":["Exordium","TheCity"],"potions_floor_usage":[16,16,23],"damage_taken":[{"damage":2,"enemies":"Small Slimes","floor":1,"turns":4},{"damage":0,"enemies":"Cultist","floor":2,"turns":4},{"damage":0,"enemies":"Jaw Worm","floor":3,"turns":3},{"damage":16,"enemies":"Lots of Slimes","floor":4,"turns":5},{"damage":11,"enemies":"Exordium Wildlife","floor":11,"turns":5},{"damage":10,"enemies":"Looter","floor":12,"turns":3},{"damage":12,"enemies":"Slime Boss","floor":16,"turns":5},{"damage":8,"enemies":"Shell Parasite","floor":18,"turns":3},{"damage":1,"enemies":"Spheric Guardian","floor":19,"turns":2},{"damage":15,"enemies":"Snake Plant","floor":21,"turns":3},{"damage":22,"enemies":"Gremlin Leader","floor":23,"turns":4}],"seed_played":"7705305111577348210","potions_obtained":[{"floor":2,"key":"SkillPotion"},{"floor":11,"key":"SpeedPotion"},{"floor":18,"key":"Energy Potion"},{"floor":21,"key":"Explosive Potion"}],"is_trial":false,"path_per_floor":["?","?","?","?","T","T","?","T","T","T","?","?","T","T","T","B",null,"?","?","T","?","?","E","?"],"character_chosen":"THE_SILENT","items_purchased":["Accuracy","Lantern","Acrobatics","Acrobatics+1"],"campfire_rested":1,"item_purchase_floors":[5,5,5,20],"current_hp_per_floor":[68,68,68,52,52,52,52,52,52,52,41,31,31,31,52,40,70,62,61,61,46,46,24,0,0],"gold":86,"neow_bonus":"BOSS_RELIC","is_daily":false,"chose_seed":false,"campfire_upgraded":3,"win_rate":0.0,"timestamp":1611883276,"path_taken":["?","?","?","?","T","T","?","T","T","T","?","?","?","?","T","BOSS","?","?","T","?","?","E","?"],"items_purchased_type":["Card","Relic","Card","Card"],"build_version":"2020-12-22","purchased_purges":1,"victory":false,"max_hp_per_floor":[70,70,70,70,70,70,70,70,70,70,70,70,70,70,70,70,70,70,70,70,70,70,70,70,70],"card_choices":[{"not_picked":["Deadly Poison","Acrobatics"],"picked":"Prepared","floor":1},{"not_picked":["Backflip","Dodge and Roll"],"picked":"Hidden Blade","floor":2},{"not_picked":["Bane","Sucker Punch"],"picked":"Storm of Steel","floor":3},{"not_picked":["Bane","Crippling Poison"],"picked":"Slice","floor":4},{"not_picked":["Escape Plan","Outmaneuver"],"picked":"Calculated Gamble","floor":11},{"not_picked":["Well Laid Plans","Catalyst"],"picked":"Quick Slash","floor":12},{"not_picked":["Envenom","Die Die Die"],"picked":"Tools of the Trade","floor":16},{"not_picked":["Caltrops","Dodge and Roll+1"],"picked":"Expertise+1","floor":18},{"not_picked":["Outmaneuver+1","Replay:Poison Smokescreen+1"],"picked":"ReplayTheSpireMod:Speed Training+1","floor":19},{"not_picked":["Masterful Stab","Slice"],"picked":"Cloak And Dagger+1","floor":21},{"not_picked":["Accuracy","Outmaneuver+1"],"picked":"Hidden Blade+1","floor":23}],"player_experience":19131,"relics_obtained":[{"floor":9,"key":"Replay:Kaleidoscope"},{"floor":14,"key":"Toxic Egg 2"},{"floor":23,"key":"Pocketwatch"}],"event_choices":[{"cards_removed":["Regret"],"damage_healed":0,"gold_gain":0,"player_choice":"Took Card","damage_taken":0,"max_hp_gain":0,"max_hp_loss":0,"event_name":"NoteForYourself","floor":7,"gold_loss":0,"cards_obtained":["Bash"]},{"damage_healed":0,"gold_gain":0,"player_choice":"Inject Mutagens","damage_taken":0,"relics_obtained":["MutagenicStrength"],"max_hp_gain":0,"max_hp_loss":0,"event_name":"Drug Dealer","floor":22,"gold_loss":0}],"is_beta":false,"boss_relics":[{"not_picked":["Astrolabe","Replay:Bronze Core"],"picked":"Kintsugi"}],"items_purged_floors":[20],"is_endless":false,"potions_floor_spawned":[2,11,18,21],"ascension_level":0}}