{"host":"15aj5evy2lp05ri4","time":1611962337,"event":{"mods":["AchievementEnabler","BaseMod","Minty Spire (QoL Compilation)"],"gold_per_floor":[212,162,162,176,193,219,219,231,231,231,241,257,292,307,307,307,307],"floor_reached":16,"language":"ENG","playtime":390,"items_purged":[],"score":202,"play_id":"81bdbe9a-e440-44ec-a74b-9998259db13f","local_time":"20210130001857","is_ascension_mode":true,"campfire_choices":[{"floor":10,"key":"REST"},{"floor":15,"key":"REST"}],"circlet_count":0,"master_deck":["Strike_B","Strike_B","Strike_B","Defend_B","Defend_B","Defend_B","Defend_B","Zap+1","Dualcast","Turbo","Gash","Rebound","Ball Lightning","Chill","Tempest","Coolheaded","Turbo","Capacitor"],"relics":["Cracked Core","MealTicket","Mercury Hourglass","Bronze Scales","Oddly Smooth Stone"],"acts_visited":["Exordium"],"potions_floor_usage":[6,13,13,13],"damage_taken":[{"damage":3,"enemies":"Jaw Worm","floor":1,"turns":4},{"damage":0,"enemies":"Small Slimes","floor":4,"turns":3},{"damage":0,"enemies":"Cultist","floor":5,"turns":3},{"damage":35,"enemies":"3 Sentries","floor":6,"turns":8},{"damage":9,"enemies":"2 Fungi Beasts","floor":8,"turns":2},{"damage":13,"enemies":"Lots of Slimes","floor":11,"turns":2},{"damage":8,"enemies":"Blue Slaver","floor":12,"turns":2},{"damage":0,"enemies":"Gremlin Nob","floor":13,"turns":2},{"damage":13,"enemies":"Exordium Thugs","floor":14,"turns":3},{"damage":32,"enemies":"The Guardian","floor":16,"turns":8}],"seed_played":"1106091864853066576","potions_obtained":[{"floor":4,"key":"SkillPotion"},{"floor":5,"key":"FearPotion"},{"floor":8,"key":"SneckoOil"},{"floor":11,"key":"EssenceOfSteel"}],"is_trial":false,"path_per_floor":["M","?","?","M","M","E","?","M","T","R","M","M","E","M","R","B"],"character_chosen":"DEFECT","items_purchased":[],"campfire_rested":2,"item_purchase_floors":[],"current_hp_per_floor":[65,65,65,65,65,30,30,21,21,43,30,22,22,9,31,0,0],"gold":307,"neow_bonus":"HUNDRED_GOLD","is_daily":false,"chose_seed":false,"campfire_upgraded":0,"win_rate":0.0,"timestamp":1611962337,"path_taken":["M","?","?","?","M","E","?","M","T","R","M","?","E","M","R","BOSS"],"items_purchased_type":[],"build_version":"2020-12-22","purchased_purges":0,"victory":false,"max_hp_per_floor":[75,75,75,75,75,75,75,75,75,75,75,75,75,75,75,75,75],"card_choices":[{"not_picked":["Compile Driver","Rip and Tear"],"picked":"Turbo","floor":1},{"not_picked":["Undo","Beam Cell"],"picked":"Gash","floor":4},{"not_picked":["Go for the Eyes","Conserve Battery"],"picked":"Rebound","floor":5},{"not_picked":["Thunder Strike","Barrage"],"picked":"Ball Lightning","floor":6},{"not_picked":["Leap","Auto Shields"],"picked":"Chill","floor":8},{"not_picked":["Turbo","Chaos"],"picked":"Tempest","floor":11},{"not_picked":["Cold Snap","Beam Cell"],"picked":"Coolheaded","floor":12},{"not_picked":["Compile Driver","Hologram"],"picked":"Turbo","floor":13},{"not_picked":["Barrage","Go for the Eyes"],"picked":"Capacitor","floor":14}],"player_experience":686978,"relics_obtained":[{"floor":6,"key":"MealTicket"},{"floor":7,"key":"Mercury Hourglass"},{"floor":9,"key":"Bronze Scales"},{"floor":13,"key":"Oddly Smooth Stone"}],"event_choices":[{"cards_removed":["Strike_B"],"damage_healed":0,"gold_gain":0,"player_choice":"Card Removal","damage_taken":0,"max_hp_gain":0,"max_hp_loss":0,"event_name":"The Cleric","floor":2,"gold_loss":50},{"damage_healed":0,"gold_gain":0,"player_choice":"Upgraded","damage_taken":0,"max_hp_gain":0,"max_hp_loss":0,"event_name":"Upgrade Shrine","floor":3,"gold_loss":0,"cards_upgraded":["Zap"]},{"damage_healed":0,"gold_gain":0,"player_choice":"Relic","damage_taken":0,"max_hp_gain":0,"max_hp_loss":0,"event_name":"Wheel of Change","floor":7,"gold_loss":0}],"is_beta":false,"boss_relics":[],"items_purged_floors":[],"is_endless":false,"potions_floor_spawned":[4,5,8,11],"killed_by":"The Guardian","ascension_level":9}}