{"host":"farxtl2u8hmkbdo2","time":1611880636,"event":{"mods":["A Magickal Journey","BaseMod","Better Altar","Better Note","Better Sensory Stone","Better Skull","Better Third Choice","Challenge The Spire","Colored Map","Colored Powertips","Current Relic Mod","Energized Spire","Fox Events","Gremlin Mod","Hermit","Hubris","Mimic Mod","Minty Spire (QoL Compilation)","Quick Restart","READ ME - Guardian Mod","READ ME - Snecko Mod","Rare Cards Sparkle","StSLib","The Bladedancer","The Bug Knight","The Cursed","The Disciple","The Hierophant","The Marked","The Necromancer","The Runesmith","Transform Curses"],"gold_per_floor":[110,82,81,81,31,31,50,50,92,109,109,120,127,143,143,218,218,240,240,240,268,178,215,235,235,289,321,383,5,25,78,78,199,199,243,301,301,348,375,413,413,485,560,653,653,710,710,757,757,737,737,737,114,225,221,221],"floor_reached":55,"language":"SPA","playtime":31329,"items_purged":["hierophant:Strike_Hierophant","hierophant:Strike_Hierophant"],"score":1429,"play_id":"97410f35-fa04-474c-b618-1557b7e79b9c","local_time":"20210128213716","is_ascension_mode":true,"campfire_choices":[{"data":"hierophant:Punish","floor":11.0,"key":"SMITH"},{"data":"hierophant:ChurchCoffers","floor":15.0,"key":"SMITH"},{"data":"hierophant:Determination","floor":25,"key":"SMITH"},{"data":"hierophant:Repentance","floor":32,"key":"SMITH"},{"floor":41,"key":"RECALL"},{"data":"hierophant:Community","floor":45,"key":"SMITH"},{"data":"hierophant:HolyVerse","floor":49,"key":"SMITH"},{"data":"hierophant:DivineIntervention","floor":52,"key":"SMITH"}],"circlet_count":0,"master_deck":["hierophant:Strike_Hierophant","hierophant:Punish+1","hierophant:Defend_Hierophant+1","hierophant:Defend_Hierophant","hierophant:Defend_Hierophant","hierophant:ChurchCoffers+1","hierophant:Smite+1","hierophant:HolyVerse+1","hierophant:OrnateJavelin","hierophant:Smite","hierophant:MorningPrayer","hierophant:Invocation","hierophant:Community+1","hierophant:PristineSoul","hierophant:HolyVerse","hierophant:Doubloon","hierophant:CursedGold","hierophant:Doubloon+1","hierophant:MorningPrayer","hierophant:Zeal","hierophant:FieryStrike","hierophant:MorningPrayer","hierophant:Upheaval","hierophant:FieryStrike","hierophant:DivineIntervention+1","hierophant:ThreeLashes","hierophant:Repentance+1","hierophant:RustyCrate","hierophant:Doubloon","hierophant:Doubloon","hierophant:Invocation","hierophant:Encroach+1","hierophant:Shelter+1","hierophant:HammerAndAnvil","hierophant:Exaltation","hierophant:FaithHealing","hierophant:MintersHammer","hierophant:MintersHammer","hierophant:LocustPlague","hierophant:Anathema","hierophant:Zeal+1","hierophant:FlamingChariot","hierophant:PristineSoul+1","hierophant:Doubloon+1","hierophant:MorningPrayer","hierophant:RepressedViolence+1","hierophant:Charity+1","hierophant:Doubloon+1","hierophant:Sermon","hierophant:HammerAndAnvil","hierophant:ThreeLashes+1","hierophant:DisplayOfPower+1","hierophant:PassingBell+1","hierophant:PristineSoul+1","hierophant:HolyVerse","hierophant:Encroach+1","hierophant:HolyVerse+1","hierophant:RustyCrate","hierophant:Invocation","hierophant:Doubloon","hierophant:Doubloon","hubris:DuctTapeCard","hierophant:Zeal+1","hierophant:Encroach+1","hierophant:Patience+1","hierophant:Repentance+1","hierophant:Endure","hierophant:Doubloon","hierophant:FlamingChariot+1","hierophant:ConvertCurrency+1","hierophant:Doubloon"],"relics":["hierophant:PropheticMaskRelic","betterThird:SlimedRelic","betterAltar:BloodRelic","hubris:Towel","Happy Flower","Regal Pillow","hubris:SlimyHat","Orichalcum","energizedSpire:StickyHand","Bloody Idol","hubris:Icosahedron","hubris:TinFlute","Kunai","Frozen Egg 2","Bottled Flame","Toolbox","Coffee Dripper","Bottled Lightning","Molten Egg 2","hubris:AstralHammer","Thread and Needle","White Beast Statue","hubris:DuctTape","DollysMirror","Art of War","Lantern","Pen Nib"],"acts_visited":["Exordium","TheCity","TheBeyond","TheEnding"],"potions_floor_usage":[13021,21,24,28,28,40,42,42,46,48,50,55],"damage_taken":[{"damage":0.0,"enemies":"2 Louse","floor":1.0,"turns":2.0},{"damage":0.0,"enemies":"Small Slimes","floor":3.0,"turns":1.0},{"damage":25.0,"enemies":"Gremlin Nob","floor":6.0,"turns":4.0},{"damage":0.0,"enemies":"Jaw Worm","floor":7.0,"turns":2.0},{"damage":0.0,"enemies":"Large Slime","floor":9.0,"turns":3.0},{"damage":5.0,"enemies":"Lagavulin","floor":10.0,"turns":3.0},{"damage":4.0,"enemies":"Large Slime","floor":12.0,"turns":3.0},{"damage":0.0,"enemies":"3 Sentries","floor":13.0,"turns":1.0},{"damage":4.0,"enemies":"Exordium Wildlife","floor":14.0,"turns":2.0},{"damage":0.0,"enemies":"Hexaghost","floor":16.0,"turns":9.0},{"damage":0.0,"enemies":"Chosen","floor":18.0,"turns":3.0},{"damage":0,"enemies":"Shell Parasite","floor":21,"turns":7},{"damage":0,"enemies":"HollowMod:Nosk","floor":23,"turns":2},{"damage":4,"enemies":"3 Cultists","floor":24,"turns":4},{"damage":0,"enemies":"Centurion and Healer","floor":26,"turns":5},{"damage":0,"enemies":"Centurion and Healer","floor":27,"turns":3},{"damage":0,"enemies":"Book of Stabbing","floor":28,"turns":2},{"damage":2,"enemies":"Snecko","floor":30,"turns":4},{"damage":0,"enemies":"Snake Plant","floor":31,"turns":3},{"damage":18,"enemies":"Champ","floor":33,"turns":10},{"damage":0,"enemies":"3 Shapes","floor":35,"turns":1},{"damage":15,"enemies":"Orb Walker","floor":36,"turns":4},{"damage":3,"enemies":"Writhing Mass","floor":38,"turns":2},{"damage":0,"enemies":"Sphere and 2 Shapes","floor":39,"turns":3},{"damage":9,"enemies":"HollowMod:StalkingDevout","floor":40,"turns":7},{"damage":35,"enemies":"Reptomancer","floor":42,"turns":6},{"damage":5,"enemies":"Jaw Worm Horde","floor":43,"turns":9},{"damage":47,"enemies":"Giant Head","floor":44,"turns":9},{"damage":0,"enemies":"Jaw Worm Horde","floor":46,"turns":3},{"damage":28,"enemies":"Reptomancer","floor":48,"turns":7},{"damage":0,"enemies":"Donu and Deca","floor":50,"turns":9},{"damage":33,"enemies":"Shield and Spear","floor":54,"turns":4},{"damage":76,"enemies":"The Heart","floor":55,"turns":5}],"seed_played":"7044633115147153839","potions_obtained":[{"floor":7.0,"key":"Swift Potion"},{"floor":12.0,"key":"LiquidMemories"},{"floor":13.0,"key":"LiquidMemories"},{"floor":14.0,"key":"Swift Potion"},{"floor":16.0,"key":"Strength Potion"},{"floor":21,"key":"SteroidPotion"},{"floor":24,"key":"FearPotion"},{"floor":27,"key":"ColorlessPotion"},{"floor":30,"key":"Energy Potion"},{"floor":35,"key":"Explosive Potion"},{"floor":39,"key":"Regen Potion"},{"floor":44,"key":"LiquidMemories"},{"floor":46,"key":"DuplicationPotion"},{"floor":48,"key":"Swift Potion"},{"floor":54,"key":"Swift Potion"}],"is_trial":false,"path_per_floor":["M","?","M","?","?","E","M","?","MIM","E","R","M","E","M","R","B",null,"M","?","?","M","?","E","M","R","MIM","M","E","$","M","M","R","B",null,"M","M","?","M","M","E","R","E","MIM","E","R","M","?","E","R","B",null,"R","$","E","B"],"character_chosen":"HIEROPHANT","items_purchased":["Toolbox","hierophant:Invocation","DollysMirror","Art of War","Lantern","hierophant:Endure"],"campfire_rested":0,"item_purchase_floors":[29,29,53,53,53,53],"current_hp_per_floor":[82,71,71,55,55,30,32,32,34,31,31,29,31,29,29,31,82,82,17,17,65,65,79,82,82,82,82,82,82,82,82,82,82,82,82,77,87,92,92,92,92,72,82,50,50,65,65,52,52,79,92,92,92,69,0,0],"gold":221,"neow_bonus":"TEN_PERCENT_HP_BONUS","is_daily":false,"chose_seed":false,"campfire_upgraded":7,"win_rate":0.0,"timestamp":1611880636,"path_taken":["M","?","M","?","?","E","M","?","MIM","E","R","M","E","M","R","BOSS","M","?","?","M","?","E","M","R","MIM","M","E","?","M","?","R","BOSS","M","M","?","M","M","E","R","E","MIM","E","R","M","?","E","R","BOSS","R","$","E","BOSS"],"items_purchased_type":["Relic","Card","Relic","Relic","Relic","Card"],"build_version":"2020-12-22","purchased_purges":2,"victory":false,"max_hp_per_floor":[82,82,82,82,82,82,82,82,82,82,82,82,82,82,82,82,82,82,82,82,82,82,82,82,82,82,82,82,82,82,82,82,82,82,82,82,92,92,92,92,92,92,92,92,92,92,92,92,92,92,92,92,92,92,92,92],"card_choices":[{"not_picked":["hierophant:Zeal","hierophant:Empathy"],"picked":"hierophant:Smite","floor":1.0},{"not_picked":["hierophant:Blessing","hierophant:Purify"],"picked":"hierophant:HolyVerse","floor":3.0},{"not_picked":["hierophant:MirrorShield","hierophant:SealAway"],"picked":"hierophant:OrnateJavelin","floor":6.0},{"not_picked":["hierophant:PassingBell","hierophant:Sermon"],"picked":"hierophant:Smite","floor":7.0},{"not_picked":["hierophant:Upheaval","hierophant:Doubloon"],"picked":"hierophant:MorningPrayer","floor":9.0},{"not_picked":["hierophant:Dazzle","hierophant:Encroach"],"picked":"hierophant:Invocation","floor":10.0},{"not_picked":["hierophant:Sermon","hierophant:SealAway"],"picked":"hierophant:Community","floor":12.0},{"not_picked":["hierophant:MirrorShield","hierophant:Prophecy"],"picked":"hierophant:PristineSoul","floor":13.0},{"not_picked":["hierophant:RepressedViolence","hierophant:Purify"],"picked":"hierophant:HolyVerse","floor":14.0},{"not_picked":["hierophant:Kindle","hierophant:BulkyChest"],"picked":"hierophant:Determination","floor":16.0},{"not_picked":["hierophant:CursedGold","hierophant:Doubloon"],"picked":"hierophant:MorningPrayer","floor":18.0},{"not_picked":["hierophant:Purify+1","hierophant:PassingBell","hierophant:HammerAndAnvil"],"picked":"SKIP","floor":21},{"not_picked":["hierophant:Zeal","hierophant:FieryStrike"],"picked":"hierophant:MorningPrayer","floor":23},{"not_picked":["hierophant:Upheaval","hierophant:FieryStrike"],"picked":"hierophant:DivineIntervention","floor":24},{"not_picked":["hierophant:ThreeLashes","hierophant:RustyCrate"],"picked":"hierophant:Repentance","floor":26},{"not_picked":["hierophant:WrathOfGod","hierophant:Alms","hierophant:CoinFling"],"picked":"SKIP","floor":27},{"not_picked":["hierophant:HolyVerse","hierophant:AuricBeam","hierophant:Remorse"],"picked":"SKIP","floor":28},{"not_picked":["hierophant:Encroach+1","hierophant:HammerAndAnvil"],"picked":"hierophant:Shelter+1","floor":30},{"not_picked":["hierophant:Exaltation","hierophant:FaithHealing"],"picked":"hierophant:MintersHammer","floor":31},{"not_picked":["hierophant:MintersHammer","hierophant:Anathema"],"picked":"hierophant:LocustPlague","floor":33},{"not_picked":["hierophant:Remorse","hierophant:FlamingChariot","hierophant:TollTheBells"],"picked":"SKIP","floor":35},{"not_picked":["hierophant:Glossolalia+1","hierophant:AuricShield","hierophant:FieryStrike"],"picked":"SKIP","floor":36},{"not_picked":["hierophant:Zeal+1","hierophant:FlamingChariot"],"picked":"hierophant:PristineSoul+1","floor":38},{"not_picked":["hierophant:MorningPrayer","hierophant:RepressedViolence+1"],"picked":"hierophant:Charity+1","floor":39},{"not_picked":["hierophant:Doubloon","hierophant:HammerAndAnvil"],"picked":"hierophant:Sermon","floor":40},{"not_picked":["hierophant:ThreeLashes+1","hierophant:DisplayOfPower+1"],"picked":"hierophant:PassingBell+1","floor":42},{"not_picked":["hierophant:PristineSoul+1","hierophant:HolyVerse"],"picked":"hierophant:Encroach+1","floor":43},{"not_picked":["hierophant:RustyCrate","hierophant:Invocation"],"picked":"hierophant:HolyVerse","floor":44},{"not_picked":["hierophant:OrnateBuckler","hierophant:HammerAndAnvil","hierophant:Encroach"],"picked":"SKIP","floor":46},{"not_picked":["hierophant:Zeal+1","hierophant:Patience+1"],"picked":"hierophant:Encroach+1","floor":48},{"not_picked":["hierophant:FlamingChariot+1","hierophant:ConvertCurrency+1"],"picked":"hierophant:Doubloon","floor":54}],"player_experience":1918346,"relics_obtained":[{"floor":6.0,"key":"Blood Vial"},{"floor":9.0,"key":"Happy Flower"},{"floor":9.0,"key":"Regal Pillow"},{"floor":10.0,"key":"hubris:SlimyHat"},{"floor":13.0,"key":"Orichalcum"},{"floor":23,"key":"hubris:TinFlute"},{"floor":26,"key":"Kunai"},{"floor":26,"key":"Frozen Egg 2"},{"floor":28,"key":"Bottled Flame"},{"floor":40,"key":"Bottled Lightning"},{"floor":42,"key":"Molten Egg 2"},{"floor":43,"key":"hubris:AstralHammer"},{"floor":43,"key":"Thread and Needle"},{"floor":44,"key":"White Beast Statue"},{"floor":48,"key":"hubris:DuctTape"},{"floor":54,"key":"Pen Nib"}],"event_choices":[{"damage_healed":0.0,"max_hp_gain":0.0,"max_hp_loss":0.0,"gold_gain":0.0,"event_name":"betterThird:BetterGoop","player_choice":"Slimed","floor":2.0,"gold_loss":28.0,"damage_taken":11.0},{"damage_healed":71.0,"max_hp_gain":0.0,"max_hp_loss":82.0,"gold_gain":0.0,"event_name":"betterThird:BetterShining","player_choice":"Upgrade","floor":4.0,"gold_loss":0.0,"damage_taken":16.0,"cards_upgraded":["hierophant:HolyVerse","hierophant:Defend_Hierophant"]},{"cards_removed":["hierophant:Defend_Hierophant"],"damage_healed":0.0,"max_hp_gain":0.0,"max_hp_loss":0.0,"gold_gain":0.0,"event_name":"The Cleric","player_choice":"Card Removal","floor":5.0,"gold_loss":50.0,"damage_taken":0.0},{"damage_healed":0,"gold_gain":0,"player_choice":" Idol RottenVial Potion ","damage_taken":65,"relics_obtained":["Bloody Idol","betterAltar:BloodRelic"],"max_hp_gain":82,"max_hp_loss":17,"event_name":"betterAltar:BetterAltar","floor":19,"potions_obtained":["betterAltar:AltarPotion"],"relics_lost":["Blood Vial"],"gold_loss":0},{"cards_removed":["hierophant:Strike_Hierophant"],"damage_healed":0,"gold_gain":0,"player_choice":"Upgrade and Remove","damage_taken":0,"max_hp_gain":0,"max_hp_loss":0,"event_name":"Designer","floor":22,"gold_loss":90,"cards_upgraded":["hierophant:Smite"]},{"damage_healed":0,"gold_gain":0,"player_choice":"Copied","damage_taken":0,"max_hp_gain":0,"max_hp_loss":0,"event_name":"Duplicator","floor":47,"gold_loss":0,"cards_obtained":["hierophant:ChurchCoffers"]}],"is_beta":false,"boss_relics":[{"not_picked":["Runesmith:UraniumAnvil","energizedSpire:SpiderWeb"],"picked":"energizedSpire:StickyHand"},{"not_picked":["Sozu","energizedSpire:EnergizedDie"],"picked":"Coffee Dripper"}],"items_purged_floors":[29,53],"is_endless":false,"potions_floor_spawned":[7,12,13,14,16,21,24,27,30,35,39,44,46,48,54],"killed_by":"The Heart","ascension_level":1}}