{"host":"o5jvvi5yapo90aia","time":1611941389,"event":{"mods":["BaseMod","CapriCore","Minty Spire (QoL Compilation)","MostiFishMod","Prisma Mod","Spicy Shops","StSLib","TestMod","The Immortal","Yakumo Yukari mod","【人物mod】游戏王New YuGiOh mod","【功能Mod】Neow奖励"],"gold_per_floor":[115,126,142,142,154,181,181,195,250,281,281,306,320,177,177,253,253,265,265,315,315,325,325,359,359,359,398,417,257,289,289,289,377,404,428,451,508,908,-1365,-1325,-1299,-1260,-1234,-1234,-1208,-1190,-1168,-1150,-1150,-1145,-1140,-1140,-1140,-1140,-1093,-1083],"floor_reached":57,"language":"ZHS","playtime":1271,"items_purged":["Bash"],"score":3905,"play_id":"59e4f3b3-4368-4ae5-9dfc-7198c07bfc1d","local_time":"20210130012949","is_ascension_mode":true,"campfire_choices":[{"data":"Dual Wield","floor":7.0,"key":"PURGE"},{"data":"Defend_R","floor":11.0,"key":"PURGE"},{"data":"Defend_R","floor":15.0,"key":"PURGE"},{"data":"Pain","floor":23.0,"key":"PURGE"},{"data":"MostiFishMod:FlyOverUtopia","floor":25.0,"key":"SMITH"},{"data":"Strike_R","floor":32.0,"key":"PURGE"},{"floor":44,"key":"RECALL"},{"data":"Sword Boomerang","floor":49,"key":"PURGE"},{"data":"Strike_R+1","floor":53,"key":"PURGE"}],"circlet_count":0,"master_deck":["AscendersBane","Defend_R","MostiFishMod:FlyOverUtopia+1","Burning Pact","Offering","Feed+1","Rupture+1","MostiFishMod:WingOfPhoenix+1","Havoc","Intimidate","MostiFishMod:ButterFly","Magnetism","Feel No Pain"],"relics":["testmod-TestBox","JellyFishMachine","ExusiaiGun","testmod-ObsoleteBoomerang","SynthV:TestCard","PreservedInsect","Pen Nib","Meat on the Bone","Whetstone","InkBottle","xbg","WarpedTongs","Pantograph","testmod-IndustrialRevolution","Happy Flower","CeramicFish","Astrolabe","Dead Branch","Oddly Smooth Stone","Thread and Needle","testmod-Charity","testmod-LifeArmor","SynthV:MejaisSoulstealer","Matryoshka","Potion Belt","Sundial","Red Skull","Letter Opener"],"acts_visited":["Exordium","TheCity","TheBeyond","TheEnding"],"potions_floor_usage":[],"damage_taken":[{"damage":0.0,"enemies":"2 Louse","floor":1.0,"turns":1.0},{"damage":0.0,"enemies":"Jaw Worm","floor":2.0,"turns":1.0},{"damage":0.0,"enemies":"Small Slimes","floor":3.0,"turns":1.0},{"damage":0.0,"enemies":"Red Slaver","floor":5.0,"turns":1.0},{"damage":0.0,"enemies":"Lagavulin","floor":6.0,"turns":2.0},{"damage":1.0,"enemies":"3 Louse","floor":8.0,"turns":2.0},{"damage":0.0,"enemies":"Gremlin Nob","floor":10.0,"turns":1.0},{"damage":0.0,"enemies":"3 Sentries","floor":12.0,"turns":1.0},{"damage":0.0,"enemies":"Exordium Wildlife","floor":13.0,"turns":1.0},{"damage":0.0,"enemies":"The Guardian","floor":16.0,"turns":1.0},{"damage":0.0,"enemies":"Spheric Guardian","floor":18.0,"turns":1.0},{"damage":0.0,"enemies":"Shell Parasite","floor":22.0,"turns":1.0},{"damage":0.0,"enemies":"Book of Stabbing","floor":24.0,"turns":1.0},{"damage":4.0,"enemies":"Gremlin Leader","floor":27.0,"turns":1.0},{"damage":4.0,"enemies":"Centurion and Healer","floor":28.0,"turns":1.0},{"damage":4.0,"enemies":"Book of Stabbing","floor":30.0,"turns":1.0},{"damage":4.0,"enemies":"Champ","floor":33.0,"turns":2.0},{"damage":10.0,"enemies":"3 Darklings","floor":35.0,"turns":1.0},{"damage":10.0,"enemies":"3 Shapes","floor":36.0,"turns":1.0},{"damage":4.0,"enemies":"2 Orb Walkers","floor":37.0,"turns":1.0},{"damage":4,"enemies":"Reptomancer","floor":40,"turns":1},{"damage":1,"enemies":"Sphere and 2 Shapes","floor":41,"turns":2},{"damage":10,"enemies":"Giant Head","floor":42,"turns":1},{"damage":10,"enemies":"Spire Growth","floor":45,"turns":2},{"damage":0,"enemies":"3 Darklings","floor":47,"turns":1},{"damage":9,"enemies":"4 Shapes","floor":48,"turns":1},{"damage":11,"enemies":"Time Eater","floor":50,"turns":2},{"damage":0,"enemies":"Donu and Deca","floor":51,"turns":1},{"damage":4,"enemies":"Shield and Spear","floor":55,"turns":1},{"damage":54,"enemies":"The Heart","floor":56,"turns":4}],"seed_played":"7994293346266088584","potions_obtained":[{"floor":1.0,"key":"AttackPotion"},{"floor":2.0,"key":"ElixirPotion"},{"floor":24.0,"key":"ElixirPotion"},{"floor":36.0,"key":"Block Potion"},{"floor":45,"key":"PowerPotion"},{"floor":48,"key":"DistilledChaos"}],"is_trial":false,"path_per_floor":["M","M","M","?","M","E","R","M","T","E","R","E","M","$","R","B",null,"M","?","?","?","M","R","E","R","T","E","M","$","E","?","R","B",null,"M","M","?","?","$","E","M","E","T","R","M","?","M","M","R","B","B",null,"R","$","E","B",null],"character_chosen":"IRONCLAD","items_purchased":["InkBottle","Happy Flower","Oddly Smooth Stone","Thread and Needle","testmod-Charity","testmod-LifeArmor","SynthV:MejaisSoulstealer"],"campfire_rested":0,"item_purchase_floors":[14,29,39,39,39,39,39],"current_hp_per_floor":[69,70,71,71,72,73,73,73,73,74,74,75,75,75,75,75,75,75,75,75,75,75,75,75,75,75,71,67,67,63,63,63,71,74,65,61,59,59,59,59,67,65,66,66,65,57,89,92,92,109,110,110,110,110,113,94],"gold":-1083,"neow_bonus":"BOSS_RELIC","is_daily":false,"chose_seed":false,"campfire_upgraded":1,"win_rate":0.0,"timestamp":1611941389,"path_taken":["M","M","M","?","M","E","R","M","T","E","R","E","M","$","R","BOSS","M","?","?","?","?","R","E","R","T","E","M","$","E","?","R","BOSS","M","M","?","?","$","E","M","E","T","R","M","?","M","M","R","BOSS","BOSS","R","$","E","BOSS"],"items_purchased_type":["Relic","Relic","Relic","Relic","Relic","Relic","Relic"],"build_version":"2020-12-22","purchased_purges":1,"victory":true,"max_hp_per_floor":[75,75,75,75,75,75,75,75,75,75,75,75,75,75,75,75,75,75,75,75,75,75,75,75,75,75,75,75,75,75,75,75,75,75,75,79,79,79,79,81,88,94,95,95,102,104,106,108,108,109,110,110,110,110,113,114],"card_choices":[{"not_picked":["Rupture","Body Slam","Pommel Strike"],"picked":"SKIP","floor":1.0},{"not_picked":["Clash","Iron Wave","Shockwave","Armaments","MostiFishMod:PerfectStrikeMKII"],"picked":"SKIP","floor":2.0},{"not_picked":["Rage","Headbutt","Anger","Dropkick"],"picked":"Sword Boomerang","floor":3.0},{"not_picked":["Sword Boomerang","Anger","Thunderclap","Headbutt","Body Slam"],"picked":"SKIP","floor":5.0},{"not_picked":["Sword Boomerang","Battle Trance","Metallicize","Body Slam","Berserk"],"picked":"SKIP","floor":6.0},{"not_picked":["Clash","Second Wind","Iron Wave","Power Through","Inflame"],"picked":"SKIP","floor":8.0},{"not_picked":["Searing Blow","Anger","Clothesline","Warcry","MostiFishMod:Chiaki"],"picked":"SKIP","floor":10.0},{"not_picked":["Reckless Charge","Havoc","Intimidate","Sword Boomerang","Shockwave"],"picked":"SKIP","floor":12.0},{"not_picked":["Shrug It Off","Second Wind","Clash","Body Slam","Iron Wave"],"picked":"SKIP","floor":13.0},{"not_picked":["MostiFishMod:PerfectStrikeMKII","Demon Form","MostiFishMod:KnuckleDown","Corruption"],"picked":"MostiFishMod:FlyOverUtopia","floor":16.0},{"not_picked":["Ghostly Armor","Reckless Charge","Pommel Strike","Cleave","Rampage"],"picked":"SKIP","floor":18.0},{"not_picked":["Rage","Metallicize","Disarm","Flex"],"picked":"Burning Pact","floor":22.0},{"not_picked":["MostiFishMod:WingOfPhoenix","Twin Strike","Seeing Red","Body Slam","Fire Breathing"],"picked":"SKIP","floor":24.0},{"not_picked":["Perfected Strike","Whirlwind","Pommel Strike","Wild Strike","Anger"],"picked":"SKIP","floor":27.0},{"not_picked":["Intimidate","Headbutt","True Grit","Reckless Charge","Clash"],"picked":"SKIP","floor":28.0},{"not_picked":["Infernal Blade+1","Sentinel","True Grit","Burning Pact","Perfected Strike"],"picked":"SKIP","floor":30.0},{"not_picked":["Demon Form","MostiFishMod:TemporaryOutbreak","MostiFishMod:UltimateDefense","Exhume"],"picked":"Offering","floor":33.0},{"not_picked":["Pommel Strike+1","Clash","Sever Soul+1","Perfected Strike","Warcry"],"picked":"SKIP","floor":35.0},{"not_picked":["Searing Blow","Flame Barrier","Combust","Sword Boomerang","True Grit"],"picked":"SKIP","floor":36.0},{"not_picked":["Rage+1","Twin Strike+1","Clash","Pummel","Flex"],"picked":"SKIP","floor":40},{"not_picked":["Twin Strike+1","Warcry","Heavy Blade","Dual Wield","Havoc"],"picked":"SKIP","floor":41},{"not_picked":["Twin Strike+1","Warcry","Heavy Blade","Dual Wield"],"picked":"Havoc","floor":41},{"not_picked":["Twin Strike","Shrug It Off","MostiFishMod:BrandingRite","Burning Pact","Infernal Blade"],"picked":"SKIP","floor":42},{"not_picked":["Anger+1","Fire Breathing","MostiFishMod:KnuckleDown","Sword Boomerang"],"picked":"Intimidate","floor":45},{"not_picked":["testmod-ComboMaster","testmod-SunMoon","testmod-FightingIntention","testmod-Recap"],"picked":"MostiFishMod:ButterFly","floor":46},{"not_picked":["testmod-Illusory","testmod-PainDetonator","Enlightenment","testmod-TreasureHunter"],"picked":"Magnetism","floor":46},{"not_picked":["Cleave","Twin Strike+1","Bloodletting","Shrug It Off","Rage"],"picked":"SKIP","floor":47},{"not_picked":["Headbutt+1","Anger+1","Clash","Perfected Strike+1","Searing Blow"],"picked":"SKIP","floor":48},{"not_picked":["Rupture","MostiFishMod:KnuckleDown","Armaments","Carnage"],"picked":"Feel No Pain","floor":55}],"player_experience":1490394,"relics_obtained":[{"floor":1.0,"key":"SynthV:TestCard"},{"floor":6.0,"key":"PreservedInsect"},{"floor":9.0,"key":"Pen Nib"},{"floor":10.0,"key":"Meat on the Bone"},{"floor":12.0,"key":"Whetstone"},{"floor":24.0,"key":"Pantograph"},{"floor":27.0,"key":"testmod-IndustrialRevolution"},{"floor":30.0,"key":"CeramicFish"},{"floor":37.0,"key":"Dead Branch"},{"floor":40,"key":"Matryoshka"},{"floor":42,"key":"Potion Belt"},{"floor":43,"key":"Sundial"},{"floor":43,"key":"Red Skull"},{"floor":55,"key":"Letter Opener"}],"event_choices":[{"damage_healed":0.0,"max_hp_gain":0.0,"max_hp_loss":0.0,"gold_gain":0.0,"cards_transformed":["Strike_R"],"event_name":"Living Wall","player_choice":"Change","floor":4.0,"gold_loss":0.0,"damage_taken":0.0,"cards_obtained":["Dual Wield"]},{"damage_healed":0.0,"max_hp_gain":0.0,"max_hp_loss":0.0,"gold_gain":0.0,"event_name":"Ghosts","player_choice":"Ignored","floor":19.0,"gold_loss":0.0,"damage_taken":0.0},{"damage_healed":0.0,"max_hp_gain":0.0,"max_hp_loss":0.0,"gold_gain":50.0,"event_name":"Nest","player_choice":"Stole From Cult","floor":20.0,"gold_loss":0.0,"damage_taken":0.0},{"damage_healed":0.0,"max_hp_gain":0.0,"max_hp_loss":0.0,"gold_gain":0.0,"event_name":"Accursed Blacksmith","player_choice":"Rummage","floor":21.0,"gold_loss":0.0,"damage_taken":0.0,"relics_obtained":["WarpedTongs"],"cards_obtained":["Pain"]},{"damage_healed":0.0,"max_hp_gain":0.0,"max_hp_loss":0.0,"gold_gain":0.0,"event_name":"给自己的盒子","player_choice":"Swap Relic","floor":31.0,"relics_lost":["Orrery"],"gold_loss":0.0,"damage_taken":0.0,"relics_obtained":["Orrery"]},{"damage_healed":0.0,"max_hp_gain":0.0,"max_hp_loss":0.0,"gold_gain":0.0,"event_name":"Mysterious Sphere","player_choice":"Fight","floor":37.0,"gold_loss":0.0,"damage_taken":0.0},{"damage_healed":0.0,"max_hp_gain":0.0,"max_hp_loss":0.0,"gold_gain":400.0,"event_name":"恩洛斯的盘子","player_choice":"Sell","floor":38.0,"relics_lost":["DaveBox"],"gold_loss":0.0,"damage_taken":0.0},{"damage_healed":0,"gold_gain":0,"player_choice":"Memory 3","damage_taken":10,"max_hp_gain":0,"max_hp_loss":0,"event_name":"SensoryStone","floor":46,"gold_loss":0}],"is_beta":false,"boss_relics":[{"not_picked":["HereWithMe","testmod-BatchProcessingSystem"],"picked":"xbg"},{"not_picked":["Velvet Choker","testmod-Fanaticism"],"picked":"Astrolabe"}],"items_purged_floors":[39],"is_endless":false,"potions_floor_spawned":[1,2,10,13,24,35,36,40,45,48],"ascension_level":20}}