{"host":"jumrmhf584hajrnz","time":1611959348,"event":{"mods":["BaseMod","Duelist Mod","GifTheSpireLib","Minty Spire (QoL Compilation)","Quick Restart","StSLib"],"gold_per_floor":[135,154,154,154,165,165,165],"floor_reached":6,"language":"ENG","playtime":345,"items_purged":[],"score":72,"play_id":"0f79c016-2161-488c-a046-811ddf986d99","local_time":"20210129232908","is_ascension_mode":true,"campfire_choices":[],"circlet_count":0,"master_deck":["AscendersBane","theDuelist:Biofalcon","theDuelist:CastleWalls","theDuelist:CastleWalls","theDuelist:Deskbot004","theDuelist:Deskbot004","theDuelist:Deskbot005","theDuelist:Deskbot005","theDuelist:GreenGadget","theDuelist:Sparks","theDuelist:Sparks","Regret","Violence","theDuelist:LightningVortex","theDuelist:DreadnoughtDreadnoid","theDuelist:CurseAnubis","theDuelist:Metronome","theDuelist:JunkWarrior"],"relics":["theDuelist:MillenniumPuzzle","theDuelist:CardPoolRelic","theDuelist:CardPoolBasicRelic","theDuelist:BoosterPackPoolRelic","theDuelist:CardPoolAddRelic","theDuelist:CardPoolMinusRelic","theDuelist:CardPoolSaveRelic","theDuelist:CardPoolOptionsRelic"],"acts_visited":["Exordium"],"potions_floor_usage":[],"damage_taken":[{"damage":7,"enemies":"2 Louse","floor":1,"turns":4},{"damage":15,"enemies":"Cultist","floor":2,"turns":5},{"damage":27,"enemies":"Jaw Worm","floor":5,"turns":5},{"damage":6,"enemies":"Lagavulin","floor":6,"turns":3}],"seed_played":"-1614025154333950207","potions_obtained":[{"floor":2,"key":"theDuelist:MillenniumElixir"}],"is_trial":false,"path_per_floor":["M","M","?","?","M","E"],"character_chosen":"THE_DUELIST","items_purchased":[],"campfire_rested":0,"item_purchase_floors":[],"current_hp_per_floor":[56,41,41,41,14,8,8],"gold":165,"neow_bonus":"RANDOM_COLORLESS_2","is_daily":false,"chose_seed":false,"campfire_upgraded":0,"win_rate":0.0,"timestamp":1611959348,"path_taken":["M","M","?","?","?","E"],"items_purchased_type":[],"build_version":"2020-12-22","purchased_purges":0,"victory":false,"max_hp_per_floor":[70,70,70,70,70,70,70],"card_choices":[{"not_picked":["theDuelist:TheCreator","HandOfGreed"],"picked":"Violence","floor":0},{"not_picked":["theDuelist:WingedKuriboh","theDuelist:BlastingRuins","theDuelist:StrayLambs","theDuelist:QuickCharger"],"picked":"theDuelist:LightningVortex","floor":1},{"not_picked":["theDuelist:LightningDarts","theDuelist:Reinforcements","theDuelist:GemElephant","theDuelist:FutureFusion"],"picked":"theDuelist:DreadnoughtDreadnoid","floor":2},{"not_picked":["theDuelist:TokenVacuum","theDuelist:GenexAllyBirdman","theDuelist:CyberArchfiend","theDuelist:AncientGearChimera"],"picked":"theDuelist:JunkWarrior","floor":5}],"player_experience":1629214,"relics_obtained":[],"event_choices":[{"damage_healed":0,"gold_gain":0,"player_choice":"Took item - Received: Millennium Metronome","duelist":true,"damage_taken":0,"max_hp_gain":0,"max_hp_loss":0,"event_name":"Millennium Items","floor":3,"gold_loss":0},{"damage_healed":0,"gold_gain":0,"player_choice":"Leave","duelist":true,"damage_taken":0,"max_hp_gain":0,"max_hp_loss":0,"event_name":"Relic Duplicator","floor":4,"gold_loss":0}],"is_beta":false,"boss_relics":[],"items_purged_floors":[],"is_endless":false,"potions_floor_spawned":[2],"killed_by":"Lagavulin","ascension_level":20}}