{"host":"og21o26alpnbwmz8","time":1611881073,"event":{"mods":["Act Like it!","Aspiration","BaseMod","Conspire","Downfall","Halation","Hallownest","Hubris","Jedi Mod","Mimic Mod","Minty Spire (QoL Compilation)","Pale of the Ancients","Replay The Spire","Shop Mod","Spikes Relics","StSLib","The Administrix","The Alterego","The Blue Laboratory","The Bug Knight","The Death Knight","The Problem Sleuth","The Wild Card","Waifu the Spire"],"gold_per_floor":[99,114,289,289,289,189,235,248,248,259,259,278,278,35,55,154,154,154,154,194,247,247,273,300,351,371,371,428,428,428,428],"floor_reached":29,"language":"ENG","playtime":1321,"items_purged":[],"score":235,"play_id":"9d6a2f54-9d0f-4c0c-80f6-ea5b2c4ee5e0","local_time":"20210128194433","is_ascension_mode":false,"campfire_choices":[{"floor":1,"key":"RECALL"},{"data":"Guardian:TwinSlam","floor":6,"key":"SMITH"},{"data":"Guardian:GatlingBeam","floor":9,"key":"SMITH"},{"floor":18,"key":"DIG"}],"circlet_count":0,"master_deck":["Guardian:Strike_Guardian","Guardian:Defend_Guardian","Guardian:Defend_Guardian+1","Guardian:Defend_Guardian","Guardian:Defend_Guardian","Guardian:TwinSlam+1","Guardian:FastForward","Guardian:Planning","Guardian:PiercingHide","Doubt","Guardian:GatlingBeam+1","Guardian:Suspension","Replay:GuardianBash","Guardian:Clone","Guardian:Orbwalk","Guardian:TimeSifter","Guardian:ShieldCharger","Guardian:ChargeUp","Guardian:BronzeOrb","Guardian:Clone"],"relics":["downfall:HeartBlessingRed","Oddly Smooth Stone","m_GuardianBlood","Guardian:BottledStasis","Coffee Dripper","Shuriken","downfall:KnowingSkull","Blue Candle","jedi:angrymask","Mirror"],"acts_visited":["Exordium","TheCity"],"potions_floor_usage":[20],"damage_taken":[{"damage":3,"enemies":"Cultist","floor":2,"turns":5},{"damage":0,"enemies":"Small Slimes","floor":8,"turns":3},{"damage":4,"enemies":"conspire:RoseBush","floor":10,"turns":3},{"damage":4,"enemies":"Gremlin Gang","floor":12,"turns":4},{"damage":0,"enemies":"downfall:FleeingMerchant","floor":14,"turns":4},{"damage":7,"enemies":"Blue Slaver","floor":15,"turns":4},{"damage":29,"enemies":"WA_ARCHETYPE_RETAIN","floor":16,"turns":10},{"damage":3,"enemies":"conspire:FuzzyDice","floor":20,"turns":2},{"damage":17,"enemies":"Sentry and Sphere","floor":21,"turns":4},{"damage":19,"enemies":"Replay:Snechameleon","floor":23,"turns":7},{"damage":29,"enemies":"Cultist and Chosen","floor":25,"turns":5},{"damage":2,"enemies":"conspire:HollyBat","floor":26,"turns":8},{"damage":24,"enemies":"Snake Plant","floor":28,"turns":4},{"damage":16,"enemies":"Book of Stabbing","floor":29,"turns":2}],"seed_played":"8863348409487228875","potions_obtained":[{"floor":10,"key":"SmokeBomb"},{"floor":12,"key":"jedi:tentaclejuice"},{"floor":15,"key":"Ancient Potion"},{"floor":25,"key":"BlessingOfTheForge"}],"is_trial":false,"path_per_floor":["R","M","?","?","?","R","T","M","R","M","?","M","?","$","M","B",null,"R","?","M","M","?","E","T","M","M","T","M","E"],"character_chosen":"GUARDIAN","items_purchased":["Guardian:Orbwalk","Guardian:BottledStasis"],"campfire_rested":0,"item_purchase_floors":[14,14],"current_hp_per_floor":[80,77,77,77,77,77,77,77,77,73,73,75,75,80,79,56,80,80,72,75,64,59,46,46,23,27,27,9,0,0,0],"gold":428,"neow_bonus":"ONE_RANDOM_RARE_CARD","is_daily":false,"chose_seed":false,"campfire_upgraded":2,"win_rate":0.0,"timestamp":1611881073,"path_taken":["R","M","?","?","?","R","T","?","R","M","?","M","?","$","M","BOSS","R","?","?","M","?","E","T","M","M","?","M","E"],"items_purchased_type":["Card","Relic"],"build_version":"2020-12-22","purchased_purges":0,"victory":false,"max_hp_per_floor":[80,80,80,80,80,80,80,80,80,80,80,80,80,80,80,80,80,80,80,80,80,80,80,80,80,80,80,80,80,80,80],"card_choices":[{"not_picked":["Guardian:VentSteam","Guardian:Orbwalk"],"picked":"Guardian:Gem_Crimson","floor":2},{"not_picked":["Guardian:PiercingHide","Guardian:PrismaticBeam"],"picked":"Guardian:Suspension","floor":8},{"not_picked":["Guardian:VentSteam","Guardian:Gem_Green","Guardian:TemporalShield"],"picked":"SKIP","floor":10},{"not_picked":["Guardian:PolyBeam","Guardian:Planning"],"picked":"Guardian:Clone","floor":12},{"not_picked":["Guardian:CrystalBeam","Guardian:GuardianWhirl","Guardian:PiercingHide"],"picked":"SKIP","floor":14},{"not_picked":["Guardian:Repulse","Guardian:PiercingHide","Guardian:Preprogram"],"picked":"SKIP","floor":15},{"not_picked":["Guardian:SphericShield","Reaper"],"picked":"Guardian:TimeSifter","floor":16},{"not_picked":["Guardian:PiercingHide+1","Guardian:WalkerClaw"],"picked":"Guardian:ShieldCharger","floor":21},{"not_picked":["Guardian:TemporalStrike","Guardian:Suspension"],"picked":"Guardian:ChargeUp","floor":23},{"not_picked":["Guardian:Gem_Cyan","Guardian:RefractedBeam","Guardian:PrimingBeam+1"],"picked":"SKIP","floor":25},{"not_picked":["Guardian:DonusPower+1","Guardian:PiercingHide"],"picked":"Guardian:BronzeOrb","floor":26},{"not_picked":["Guardian:WalkerClaw","Guardian:Gem_Fragmented"],"picked":"Guardian:Clone","floor":28}],"player_experience":228606,"relics_obtained":[{"floor":7,"key":"Oddly Smooth Stone"},{"floor":18,"key":"Shuriken"},{"floor":23,"key":"jedi:angrymask"},{"floor":27,"key":"Mirror"}],"event_choices":[],"is_beta":false,"boss_relics":[{"not_picked":["hubris:RunicObelisk","Pandora\u0027s Box"],"picked":"Coffee Dripper"}],"items_purged_floors":[],"is_endless":false,"potions_floor_spawned":[10,12,15,16,25,26],"killed_by":"Book of Stabbing","ascension_level":0}}