{"host":"AZZAM","time":1611882590,"event":{"mods":["BaseMod","Colored Map","Highlight Path","Minty Spire (QoL Compilation)","Relic Stats","Unceasing Turn Reminder"],"gold_per_floor":[109,120,131,144,162,196,196,223,223,233,6,26,26,26],"floor_reached":13,"language":"ENG","playtime":359,"items_purged":["Defend_G"],"score":114,"play_id":"4cb02fd8-376c-41c6-b706-0223dcb44741","local_time":"20210129040950","is_ascension_mode":true,"campfire_choices":[{"data":"Bouncing Flask","floor":7,"key":"SMITH"}],"circlet_count":0,"master_deck":["Strike_G","Strike_G","Strike_G","Strike_G","Defend_G","Defend_G","Defend_G","Survivor","Neutralize","Storm of Steel","Unload","Eviscerate","Sucker Punch","Dash","Bouncing Flask+1","Sucker Punch","Poisoned Stab","Dagger Spray","Caltrops","Bane"],"relics":["Ring of the Snake","Ancient Tea Set","Orichalcum","Mummified Hand","Vajra"],"acts_visited":["Exordium"],"potions_floor_usage":[8,10,13],"damage_taken":[{"damage":1,"enemies":"Cultist","floor":1,"turns":3},{"damage":2,"enemies":"Jaw Worm","floor":2,"turns":4},{"damage":0,"enemies":"Small Slimes","floor":3,"turns":2},{"damage":4,"enemies":"Blue Slaver","floor":4,"turns":4},{"damage":15,"enemies":"Red Slaver","floor":5,"turns":4},{"damage":14,"enemies":"Lagavulin","floor":6,"turns":5},{"damage":18,"enemies":"3 Sentries","floor":8,"turns":7},{"damage":0,"enemies":"3 Louse","floor":10,"turns":3},{"damage":3,"enemies":"Looter","floor":12,"turns":2},{"damage":9,"enemies":"Lagavulin","floor":13,"turns":3}],"seed_played":"-8368628362027524797","potions_obtained":[{"floor":3,"key":"GhostInAJar"},{"floor":8,"key":"Dexterity Potion"},{"floor":10,"key":"Strength Potion"},{"floor":12,"key":"BlessingOfTheForge"}],"is_trial":false,"path_per_floor":["M","M","M","M","M","E","R","E","T","M","$","M","E"],"character_chosen":"THE_SILENT","items_purchased":["Vajra"],"campfire_rested":0,"item_purchase_floors":[11],"current_hp_per_floor":[62,60,60,56,41,27,27,9,9,9,9,6,0,0],"gold":26,"neow_bonus":"TRANSFORM_TWO_CARDS","is_daily":false,"chose_seed":false,"campfire_upgraded":1,"win_rate":0.0,"timestamp":1611882590,"path_taken":["M","?","?","?","M","E","R","E","T","M","?","M","E"],"items_purchased_type":["Relic"],"build_version":"2020-12-18","purchased_purges":1,"victory":false,"max_hp_per_floor":[63,63,63,63,63,63,63,63,63,63,63,63,63,63],"relic_stats":{"counters":[10,37],"Mummified Hand":[1],"Orichalcum":[30],"obtain_stats":[{"Mummified Hand":9,"Vajra":11,"Orichalcum":8,"Ancient Tea Set":6,"Ring of the Snake":0},{"Mummified Hand":7,"Vajra":8,"Orichalcum":7,"Ancient Tea Set":6,"Ring of the Snake":0},{"Mummified Hand":29,"Vajra":32,"Orichalcum":29,"Ancient Tea Set":22,"Ring of the Snake":0}],"Ring of the Snake":[20]},"card_choices":[{"not_picked":["Flying Knee","Outmaneuver"],"picked":"Eviscerate","floor":1},{"not_picked":["Dodge and Roll","Deadly Poison"],"picked":"Sucker Punch","floor":2},{"not_picked":["Escape Plan","Leg Sweep"],"picked":"Dash","floor":3},{"not_picked":["Dagger Spray","Crippling Poison"],"picked":"Bouncing Flask","floor":4},{"not_picked":["Dash","Masterful Stab"],"picked":"Sucker Punch","floor":5},{"not_picked":["Dagger Spray","Tactician"],"picked":"Poisoned Stab","floor":6},{"not_picked":["Caltrops","Infinite Blades"],"picked":"Dagger Spray","floor":8},{"not_picked":["Tactician","Distraction"],"picked":"Caltrops","floor":10},{"not_picked":["PiercingWail","Tools of the Trade"],"picked":"Bane","floor":12}],"player_experience":64053,"relics_obtained":[{"floor":6,"key":"Ancient Tea Set"},{"floor":8,"key":"Orichalcum"},{"floor":9,"key":"Mummified Hand"}],"event_choices":[],"is_beta":true,"boss_relics":[],"items_purged_floors":[11],"is_endless":false,"potions_floor_spawned":[3,8,10,12],"killed_by":"Lagavulin","ascension_level":3}}