{"host":"k2mw1od0xoi9pcfj","time":1611961244,"event":{"mods":["100% Spire Juice","Act Like it!","Aspiration","BaseMod","Beaked The Cultist","Downfall","Energized Spire","Hermit","Highlight Path","Minty Spire (QoL Compilation)","Permanent Neow","Relic Stats","Replay The Spire","Retaliation","StSLib","TheHeartMod"],"gold_per_floor":[114,130,150,325,33,33,33],"floor_reached":6,"language":"ENG","playtime":234,"items_purged":[],"score":36,"play_id":"9b115e4d-c5bf-4533-9819-12daa671a569","local_time":"20210129170044","is_ascension_mode":false,"campfire_choices":[],"circlet_count":0,"master_deck":["beaked:Strike_Y","beaked:Strike_Y","beaked:Strike_Y","beaked:Strike_Y","beaked:Strike_Y","beaked:Strike_Y","beaked:Defend_Y","beaked:Defend_Y","beaked:Defend_Y","beaked:Defend_Y","beaked:Ceremony","beaked:Ceremony","beaked:Ceremony","Normality","beaked:Insight","beaked:Evade","beaked:BloodForTheGods","Doubt"],"relics":["beaked:MendingPlumage","Unceasing Top"],"acts_visited":["Exordium"],"potions_floor_usage":[],"damage_taken":[{"damage":14,"enemies":"2 Louse","floor":1,"turns":5},{"damage":8,"enemies":"Small Slimes","floor":2,"turns":6},{"damage":27,"enemies":"Cultist","floor":3,"turns":6},{"damage":90,"enemies":"Gremlin Nob","floor":6,"turns":4}],"seed_played":"8623027976909741515","potions_obtained":[{"floor":1,"key":"hexamod:SoulburnPotion"}],"is_trial":false,"path_per_floor":["M","M","M","?","$","E"],"character_chosen":"BEAKED_THE_CULTIST","items_purchased":["Unceasing Top"],"campfire_rested":0,"item_purchase_floors":[5],"current_hp_per_floor":[55,60,46,46,46,0,0],"gold":33,"neow_bonus":"TWENTY_PERCENT_HP_BONUS","is_daily":false,"chose_seed":false,"campfire_upgraded":0,"win_rate":0.0,"timestamp":1611961244,"path_taken":["M","M","M","?","$","E"],"items_purchased_type":["Relic"],"build_version":"2020-12-22","purchased_purges":0,"victory":false,"max_hp_per_floor":[60,60,60,60,60,60,60],"relic_stats":{"counters":[4,21],"obtain_stats":[{"beaked:MendingPlumage":0,"Unceasing Top":5},{"beaked:MendingPlumage":0,"Unceasing Top":3},{"beaked:MendingPlumage":0,"Unceasing Top":17}],"Unceasing Top":[0]},"card_choices":[{"not_picked":["beaked:Cower","beaked:Poke"],"picked":"beaked:Insight","floor":1},{"not_picked":["beaked:Pecker","beaked:Tweet"],"picked":"beaked:Evade","floor":2},{"not_picked":["beaked:Struggle","beaked:Roost"],"picked":"beaked:BloodForTheGods","floor":3}],"player_experience":874993,"relics_obtained":[],"event_choices":[{"damage_healed":0,"gold_gain":175,"player_choice":"AGREE","damage_taken":0,"max_hp_gain":0,"max_hp_loss":0,"event_name":"Liars Game","floor":4,"gold_loss":0,"cards_obtained":["Doubt"]}],"is_beta":false,"boss_relics":[],"items_purged_floors":[],"is_endless":false,"potions_floor_spawned":[1],"killed_by":"Gremlin Nob","ascension_level":0}}