{"host":"mku5fdaoqz3qihec","time":1611944998,"event":{"mods":["100% Spire Juice","2.2 Compatiblity","AchievementEnabler","Arknights The Spire","BaseMod","CapriCore","Colored Map","Colored Powertips","Hermit","Koishi","Minty Spire (QoL Compilation)","Rare Cards Sparkle","StSLib","SuperFastMode","The Cursed","The Dragon Tamer","The Gatherer","The Immortal","The Servant 0.9.3"],"gold_per_floor":[119,119,20,30,30,68,68,68,91,104,104,28,44,44,44,165,165,183,108,33,33,54,95,95,130,153,153,168,168,267,39,39,39,39],"floor_reached":33,"language":"KOR","playtime":646,"items_purged":["hermit:SprayPray+1","hermit:Defend_Hermit"],"score":319,"play_id":"3b2534e2-c756-4331-bba5-9e7b8896dc00","local_time":"20210130032958","is_ascension_mode":true,"campfire_choices":[{"data":"hermit:GoldenBullet","floor":7,"key":"SMITH"},{"data":"hermit:Feint","floor":11,"key":"SMITH"},{"data":"hermit:Roughhouse","floor":15,"key":"SMITH"},{"floor":27,"key":"REST"},{"data":"hermit:EternalForm","floor":29,"key":"SMITH"},{"data":"hermit:CursedWeapon","floor":32,"key":"SMITH"}],"circlet_count":0,"master_deck":["hermit:Defend_Hermit","hermit:Defend_Hermit","hermit:Snapshot","hermit:Covet","hermit:Roughhouse+1","hermit:Horror","hermit:GoldenBullet+1","hermit:Feint+1","hermit:Brawl","hermit:FlashPowder","hermit:TakeCover+1","hermit:HighCaliber+1","hermit:CursedWeapon+1","hermit:Headshot","hermit:EternalForm+1","hermit:Combo"],"relics":["hermit:Momento","NeowsBlessing","hermit:Horseshoe","Golden Idol","Pocketwatch","Vajra","Astrolabe","Nunchaku","hermit:RyeStalk","Juzu Bracelet","Medical Kit"],"acts_visited":["Exordium","TheCity"],"potions_floor_usage":[16,23,25,28],"damage_taken":[{"damage":0,"enemies":"Jaw Worm","floor":1,"turns":1},{"damage":0,"enemies":"2 Louse","floor":4,"turns":1},{"damage":0,"enemies":"3 Sentries","floor":6,"turns":2},{"damage":0,"enemies":"Cultist","floor":10,"turns":3},{"damage":4,"enemies":"2 Fungi Beasts","floor":13,"turns":3},{"damage":25,"enemies":"Slime Boss","floor":16,"turns":10},{"damage":28,"enemies":"Shell Parasite","floor":18,"turns":6},{"damage":0,"enemies":"Spheric Guardian","floor":22,"turns":1},{"damage":16,"enemies":"Slavers","floor":23,"turns":4},{"damage":7,"enemies":"Book of Stabbing","floor":25,"turns":5},{"damage":12,"enemies":"Shelled Parasite and Fungi","floor":28,"turns":4},{"damage":41,"enemies":"Automaton","floor":33,"turns":6}],"seed_played":"-399702206725949771","potions_obtained":[{"floor":10,"key":"Explosive Potion"},{"floor":16,"key":"AttackPotion"},{"floor":22,"key":"DistilledChaos"},{"floor":25,"key":"Block Potion"}],"is_trial":false,"path_per_floor":["M","?","?","M","?","E","R","?","T","M","R","$","M","?","R","B",null,"M","$","?","?","M","E","?","E","T","R","M","R","?","$","R","B"],"character_chosen":"HERMIT","items_purchased":["hermit:Brawl","Medical Kit","hermit:Combo"],"campfire_rested":1,"item_purchase_floors":[12,31,31],"current_hp_per_floor":[75,75,75,75,57,57,57,57,57,57,57,57,53,53,53,28,75,47,47,47,47,47,31,31,24,24,46,34,34,34,34,34,0,0],"gold":39,"neow_bonus":"THREE_ENEMY_KILL","is_daily":false,"chose_seed":false,"campfire_upgraded":5,"win_rate":0.0,"timestamp":1611944998,"path_taken":["M","?","?","?","?","E","R","?","T","?","R","$","M","?","R","BOSS","M","$","?","?","M","E","?","E","T","R","M","R","?","$","R","BOSS"],"items_purchased_type":["Card","Relic","Card"],"build_version":"2020-12-22","purchased_purges":2,"victory":false,"max_hp_per_floor":[75,75,75,75,75,75,75,75,75,75,75,75,75,75,75,75,75,75,75,75,75,75,75,75,75,75,75,75,75,75,75,75,75,75],"card_choices":[{"not_picked":["hermit:Manifest","hermit:Snipe","hermit:TrackingShot"],"picked":"SKIP","floor":1},{"not_picked":["hermit:Glare","hermit:Dive"],"picked":"hermit:Horror","floor":4},{"not_picked":["hermit:CursedWeapon","hermit:SprayPray"],"picked":"hermit:GoldenBullet","floor":6},{"not_picked":["hermit:WideOpen","hermit:ItchyTrigger"],"picked":"hermit:Feint","floor":10},{"not_picked":["hermit:Quickdraw","hermit:BigShot"],"picked":"hermit:FlashPowder","floor":13},{"not_picked":["hermit:Feint","hermit:TakeCover"],"picked":"hermit:CursedWeapon","floor":18},{"not_picked":["hermit:Grudge+1","hermit:Manifest","hermit:Ricochet+1"],"picked":"SKIP","floor":22},{"not_picked":["hermit:Maintenance+1","hermit:Snipe","hermit:HighCaliber"],"picked":"SKIP","floor":23},{"not_picked":["hermit:Roulette+1","hermit:Glare+1","hermit:Vantage+1"],"picked":"SKIP","floor":25},{"not_picked":["hermit:Coalescence+1","hermit:CalledShot"],"picked":"hermit:EternalForm","floor":28}],"player_experience":302188,"relics_obtained":[{"floor":6,"key":"Pocketwatch"},{"floor":9,"key":"Vajra"},{"floor":23,"key":"Nunchaku"},{"floor":25,"key":"hermit:RyeStalk"},{"floor":26,"key":"Juzu Bracelet"}],"event_choices":[{"damage_healed":0,"gold_gain":0,"cards_transformed":["hermit:Strike_Hermit"],"player_choice":"Change","damage_taken":0,"max_hp_gain":0,"max_hp_loss":0,"event_name":"Living Wall","floor":2,"gold_loss":0,"cards_obtained":["hermit:Roughhouse"]},{"damage_healed":0,"gold_gain":0,"player_choice":"Paid Gold","damage_taken":0,"relics_obtained":["hermit:Horseshoe"],"max_hp_gain":0,"max_hp_loss":0,"event_name":"WeMeetAgain","floor":3,"gold_loss":99},{"damage_healed":0,"gold_gain":0,"player_choice":"Take Damage","damage_taken":18,"relics_obtained":["Golden Idol"],"max_hp_gain":0,"max_hp_loss":0,"event_name":"Golden Idol","floor":5,"gold_loss":0},{"damage_healed":0,"gold_gain":0,"player_choice":"0 cards matched","damage_taken":0,"max_hp_gain":0,"max_hp_loss":0,"event_name":"Match and Keep!","floor":8,"gold_loss":0,"cards_obtained":[]},{"damage_healed":0,"gold_gain":0,"player_choice":"Ignored","damage_taken":0,"max_hp_gain":0,"max_hp_loss":0,"event_name":"Liars Game","floor":14,"gold_loss":0},{"cards_removed":["hermit:Strike_Hermit"],"damage_healed":0,"gold_gain":0,"player_choice":"Gave Gold","damage_taken":0,"max_hp_gain":0,"max_hp_loss":0,"event_name":"Beggar","floor":20,"gold_loss":75},{"damage_healed":0,"gold_gain":0,"player_choice":"Read","damage_taken":0,"max_hp_gain":0,"max_hp_loss":0,"event_name":"The Library","floor":21,"gold_loss":0,"cards_obtained":["hermit:Headshot"]},{"damage_healed":0,"gold_gain":0,"player_choice":"Ignored","damage_taken":0,"max_hp_gain":0,"max_hp_loss":0,"event_name":"Vampires","floor":24,"gold_loss":0},{"damage_healed":0,"gold_gain":99,"player_choice":"Stole From Cult","damage_taken":0,"max_hp_gain":0,"max_hp_loss":0,"event_name":"Nest","floor":30,"gold_loss":0}],"is_beta":false,"boss_relics":[{"not_picked":["SlaversCollar","Cursed Key"],"picked":"Astrolabe"}],"items_purged_floors":[19,31],"is_endless":false,"potions_floor_spawned":[10,16,22,25],"killed_by":"Automaton","ascension_level":1}}