{"host":"t9q14bihfoo75lsb","time":1611898092,"event":{"mods":["100% Spire Juice","Arknights The Spire","BaseMod","Better Third Choice","Challenge The Spire","Hermit","Infinite Spire","Koishi","Minty Spire (QoL Compilation)","Reworked Bosses","Shop Mod","Spicy Shops","StSLib","The Cursed","The Dragon Tamer","The Hierophant","The Runesmith"],"gold_per_floor":[119,119,63,82,95,128,8,23,23,23,41,116,129,147,147,147,147],"floor_reached":16,"language":"KOR","playtime":540,"items_purged":[],"score":109,"play_id":"01f9a673-e21e-4cec-be24-5ec2a5496ff1","local_time":"20210129142812","is_ascension_mode":true,"campfire_choices":[{"floor":7.0,"key":"RECALL"},{"floor":15,"key":"REST"}],"circlet_count":0,"master_deck":["Moonworks:Strike","Moonworks:Strike","Moonworks:Strike","Moonworks:Strike","Moonworks:Defend","Moonworks:Defend","Moonworks:Defend","Moonworks:Defend","Moonworks:Ambush+1","Moonworks:LongDistanceShot","Moonworks:x16BigRocket","Injury","Moonworks:LulusLuckyEgg","Moonworks:SakisCookie","Moonworks:FinalSurgery","Moonworks:ImOnFire+1","Moonworks:MixPhenomenon+1"],"relics":["Moonworks:BrokenBomb","Moonworks:Homemark","Golden Idol","Pantograph","Smiling Mask","Toxic Egg 2"],"acts_visited":["Exordium"],"potions_floor_usage":[14,16],"damage_taken":[{"damage":0.0,"enemies":"2 Louse","floor":1.0,"turns":2.0},{"damage":0.0,"enemies":"Small Slimes","floor":4.0,"turns":3.0},{"damage":1.0,"enemies":"Cultist","floor":5.0,"turns":3.0},{"damage":19.0,"enemies":"Gremlin Nob","floor":6.0,"turns":4.0},{"damage":17.0,"enemies":"Exordium Thugs","floor":8.0,"turns":5.0},{"damage":3.0,"enemies":"Blue Slaver","floor":11.0,"turns":3.0},{"damage":4,"enemies":"Red Slaver","floor":13,"turns":3},{"damage":4,"enemies":"Exordium Thugs","floor":14,"turns":6},{"damage":56,"enemies":"Hexaghost","floor":16,"turns":11}],"seed_played":"-6486450621674641682","potions_obtained":[{"floor":6.0,"key":"Block Potion"},{"floor":8.0,"key":"Block Potion"},{"floor":14,"key":"EssenceOfSteel"}],"is_trial":false,"path_per_floor":["M","?","?","M","M","E","R","M","T","T","M","?","M","M","R","B"],"character_chosen":"THE_STARBREAKER","items_purchased":[],"campfire_rested":1,"item_purchase_floors":[],"current_hp_per_floor":[60,60,60,60,59,40,40,23,23,23,20,14,10,6,24,0,0],"gold":147,"neow_bonus":"UPGRADE_CARD","is_daily":false,"chose_seed":false,"campfire_upgraded":0,"win_rate":0.0,"timestamp":1611898092,"path_taken":["M","?","?","?","M","E","R","M","T","?","M","?","?","M","R","BOSS"],"items_purchased_type":[],"build_version":"2020-12-22","purchased_purges":0,"victory":false,"max_hp_per_floor":[60,60,60,60,60,60,60,60,60,60,60,60,60,60,60,60,60],"card_choices":[{"not_picked":["Moonworks:SakisCookie","Moonworks:AwakeningOfTalent"],"picked":"Moonworks:x16BigRocket","floor":1.0},{"not_picked":["Moonworks:ImOnFire","Moonworks:CloudOfSeagulls"],"picked":"Moonworks:LulusLuckyEgg","floor":4.0},{"not_picked":["Moonworks:Assault","Moonworks:EvilSpyWorkPreparation"],"picked":"Moonworks:SakisCookie","floor":5.0},{"not_picked":["Moonworks:SinkOrSwim","Moonworks:Accelerator"],"picked":"Moonworks:FinalSurgery","floor":6.0},{"not_picked":["Moonworks:DeployBits","Moonworks:ScrambledEve","Moonworks:IndiscriminateFireSupport"],"picked":"SKIP","floor":8.0},{"not_picked":["Moonworks:CloudOfSeagulls","Moonworks:JonathanRush","Moonworks:BigMagnum+1"],"picked":"SKIP","floor":11.0},{"not_picked":["Moonworks:Assault","Moonworks:NicePresent+1"],"picked":"Moonworks:ImOnFire+1","floor":13},{"not_picked":["Moonworks:ReproductionOfRecords+1","Moonworks:LulusLuckyEgg+1"],"picked":"Moonworks:MixPhenomenon+1","floor":14}],"player_experience":499321,"relics_obtained":[{"floor":6.0,"key":"Smiling Mask"},{"floor":9.0,"key":"Toxic Egg 2"}],"event_choices":[{"damage_healed":0.0,"max_hp_gain":0.0,"max_hp_loss":0.0,"gold_gain":0.0,"event_name":"Golden Idol","player_choice":"Take Wound","floor":2.0,"gold_loss":0.0,"damage_taken":0.0,"relics_obtained":["Golden Idol"],"cards_obtained":["Injury"]},{"damage_healed":0.0,"max_hp_gain":0.0,"max_hp_loss":0.0,"gold_gain":0.0,"event_name":"WeMeetAgain","player_choice":"Paid Gold","floor":3.0,"gold_loss":56.0,"damage_taken":0.0,"relics_obtained":["Pantograph"]},{"damage_healed":0,"gold_gain":75,"player_choice":"Touch","damage_taken":6,"max_hp_gain":0,"max_hp_loss":0,"event_name":"FaceTrader","floor":12,"gold_loss":0}],"is_beta":false,"boss_relics":[],"items_purged_floors":[],"is_endless":false,"potions_floor_spawned":[6,8,14],"killed_by":"Hexaghost","ascension_level":1}}