{"host":"1mdoazogr9tl4b3g","time":1611927067,"event":{"mods":["Act Like it!","Aspiration","Bard","BaseMod","Beaked The Cultist","BetterRewards","Block Reminder","Conspire","Glutton Mod","Hermit","Hubris","Infinite Spire","Marisa????????","Mimic Mod","Minty Spire (QoL Compilation)","Rare Cards Sparkle","Relic Sorter","Replay The Spire","Shop Mod","StSLib","The Animator","The Blackbeard","The Bladedancer","The Bug Knight","The Construct","The Cursed","The Disciple","The Hierophant","The Mystic","The Necromancer","The Runesmith","The Servant 0.9.4","The Spell Scribe","Uncapped","Wandering Minibosses"],"gold_per_floor":[110,123,210,228,128,163,163,183,253,285,285,303,329,349,349,454,454,472,472,484,503,503,503,503],"floor_reached":23,"language":"ENG","playtime":3149,"items_purged":[],"score":263,"play_id":"0ee8bf22-bd05-40b2-980d-e690c8f0e669","local_time":"20210129073107","is_ascension_mode":false,"campfire_choices":[{"data":"LockedWarPaint","floor":7.0,"key":"SMITH"},{"data":"WatchCommand","floor":15,"key":"SMITH"}],"circlet_count":0,"master_deck":["Strike_Br","Strike_Br","Defend_Br","Defend_Br","Defend_Br","Defend_Br","SecondHand","PatternShift","HandsUpB","WatchCommand+1","LockedWarPaint+1","Ghostly","ExoVibe","ExoVibe","HandsUpB","Clumsy"],"relics":["Chronometer","infinitespire:Eraser","Unceasing Top","aspiration:FetidBarrel","infinitespire:Broken Mirror","Black Star","Replay:Towering Pillar of Hats"],"acts_visited":["Exordium","TheCity"],"potions_floor_usage":[16,16],"damage_taken":[{"damage":0.0,"enemies":"conspire:RoseBush","floor":1.0,"turns":4.0},{"damage":0.0,"enemies":"Cultist","floor":2.0,"turns":5.0},{"damage":3.0,"enemies":"Jaw Worm","floor":4.0,"turns":8.0},{"damage":0.0,"enemies":"Lagavulin","floor":6.0,"turns":14.0},{"damage":0.0,"enemies":"Blue Slaver","floor":8.0,"turns":7.0},{"damage":1.0,"enemies":"Replay:BlueRogue","floor":10.0,"turns":8.0},{"damage":1.0,"enemies":"Exordium Thugs","floor":12.0,"turns":9.0},{"damage":1.0,"enemies":"Gremlin Nob","floor":13.0,"turns":11.0},{"damage":0,"enemies":"Looter","floor":14,"turns":3},{"damage":6,"enemies":"The Guardian","floor":16,"turns":12},{"damage":0,"enemies":"Spheric Guardian","floor":18,"turns":14},{"damage":0,"enemies":"conspire:FuzzyDice","floor":20,"turns":13},{"damage":9,"enemies":"Centurion and Healer","floor":21,"turns":13},{"damage":70,"enemies":"Slavers","floor":23,"turns":4}],"seed_played":"538929479001087843","potions_obtained":[{"floor":1.0,"key":"infinitespire:BlackPotion"},{"floor":6.0,"key":"FearPotion"},{"floor":8.0,"key":"Toxic Potion"},{"floor":14,"key":"Weak Potion"},{"floor":16,"key":"Milkshake"},{"floor":18,"key":"GamblersBrew"}],"is_trial":false,"path_per_floor":["M","M","?","M","?","E","R","M","T","E","?","M","E","M","R","B",null,"M","?","M","M","?","E"],"character_chosen":"CHRONO_CLASS","items_purchased":[],"campfire_rested":0,"item_purchase_floors":[],"current_hp_per_floor":[71,71,54,51,51,51,51,51,51,50,50,49,48,48,48,42,71,71,71,71,62,62,0,0],"gold":503,"neow_bonus":"TEN_PERCENT_HP_BONUS","is_daily":false,"chose_seed":false,"campfire_upgraded":2,"win_rate":0.0,"timestamp":1611927067,"path_taken":["M","M","?","?","?","E","R","M","T","E","?","?","E","M","R","BOSS","M","?","?","M","?","E"],"items_purchased_type":[],"build_version":"2020-12-22","purchased_purges":0,"victory":false,"max_hp_per_floor":[71,71,71,71,71,71,71,71,71,71,71,71,71,71,71,71,71,71,71,71,71,71,71,71],"card_choices":[{"not_picked":["Stagnate","HandsUpC","ExoVibe"],"picked":"SKIP","floor":1.0},{"not_picked":["LockedScales","WindUp","BackFourSeconds"],"picked":"SKIP","floor":2.0},{"not_picked":["BlueShift","Echoward"],"picked":"HandsUpB","floor":3.0},{"not_picked":["Stagnate","Keepsakes"],"picked":"WatchCommand","floor":3.0},{"not_picked":["WatchCommand","BlueShift"],"picked":"LockedWarPaint","floor":4.0},{"not_picked":["LockedTurtyl","LockedPlans","BeatsPerMinute"],"picked":"SKIP","floor":6.0},{"not_picked":["ReapSow","AlternateTimeline"],"picked":"ExoVibe","floor":8.0},{"not_picked":["OracleForm","LockedMercury","WatchCommand"],"picked":"SKIP","floor":10.0},{"not_picked":["LockedWhetstone","Engulf","SlimeSpray"],"picked":"SKIP","floor":12.0},{"not_picked":["WindUp","Tempo"],"picked":"ExoVibe","floor":13.0},{"not_picked":["LockedAnchor","LockedMedicine","LockedScales"],"picked":"SKIP","floor":14},{"not_picked":["LockedAnchor+1","Break+1","BiteCommand"],"picked":"SKIP","floor":18},{"not_picked":["Keepsakes+1","ReapSow","Echoward"],"picked":"SKIP","floor":20},{"not_picked":["Cuckoo","WindUp"],"picked":"HandsUpB","floor":21}],"player_experience":400876,"relics_obtained":[{"floor":6.0,"key":"Unceasing Top"},{"floor":9.0,"key":"infinitespire:Eraser"},{"floor":10.0,"key":"aspiration:FetidBarrel"},{"floor":13.0,"key":"infinitespire:Broken Mirror"}],"event_choices":[{"damage_healed":0.0,"max_hp_gain":0.0,"max_hp_loss":0.0,"gold_gain":0.0,"event_name":"conspire:LoneGhost","player_choice":"Argue","floor":5.0,"gold_loss":0.0,"damage_taken":0.0},{"cards_removed":["Strike_Br"],"damage_healed":0.0,"max_hp_gain":0.0,"max_hp_loss":0.0,"gold_gain":0.0,"event_name":"Bonfire Elementals","player_choice":"Offered Basic","floor":11.0,"gold_loss":0.0,"damage_taken":0.0},{"cards_removed":["Strike_Br"],"damage_healed":0,"gold_gain":0,"player_choice":"Purged","damage_taken":0,"max_hp_gain":0,"max_hp_loss":0,"event_name":"Purifier","floor":19,"gold_loss":0}],"is_beta":false,"boss_relics":[{"not_picked":["Replay:Bronze Core","Kintsugi"],"picked":"Black Star"}],"items_purged_floors":[],"is_endless":false,"potions_floor_spawned":[1,6,8,14,16,18],"killed_by":"Slavers","ascension_level":0}}