{"host":"n0aqkby80ppfgdru","time":1611964356,"event":{"mods":["BaseMod","Block Reminder","Minty Spire (QoL Compilation)","Permanent Neow","Quick Restart"],"gold_per_floor":[115,133,144,19,19,19,35,0,0,10,10,23,23,35,35,138,138,138],"floor_reached":17,"language":"ENG","playtime":527,"items_purged":["Defend_G"],"score":149,"play_id":"96831c77-c6d1-4724-b083-8e1bcab83a4e","local_time":"20210129185236","is_ascension_mode":false,"campfire_choices":[{"data":"Neutralize","floor":13.0,"key":"SMITH"},{"data":"Escape Plan","floor":15,"key":"SMITH"}],"circlet_count":0,"master_deck":["Strike_G","Strike_G","Strike_G","Strike_G","Strike_G","Defend_G","Defend_G","Defend_G","Defend_G","Survivor","Neutralize+1","Slice","Escape Plan","Slice","Escape Plan+1"],"relics":["Ring of the Snake","Unceasing Top","Paper Crane","Runic Dome"],"acts_visited":["Exordium","TheCity"],"potions_floor_usage":[14,16,16],"damage_taken":[{"damage":0.0,"enemies":"2 Louse","floor":1.0,"turns":3.0},{"damage":0.0,"enemies":"Jaw Worm","floor":2.0,"turns":3.0},{"damage":0.0,"enemies":"Cultist","floor":3.0,"turns":4.0},{"damage":6.0,"enemies":"3 Louse","floor":7.0,"turns":3.0},{"damage":2.0,"enemies":"Blue Slaver","floor":10.0,"turns":4.0},{"damage":5.0,"enemies":"Large Slime","floor":12.0,"turns":7.0},{"damage":0,"enemies":"Looter","floor":14,"turns":4},{"damage":32,"enemies":"Slime Boss","floor":16,"turns":10}],"seed_played":"2946178723658623461","potions_obtained":[{"floor":1.0,"key":"CunningPotion"},{"floor":2.0,"key":"BlessingOfTheForge"},{"floor":7.0,"key":"Fruit Juice"},{"floor":14,"key":"CunningPotion"}],"is_trial":false,"path_per_floor":["M","M","M","$","?","?","M","?","T","M","$","M","R","M","R","B",null],"character_chosen":"THE_SILENT","items_purchased":["Slice"],"campfire_rested":0,"item_purchase_floors":[4],"current_hp_per_floor":[63,63,63,63,68,68,62,68,68,66,66,61,61,66,66,34,73,73],"gold":138,"neow_bonus":"ONE_RARE_RELIC","is_daily":false,"chose_seed":false,"campfire_upgraded":2,"win_rate":0.0,"timestamp":1611964356,"path_taken":["M","M","M","$","?","?","M","?","T","M","?","M","R","M","R","BOSS"],"items_purchased_type":["Card"],"build_version":"2020-12-22","purchased_purges":1,"victory":false,"max_hp_per_floor":[63,63,63,63,68,68,68,68,68,68,68,68,68,73,73,73,73,73],"card_choices":[{"not_picked":["Quick Slash","PiercingWail","Backflip"],"picked":"SKIP","floor":1.0},{"not_picked":["Sucker Punch","Corpse Explosion","Eviscerate"],"picked":"SKIP","floor":2.0},{"not_picked":["Poisoned Stab","Outmaneuver","Leg Sweep"],"picked":"SKIP","floor":3.0},{"not_picked":["Accuracy","Outmaneuver"],"picked":"Escape Plan","floor":7.0},{"not_picked":["Poisoned Stab","Underhanded Strike"],"picked":"Slice","floor":10.0},{"not_picked":["PiercingWail","Blade Dance","Deadly Poison"],"picked":"SKIP","floor":12.0},{"not_picked":["Cloak And Dagger","Corpse Explosion"],"picked":"Escape Plan","floor":14}],"player_experience":1272721,"relics_obtained":[{"floor":9.0,"key":"Paper Crane"}],"event_choices":[{"damage_healed":0.0,"max_hp_gain":5.0,"max_hp_loss":0.0,"gold_gain":0.0,"event_name":"Big Fish","player_choice":"Donut","floor":5.0,"gold_loss":0.0,"damage_taken":0.0},{"damage_healed":0.0,"max_hp_gain":0.0,"max_hp_loss":0.0,"gold_gain":0.0,"event_name":"Liars Game","player_choice":"Ignored","floor":6.0,"gold_loss":0.0,"damage_taken":0.0},{"damage_healed":17.0,"max_hp_gain":0.0,"max_hp_loss":0.0,"gold_gain":0.0,"event_name":"The Cleric","player_choice":"Healed","floor":8.0,"gold_loss":35.0,"damage_taken":0.0}],"is_beta":false,"boss_relics":[{"not_picked":["Cursed Key","Velvet Choker"],"picked":"Runic Dome"}],"items_purged_floors":[4],"is_endless":false,"potions_floor_spawned":[1,2,7,14],"ascension_level":0}}