{"host":"p62uqwu04pp7leh9","time":1611892289,"event":{"mods":["BaseMod","Block Reminder","Colored Map","Colored Powertips","Minty Spire (QoL Compilation)","Relic Stats"],"gold_per_floor":[110,128,143,159,5,5,180,180,180,190,190,202,220,248,248,248,248],"floor_reached":16,"language":"ENG","playtime":777,"items_purged":[],"score":109,"play_id":"c09088e4-6754-4818-853d-749fb6a88560","local_time":"20210128215129","is_ascension_mode":true,"campfire_choices":[{"data":"Calculated Gamble","floor":6,"key":"SMITH"},{"data":"Catalyst","floor":15,"key":"SMITH"}],"circlet_count":0,"master_deck":["Strike_G","Strike_G","Strike_G","Strike_G","Strike_G","Defend_G","Defend_G+1","Defend_G+1","Defend_G","Defend_G","Survivor","Neutralize","Flying Knee","Calculated Gamble+1","Deadly Poison","Catalyst+1","Noxious Fumes"],"relics":["Coffee Dripper","TwistedFunnel","Shuriken","The Courier"],"acts_visited":["Exordium"],"potions_floor_usage":[13,16],"damage_taken":[{"damage":4,"enemies":"Cultist","floor":1,"turns":4},{"damage":2,"enemies":"Small Slimes","floor":2,"turns":4},{"damage":0,"enemies":"Jaw Worm","floor":3,"turns":4},{"damage":1,"enemies":"Looter","floor":4,"turns":4},{"damage":1,"enemies":"Exordium Wildlife","floor":10,"turns":4},{"damage":0,"enemies":"2 Fungi Beasts","floor":12,"turns":3},{"damage":0,"enemies":"Large Slime","floor":13,"turns":3},{"damage":11,"enemies":"3 Sentries","floor":14,"turns":7},{"damage":56,"enemies":"Slime Boss","floor":16,"turns":12}],"seed_played":"3458564974997177318","potions_obtained":[{"floor":2,"key":"Fire Potion"},{"floor":4,"key":"Regen Potion"}],"is_trial":false,"path_per_floor":["M","M","M","M","$","R","?","?","T","M","?","M","M","E","R","B"],"character_chosen":"THE_SILENT","items_purchased":["TwistedFunnel"],"campfire_rested":0,"item_purchase_floors":[5],"current_hp_per_floor":[66,64,64,63,63,63,63,49,49,48,48,48,48,37,37,0,0],"gold":248,"neow_bonus":"BOSS_RELIC","is_daily":false,"chose_seed":false,"campfire_upgraded":2,"win_rate":0.0,"timestamp":1611892289,"path_taken":["M","M","?","M","$","R","?","?","T","M","?","M","M","E","R","BOSS"],"items_purchased_type":["Relic"],"build_version":"2020-12-22","purchased_purges":0,"victory":false,"max_hp_per_floor":[70,70,70,70,70,70,70,70,70,70,70,70,70,70,70,70,70],"relic_stats":{"counters":[9,45],"Shuriken":[9],"obtain_stats":[{"TwistedFunnel":5,"Shuriken":9,"The Courier":14,"Coffee Dripper":0,"Ring of the Snake":0},{"TwistedFunnel":4,"Shuriken":4,"The Courier":8,"Coffee Dripper":0,"Ring of the Snake":0},{"TwistedFunnel":16,"Shuriken":16,"The Courier":33,"Coffee Dripper":0,"Ring of the Snake":0}]},"card_choices":[{"not_picked":["Cloak And Dagger","Well Laid Plans"],"picked":"Flying Knee","floor":1},{"not_picked":["Crippling Poison","Cloak And Dagger"],"picked":"Calculated Gamble","floor":2},{"not_picked":["Prepared","Acrobatics","Slice"],"picked":"SKIP","floor":3},{"not_picked":["Quick Slash","Slice","Sucker Punch"],"picked":"SKIP","floor":4},{"not_picked":["Prepared","Calculated Gamble","Acrobatics"],"picked":"SKIP","floor":10},{"not_picked":["Dagger Throw","Acrobatics"],"picked":"Deadly Poison","floor":12},{"not_picked":["Sucker Punch","Prepared"],"picked":"Catalyst","floor":13},{"not_picked":["Catalyst","Acrobatics"],"picked":"Noxious Fumes","floor":14}],"player_experience":384553,"relics_obtained":[{"floor":9,"key":"Shuriken"},{"floor":14,"key":"The Courier"}],"event_choices":[{"damage_healed":0,"gold_gain":175,"player_choice":"AGREE","damage_taken":0,"max_hp_gain":0,"max_hp_loss":0,"event_name":"Liars Game","floor":7,"gold_loss":0,"cards_obtained":["Doubt"]},{"damage_healed":0,"gold_gain":0,"player_choice":"Entered Light","damage_taken":14,"max_hp_gain":0,"max_hp_loss":0,"event_name":"Shining Light","floor":8,"gold_loss":0,"cards_upgraded":["Defend_G","Defend_G"]},{"cards_removed":["Doubt"],"damage_healed":0,"gold_gain":0,"player_choice":"Forget","damage_taken":0,"max_hp_gain":0,"max_hp_loss":0,"event_name":"Living Wall","floor":11,"gold_loss":0}],"is_beta":false,"boss_relics":[],"items_purged_floors":[],"is_endless":false,"potions_floor_spawned":[2,4],"killed_by":"Slime Boss","ascension_level":1}}