{"host":"fuszjwm6fqgjjp4d","time":1611901541,"event":{"mods":["BaseMod","Bestiary","Colored Map","DeckTracker","Minty Spire (QoL Compilation)","Permanent Neow","Relic Sorter","Relic Stats","StSLib"],"gold_per_floor":[109,119,132,144,159,159,189,189,212,250,250,250,281,295,295,390,390,406,331,331,346,261,273,319,349,437,45,70,70,70,94,94,220,220,273,288,16,16,69,69,132,206,233,278,278,611,611,681,681,681,681],"floor_reached":52,"language":"ENG","playtime":2074,"items_purged":["ClearTheMind+1","Strike_P"],"score":2223,"play_id":"d348843b-c2a4-430b-8646-77e73cb9b29e","local_time":"20210129002541","is_ascension_mode":true,"campfire_choices":[{"data":"Tantrum","floor":6.0,"key":"SMITH"},{"data":"ClearTheMind","floor":12.0,"key":"SMITH"},{"data":"Ragnarok","floor":15.0,"key":"SMITH"},{"data":"Wish","floor":23.0,"key":"SMITH"},{"data":"TalkToTheHand","floor":29.0,"key":"SMITH"},{"data":"DevaForm","floor":32.0,"key":"SMITH"},{"data":"WheelKick","floor":40,"key":"SMITH"},{"data":"Fasting2","floor":49,"key":"SMITH"}],"circlet_count":0,"master_deck":["AscendersBane","Strike_P","Defend_P+1","Defend_P","Defend_P+1","Defend_P","Eruption+1","Vigilance+1","DeceiveReality+1","FollowUp","Ragnarok+1","Tantrum+1","EmptyFist","CutThroughFate","Conclude","EmptyBody+1","Brilliance","TalkToTheHand+1","Adaptation","Wish+1","WheelKick+1","Swivel+1","LessonLearned+1","Protect","WheelKick+1","DevaForm+1","Swivel+1","Fasting2","Omniscience","Fasting2+1","Wallop","WheelKick","Pain"],"relics":["PureWater","Prayer Wheel","PreservedInsect","Bag of Marbles","Potion Belt","Oddly Smooth Stone","Snecko Eye","MawBank","Letter Opener","Bottled Flame","ClockworkSouvenir","Empty Cage","Lee\u0027s Waffle","TungstenRod","Ancient Tea Set","WarpedTongs"],"acts_visited":["Exordium","TheCity","TheBeyond"],"potions_floor_usage":[41,51],"damage_taken":[{"damage":16.0,"enemies":"Jaw Worm","floor":1.0,"turns":6.0},{"damage":11.0,"enemies":"Small Slimes","floor":2.0,"turns":2.0},{"damage":0.0,"enemies":"2 Louse","floor":3.0,"turns":3.0},{"damage":0.0,"enemies":"Looter","floor":4.0,"turns":1.0},{"damage":0.0,"enemies":"Large Slime","floor":5.0,"turns":2.0},{"damage":7.0,"enemies":"3 Sentries","floor":7.0,"turns":4.0},{"damage":0.0,"enemies":"Lagavulin","floor":10.0,"turns":2.0},{"damage":0.0,"enemies":"Gremlin Nob","floor":13.0,"turns":2.0},{"damage":0.0,"enemies":"Exordium Thugs","floor":14.0,"turns":3.0},{"damage":0.0,"enemies":"Hexaghost","floor":16.0,"turns":5.0},{"damage":4.0,"enemies":"Shell Parasite","floor":18.0,"turns":3.0},{"damage":0.0,"enemies":"2 Thieves","floor":21.0,"turns":2.0},{"damage":0.0,"enemies":"Slavers","floor":24.0,"turns":3.0},{"damage":8.0,"enemies":"Shelled Parasite and Fungi","floor":25.0,"turns":8.0},{"damage":0.0,"enemies":"Sentry and Sphere","floor":28.0,"turns":3.0},{"damage":0.0,"enemies":"Centurion and Healer","floor":31.0,"turns":2.0},{"damage":1.0,"enemies":"Champ","floor":33.0,"turns":8.0},{"damage":3.0,"enemies":"3 Shapes","floor":35.0,"turns":6.0},{"damage":0,"enemies":"Orb Walker","floor":36,"turns":3},{"damage":0,"enemies":"Transient","floor":39,"turns":6},{"damage":0,"enemies":"Giant Head","floor":41,"turns":4},{"damage":0,"enemies":"Maw","floor":42,"turns":5},{"damage":2,"enemies":"Sphere and 2 Shapes","floor":44,"turns":6},{"damage":0,"enemies":"4 Shapes","floor":48,"turns":5},{"damage":0,"enemies":"Time Eater","floor":50,"turns":4},{"damage":30,"enemies":"Donu and Deca","floor":51,"turns":7}],"seed_played":"1792423913797368831","potions_obtained":[{"floor":1.0,"key":"Energy Potion"},{"floor":2.0,"key":"Explosive Potion"},{"floor":7.0,"key":"EntropicBrew"},{"floor":18.0,"key":"SneckoOil"},{"floor":21.0,"key":"Energy Potion"},{"floor":25.0,"key":"ColorlessPotion"},{"floor":31.0,"key":"LiquidMemories"},{"floor":35.0,"key":"BlessingOfTheForge"},{"floor":36,"key":"Weak Potion"},{"floor":48,"key":"StancePotion"}],"is_trial":false,"path_per_floor":["M","M","M","M","M","R","E","?","T","E","?","R","E","M","R","B",null,"M","?","?","M","?","R","E","M","T","$","M","R","?","M","R","B",null,"M","M","$","?","M","R","E","M","T","M","?","?","?","M","R","B","B",null],"character_chosen":"WATCHER","items_purchased":["DevaForm","ClockworkSouvenir","Lee\u0027s Waffle"],"campfire_rested":0,"item_purchase_floors":[27,27,37],"current_hp_per_floor":[45,34,34,34,34,34,27,27,27,27,27,27,27,27,27,27,49,45,45,45,45,45,45,45,37,37,37,37,37,37,37,37,36,51,48,48,63,63,63,63,63,63,63,61,61,61,61,61,61,61,31],"gold":681,"neow_bonus":"ONE_RARE_RELIC","is_daily":false,"chose_seed":false,"campfire_upgraded":8,"win_rate":0.0,"timestamp":1611901541,"path_taken":["M","M","M","M","M","R","E","?","T","E","?","R","E","M","R","BOSS","M","?","?","M","?","R","E","M","T","$","?","R","?","M","R","BOSS","M","M","$","?","?","R","E","M","T","M","?","?","?","M","R","BOSS","BOSS"],"items_purchased_type":["Card","Relic","Relic"],"build_version":"2020-12-22","purchased_purges":2,"victory":true,"max_hp_per_floor":[62,62,62,62,62,62,62,56,56,56,56,56,56,56,56,56,56,56,56,56,56,56,56,56,56,56,56,56,56,56,56,56,56,56,56,56,63,63,63,63,63,63,63,63,63,63,63,63,63,63,63],"relic_stats":{"Lee\u0027s Waffle":15,"counters":[26,105],"Snecko Eye":[154,135,136,161],"Prayer Wheel":17,"PreservedInsect":222,"Letter Opener":[129],"MawBank":60,"obtain_stats":[{"Potion Belt":10,"Lee\u0027s Waffle":37,"Golden Idol":8,"Oddly Smooth Stone":13,"PreservedInsect":7,"Letter Opener":24,"MawBank":22,"Empty Cage":34,"Ancient Tea Set":43,"ClockworkSouvenir":27,"WarpedTongs":47,"Bottled Flame":26,"Snecko Eye":17,"Prayer Wheel":0,"Bag of Marbles":9,"PureWater":0,"TungstenRod":41},{"Potion Belt":7,"Lee\u0027s Waffle":19,"Golden Idol":6,"Oddly Smooth Stone":8,"PreservedInsect":6,"Letter Opener":13,"MawBank":12,"Empty Cage":17,"Ancient Tea Set":22,"ClockworkSouvenir":14,"WarpedTongs":23,"Bottled Flame":14,"Snecko Eye":10,"Prayer Wheel":0,"Bag of Marbles":6,"PureWater":0,"TungstenRod":21},{"Potion Belt":20,"Lee\u0027s Waffle":68,"Golden Idol":18,"Oddly Smooth Stone":22,"PreservedInsect":18,"Letter Opener":38,"MawBank":35,"Empty Cage":59,"Ancient Tea Set":83,"ClockworkSouvenir":46,"WarpedTongs":89,"Bottled Flame":46,"Snecko Eye":30,"Prayer Wheel":0,"Bag of Marbles":18,"PureWater":0,"TungstenRod":78}],"TungstenRod":23,"WarpedTongs":[16]},"card_choices":[{"not_picked":["ThirdEye","Crescendo"],"picked":"DeceiveReality","floor":1.0},{"not_picked":["Protect","Consecrate"],"picked":"FlurryOfBlows","floor":1.0},{"not_picked":["CutThroughFate","Protect"],"picked":"FollowUp","floor":2.0},{"not_picked":["Wallop","EmptyFist"],"picked":"Ragnarok","floor":2.0},{"not_picked":["FlyingSleeves","Protect"],"picked":"Tantrum","floor":3.0},{"not_picked":["InnerPeace","Consecrate"],"picked":"EmptyFist","floor":3.0},{"not_picked":["Wireheading","Consecrate"],"picked":"CutThroughFate","floor":4.0},{"not_picked":["WheelKick","FlyingSleeves"],"picked":"Conclude","floor":4.0},{"not_picked":["InnerPeace","Protect"],"picked":"EmptyBody","floor":5.0},{"not_picked":["Establishment","Halt","Prostrate"],"picked":"SKIP","floor":5.0},{"not_picked":["JustLucky","SashWhip"],"picked":"Brilliance","floor":7.0},{"not_picked":["Consecrate","EmptyMind"],"picked":"ClearTheMind","floor":10.0},{"not_picked":["JustLucky","Conclude"],"picked":"TalkToTheHand","floor":13.0},{"not_picked":["Consecrate","LikeWater"],"picked":"Adaptation","floor":14.0},{"not_picked":["InnerPeace","PathToVictory","Crescendo"],"picked":"SKIP","floor":14.0},{"not_picked":["Brilliance","ConjureBlade"],"picked":"Wish","floor":16.0},{"not_picked":["CutThroughFate+1","Perseverance"],"picked":"WheelKick","floor":18.0},{"not_picked":["FlurryOfBlows","Weave","PathToVictory+1"],"picked":"SKIP","floor":18.0},{"not_picked":["JustLucky","PathToVictory+1"],"picked":"Swivel","floor":21.0},{"not_picked":["SignatureMove","Protect+1"],"picked":"LessonLearned","floor":21.0},{"not_picked":["EmptyBody","BowlingBash"],"picked":"Protect","floor":24.0},{"not_picked":["Crescendo","Blasphemy"],"picked":"WheelKick","floor":25.0},{"not_picked":["Tantrum","Prostrate","JustLucky"],"picked":"SKIP","floor":25.0},{"not_picked":["Prostrate","PathToVictory"],"picked":"Swivel","floor":28.0},{"not_picked":["EmptyBody+1","FollowUp","SignatureMove"],"picked":"SKIP","floor":28.0},{"not_picked":["Swivel","PathToVictory"],"picked":"Fasting2","floor":31.0},{"not_picked":["ThirdEye","ClearTheMind","FollowUp"],"picked":"SKIP","floor":31.0},{"not_picked":["Establishment","ConjureBlade"],"picked":"Omniscience","floor":33.0},{"not_picked":["Consecrate+1","BowlingBash","CrushJoints+1"],"picked":"SKIP","floor":35.0},{"not_picked":["Perseverance+1","FlurryOfBlows","Indignation"],"picked":"SKIP","floor":35.0},{"not_picked":["Adaptation+1","Collect"],"picked":"Fasting2","floor":36},{"not_picked":["CutThroughFate","FollowUp","ForeignInfluence"],"picked":"SKIP","floor":36},{"not_picked":["Wireheading","Crescendo"],"picked":"Wallop","floor":39},{"not_picked":["SashWhip","Scrawl","Consecrate"],"picked":"SKIP","floor":39},{"not_picked":["Halt+1","CrushJoints"],"picked":"WheelKick","floor":41},{"not_picked":["CutThroughFate+1","EmptyFist","Worship+1"],"picked":"SKIP","floor":42},{"not_picked":["Worship","Prostrate","ThirdEye"],"picked":"SKIP","floor":42},{"not_picked":["SashWhip","PathToVictory","WreathOfFlame"],"picked":"SKIP","floor":44},{"not_picked":["PathToVictory","CarveReality+1","Crescendo+1"],"picked":"SKIP","floor":44},{"not_picked":["Prostrate","Nirvana","Crescendo+1"],"picked":"SKIP","floor":48},{"not_picked":["Prostrate","CutThroughFate+1","WreathOfFlame"],"picked":"SKIP","floor":48}],"player_experience":1402939,"relics_obtained":[{"floor":7.0,"key":"PreservedInsect"},{"floor":9.0,"key":"Bag of Marbles"},{"floor":10.0,"key":"Potion Belt"},{"floor":13.0,"key":"Oddly Smooth Stone"},{"floor":24.0,"key":"Letter Opener"},{"floor":26.0,"key":"Bottled Flame"},{"floor":41,"key":"TungstenRod"},{"floor":43,"key":"Ancient Tea Set"}],"event_choices":[{"damage_healed":0.0,"max_hp_gain":0.0,"max_hp_loss":6.0,"gold_gain":0.0,"event_name":"Golden Idol","player_choice":"Lose Max HP","floor":8.0,"gold_loss":0.0,"damage_taken":0.0,"relics_obtained":["Golden Idol"]},{"damage_healed":0.0,"max_hp_gain":0.0,"max_hp_loss":0.0,"gold_gain":0.0,"event_name":"Scrap Ooze","player_choice":"Fled","floor":11.0,"gold_loss":0.0,"damage_taken":0.0},{"cards_removed":["Strike_P"],"damage_healed":0.0,"max_hp_gain":0.0,"max_hp_loss":0.0,"gold_gain":0.0,"event_name":"Beggar","player_choice":"Gave Gold","floor":19.0,"gold_loss":75.0,"damage_taken":0.0},{"damage_healed":0.0,"max_hp_gain":0.0,"max_hp_loss":0.0,"gold_gain":0.0,"event_name":"Ghosts","player_choice":"Ignored","floor":20.0,"gold_loss":0.0,"damage_taken":0.0},{"damage_healed":0.0,"max_hp_gain":0.0,"max_hp_loss":0.0,"gold_gain":0.0,"event_name":"Addict","player_choice":"Obtained Relic","floor":22.0,"gold_loss":85.0,"damage_taken":0.0,"relics_obtained":["MawBank"]},{"damage_healed":0.0,"max_hp_gain":0.0,"max_hp_loss":0.0,"gold_gain":0.0,"event_name":"The Mausoleum","player_choice":"Ignored","floor":30.0,"gold_loss":0.0,"damage_taken":0.0},{"damage_healed":0,"gold_gain":0,"player_choice":"Upgraded","damage_taken":0,"max_hp_gain":0,"max_hp_loss":0,"event_name":"Upgrade Shrine","floor":38,"gold_loss":0,"cards_upgraded":["LessonLearned"]},{"damage_healed":0,"gold_gain":0,"player_choice":"Memory 1","damage_taken":0,"max_hp_gain":0,"max_hp_loss":0,"event_name":"SensoryStone","floor":45,"gold_loss":0},{"damage_healed":0,"gold_gain":333,"player_choice":"Gave Idol","damage_taken":0,"max_hp_gain":0,"max_hp_loss":0,"event_name":"The Moai Head","floor":46,"relics_lost":["Golden Idol"],"gold_loss":0},{"damage_healed":0,"gold_gain":0,"player_choice":"Rummage","damage_taken":0,"relics_obtained":["WarpedTongs"],"max_hp_gain":0,"max_hp_loss":0,"event_name":"Accursed Blacksmith","floor":47,"gold_loss":0,"cards_obtained":["Pain"]}],"is_beta":false,"boss_relics":[{"not_picked":["Runic Pyramid","VioletLotus"],"picked":"Snecko Eye"},{"not_picked":["Sozu","Tiny House"],"picked":"Empty Cage"}],"items_purged_floors":[27,37],"is_endless":false,"potions_floor_spawned":[1,2,3,7,18,21,25,31,35,36,48],"ascension_level":20}}