{"host":"ad59wuc8ynh8u2z6","time":1611958476,"event":{"mods":["AchievementEnabler","BaseMod","Colored Powertips","DeckTracker","Highlight Path","Minty Spire (QoL Compilation)","Permanent Neow"],"gold_per_floor":[117,133,143,162,181,209,209,237,237,254,274,274,199,199,199],"floor_reached":14,"language":"ENG","playtime":380,"items_purged":["Strike_R"],"score":130,"play_id":"92130fef-0f9c-42d1-a82a-864c1032d096","local_time":"20210129231436","is_ascension_mode":true,"campfire_choices":[{"data":"Uppercut","floor":7.0,"key":"SMITH"}],"circlet_count":0,"master_deck":["Strike_R","Strike_R","Strike_R","Strike_R","Defend_R","Defend_R","Defend_R","Defend_R","Bash","Uppercut+1","Pommel Strike","Pommel Strike"],"relics":["Cursed Key","Bag of Preparation","Pen Nib","TungstenRod"],"acts_visited":["Exordium"],"potions_floor_usage":[],"damage_taken":[{"damage":7.0,"enemies":"Jaw Worm","floor":1.0,"turns":3.0},{"damage":0.0,"enemies":"Cultist","floor":2.0,"turns":2.0},{"damage":1.0,"enemies":"2 Louse","floor":3.0,"turns":2.0},{"damage":20.0,"enemies":"Large Slime","floor":4.0,"turns":4.0},{"damage":7.0,"enemies":"Exordium Wildlife","floor":5.0,"turns":5.0},{"damage":30.0,"enemies":"Lagavulin","floor":6.0,"turns":5.0},{"damage":12.0,"enemies":"Gremlin Nob","floor":8.0,"turns":3.0},{"damage":0.0,"enemies":"2 Fungi Beasts","floor":10.0,"turns":2.0},{"damage":0.0,"enemies":"Gremlin Gang","floor":11.0,"turns":3.0},{"damage":9,"enemies":"3 Sentries","floor":14,"turns":1}],"seed_played":"-1556905519960011984","potions_obtained":[{"floor":2.0,"key":"PowerPotion"},{"floor":3.0,"key":"Weak Potion"},{"floor":8.0,"key":"LiquidMemories"},{"floor":10.0,"key":"BloodPotion"}],"is_trial":false,"path_per_floor":["M","M","M","M","M","E","R","E","T","M","M","?","$","E"],"character_chosen":"IRONCLAD","items_purchased":[],"campfire_rested":0,"item_purchase_floors":[],"current_hp_per_floor":[73,73,72,52,45,15,15,3,3,3,3,3,3,0,0],"gold":199,"neow_bonus":"BOSS_RELIC","is_daily":false,"chose_seed":false,"campfire_upgraded":1,"win_rate":0.0,"timestamp":1611958476,"path_taken":["M","M","M","M","M","E","R","E","T","M","M","?","?","E"],"items_purchased_type":[],"build_version":"2020-12-22","purchased_purges":1,"victory":false,"max_hp_per_floor":[80,80,80,80,80,80,80,80,80,80,80,80,80,80,80],"card_choices":[{"not_picked":["Warcry","Iron Wave","True Grit"],"picked":"SKIP","floor":1.0},{"not_picked":["Cleave","Headbutt"],"picked":"Uppercut","floor":2.0},{"not_picked":["Dual Wield","Thunderclap","Spot Weakness"],"picked":"SKIP","floor":3.0},{"not_picked":["Armaments","Dual Wield","Clash"],"picked":"SKIP","floor":4.0},{"not_picked":["Heavy Blade","Dark Embrace"],"picked":"Pommel Strike","floor":5.0},{"not_picked":["Dropkick","Feel No Pain","Iron Wave"],"picked":"SKIP","floor":6.0},{"not_picked":["Sentinel","Flex","Seeing Red"],"picked":"SKIP","floor":8.0},{"not_picked":["Armaments","Clash"],"picked":"Pommel Strike","floor":10.0},{"not_picked":["Rupture","Blood for Blood","Havoc"],"picked":"SKIP","floor":11.0}],"player_experience":74979,"relics_obtained":[{"floor":6.0,"key":"Bag of Preparation"},{"floor":8.0,"key":"Pen Nib"},{"floor":9.0,"key":"TungstenRod"}],"event_choices":[{"cards_removed":["Injury"],"damage_healed":0.0,"max_hp_gain":0.0,"max_hp_loss":0.0,"gold_gain":0.0,"event_name":"Wheel of Change","player_choice":"Card Removal","floor":12.0,"gold_loss":0.0,"damage_taken":0.0}],"is_beta":false,"boss_relics":[],"items_purged_floors":[13],"is_endless":false,"potions_floor_spawned":[2,3,8,10],"killed_by":"3 Sentries","ascension_level":5}}