{"host":"jjunaul04msmo6r1","time":1611905035,"event":{"mods":["BaseMod","Better Third Choice","Booster Modes","Colored Map","Downfall","Minty Spire (QoL Compilation)","Relic Stats","StSLib","UnlockEverythingMod","everything is the same but u backflip on backflip"],"gold_per_floor":[99,117,137,151,165,165,165,191,221,321,339,139,139,167,177,277,277,177,188,204,222,238,271,296,296,296,316,348,348,360,393,412,516,516,516,527,437,109,158,174,220,257,257,257,293,293,278,296,319,319,319,344,40,40,40,40],"floor_reached":57,"language":"ENG","playtime":9659,"items_purged":["downfall:Malfunctioning"],"score":1657,"play_id":"a9cea688-a4ee-4adf-963d-ec1e34f34922","local_time":"20210129002355","is_ascension_mode":true,"campfire_choices":[{"floor":1,"key":"RECALL"},{"floor":12,"key":"REST"},{"data":"Guardian:SentryBeam","floor":18,"key":"SMITH"},{"data":"Guardian:ConstructionForm","floor":25,"key":"SMITH"},{"data":"Guardian:Preprogram","floor":35,"key":"SMITH"},{"data":"Guardian:TemporalShield","floor":44,"key":"SMITH"},{"data":"Guardian:StasisField","floor":46,"key":"SMITH"},{"data":"Guardian:StasisEngine","floor":54,"key":"SMITH"}],"circlet_count":0,"master_deck":["Guardian:Strike_Guardian+1","Guardian:Strike_Guardian+1","Guardian:Strike_Guardian","Guardian:Defend_Guardian","Guardian:Defend_Guardian+1","Guardian:Defend_Guardian+1","Guardian:Defend_Guardian+1","Guardian:CurlUp+1","Guardian:TwinSlam","Guardian:DecasProtection","Guardian:ConstructionForm+1","Guardian:SpikerProtocol","Guardian:Incinerate","Guardian:StasisField+1","Guardian:SentryBeam+1","Guardian:StasisStrike","Guardian:ArmoredProtocol+1","Guardian:Incinerate+1","Guardian:TemporalShield+1","Guardian:Preprogram+1","Guardian:FloatingOrbs","Guardian:ShieldCharger+1","Guardian:Orbwalk+1","Guardian:PiercingHide","Guardian:StasisEngine+1","Guardian:ArmoredProtocol+1","Guardian:BodySlam+1","Guardian:BodySlam+1"],"relics":["Guardian:ModeShifter","Bronze Scales","Blood Vial","Toy Ornithopter","downfall:HeartBlessingRed","downfall:HeartBlessingBlue","Potion Belt","Black Star","downfall:HeartBlessingGreen","Strawberry","Sundial","Art of War","Mummified Hand","Tiny Chest","Gremlin Horn","Happy Flower","Coffee Dripper","White Beast Statue","Bird Faced Urn","CeramicFish","Oddly Smooth Stone","Mango","War Paint","Bottled Tornado","FossilizedHelix","Anchor","Guardian:BottledStasis","Whetstone"],"acts_visited":["Exordium","TheCity","TheBeyond","TheEnding"],"potions_floor_usage":[9,10,11,16,23,23,28,28,29,33,42,43,47,49,50,52,56,56,56,56],"damage_taken":[{"damage":3,"enemies":"Jaw Worm","floor":2,"turns":4},{"damage":3,"enemies":"2 Louse","floor":3,"turns":3},{"damage":4,"enemies":"Cultist","floor":4,"turns":4},{"damage":3,"enemies":"Blue Slaver","floor":5,"turns":6},{"damage":30,"enemies":"Gremlin Nob","floor":9,"turns":6},{"damage":23,"enemies":"downfall:LadyInBlue","floor":10,"turns":14},{"damage":3,"enemies":"2 Fungi Beasts","floor":11,"turns":3},{"damage":0,"enemies":"Lagavulin","floor":14,"turns":7},{"damage":10,"enemies":"Exordium Thugs","floor":15,"turns":4},{"damage":0,"enemies":"SI_SHIV_ARCHETYPE","floor":16,"turns":8},{"damage":11,"enemies":"Spheric Guardian","floor":19,"turns":4},{"damage":6,"enemies":"Chosen","floor":20,"turns":5},{"damage":4,"enemies":"Snake Plant","floor":21,"turns":6},{"damage":2,"enemies":"Cultist and Chosen","floor":22,"turns":9},{"damage":6,"enemies":"Book of Stabbing","floor":23,"turns":6},{"damage":0,"enemies":"Snecko","floor":27,"turns":5},{"damage":14,"enemies":"Gremlin Leader","floor":28,"turns":8},{"damage":0,"enemies":"Centurion and Healer","floor":29,"turns":1},{"damage":9,"enemies":"Snake Plant","floor":30,"turns":5},{"damage":0,"enemies":"Book of Stabbing","floor":31,"turns":5},{"damage":12,"enemies":"Cultist and Chosen","floor":32,"turns":6},{"damage":26,"enemies":"DF_ARCHETYPE_CLAW","floor":33,"turns":10},{"damage":4,"enemies":"3 Shapes","floor":36,"turns":5},{"damage":0,"enemies":"downfall:FleeingMerchant","floor":37,"turns":4},{"damage":0,"enemies":"downfall:FleeingMerchant","floor":38,"turns":4},{"damage":10,"enemies":"2 Orb Walkers","floor":39,"turns":6},{"damage":0,"enemies":"3 Darklings","floor":40,"turns":5},{"damage":0,"enemies":"Reptomancer","floor":42,"turns":7},{"damage":0,"enemies":"4 Shapes","floor":43,"turns":1},{"damage":9,"enemies":"Nemesis","floor":45,"turns":7},{"damage":0,"enemies":"downfall:FleeingMerchant","floor":47,"turns":4},{"damage":0,"enemies":"Jaw Worm Horde","floor":48,"turns":4},{"damage":0,"enemies":"Sphere and 2 Shapes","floor":49,"turns":5},{"damage":0,"enemies":"IC_BLOCK_ARCHETYPE","floor":50,"turns":8},{"damage":0,"enemies":"downfall:CharBossMerchant","floor":52,"turns":9},{"damage":0,"enemies":"downfall:NeowBoss","floor":55,"turns":13},{"damage":57,"enemies":"downfall:NeowBossFinal","floor":56,"turns":12}],"seed_played":"-2504554808515760395","potions_obtained":[{"floor":3,"key":"ColorlessPotion"},{"floor":5,"key":"AttackPotion"},{"floor":10,"key":"SkillPotion"},{"floor":10,"key":"EssenceOfSteel"},{"floor":10,"key":"Slimebound:ThreeZeroPotion"},{"floor":11,"key":"Dexterity Potion"},{"floor":20,"key":"GamblersBrew"},{"floor":22,"key":"Block Potion"},{"floor":23,"key":"SmokeBomb"},{"floor":27,"key":"Guardian:DefensiveModePotion"},{"floor":32,"key":"sneckomod:MuddlingPotion"},{"floor":39,"key":"Swift Potion"},{"floor":40,"key":"SmokeBomb"},{"floor":42,"key":"BlessingOfTheForge"},{"floor":45,"key":"Explosive Potion"},{"floor":47,"key":"Guardian:StasisDiscoveryPotion"},{"floor":48,"key":"champ:CounterPotion"},{"floor":49,"key":"Fruit Juice"},{"floor":52,"key":"ColorlessPotion"}],"is_trial":false,"path_per_floor":["R","M","M","M","M","?","T","T","E","?","M","R","?","E","M","B",null,"R","M","M","M","M","E","T","R","?","M","E","M","M","E","M","B",null,"R","M","?","$","?","M","T","E","M","R","E","R","$","M","M","B",null,"E","$","R","B","B",null],"character_chosen":"GUARDIAN","items_purchased":["White Beast Statue","SkillPotion","Guardian:BottledStasis","Whetstone"],"campfire_rested":1,"item_purchase_floors":[38,38,53,53],"current_hp_per_floor":[80,77,74,70,67,67,67,67,37,16,20,57,57,59,51,58,90,90,79,75,73,73,86,86,86,86,88,83,90,83,85,75,56,97,97,93,95,97,87,97,97,111,111,111,111,111,111,111,111,111,111,111,111,111,111,78],"gold":40,"neow_bonus":"ONE_RANDOM_RARE_CARD","is_daily":false,"chose_seed":false,"campfire_upgraded":6,"win_rate":0.0,"timestamp":1611905035,"path_taken":["R","M","M","M","M","?","T","?","E","?","?","R","?","E","M","BOSS","R","M","M","M","M","E","T","R","?","M","E","M","?","E","M","BOSS","R","M","?","$","?","M","T","E","M","R","E","R","$","M","M","BOSS","E","$","R","BOSS","BOSS"],"items_purchased_type":["Relic","Potion","Relic","Relic"],"build_version":"2020-12-22","purchased_purges":1,"victory":true,"max_hp_per_floor":[80,80,80,80,80,80,80,80,80,80,80,90,90,90,90,90,90,90,90,90,90,90,97,97,97,97,97,97,97,97,97,97,97,97,97,97,97,97,97,97,97,111,111,111,111,111,111,111,111,111,111,111,111,111,111,116],"relic_stats":{"Gremlin Horn":[22,22],"Happy Flower":[36],"counters":[37,223],"CeramicFish":27,"Whetstone":["Guardian:Incinerate","Guardian:Strike_Guardian"],"War Paint":["Guardian:CurlUp","Guardian:Defend_Guardian"],"Blood Vial":38,"Sundial":[16],"Mummified Hand":[131],"Bronze Scales":[662],"Bird Faced Urn":[21],"Tiny Chest":0,"Black Star":6,"Art of War":[6],"obtain_stats":[{"Gremlin Horn":31,"CeramicFish":41,"downfall:HeartBlessingGreen":18,"Mango":42,"Whetstone":53,"Bottled Tornado":45,"Blood Vial":9,"downfall:HeartBlessingBlue":12,"Sundial":23,"Mummified Hand":28,"Strawberry":23,"Tiny Chest":28,"Potion Belt":14,"Guardian:BottledStasis":53,"downfall:HeartBlessingRed":12,"Happy Flower":31,"Guardian:ModeShifter":0,"Oddly Smooth Stone":42,"War Paint":45,"White Beast Statue":38,"Anchor":52,"Bronze Scales":8,"Bird Faced Urn":39,"Black Star":17,"Art of War":24,"Coffee Dripper":34,"Toy Ornithopter":10,"FossilizedHelix":52},{"Gremlin Horn":20,"CeramicFish":27,"downfall:HeartBlessingGreen":10,"Mango":28,"Whetstone":35,"Bottled Tornado":30,"Blood Vial":5,"downfall:HeartBlessingBlue":7,"Sundial":15,"Mummified Hand":17,"Strawberry":15,"Tiny Chest":17,"Potion Belt":8,"Guardian:BottledStasis":35,"downfall:HeartBlessingRed":7,"Happy Flower":20,"Guardian:ModeShifter":0,"Oddly Smooth Stone":28,"War Paint":30,"White Beast Statue":25,"Anchor":35,"Bronze Scales":4,"Bird Faced Urn":26,"Black Star":10,"Art of War":15,"Coffee Dripper":22,"Toy Ornithopter":6,"FossilizedHelix":35},{"Gremlin Horn":113,"CeramicFish":153,"downfall:HeartBlessingGreen":59,"Mango":160,"Whetstone":198,"Bottled Tornado":168,"Blood Vial":23,"downfall:HeartBlessingBlue":40,"Sundial":89,"Mummified Hand":102,"Strawberry":89,"Tiny Chest":102,"Potion Belt":47,"Guardian:BottledStasis":198,"downfall:HeartBlessingRed":40,"Happy Flower":113,"Guardian:ModeShifter":0,"Oddly Smooth Stone":160,"War Paint":168,"White Beast Statue":142,"Anchor":198,"Bronze Scales":17,"Bird Faced Urn":148,"Black Star":59,"Art of War":89,"Coffee Dripper":129,"Toy Ornithopter":37,"FossilizedHelix":198}],"Toy Ornithopter":52},"card_choices":[{"not_picked":["Guardian:CrystalBeam","Guardian:WalkerClaw"],"picked":"Guardian:DecasProtection","floor":2},{"not_picked":["Guardian:ChargeCore","Guardian:Suspension"],"picked":"Guardian:Gem_Blue","floor":3},{"not_picked":["Guardian:RefractedBeam","Guardian:Gem_Cyan"],"picked":"Guardian:ConstructionForm","floor":4},{"not_picked":["Guardian:TemporalShield","Guardian:BodySlam"],"picked":"Guardian:SpikerProtocol","floor":5},{"not_picked":["Guardian:TemporalStrike","Guardian:RefractedBeam"],"picked":"Guardian:Gem_Lightblue","floor":9},{"not_picked":["Guardian:WalkerClaw","Guardian:Reroute"],"picked":"Guardian:Gem_Purple","floor":10},{"not_picked":["Guardian:Recover","Guardian:TemporalShield"],"picked":"Guardian:Incinerate","floor":11},{"not_picked":["Guardian:BronzeArmor","Guardian:ArmoredProtocol"],"picked":"Guardian:StasisField","floor":14},{"not_picked":["Guardian:Recover","Guardian:ArmoredProtocol"],"picked":"Guardian:SentryBeam","floor":15},{"not_picked":["Guardian:FastForward","Guardian:SphericShield"],"picked":"Guardian:StasisStrike","floor":16},{"not_picked":["Guardian:Gem_Cyan","Guardian:Reroute+1"],"picked":"Guardian:ArmoredProtocol+1","floor":19},{"not_picked":["Guardian:RefractedBeam","Guardian:ChargeCore+1"],"picked":"Guardian:Incinerate","floor":20},{"not_picked":["Guardian:Planning","Guardian:ShieldCharger"],"picked":"Guardian:TemporalShield","floor":21},{"not_picked":["Guardian:Gem_Lightblue","Guardian:Gem_Green"],"picked":"Guardian:Preprogram","floor":22},{"not_picked":["Guardian:ChargeCore","Guardian:Incinerate"],"picked":"Guardian:FloatingOrbs","floor":23},{"not_picked":["Guardian:SpikerProtocol+1","Guardian:Clone","Guardian:TemporalStrike"],"picked":"SKIP","floor":27},{"not_picked":["Guardian:GuardianWhirl","Guardian:Preprogram"],"picked":"Guardian:ShieldCharger+1","floor":28},{"not_picked":["Guardian:EvasiveProtocol","Guardian:Reroute","Guardian:ChargeCore+1"],"picked":"SKIP","floor":30},{"not_picked":["Guardian:TimeBomb","Guardian:Emergency"],"picked":"Guardian:Orbwalk+1","floor":31},{"not_picked":["Guardian:GuardianWhirl+1","Guardian:DonusPower+1"],"picked":"Guardian:PiercingHide","floor":32},{"not_picked":["Guardian:SphericShield","Guardian:GatlingBeam"],"picked":"Guardian:Gem_Orange","floor":33},{"not_picked":["Guardian:Planning+1","Guardian:ShieldCharger","Guardian:TemporalShield"],"picked":"SKIP","floor":36},{"not_picked":["Guardian:Clone","Guardian:VentSteam+1","Guardian:Suspension+1"],"picked":"SKIP","floor":37},{"not_picked":["Guardian:ShieldCharger","Guardian:DecasProtection"],"picked":"Guardian:Gem_Lightblue","floor":38},{"not_picked":["Guardian:Gem_Cyan","Guardian:DecasProtection"],"picked":"Guardian:Gem_Blue","floor":39},{"not_picked":["Guardian:Gem_Red","Guardian:Gem_Cyan"],"picked":"Guardian:StasisEngine","floor":40},{"not_picked":["Guardian:GuardianWhirl","Guardian:FuturePlans+1"],"picked":"Guardian:ArmoredProtocol+1","floor":42},{"not_picked":["Guardian:PrimingBeam","Guardian:ArmoredProtocol"],"picked":"Guardian:BodySlam+1","floor":45},{"not_picked":["Guardian:FuturePlans","Guardian:ShieldCharger","Guardian:DonusPower"],"picked":"SKIP","floor":47},{"not_picked":["Guardian:ShieldCharger","Guardian:Reroute","Guardian:ChargeCore+1"],"picked":"SKIP","floor":48},{"not_picked":["Guardian:Reroute+1","Guardian:VentSteam+1"],"picked":"Guardian:BodySlam+1","floor":49},{"not_picked":["Guardian:Reroute","Guardian:StasisField","Guardian:Emergency"],"picked":"SKIP","floor":52}],"player_experience":478283,"relics_obtained":[{"floor":8,"key":"Bronze Scales"},{"floor":9,"key":"Blood Vial"},{"floor":10,"key":"Toy Ornithopter"},{"floor":14,"key":"Potion Belt"},{"floor":23,"key":"Strawberry"},{"floor":23,"key":"Sundial"},{"floor":24,"key":"Art of War"},{"floor":28,"key":"Mummified Hand"},{"floor":28,"key":"Tiny Chest"},{"floor":31,"key":"Gremlin Horn"},{"floor":31,"key":"Happy Flower"},{"floor":39,"key":"Bird Faced Urn"},{"floor":41,"key":"CeramicFish"},{"floor":42,"key":"Oddly Smooth Stone"},{"floor":42,"key":"Mango"},{"floor":45,"key":"War Paint"},{"floor":45,"key":"Bottled Tornado"},{"floor":52,"key":"FossilizedHelix"},{"floor":52,"key":"Anchor"}],"event_choices":[{"damage_healed":0,"gold_gain":0,"player_choice":"Fight","damage_taken":0,"max_hp_gain":0,"max_hp_loss":0,"event_name":"Mysterious Sphere","floor":39,"gold_loss":0}],"is_beta":false,"boss_relics":[{"not_picked":["expansioncontent:StudyCardRelic","Astrolabe"],"picked":"Black Star"},{"not_picked":["Fusion Hammer","bronze:MakeshiftBattery"],"picked":"Coffee Dripper"}],"items_purged_floors":[37],"is_endless":false,"potions_floor_spawned":[3,5,10,11,20,22,23,27,32,39,40,42,43,45,47,48,49,52],"ascension_level":2}}