{"host":"vyjryxuuuxkt43k4","time":1611907119,"event":{"mods":["AchievementEnabler","BaseMod","Colored Map","DeckTracker","Keyboard Shortcuts","Minty Spire (QoL Compilation)","Permanent Neow","Quick Restart","Rare Cards Sparkle","StSLib","SuperFastMode","everything is the same but u backflip on backflip"],"gold_per_floor":[117,117,135,151,151,151,185,185,256,288,302,318,318,336,336,336,336],"floor_reached":16,"language":"KOR","playtime":479,"items_purged":[],"score":134,"play_id":"aa90fdf0-6a9f-41ad-87c1-a893cced1078","local_time":"20210129165839","is_ascension_mode":true,"campfire_choices":[{"data":"Consecrate","floor":6.0,"key":"SMITH"},{"data":"Crescendo","floor":8.0,"key":"SMITH"},{"data":"WheelKick","floor":15.0,"key":"SMITH"}],"circlet_count":0,"master_deck":["Strike_P","Strike_P","Strike_P","Strike_P","Defend_P","Defend_P","Defend_P","Eruption+1","Vigilance","Consecrate+1","FollowUp","Crescendo+1","WheelKick+1","FearNoEvil","Halt+1"],"relics":["PureWater","PreservedInsect","Toxic Egg 2","Mummified Hand"],"acts_visited":["Exordium"],"potions_floor_usage":[16],"damage_taken":[{"damage":0.0,"enemies":"Cultist","floor":1.0,"turns":2.0},{"damage":2.0,"enemies":"Jaw Worm","floor":3.0,"turns":2.0},{"damage":0.0,"enemies":"2 Louse","floor":4.0,"turns":3.0},{"damage":7.0,"enemies":"3 Sentries","floor":7.0,"turns":5.0},{"damage":35.0,"enemies":"Lagavulin","floor":10.0,"turns":3.0},{"damage":0.0,"enemies":"2 Fungi Beasts","floor":11.0,"turns":1.0},{"damage":0.0,"enemies":"Exordium Thugs","floor":12.0,"turns":2.0},{"damage":0.0,"enemies":"Blue Slaver","floor":14.0,"turns":2.0},{"damage":45,"enemies":"The Guardian","floor":16,"turns":8}],"seed_played":"-3421301541468112823","potions_obtained":[{"floor":4.0,"key":"Regen Potion"},{"floor":10.0,"key":"FearPotion"},{"floor":14.0,"key":"BottledMiracle"}],"is_trial":false,"path_per_floor":["M","?","M","M","?","R","E","R","T","E","M","M","?","M","R","B"],"character_chosen":"WATCHER","items_purchased":[],"campfire_rested":0,"item_purchase_floors":[],"current_hp_per_floor":[72,77,75,75,75,75,68,68,68,38,38,38,38,38,38,0,0],"gold":336,"neow_bonus":"UPGRADE_CARD","is_daily":false,"chose_seed":false,"campfire_upgraded":3,"win_rate":0.0,"timestamp":1611907119,"path_taken":["M","?","M","M","?","R","E","R","T","E","M","?","?","M","R","BOSS"],"items_purchased_type":[],"build_version":"2020-12-22","purchased_purges":0,"victory":false,"max_hp_per_floor":[72,77,77,77,77,77,77,77,77,77,77,77,77,77,77,77,77],"card_choices":[{"not_picked":["EmptyBody","FlurryOfBlows"],"picked":"Consecrate","floor":1.0},{"not_picked":["Crescendo","CrushJoints","Sanctity"],"picked":"SKIP","floor":3.0},{"not_picked":["EmptyFist","ThirdEye"],"picked":"FollowUp","floor":4.0},{"not_picked":["FlyingSleeves","DeceiveReality"],"picked":"Crescendo","floor":7.0},{"not_picked":["SashWhip","Establishment"],"picked":"WheelKick","floor":10.0},{"not_picked":["Evaluate+1","ThirdEye+1","Perseverance+1"],"picked":"SKIP","floor":11.0},{"not_picked":["Crescendo+1","Consecrate"],"picked":"FearNoEvil","floor":12.0},{"not_picked":["Evaluate+1","Prostrate+1"],"picked":"Halt+1","floor":14.0}],"player_experience":489522,"relics_obtained":[{"floor":7.0,"key":"PreservedInsect"},{"floor":9.0,"key":"Toxic Egg 2"},{"floor":10.0,"key":"Mummified Hand"}],"event_choices":[{"damage_healed":0.0,"max_hp_gain":5.0,"max_hp_loss":0.0,"gold_gain":0.0,"event_name":"Big Fish","player_choice":"Donut","floor":2.0,"gold_loss":0.0,"damage_taken":0.0},{"cards_removed":["Defend_P"],"damage_healed":0.0,"max_hp_gain":0.0,"max_hp_loss":0.0,"gold_gain":0.0,"event_name":"Purifier","player_choice":"Purged","floor":5.0,"gold_loss":0.0,"damage_taken":0.0},{"damage_healed":0.0,"max_hp_gain":0.0,"max_hp_loss":0.0,"gold_gain":0.0,"event_name":"Liars Game","player_choice":"Ignored","floor":13.0,"gold_loss":0.0,"damage_taken":0.0}],"is_beta":false,"boss_relics":[],"items_purged_floors":[],"is_endless":false,"potions_floor_spawned":[4,10,14],"killed_by":"The Guardian","ascension_level":4}}