{"host":"g5k24uqcth2ihc11","time":1611962636,"event":{"mods":["Arknights The Spire","BaseMod","Downfall","Jorbs\u0027s Wanderer Trilogy","Marisa????????","Minty Spire (QoL Compilation)","Robot Space Explorer","StSLib","The Cursed","The Dragon Tamer","The Marked","The Servant 0.9.4"],"gold_per_floor":[114,124,143,143,76,76,101,101,148,166,189,199,199,226,226,324,324,334,348,19,19,19,19,19,35,35,65,65,77,77,90,90,192,192,204,204,252,252,2,2,2,2,84,94,94,142,165,11,11,11],"floor_reached":51,"language":"ENG","playtime":4144,"items_purged":[],"score":769,"play_id":"7541fa4c-f5e2-4440-8b38-beea5c8524a0","local_time":"20210129152356","daily_mods":["SealedDeck","Flight"],"is_ascension_mode":false,"metric_token":787,"campfire_choices":[{"data":"DTMod:Threaten","floor":6,"key":"SMITH"},{"data":"DTMod:BlazingStrike","floor":8,"key":"SMITH"},{"data":"DTMod:FlameSlash","floor":13,"key":"SMITH"},{"data":"DTMod:Observe","floor":15,"key":"SMITH"},{"data":"DTMod:MagicField","floor":23,"key":"SMITH"},{"data":"DTMod:OpeningTactic","floor":24,"key":"SMITH"},{"data":"DTMod:Overwhelm","floor":28,"key":"SMITH"},{"data":"DTMod:LightShield","floor":30,"key":"SMITH"},{"data":"Sadistic Nature","floor":32,"key":"SMITH"},{"data":"DTMod:SealedStrike+1","floor":40,"key":"SMITH"},{"data":"DTMod:SealedStrike+2","floor":42,"key":"SMITH"},{"data":"DTMod:SealedStrike+3","floor":45,"key":"SMITH"},{"data":"DTMod:SealedStrike+4","floor":49,"key":"SMITH"}],"dtmod_dragon_data":[42,50,3,3,6,7],"circlet_count":0,"master_deck":["DTMod:Observe+1","DTMod:WarmUp+1","DTMod:SneakAttack+1","DTMod:Threaten+1","DTMod:BurningEnergy+1","DTMod:BlazingStrike+1","DTMod:CleansingStrike+1","DTMod:MagicField+1","DTMod:CleansingStrike+1","DTMod:FlameSlash+1","DTMod:Adaptation+1","DTMod:EchoTactic+1","DTMod:LastStand+1","DTMod:Training+1","DTMod:Training+1","DTMod:ComboAttack+1","DTMod:OpeningTactic+1","DTMod:Overwhelm+1","DTMod:InvisibleFlame+1","Sadistic Nature+1","Impatience+1","Slimebound:Tackle+1","Slimebound:Tackle+1","Slimebound:Tackle+1","DTMod:ForkedFire+1","DTMod:BizarreTactic+1","DTMod:LightShield+1","DTMod:SealedStrike+5","DTMod:MagicField+1","Sadistic Nature+1","Dramatic Entrance+1","Deep Breath+1","DTMod:Cover+1","DTMod:MasterPlan+1","Doubt"],"relics":["DTMod:PactStone","Blood Vial","Tiny Chest","Guardian:PocketSentry","Shovel","Sozu","DTMod:DragonFood","Molten Egg 2","FossilizedHelix","SlaversCollar","Juzu Bracelet","Toolbox","Darkstone Periapt","hexamod:Sixitude","Vajra","DTMod:OddArmor"],"acts_visited":["Exordium","TheCity","TheBeyond"],"potions_floor_usage":[10,25,27,27],"damage_taken":[{"damage":0,"enemies":"Small Slimes","floor":1,"turns":2},{"damage":0,"enemies":"Cultist","floor":2,"turns":3},{"damage":0,"enemies":"Jaw Worm","floor":3,"turns":3},{"damage":0,"enemies":"3 Sentries","floor":7,"turns":4},{"damage":0,"enemies":"3 Louse","floor":10,"turns":2},{"damage":5,"enemies":"Exordium Thugs","floor":12,"turns":3},{"damage":11,"enemies":"Lagavulin","floor":14,"turns":5},{"damage":0,"enemies":"Slime Boss","floor":16,"turns":4},{"damage":0,"enemies":"2 Thieves","floor":18,"turns":3},{"damage":0,"enemies":"Spheric Guardian","floor":19,"turns":3},{"damage":0,"enemies":"Snake Plant","floor":25,"turns":3},{"damage":1,"enemies":"Slavers","floor":27,"turns":3},{"damage":5,"enemies":"Sentry and Sphere","floor":29,"turns":4},{"damage":0,"enemies":"Centurion and Healer","floor":31,"turns":4},{"damage":32,"enemies":"Automaton","floor":33,"turns":7},{"damage":19,"enemies":"3 Darklings","floor":35,"turns":5},{"damage":0,"enemies":"Orb Walker","floor":44,"turns":3},{"damage":0,"enemies":"2 Orb Walkers","floor":46,"turns":5},{"damage":0,"enemies":"Donu and Deca","floor":50,"turns":7}],"seed_played":"5159733923855146424","potions_obtained":[{"floor":2,"key":"BlessingOfTheForge"},{"floor":4,"key":"Regen Potion"},{"floor":4,"key":"sneckomod:MuddlingPotion"},{"floor":10,"key":"Fruit Juice"},{"floor":12,"key":"Slimebound:ThreeZeroPotion"}],"is_trial":true,"path_per_floor":["M","M","M","?","$","R","E","R","T","M","T","M","R","E","R","B",null,"M","M","$","?","T","R","R","M","T","E","R","M","R","M","R","B",null,"M","?","T","?","$","R","?","R","T","M","R","?","T","$","R","B",null],"character_chosen":"THE_DT","items_purchased":["DTMod:EchoTactic","DTMod:InvisibleFlame","Sadistic Nature","Impatience","Toolbox","DTMod:Cover","DTMod:MasterPlan","DTMod:OddArmor"],"campfire_rested":0,"item_purchase_floors":[5,20,20,20,39,39,39,48],"current_hp_per_floor":[45,45,45,45,45,45,45,45,45,50,50,45,45,36,36,38,50,50,50,50,50,50,50,50,50,50,49,49,45,45,47,47,17,50,31,21,21,21,21,21,50,50,50,50,50,50,50,50,50,50],"gold":11,"neow_bonus":"","is_daily":false,"chose_seed":false,"campfire_upgraded":13,"win_rate":0.0,"timestamp":1611962636,"path_taken":["M","M","M","?","?","R","E","R","T","?","?","M","R","E","R","BOSS","M","M","$","?","?","R","R","M","T","E","R","?","R","?","R","BOSS","M","?","?","?","$","R","?","R","T","M","R","?","?","$","R","BOSS"],"items_purchased_type":["Card","Card","Card","Card","Relic","Card","Card","Relic"],"build_version":"2020-12-22","purchased_purges":0,"victory":true,"max_hp_per_floor":[45,45,45,45,45,45,45,45,45,50,50,50,50,50,50,50,50,50,50,50,50,50,50,50,50,50,50,50,50,50,50,50,50,50,50,50,50,50,50,50,50,50,50,50,50,50,50,50,50,50],"card_choices":[{"not_picked":["DTMod:Feint","DTMod:MasterPlan"],"picked":"DTMod:Adaptation","floor":1},{"not_picked":["DTMod:Weaken","DTMod:Threaten","DTMod:RecklessFlurry"],"picked":"SKIP","floor":2},{"not_picked":["DTMod:Threaten","DTMod:Punisher","DTMod:PurifyingFlame"],"picked":"SKIP","floor":3},{"not_picked":["DTMod:Haste","DTMod:Adaptation"],"picked":"DTMod:LastStand","floor":7},{"not_picked":["DTMod:Punisher","DTMod:ComboAttack"],"picked":"DTMod:Training","floor":10},{"not_picked":["DTMod:Threaten","DTMod:RecklessFlurry"],"picked":"DTMod:Training","floor":12},{"not_picked":["DTMod:Threaten","DTMod:MaximumCharge"],"picked":"DTMod:ComboAttack","floor":14},{"not_picked":["DTMod:Safeguard","DTMod:Inferno"],"picked":"DTMod:OpeningTactic","floor":16},{"not_picked":["DTMod:RecklessFlurry","DTMod:Feint","DTMod:SneakAttack"],"picked":"SKIP","floor":18},{"not_picked":["DTMod:Hide","DTMod:DeepFocus"],"picked":"DTMod:Overwhelm","floor":19},{"not_picked":["DTMod:RecklessFlurry+1","DTMod:LowKick"],"picked":"DTMod:ForkedFire+1","floor":25},{"not_picked":["DTMod:CrossStep","DTMod:Cover"],"picked":"DTMod:BizarreTactic+1","floor":27},{"not_picked":["DTMod:Threaten","DTMod:Hide"],"picked":"DTMod:LightShield","floor":29},{"not_picked":["DTMod:BlazingStrike+1","DTMod:BreakAttack+1","DTMod:Punisher+1"],"picked":"SKIP","floor":31},{"not_picked":["DTMod:ResonanceForm","DTMod:StunTrap"],"picked":"DTMod:SealedStrike+1","floor":33},{"not_picked":["DTMod:MasterPlan","DTMod:SneakAttack+1"],"picked":"DTMod:MagicField","floor":35},{"not_picked":["Thinking Ahead","Blind"],"picked":"Sadistic Nature","floor":36},{"not_picked":["Trip","Mayhem"],"picked":"Dramatic Entrance+1","floor":36},{"not_picked":["Violence","Finesse"],"picked":"Deep Breath","floor":36},{"not_picked":["DTMod:ComboAttack+1","DTMod:PurifyingFlame+1","DTMod:BurningEnergy"],"picked":"SKIP","floor":44}],"player_experience":63532,"relics_obtained":[{"floor":7,"key":"Blood Vial"},{"floor":9,"key":"Tiny Chest"},{"floor":11,"key":"Guardian:PocketSentry"},{"floor":14,"key":"Shovel"},{"floor":22,"key":"DTMod:DragonFood"},{"floor":26,"key":"Molten Egg 2"},{"floor":27,"key":"FossilizedHelix"},{"floor":37,"key":"Juzu Bracelet"},{"floor":43,"key":"Darkstone Periapt"},{"floor":46,"key":"hexamod:Sixitude"},{"floor":47,"key":"Vajra"}],"event_choices":[{"damage_healed":0,"gold_gain":0,"player_choice":"Got Potions","damage_taken":0,"max_hp_gain":0,"max_hp_loss":0,"event_name":"Lab","floor":4,"gold_loss":0},{"damage_healed":0,"gold_gain":0,"player_choice":"Memory 3","damage_taken":10,"max_hp_gain":0,"max_hp_loss":0,"event_name":"SensoryStone","floor":36,"gold_loss":0},{"damage_healed":0,"gold_gain":0,"player_choice":"Ignored","damage_taken":0,"max_hp_gain":0,"max_hp_loss":0,"event_name":"Tomb of Lord Red Mask","floor":38,"gold_loss":0},{"damage_healed":29,"gold_gain":0,"player_choice":"Heal","damage_taken":0,"max_hp_gain":0,"max_hp_loss":0,"event_name":"MindBloom","floor":41,"gold_loss":0,"cards_obtained":["Doubt"]},{"damage_healed":0,"gold_gain":0,"player_choice":"Fight","damage_taken":0,"max_hp_gain":0,"max_hp_loss":0,"event_name":"Mysterious Sphere","floor":46,"gold_loss":0}],"is_beta":false,"boss_relics":[{"not_picked":["Runic Pyramid","SacredBark"],"picked":"Sozu"},{"not_picked":["Coffee Dripper","Cursed Key"],"picked":"SlaversCollar"}],"items_purged_floors":[],"is_endless":false,"potions_floor_spawned":[2,10,12,14,18,25,33,35,46],"ascension_level":0}}