{"host":"kvh5342rl0c7vxi5","time":1611961582,"event":{"mods":["BaseMod","Downfall","Hermit","Jorbs\u0027s Wanderer Trilogy","Minty Spire (QoL Compilation)","Quick Restart","StSLib","SuperFastMode","The Poker Player"],"gold_per_floor":[119,119,133,308,15,15,41,41,41,41,41,75,94,107,107,237,237,255,39,58,73,86,86,86,86,86],"floor_reached":24,"language":"ENG","playtime":1017,"items_purged":["Doubt"],"score":254,"play_id":"7313647f-c43d-4de2-8af6-6b39854d66ee","local_time":"20210129180622","is_ascension_mode":true,"metric_token":594,"campfire_choices":[{"data":"PokerPlayerMod:StackedDeck","floor":6,"key":"SMITH"},{"data":"PokerPlayerMod:CloakAndDiamond","floor":8,"key":"SMITH"},{"data":"PokerPlayerMod:CloakAndDiamond","floor":11,"key":"SMITH"},{"data":"PokerPlayerMod:TrumpStrike","floor":15,"key":"SMITH"},{"data":"PokerPlayerMod:CardPrinter","floor":23,"key":"SMITH"}],"circlet_count":0,"master_deck":["PokerPlayerMod:Diamond2","PokerPlayerMod:Diamond3","PokerPlayerMod:Diamond4","PokerPlayerMod:Diamond5","PokerPlayerMod:Spade1","PokerPlayerMod:Spade2","PokerPlayerMod:Spade3","PokerPlayerMod:Spade4","PokerPlayerMod:Club1","PokerPlayerMod:Club2","PokerPlayerMod:Heart2","PokerPlayerMod:TrumpStrike+1","PokerPlayerMod:BadJoker","PokerPlayerMod:Mulligan","PokerPlayerMod:CloakAndDiamond+1","PokerPlayerMod:CloakAndDiamond+1","PokerPlayerMod:StackedDeck+1","PokerPlayerMod:Sharpen","PokerPlayerMod:MagicTrick","PokerPlayerMod:GamblerForm","PokerPlayerMod:Overdeal","PokerPlayerMod:CardPrinter+1","PokerPlayerMod:Club6","PokerPlayerMod:Spade5","PokerPlayerMod:Diamond8"],"relics":["PokerPlayerMod:DeckCase","NeowsBlessing","OrangePellets","Vajra","Letter Opener","Golden Idol","Strawberry","PokerPlayerMod:AceCard","PokerPlayerMod:PendantOfEscape"],"acts_visited":["Exordium","TheCity"],"potions_floor_usage":[16],"damage_taken":[{"damage":0,"enemies":"Jaw Worm","floor":1,"turns":1},{"damage":0,"enemies":"2 Louse","floor":3,"turns":1},{"damage":0,"enemies":"Lagavulin","floor":7,"turns":1},{"damage":29,"enemies":"Gremlin Nob","floor":12,"turns":5},{"damage":0,"enemies":"Cultist","floor":13,"turns":2},{"damage":5,"enemies":"Exordium Thugs","floor":14,"turns":3},{"damage":18,"enemies":"Hexaghost","floor":16,"turns":9},{"damage":9,"enemies":"Shell Parasite","floor":18,"turns":6},{"damage":0,"enemies":"Chosen","floor":20,"turns":4},{"damage":46,"enemies":"Centurion and Healer","floor":21,"turns":7},{"damage":21,"enemies":"Shelled Parasite and Fungi","floor":22,"turns":5},{"damage":27,"enemies":"Book of Stabbing","floor":24,"turns":4}],"seed_played":"-1271135416866278626","potions_obtained":[{"floor":3,"key":"Regen Potion"},{"floor":12,"key":"champ:CounterPotion"},{"floor":13,"key":"SteroidPotion"},{"floor":16,"key":"Strength Potion"}],"is_trial":false,"path_per_floor":["M","?","M","?","$","R","E","R","T","?","R","E","M","M","R","B",null,"M","$","M","M","M","R","E"],"character_chosen":"THE_POKER_PLAYER","items_purchased":["PokerPlayerMod:StackedDeck","OrangePellets","PokerPlayerMod:CardPrinter","PokerPlayerMod:PendantOfEscape"],"campfire_rested":0,"item_purchase_floors":[5,5,19,19],"current_hp_per_floor":[52,45,45,45,45,45,45,45,45,45,45,25,28,27,27,27,55,53,53,55,23,20,20,0,0,0],"gold":86,"neow_bonus":"THREE_ENEMY_KILL","is_daily":false,"chose_seed":false,"campfire_upgraded":5,"win_rate":0.0,"timestamp":1611961582,"path_taken":["M","?","M","?","$","R","E","R","T","?","R","E","M","M","R","BOSS","M","$","M","M","M","R","E"],"items_purchased_type":["Card","Relic","Card","Relic"],"build_version":"2020-12-22","purchased_purges":1,"victory":false,"max_hp_per_floor":[52,52,52,52,52,52,52,52,52,48,48,55,55,55,55,55,55,55,55,55,55,55,55,55,55,55],"card_choices":[{"not_picked":["PokerPlayerMod:Club1","PokerPlayerMod:Heart1"],"picked":"PokerPlayerMod:CloakAndDiamond","floor":1},{"not_picked":["PokerPlayerMod:Spade7","PokerPlayerMod:Heart1"],"picked":"PokerPlayerMod:CloakAndDiamond","floor":3},{"not_picked":["PokerPlayerMod:Spade1","PokerPlayerMod:Diamond1","PokerPlayerMod:Spade3"],"picked":"SKIP","floor":7},{"not_picked":["PokerPlayerMod:DartThrow","PokerPlayerMod:ClubDance","PokerPlayerMod:Spade4"],"picked":"SKIP","floor":12},{"not_picked":["PokerPlayerMod:DartThrow","PokerPlayerMod:Club3"],"picked":"PokerPlayerMod:Sharpen","floor":13},{"not_picked":["PokerPlayerMod:DartThrow","PokerPlayerMod:CloakAndDiamond"],"picked":"PokerPlayerMod:MagicTrick","floor":14},{"not_picked":["PokerPlayerMod:SecretDealer","PokerPlayerMod:WasteCollection"],"picked":"PokerPlayerMod:GamblerForm","floor":16},{"not_picked":["PokerPlayerMod:HotShotCut+1","PokerPlayerMod:Club3"],"picked":"PokerPlayerMod:Overdeal","floor":18},{"not_picked":["PokerPlayerMod:CardBurn+1","PokerPlayerMod:DartThrow"],"picked":"PokerPlayerMod:Club6","floor":20},{"not_picked":["PokerPlayerMod:Spade2","PokerPlayerMod:DamnStraight+1"],"picked":"PokerPlayerMod:Spade5","floor":21},{"not_picked":["PokerPlayerMod:Spade3","PokerPlayerMod:Club4"],"picked":"PokerPlayerMod:Diamond8","floor":22}],"player_experience":571589,"relics_obtained":[{"floor":7,"key":"Vajra"},{"floor":9,"key":"Letter Opener"},{"floor":12,"key":"Strawberry"}],"event_choices":[{"cards_removed":["PokerPlayerMod:Diamond1"],"damage_healed":0,"gold_gain":0,"player_choice":"Card Removal","damage_taken":7,"max_hp_gain":0,"max_hp_loss":0,"event_name":"Golden Wing","floor":2,"gold_loss":0},{"damage_healed":0,"gold_gain":175,"player_choice":"AGREE","damage_taken":0,"max_hp_gain":0,"max_hp_loss":0,"event_name":"Liars Game","floor":4,"gold_loss":0,"cards_obtained":["Doubt"]},{"damage_healed":0,"gold_gain":0,"player_choice":"Lose Max HP","damage_taken":0,"relics_obtained":["Golden Idol"],"max_hp_gain":0,"max_hp_loss":4,"event_name":"Golden Idol","floor":10,"gold_loss":0}],"is_beta":false,"boss_relics":[{"not_picked":["Busted Crown","Tiny House"],"picked":"PokerPlayerMod:AceCard"}],"items_purged_floors":[5],"is_endless":false,"potions_floor_spawned":[3,12,13,14,16,18,22],"killed_by":"Book of Stabbing","ascension_level":2}}