{"host":"vx9g5eyuglzorf3u","time":1611912219,"event":{"mods":["2.2 Compatiblity","BaseMod","DeckTracker","Keyboard Shortcuts","Minty Spire (QoL Compilation)","Relic Stats","StSLib","SuperFastMode","everything is the same but u backflip on backflip"],"gold_per_floor":[118,118,118,136,151,151,131,141,189,29,29,64,75,88,88,165,165,181,231,14,31,31,31,31,31,31,41,41,55,55,55,55,126,126,140,149,171,188,217,217,229,229,229,238,267,282,314,333,333,333,333],"floor_reached":50,"language":"KOR","playtime":1462,"items_purged":["Strike_G"],"score":1002,"play_id":"13ad4058-f632-43b9-92db-848067262369","local_time":"20210129182339","is_ascension_mode":true,"campfire_choices":[{"data":"Neutralize","floor":6.0,"key":"SMITH"},{"data":"Masterful Stab","floor":11.0,"key":"SMITH"},{"data":"Noxious Fumes","floor":15.0,"key":"SMITH"},{"data":"Blade Dance","floor":23.0,"key":"SMITH"},{"data":"Phantasmal Killer","floor":25.0,"key":"SMITH"},{"data":"Footwork","floor":28.0,"key":"SMITH"},{"floor":30.0,"key":"REST"},{"data":"Finisher","floor":32.0,"key":"SMITH"},{"data":"Calculated Gamble","floor":40.0,"key":"SMITH"},{"data":"Wraith Form v2","floor":42.0,"key":"SMITH"},{"floor":49,"key":"RECALL"}],"circlet_count":0,"master_deck":["AscendersBane","Strike_G+1","Strike_G+1","Strike_G+1","Strike_G+1","Defend_G+1","Defend_G+1","Defend_G+1","Defend_G+1","Survivor","Neutralize+1","Blade Dance+1","Finisher+1","Backflip","Predator","Noxious Fumes+1","Phantasmal Killer+1","Footwork+1","Backflip","Blade Dance+1","Blade Dance+1","Wraith Form v2+1","Glass Knife","Calculated Gamble+1","Well Laid Plans+1","Calculated Gamble+1","Accuracy"],"relics":["Ring of the Snake","Boot","Omamori","ClockworkSouvenir","Anchor","Philosopher\u0027s Stone","HornCleat","Calling Bell","CeramicFish","Mercury Hourglass","Tough Bandages","Dream Catcher"],"acts_visited":["Exordium","TheCity","TheBeyond"],"potions_floor_usage":[50],"damage_taken":[{"damage":2.0,"enemies":"2 Louse","floor":1.0,"turns":3.0},{"damage":0.0,"enemies":"Small Slimes","floor":4.0,"turns":3.0},{"damage":0.0,"enemies":"Cultist","floor":5.0,"turns":2.0},{"damage":0.0,"enemies":"Blue Slaver","floor":8.0,"turns":3.0},{"damage":8.0,"enemies":"Gremlin Nob","floor":12.0,"turns":3.0},{"damage":0.0,"enemies":"Exordium Thugs","floor":13.0,"turns":2.0},{"damage":0.0,"enemies":"Exordium Wildlife","floor":14.0,"turns":2.0},{"damage":13.0,"enemies":"Hexaghost","floor":16.0,"turns":8.0},{"damage":7.0,"enemies":"Shell Parasite","floor":18.0,"turns":3.0},{"damage":14.0,"enemies":"Spheric Guardian","floor":21.0,"turns":4.0},{"damage":0.0,"enemies":"Centurion and Healer","floor":27.0,"turns":5.0},{"damage":0.0,"enemies":"Snecko","floor":29.0,"turns":3.0},{"damage":16.0,"enemies":"Champ","floor":33.0,"turns":7.0},{"damage":0.0,"enemies":"3 Darklings","floor":35.0,"turns":6.0},{"damage":0.0,"enemies":"Orb Walker","floor":37.0,"turns":2.0},{"damage":10.0,"enemies":"Maw","floor":38.0,"turns":7.0},{"damage":5.0,"enemies":"4 Shapes","floor":39.0,"turns":8.0},{"damage":0.0,"enemies":"3 Darklings","floor":41.0,"turns":4.0},{"damage":0.0,"enemies":"Writhing Mass","floor":45.0,"turns":3.0},{"damage":6,"enemies":"4 Shapes","floor":46,"turns":6},{"damage":0,"enemies":"Giant Head","floor":47,"turns":6},{"damage":10,"enemies":"3 Darklings","floor":48,"turns":5},{"damage":82,"enemies":"Awakened One","floor":50,"turns":11}],"seed_played":"-6591448997183329736","potions_obtained":[{"floor":4.0,"key":"SmokeBomb"},{"floor":5.0,"key":"AttackPotion"},{"floor":7.0,"key":"PowerPotion"},{"floor":8.0,"key":"PowerPotion"},{"floor":27.0,"key":"FairyPotion"},{"floor":37.0,"key":"BlessingOfTheForge"},{"floor":46,"key":"Block Potion"}],"is_trial":false,"path_per_floor":["M","?","?","M","M","R","?","M","T","$","R","E","M","M","R","B",null,"M","?","$","M","?","R","$","R","T","M","R","M","R","?","R","B",null,"M","?","M","M","M","R","M","R","T","?","M","M","E","M","R","B"],"character_chosen":"THE_SILENT","items_purchased":["ClockworkSouvenir","Footwork","Backflip"],"campfire_rested":1,"item_purchase_floors":[10,20,20],"current_hp_per_floor":[57,37,37,37,37,37,37,37,37,37,37,29,29,29,29,16,54,47,47,47,33,33,33,33,33,33,33,33,33,52,52,52,36,59,59,59,59,49,44,44,44,44,44,44,44,38,38,28,28,0,0],"gold":333,"neow_bonus":"RANDOM_COMMON_RELIC","is_daily":false,"chose_seed":false,"campfire_upgraded":9,"win_rate":0.0,"timestamp":1611912219,"path_taken":["M","?","?","?","M","R","?","M","T","?","R","E","M","M","R","BOSS","M","?","$","M","?","R","?","R","T","M","R","M","R","?","R","BOSS","M","?","M","M","M","R","?","R","T","?","M","?","E","M","R","BOSS"],"items_purchased_type":["Relic","Card","Card"],"build_version":"2020-12-22","purchased_purges":1,"victory":false,"max_hp_per_floor":[66,66,66,66,66,66,66,66,66,66,66,66,66,66,66,66,66,66,66,66,66,66,66,66,66,66,66,66,66,66,66,66,66,66,66,66,66,66,66,66,66,66,66,66,66,66,66,66,66,66,66],"relic_stats":{"Tough Bandages":[183],"Dream Catcher":0,"counters":[23,106],"CeramicFish":45,"Boot":[209],"obtain_stats":[{"Calling Bell":34,"Anchor":12,"Tough Bandages":34,"Dream Catcher":47,"HornCleat":26,"CeramicFish":34,"Philosopher\u0027s Stone":17,"Omamori":9,"Boot":0,"Ring of the Snake":0,"ClockworkSouvenir":10,"Mercury Hourglass":34},{"Calling Bell":13,"Anchor":5,"Tough Bandages":13,"Dream Catcher":21,"HornCleat":10,"CeramicFish":13,"Philosopher\u0027s Stone":8,"Omamori":4,"Boot":0,"Ring of the Snake":0,"ClockworkSouvenir":4,"Mercury Hourglass":13},{"Calling Bell":48,"Anchor":14,"Tough Bandages":48,"Dream Catcher":90,"HornCleat":33,"CeramicFish":48,"Philosopher\u0027s Stone":26,"Omamori":11,"Boot":0,"Ring of the Snake":0,"ClockworkSouvenir":11,"Mercury Hourglass":48}],"Ring of the Snake":[46],"Mercury Hourglass":[279]},"card_choices":[{"not_picked":["Prepared","Dagger Spray"],"picked":"Blade Dance","floor":1.0},{"not_picked":["Underhanded Strike","Deadly Poison"],"picked":"Finisher","floor":4.0},{"not_picked":["Predator","Dodge and Roll"],"picked":"Backflip","floor":5.0},{"not_picked":["Backflip","Finisher"],"picked":"Masterful Stab","floor":8.0},{"not_picked":["Choke","Skewer","Leg Sweep"],"picked":"SKIP","floor":12.0},{"not_picked":["Deadly Poison","Outmaneuver"],"picked":"Predator","floor":13.0},{"not_picked":["Endless Agony","Cloak And Dagger"],"picked":"Noxious Fumes","floor":14.0},{"not_picked":["Envenom","Storm of Steel"],"picked":"Phantasmal Killer","floor":16.0},{"not_picked":["Deadly Poison","Acrobatics","Sucker Punch"],"picked":"SKIP","floor":18.0},{"not_picked":["Backflip","Catalyst","Underhanded Strike"],"picked":"SKIP","floor":21.0},{"not_picked":["Sucker Punch","Underhanded Strike","Choke"],"picked":"SKIP","floor":27.0},{"not_picked":["Deadly Poison","Infinite Blades"],"picked":"Blade Dance+1","floor":29.0},{"not_picked":["Adrenaline","Malaise"],"picked":"Wraith Form v2","floor":33.0},{"not_picked":["Endless Agony","Deflect","Cloak And Dagger+1"],"picked":"SKIP","floor":35.0},{"not_picked":["Backflip","Dagger Spray"],"picked":"Calculated Gamble","floor":37.0},{"not_picked":["Prepared","Catalyst","Grand Finale"],"picked":"SKIP","floor":38.0},{"not_picked":["Sucker Punch","Bane"],"picked":"Well Laid Plans+1","floor":39.0},{"not_picked":["Footwork","Dodge and Roll","Flying Knee"],"picked":"SKIP","floor":41.0},{"not_picked":["Blade Dance","Dodge and Roll"],"picked":"Accuracy","floor":45.0},{"not_picked":["Concentrate","Dash+1","Heel Hook+1"],"picked":"SKIP","floor":46},{"not_picked":["Dodge and Roll","Catalyst+1","Outmaneuver"],"picked":"SKIP","floor":47},{"not_picked":["PiercingWail","Bane","Caltrops"],"picked":"SKIP","floor":48}],"player_experience":1506075,"relics_obtained":[{"floor":9.0,"key":"Omamori"},{"floor":12.0,"key":"Anchor"},{"floor":26.0,"key":"HornCleat"},{"floor":34.0,"key":"CeramicFish"},{"floor":34.0,"key":"Mercury Hourglass"},{"floor":34.0,"key":"Tough Bandages"},{"floor":47,"key":"Dream Catcher"}],"event_choices":[{"damage_healed":0.0,"max_hp_gain":0.0,"max_hp_loss":0.0,"gold_gain":0.0,"event_name":"Shining Light","player_choice":"Entered Light","floor":2.0,"gold_loss":0.0,"damage_taken":20.0,"cards_upgraded":["Blade Dance","Defend_G"]},{"cards_removed":["Defend_G"],"damage_healed":0.0,"max_hp_gain":0.0,"max_hp_loss":0.0,"gold_gain":0.0,"event_name":"Purifier","player_choice":"Purged","floor":3.0,"gold_loss":0.0,"damage_taken":0.0},{"damage_healed":0.0,"max_hp_gain":0.0,"max_hp_loss":0.0,"gold_gain":0.0,"event_name":"The Woman in Blue","player_choice":"Bought 1 Potion","floor":7.0,"gold_loss":0.0,"damage_taken":0.0},{"damage_healed":0.0,"max_hp_gain":0.0,"max_hp_loss":0.0,"gold_gain":50.0,"event_name":"Nest","player_choice":"Stole From Cult","floor":19.0,"gold_loss":0.0,"damage_taken":0.0},{"damage_healed":0.0,"max_hp_gain":0.0,"max_hp_loss":0.0,"gold_gain":0.0,"event_name":"The Library","player_choice":"Read","floor":22.0,"gold_loss":0.0,"damage_taken":0.0,"cards_obtained":["Blade Dance"]},{"damage_healed":0.0,"max_hp_gain":0.0,"max_hp_loss":0.0,"gold_gain":0.0,"event_name":"Back to Basics","player_choice":"Simplicity","floor":31.0,"gold_loss":0.0,"damage_taken":0.0,"cards_upgraded":["Strike_G","Strike_G","Strike_G","Strike_G","Defend_G","Defend_G","Defend_G"]},{"damage_healed":0.0,"max_hp_gain":0.0,"max_hp_loss":0.0,"gold_gain":0.0,"cards_transformed":["Masterful Stab"],"event_name":"Transmorgrifier","player_choice":"Transformed","floor":36.0,"gold_loss":0.0,"damage_taken":0.0,"cards_obtained":["Glass Knife"]},{"damage_healed":0.0,"max_hp_gain":0.0,"max_hp_loss":0.0,"gold_gain":0.0,"event_name":"Duplicator","player_choice":"Copied","floor":44.0,"gold_loss":0.0,"damage_taken":0.0,"cards_obtained":["Calculated Gamble"]}],"is_beta":false,"boss_relics":[{"not_picked":["Fusion Hammer","Snecko Eye"],"picked":"Philosopher\u0027s Stone"},{"not_picked":["WristBlade","SlaversCollar"],"picked":"Calling Bell"}],"items_purged_floors":[20],"is_endless":false,"potions_floor_spawned":[4,5,8,12,27,29,37,38,39,46],"killed_by":"Awakened One","ascension_level":20}}