{"host":"65a95dzim48ko8ke","time":1611898783,"event":{"mods":["Act Like it!","BaseMod","Block Reminder","Colored Powertips","Curses Come First","Gensokyo","Minty Spire (QoL Compilation)","Permanent Neow","Quick Restart","Rare Cards Sparkle","Replay The Spire","Spicy Shops","StSLib","Synergy Search"],"gold_per_floor":[126,151,177,203,9,21,58,70,82,94,6,32,44,82,94,202,214,541,563,575,21,50,362,362],"floor_reached":23,"language":"ENG","playtime":1945,"items_purged":[],"score":345,"play_id":"08e1664b-e245-4c9f-b65c-3fcf7e82a651","local_time":"20210129143943","is_ascension_mode":true,"campfire_choices":[{"data":"Zap","floor":6.0,"key":"SMITH"},{"data":"ReplayTheSpireMod:Fabricate Wheel","floor":8.0,"key":"SMITH"},{"data":"Loop","floor":13.0,"key":"SMITH"},{"data":"Dualcast","floor":15.0,"key":"SMITH"}],"circlet_count":0,"master_deck":["Strike_B","Strike_B","Defend_B","Defend_B","Defend_B","Defend_B","Zap+1","Dualcast+1","CurseOfTheBell","Cold Snap","Beam Cell","Go for the Eyes","Electrodynamics","Conserve Battery","Loop+1","Go for the Eyes","Echo Form","Amplify","Stack","Panic Button+1","Auto Shields+1","Thunder Strike","Creative AI","Sweeping Beam+1","Gensokyo:Shovel","Gensokyo:BlemishedSteel","Gensokyo:DepletedGenerator","Electrodynamics","Gensokyo:LockedMedkit","FTL","Genetic Algorithm"],"relics":["Calling Bell","MawBank","Durian","Replay:Accelerometer","Prayer Wheel","Gremlin Horn","Solar Panel","Replay:Multitool","Strawberry","Prayer Wheel","Painkiller Herb","Ginger","Medical Kit","DollysMirror","Frozen Eye"],"acts_visited":["Exordium","Gensokyo:Gensokyo"],"potions_floor_usage":[],"damage_taken":[{"damage":2.0,"enemies":"Gensokyo:2_Kodama","floor":1.0,"turns":5.0},{"damage":0.0,"enemies":"Gensokyo:Python","floor":2.0,"turns":4.0},{"damage":4.0,"enemies":"Gensokyo:Gryphon","floor":3.0,"turns":3.0},{"damage":12.0,"enemies":"Gensokyo:5_Fairies","floor":4.0,"turns":7.0},{"damage":0.0,"enemies":"Gensokyo:Cirno","floor":7.0,"turns":4.0},{"damage":22.0,"enemies":"Gensokyo:3_Kodama","floor":12.0,"turns":4.0},{"damage":12.0,"enemies":"Gensokyo:Aya","floor":14.0,"turns":2.0},{"damage":25.0,"enemies":"Gensokyo:Kokoro","floor":16.0,"turns":10.0},{"damage":24.0,"enemies":"Gensokyo:CosmicMonolith","floor":18.0,"turns":5.0},{"damage":0.0,"enemies":"Gensokyo:2_Gloops","floor":19.0,"turns":4.0},{"damage":22.0,"enemies":"Gensokyo:Wraith","floor":22.0,"turns":4.0},{"damage":33,"enemies":"Gensokyo:Koishi","floor":23,"turns":6}],"seed_played":"4279761373029360397","potions_obtained":[{"floor":1.0,"key":"DistilledChaos"},{"floor":4.0,"key":"Death Potion"},{"floor":7.0,"key":"FocusPotion"},{"floor":14.0,"key":"GamblersBrew"}],"is_trial":false,"path_per_floor":["M","M","M","M","COS","R","E","R","T","T","?","M","R","E","R","B",null,"?","?","?","COS","?","E"],"character_chosen":"DEFECT","items_purchased":[],"campfire_rested":0,"item_purchase_floors":[],"current_hp_per_floor":[71,71,67,55,55,55,55,55,55,55,55,37,37,32,32,11,68,48,54,54,54,32,0,0],"gold":362,"neow_bonus":"BOSS_RELIC","is_daily":false,"chose_seed":false,"campfire_upgraded":4,"win_rate":0.0,"timestamp":1611898783,"path_taken":["M","M","M","M","COS","R","E","R","T","?","?","M","R","E","R","BOSS","?","?","?","COS","?","E"],"items_purchased_type":[],"build_version":"2020-12-22","purchased_purges":0,"victory":false,"max_hp_per_floor":[80,80,80,80,80,80,80,80,80,80,80,80,80,87,87,87,87,87,87,87,87,87,87,87],"card_choices":[{"not_picked":["Darkness","Redo"],"picked":"Cold Snap","floor":1.0},{"not_picked":["BasicCrystalCard","Leap"],"picked":"Beam Cell","floor":2.0},{"not_picked":["Ball Lightning","BasicCrystalCard"],"picked":"Go for the Eyes","floor":3.0},{"not_picked":["Hologram","Leap"],"picked":"Electrodynamics","floor":4.0},{"not_picked":["Sweeping Beam","Time Bomb"],"picked":"ReplayTheSpireMod:Fabricate Wheel","floor":7.0},{"not_picked":["Steam","ReplaySort"],"picked":"Conserve Battery","floor":12.0},{"not_picked":["Rip and Tear","Streamline"],"picked":"Loop","floor":12.0},{"not_picked":["Coolheaded","Redo"],"picked":"Go for the Eyes","floor":14.0},{"not_picked":["Mirror Shield","Rainbow"],"picked":"Amplify","floor":16.0},{"not_picked":["Leap","Turbo"],"picked":"Stack","floor":18.0},{"not_picked":["Steam+1","Hologram"],"picked":"Panic Button+1","floor":18.0},{"not_picked":["Streamline+1","Cold Snap"],"picked":"Auto Shields+1","floor":18.0},{"not_picked":["Fission","Buffer"],"picked":"Thunder Strike","floor":19.0},{"not_picked":["Darkness","ReplaySort"],"picked":"Creative AI","floor":19.0},{"not_picked":["Turbo","Steam"],"picked":"Sweeping Beam+1","floor":19.0},{"not_picked":["ReplayGash","Double Energy","Barrage"],"picked":"SKIP","floor":19.0},{"not_picked":["Ball Lightning+1","Barrage+1"],"picked":"FTL","floor":22.0},{"not_picked":["Doom and Gloom","Static Discharge"],"picked":"Genetic Algorithm","floor":22.0},{"not_picked":["Panic Button","Streamline+1","Beam Cell"],"picked":"SKIP","floor":22.0}],"player_experience":323238,"relics_obtained":[{"floor":0.0,"key":"MawBank"},{"floor":0.0,"key":"Cables"},{"floor":0.0,"key":"Durian"},{"floor":7.0,"key":"Replay:Accelerometer"},{"floor":9.0,"key":"Prayer Wheel"},{"floor":10.0,"key":"Gremlin Horn"},{"floor":14.0,"key":"Strawberry"}],"event_choices":[],"is_beta":false,"boss_relics":[{"not_picked":["Replay:Drink Me","Replay:Ancient Bell"],"picked":"Painkiller Herb"}],"items_purged_floors":[],"is_endless":false,"potions_floor_spawned":[1,4,7,14],"killed_by":"Gensokyo:Koishi","ascension_level":6}}