{"host":"dqv8oo4v229c1o2l","time":1611950899,"event":{"mods":["AchievementEnabler","BaseMod","Colored Map","Colored Powertips","Hermit","Minty Spire (QoL Compilation)","Quick Restart","Rare Cards Sparkle","StSLib","Synergy Search"],"gold_per_floor":[111,122,122,72,3,44,58,93,93,114,138,138,138,181,181,301,301,321,28,48,48,48,89,89,89,89,89,89,125,143,176,176,297,297,313,353,353,353,353,353,353,353,353,388,388,388,411,427,427,427,427],"floor_reached":50,"language":"ENG","playtime":3000,"items_purged":[],"score":535,"play_id":"5656b231-5083-4448-a6ce-9ff12cc0e2c4","local_time":"20210129120819","is_ascension_mode":false,"campfire_choices":[{"floor":12.0,"key":"REST"},{"data":"hermit:FlashPowder","floor":15.0,"key":"SMITH"},{"floor":24.0,"key":"REST"},{"data":"hermit:GoldenBullet","floor":28.0,"key":"SMITH"},{"floor":32.0,"key":"REST"},{"floor":40.0,"key":"REST"},{"data":"hermit:HighNoon","floor":42.0,"key":"SMITH"},{"floor":45.0,"key":"RECALL"},{"floor":49.0,"key":"REST"}],"circlet_count":0,"master_deck":["hermit:Strike_Hermit","hermit:Strike_Hermit","hermit:Strike_Hermit","hermit:Strike_Hermit","hermit:Defend_Hermit","hermit:Defend_Hermit","hermit:Snapshot","hermit:Covet","hermit:Showdown+1","hermit:FlashPowder+1","hermit:WideOpen","hermit:Quickdraw","hermit:Ricochet","hermit:Glare","hermit:Quickdraw","hermit:Spite","hermit:DeadOrAlive","hermit:Virtue","hermit:Deadeye","hermit:GoldenBullet+1","hermit:Shortfuse+1","hermit:PistolWhip+1","hermit:BodyArmor+1","hermit:CursedWeapon","hermit:HighNoon+1","hermit:RoundhouseKick","hermit:HighCaliber+1","Madness+1","Madness+1","Sadistic Nature","hermit:Shortfuse+1","hermit:GhostlyPresence+1","hermit:FullyLoaded+1"],"relics":["hermit:Momento","NeowsBlessing","Golden Idol","Oddly Smooth Stone","White Beast Statue","PreservedInsect","Pantograph","hermit:BartenderGlass","hermit:PetGhost","Shuriken","StrikeDummy","Toxic Egg 2","Velvet Choker"],"acts_visited":["Exordium","TheCity","TheBeyond"],"potions_floor_usage":[50,50,50,50,50],"damage_taken":[{"damage":0.0,"enemies":"Jaw Worm","floor":1.0,"turns":1.0},{"damage":0.0,"enemies":"Small Slimes","floor":2.0,"turns":1.0},{"damage":0.0,"enemies":"3 Sentries","floor":6.0,"turns":2.0},{"damage":4.0,"enemies":"Cultist","floor":7.0,"turns":3.0},{"damage":37.0,"enemies":"Lagavulin","floor":8.0,"turns":7.0},{"damage":0.0,"enemies":"Looter","floor":10.0,"turns":1.0},{"damage":0.0,"enemies":"Lots of Slimes","floor":11.0,"turns":3.0},{"damage":10.0,"enemies":"Gremlin Nob","floor":14.0,"turns":3.0},{"damage":32.0,"enemies":"The Guardian","floor":16.0,"turns":14.0},{"damage":6.0,"enemies":"Chosen","floor":18.0,"turns":3.0},{"damage":22.0,"enemies":"2 Thieves","floor":20.0,"turns":4.0},{"damage":45.0,"enemies":"Gremlin Leader","floor":23.0,"turns":5.0},{"damage":12.0,"enemies":"Centurion and Healer","floor":29.0,"turns":4.0},{"damage":5.0,"enemies":"Snake Plant","floor":30.0,"turns":5.0},{"damage":8.0,"enemies":"Cultist and Chosen","floor":31.0,"turns":5.0},{"damage":36.0,"enemies":"Automaton","floor":33.0,"turns":5.0},{"damage":32.0,"enemies":"3 Darklings","floor":35.0,"turns":7.0},{"damage":21.0,"enemies":"3 Shapes","floor":36.0,"turns":4.0},{"damage":7.0,"enemies":"Nemesis","floor":41.0,"turns":4.0},{"damage":2.0,"enemies":"Maw","floor":44.0,"turns":7.0},{"damage":6.0,"enemies":"Writhing Mass","floor":47.0,"turns":3.0},{"damage":12.0,"enemies":"Sphere and 2 Shapes","floor":48.0,"turns":4.0},{"damage":100095,"enemies":"Donu and Deca","floor":50,"turns":8}],"seed_played":"2895907826497140232","potions_obtained":[{"floor":1.0,"key":"EssenceOfSteel"},{"floor":7.0,"key":"Swift Potion"},{"floor":10.0,"key":"Fruit Juice"},{"floor":11.0,"key":"Swift Potion"},{"floor":14.0,"key":"CultistPotion"},{"floor":16.0,"key":"BlessingOfTheForge"},{"floor":20.0,"key":"SneckoOil"},{"floor":23.0,"key":"ColorlessPotion"},{"floor":30.0,"key":"Explosive Potion"},{"floor":33.0,"key":"SmokeBomb"},{"floor":35.0,"key":"PowerPotion"},{"floor":47.0,"key":"hermit:BlackBile"}],"is_trial":false,"path_per_floor":["M","M","?","?","$","E","M","E","T","M","M","R","?","E","R","B",null,"M","$","M","$","?","E","R","?","T","?","R","M","M","M","R","B",null,"M","M","?","?","?","R","E","R","T","M","R","?","M","M","R","B"],"character_chosen":"HERMIT","items_purchased":["hermit:FlashPowder","hermit:Deadeye","hermit:GoldenBullet","hermit:PetGhost"],"campfire_rested":5,"item_purchase_floors":[5,19,19,19],"current_hp_per_floor":[75,75,57,57,57,57,53,16,16,21,21,45,50,40,40,33,80,74,74,52,52,52,7,31,57,57,42,42,30,25,17,42,31,85,53,32,21,21,21,46,39,39,39,37,37,37,31,19,44,0,0],"gold":427,"neow_bonus":"THREE_ENEMY_KILL","is_daily":false,"chose_seed":false,"campfire_upgraded":3,"win_rate":0.0,"timestamp":1611950899,"path_taken":["M","M","?","?","?","E","M","E","T","M","?","R","?","E","R","BOSS","M","$","M","?","?","E","R","?","T","?","R","M","M","M","R","BOSS","M","M","?","?","?","R","E","R","T","M","R","?","?","M","R","BOSS"],"items_purchased_type":["Card","Card","Card","Relic"],"build_version":"2020-12-22","purchased_purges":0,"victory":false,"max_hp_per_floor":[75,75,75,75,75,75,75,75,75,80,80,80,80,80,80,80,80,80,80,80,80,80,80,80,80,80,85,85,85,85,85,85,85,85,85,85,85,85,85,85,85,85,85,85,85,85,85,85,85,85,85],"card_choices":[{"not_picked":["hermit:LowProfile","hermit:Coalescence"],"picked":"hermit:Showdown","floor":1.0},{"not_picked":["hermit:SprayPray","hermit:Feint"],"picked":"hermit:Dive","floor":2.0},{"not_picked":["hermit:TakeCover","hermit:Determination"],"picked":"hermit:WideOpen","floor":6.0},{"not_picked":["hermit:HoleUp","hermit:Desperado"],"picked":"hermit:Quickdraw","floor":7.0},{"not_picked":["hermit:Spite","hermit:Misfire"],"picked":"hermit:Ricochet","floor":8.0},{"not_picked":["hermit:TrackingShot","hermit:SprayPray"],"picked":"hermit:Glare","floor":10.0},{"not_picked":["hermit:Coalescence","hermit:LoneWolf"],"picked":"hermit:Quickdraw","floor":11.0},{"not_picked":["hermit:Quickdraw","hermit:Desperado"],"picked":"hermit:Spite","floor":14.0},{"not_picked":["hermit:FatalDesire","hermit:HighNoon"],"picked":"hermit:DeadOrAlive","floor":16.0},{"not_picked":["hermit:LowProfile+1","hermit:WideOpen"],"picked":"hermit:Virtue","floor":18.0},{"not_picked":["hermit:Quickdraw","hermit:Desperado"],"picked":"hermit:Shortfuse+1","floor":20.0},{"not_picked":["hermit:GoldenBullet+1","hermit:Showdown"],"picked":"hermit:PistolWhip+1","floor":23.0},{"not_picked":["hermit:TrackingShot","hermit:PistolWhip"],"picked":"hermit:BodyArmor+1","floor":29.0},{"not_picked":["hermit:PistolWhip+1","hermit:WideOpen"],"picked":"hermit:CursedWeapon","floor":30.0},{"not_picked":["hermit:BodyArmor+1","hermit:SprayPray"],"picked":"hermit:HighNoon","floor":31.0},{"not_picked":["hermit:Purgatory","hermit:HighNoon"],"picked":"hermit:RoundhouseKick","floor":33.0},{"not_picked":["hermit:WideOpen","hermit:TakeCover+1"],"picked":"hermit:HighCaliber+1","floor":35.0},{"not_picked":["hermit:Coalescence+1","hermit:Showdown","hermit:LuckOfTheDraw+1"],"picked":"SKIP","floor":36.0},{"not_picked":["Secret Weapon+1","Impatience+1"],"picked":"Sadistic Nature","floor":39.0},{"not_picked":["hermit:DeadMansHand+1","hermit:LowProfile+1"],"picked":"hermit:Shortfuse+1","floor":44.0},{"not_picked":["hermit:Misfire","hermit:SprayPray+1"],"picked":"hermit:GhostlyPresence+1","floor":47.0},{"not_picked":["hermit:HighCaliber","hermit:EyeOfTheStorm+1"],"picked":"hermit:FullyLoaded+1","floor":48.0}],"player_experience":304329,"relics_obtained":[{"floor":6.0,"key":"Oddly Smooth Stone"},{"floor":8.0,"key":"White Beast Statue"},{"floor":9.0,"key":"PreservedInsect"},{"floor":14.0,"key":"Pantograph"},{"floor":23.0,"key":"StrikeDummy"},{"floor":26.0,"key":"Toxic Egg 2"}],"event_choices":[{"damage_healed":0.0,"max_hp_gain":0.0,"max_hp_loss":0.0,"gold_gain":0.0,"event_name":"Golden Idol","player_choice":"Take Damage","floor":3.0,"gold_loss":0.0,"damage_taken":18.0,"relics_obtained":["Golden Idol"]},{"cards_removed":["hermit:Defend_Hermit"],"damage_healed":0.0,"max_hp_gain":0.0,"max_hp_loss":0.0,"gold_gain":0.0,"event_name":"The Cleric","player_choice":"Card Removal","floor":4.0,"gold_loss":50.0,"damage_taken":0.0},{"cards_removed":["hermit:Dive"],"damage_healed":5.0,"max_hp_gain":0.0,"max_hp_loss":0.0,"gold_gain":0.0,"event_name":"Bonfire Elementals","player_choice":"Offered Common","floor":13.0,"gold_loss":0.0,"damage_taken":0.0},{"cards_removed":["hermit:Dive"],"damage_healed":5.0,"max_hp_gain":0.0,"max_hp_loss":0.0,"gold_gain":0.0,"event_name":"Bonfire Elementals","player_choice":"Offered Special","floor":13.0,"gold_loss":0.0,"damage_taken":0.0},{"damage_healed":0.0,"max_hp_gain":0.0,"max_hp_loss":0.0,"gold_gain":0.0,"event_name":"The Mausoleum","player_choice":"Opened","floor":22.0,"gold_loss":0.0,"damage_taken":0.0,"relics_obtained":["Shuriken"]},{"damage_healed":26.0,"max_hp_gain":0.0,"max_hp_loss":0.0,"gold_gain":0.0,"event_name":"The Library","player_choice":"Heal","floor":25.0,"gold_loss":0.0,"damage_taken":0.0},{"damage_healed":0.0,"max_hp_gain":5.0,"max_hp_loss":0.0,"gold_gain":0.0,"event_name":"Forgotten Altar","player_choice":"Shed Blood","floor":27.0,"gold_loss":0.0,"damage_taken":20.0},{"damage_healed":0.0,"max_hp_gain":0.0,"max_hp_loss":0.0,"gold_gain":0.0,"event_name":"Winding Halls","player_choice":"Embrace Madness","floor":37.0,"gold_loss":0.0,"damage_taken":11.0,"cards_obtained":["Madness","Madness"]},{"cards_removed":["hermit:Defend_Hermit"],"damage_healed":0.0,"max_hp_gain":0.0,"max_hp_loss":0.0,"gold_gain":0.0,"event_name":"Falling","player_choice":"Removed Skill","floor":38.0,"gold_loss":0.0,"damage_taken":0.0},{"damage_healed":0.0,"max_hp_gain":0.0,"max_hp_loss":0.0,"gold_gain":0.0,"event_name":"SensoryStone","player_choice":"Memory 1","floor":39.0,"gold_loss":0.0,"damage_taken":0.0},{"damage_healed":0.0,"max_hp_gain":0.0,"max_hp_loss":0.0,"gold_gain":0.0,"event_name":"Upgrade Shrine","player_choice":"Upgraded","floor":46.0,"gold_loss":0.0,"damage_taken":0.0,"cards_upgraded":["hermit:Showdown"]}],"is_beta":false,"boss_relics":[{"not_picked":["Astrolabe","Coffee Dripper"],"picked":"hermit:BartenderGlass"},{"not_picked":["Runic Dome","Snecko Eye"],"picked":"Velvet Choker"}],"items_purged_floors":[],"is_endless":false,"potions_floor_spawned":[1,7,10,11,14,16,18,20,23,29,30,31,33,35,36,41,44,47,48],"killed_by":"Donu and Deca","ascension_level":0}}