{"host":"sz8c8ni79nvzjmmg","time":1611911148,"event":{"mods":["AchievementEnabler","BaseMod","DeckTracker","Keyboard Shortcuts","Minty Spire (QoL Compilation)","SuperFastMode"],"gold_per_floor":[114,124,124,136,154,186,186,216,216,241,261,286,297,90,90,161,161,177,190,240,190,190,219,219,238,265,265,285,310,329,342,342,342,342],"floor_reached":33,"language":"KOR","playtime":1221,"items_purged":["Strike_B","Strike_B"],"score":688,"play_id":"8d74a8cf-08ee-4f76-9c5c-7bdc8ad43f01","local_time":"20210129180548","is_ascension_mode":true,"campfire_choices":[{"data":"Hyperbeam","floor":7.0,"key":"SMITH"},{"data":"Beam Cell","floor":15.0,"key":"SMITH"},{"data":"Recycle","floor":32,"key":"SMITH"}],"circlet_count":0,"master_deck":["AscendersBane","Strike_B","Defend_B","Defend_B","Defend_B","Zap","Dualcast","Sunder","FTL","Beam Cell+1","Conserve Battery","Hyperbeam+1","Genetic Algorithm","Sweeping Beam","Steam","Undo","Recycle+1","Hologram","Skim","Turbo+1"],"relics":["Cracked Core","Bottled Lightning","Smiling Mask","Bag of Marbles","Eternal Feather","Strawberry","Bag of Preparation","Sozu","Vajra","Regal Pillow","Prayer Wheel","Ornamental Fan"],"acts_visited":["Exordium","TheCity"],"potions_floor_usage":[],"damage_taken":[{"damage":4.0,"enemies":"Jaw Worm","floor":1.0,"turns":3.0},{"damage":0.0,"enemies":"Cultist","floor":2.0,"turns":2.0},{"damage":0.0,"enemies":"2 Louse","floor":4.0,"turns":1.0},{"damage":0.0,"enemies":"Blue Slaver","floor":5.0,"turns":2.0},{"damage":10.0,"enemies":"3 Sentries","floor":6.0,"turns":4.0},{"damage":8.0,"enemies":"Gremlin Nob","floor":8.0,"turns":3.0},{"damage":10.0,"enemies":"3 Sentries","floor":10.0,"turns":3.0},{"damage":0.0,"enemies":"2 Fungi Beasts","floor":11.0,"turns":2.0},{"damage":9.0,"enemies":"Lagavulin","floor":12.0,"turns":7.0},{"damage":0.0,"enemies":"Looter","floor":13.0,"turns":3.0},{"damage":36.0,"enemies":"Slime Boss","floor":16.0,"turns":6.0},{"damage":0.0,"enemies":"2 Thieves","floor":18.0,"turns":3.0},{"damage":0.0,"enemies":"Chosen","floor":19.0,"turns":2.0},{"damage":17.0,"enemies":"Book of Stabbing","floor":23.0,"turns":4.0},{"damage":1.0,"enemies":"Snecko","floor":25.0,"turns":3.0},{"damage":3.0,"enemies":"Snake Plant","floor":28.0,"turns":2.0},{"damage":0.0,"enemies":"Gremlin Leader","floor":29.0,"turns":6.0},{"damage":0.0,"enemies":"Centurion and Healer","floor":30.0,"turns":3.0},{"damage":0,"enemies":"3 Cultists","floor":31,"turns":2},{"damage":46,"enemies":"Automaton","floor":33,"turns":8}],"seed_played":"5871688934414465061","potions_obtained":[{"floor":1.0,"key":"Strength Potion"},{"floor":5.0,"key":"FocusPotion"},{"floor":11.0,"key":"Block Potion"}],"is_trial":false,"path_per_floor":["M","M","?","M","M","E","R","E","T","E","M","E","M","$","R","B",null,"M","M","?","$","?","E","?","M","T","T","M","E","M","M","R","B"],"character_chosen":"DEFECT","items_purchased":["Bag of Preparation"],"campfire_rested":0,"item_purchase_floors":[14],"current_hp_per_floor":[60,60,60,60,60,50,50,42,42,32,32,30,30,30,39,3,54,54,54,54,54,54,37,37,36,36,36,33,33,33,33,45,0,0],"gold":342,"neow_bonus":"TRANSFORM_TWO_CARDS","is_daily":false,"chose_seed":false,"campfire_upgraded":3,"win_rate":0.0,"timestamp":1611911148,"path_taken":["M","M","?","M","?","E","R","E","T","E","M","E","M","?","R","BOSS","M","M","?","$","?","E","?","M","T","?","M","E","?","M","R","BOSS"],"items_purchased_type":["Relic"],"build_version":"2020-12-22","purchased_purges":2,"victory":false,"max_hp_per_floor":[64,64,64,64,64,64,64,64,64,64,64,71,71,71,71,71,71,71,71,71,71,71,71,71,71,71,71,71,71,71,71,71,71,71],"card_choices":[{"not_picked":["White Noise","Barrage"],"picked":"Beam Cell","floor":1.0},{"not_picked":["Rebound","Streamline"],"picked":"Conserve Battery","floor":2.0},{"not_picked":["Rebound","Force Field"],"picked":"Genetic Algorithm","floor":4.0},{"not_picked":["Capacitor","Stack"],"picked":"Sweeping Beam","floor":5.0},{"not_picked":["Ball Lightning","Gash"],"picked":"Steam","floor":6.0},{"not_picked":["Beam Cell","Defragment"],"picked":"Undo","floor":8.0},{"not_picked":["Hyperbeam","Steam Power","Barrage"],"picked":"SKIP","floor":10.0},{"not_picked":["Go for the Eyes","Storm","Barrage"],"picked":"SKIP","floor":11.0},{"not_picked":["Cold Snap","Conserve Battery","Coolheaded"],"picked":"SKIP","floor":12.0},{"not_picked":["Steam","Go for the Eyes","Tempest"],"picked":"SKIP","floor":13.0},{"not_picked":["Redo","Hologram"],"picked":"Recycle","floor":18.0},{"not_picked":["Cold Snap","Redo"],"picked":"Hologram","floor":19.0},{"not_picked":["Blizzard","Barrage","Lockon"],"picked":"SKIP","floor":23.0},{"not_picked":["Defragment","Doom and Gloom+1","Turbo"],"picked":"SKIP","floor":25.0},{"not_picked":["Storm","Lockon","Redo"],"picked":"SKIP","floor":28.0},{"not_picked":["Conserve Battery","Defragment","Compile Driver"],"picked":"SKIP","floor":28.0},{"not_picked":["Compile Driver","Steam Power"],"picked":"Skim","floor":29.0},{"not_picked":["Force Field","Gash"],"picked":"Turbo+1","floor":30},{"not_picked":["Force Field","Undo","Tempest"],"picked":"SKIP","floor":30},{"not_picked":["Steam","Biased Cognition","Darkness"],"picked":"SKIP","floor":31},{"not_picked":["Go for the Eyes","Steam","Loop+1"],"picked":"SKIP","floor":31}],"player_experience":1231083,"relics_obtained":[{"floor":6.0,"key":"Bottled Lightning"},{"floor":8.0,"key":"Smiling Mask"},{"floor":9.0,"key":"Bag of Marbles"},{"floor":10.0,"key":"Eternal Feather"},{"floor":12.0,"key":"Strawberry"},{"floor":23.0,"key":"Vajra"},{"floor":26.0,"key":"Regal Pillow"},{"floor":27.0,"key":"Prayer Wheel"},{"floor":29.0,"key":"Ornamental Fan"}],"event_choices":[{"damage_healed":0.0,"max_hp_gain":0.0,"max_hp_loss":0.0,"gold_gain":0.0,"event_name":"Match and Keep!","player_choice":"1 cards matched","floor":3.0,"gold_loss":0.0,"damage_taken":0.0,"cards_obtained":["Hyperbeam"]},{"damage_healed":0.0,"max_hp_gain":0.0,"max_hp_loss":0.0,"gold_gain":50.0,"event_name":"Nest","player_choice":"Stole From Cult","floor":20.0,"gold_loss":0.0,"damage_taken":0.0},{"damage_healed":0.0,"max_hp_gain":0.0,"max_hp_loss":0.0,"gold_gain":0.0,"event_name":"Ghosts","player_choice":"Ignored","floor":22.0,"gold_loss":0.0,"damage_taken":0.0},{"damage_healed":0.0,"max_hp_gain":0.0,"max_hp_loss":0.0,"gold_gain":0.0,"event_name":"The Mausoleum","player_choice":"Ignored","floor":24.0,"gold_loss":0.0,"damage_taken":0.0}],"is_beta":false,"boss_relics":[{"not_picked":["SacredBark","Astrolabe"],"picked":"Sozu"}],"items_purged_floors":[14,21],"is_endless":false,"potions_floor_spawned":[1,5,11,25,28,30],"killed_by":"Automaton","ascension_level":20}}