{"host":"3pcjltfiofc9y6qs","time":1611963241,"event":{"mods":["BaseMod","Colored Map","Downfall","Minty Spire (QoL Compilation)","Permanent Neow","Relic Stats","StSLib"],"gold_per_floor":[99,113,178,189,26,26,76,86,102,402,402,402,402],"floor_reached":11,"language":"ENG","playtime":935,"items_purged":["champ:Strike"],"score":63,"play_id":"cdef0d5f-bb94-4a74-bb74-97178ca79950","local_time":"20210130003401","is_ascension_mode":false,"campfire_choices":[{"data":"champ:Taunt","floor":1,"key":"SMITH"},{"data":"champ:UltimateStance","floor":6,"key":"SMITH"}],"circlet_count":0,"master_deck":["champ:Strike","champ:Strike","champ:Strike","champ:Defend","champ:Defend","champ:Defend","champ:Defend","champ:Execute","champ:Taunt+1","champ:CalledShot","champ:RisingSlash","champ:SetATrap","champ:GutPunch","champ:UltimateStance+1","downfall:Icky","downfall:Icky"],"relics":["champ:ChampionCrown","HornCleat","Anchor"],"acts_visited":["Exordium"],"potions_floor_usage":[],"damage_taken":[{"damage":10,"enemies":"Small Slimes","floor":2,"turns":3},{"damage":87,"enemies":"Lagavulin Event","floor":3,"turns":9},{"damage":4,"enemies":"2 Louse","floor":4,"turns":3},{"damage":10,"enemies":"downfall:FleeingMerchant","floor":5,"turns":4},{"damage":15,"enemies":"Jaw Worm","floor":8,"turns":4},{"damage":10,"enemies":"2 Fungi Beasts","floor":9,"turns":3},{"damage":77,"enemies":"Lagavulin","floor":11,"turns":10}],"seed_played":"-3189467843493998586","potions_obtained":[{"floor":3,"key":"GamblersBrew"},{"floor":4,"key":"ColorlessPotion"},{"floor":8,"key":"Guardian:BlockOnCardUsePotion"}],"is_trial":false,"path_per_floor":["R","M","?","M","$","R","T","M","M","?","E"],"character_chosen":"THE_CHAMP","items_purchased":["champ:UltimateStance"],"campfire_rested":0,"item_purchase_floors":[5],"current_hp_per_floor":[99,99,52,48,48,48,48,48,48,48,0,0,0],"gold":402,"neow_bonus":"TEN_PERCENT_HP_BONUS","is_daily":false,"chose_seed":false,"campfire_upgraded":2,"win_rate":0.0,"timestamp":1611963241,"path_taken":["R","M","?","M","$","R","T","M","M","?","E"],"items_purchased_type":["Card"],"build_version":"2020-12-22","purchased_purges":1,"victory":false,"max_hp_per_floor":[99,99,99,99,99,99,99,99,99,99,99,99,99],"relic_stats":{"counters":[7,36],"obtain_stats":[{"Anchor":7,"HornCleat":3,"champ:ChampionCrown":0},{"Anchor":4,"HornCleat":2,"champ:ChampionCrown":0},{"Anchor":19,"HornCleat":12,"champ:ChampionCrown":0}]},"card_choices":[{"not_picked":["champ:RapidStrikes","champ:CrownThrow"],"picked":"champ:CalledShot","floor":2},{"not_picked":["champ:SkillfulDodge","champ:Parry"],"picked":"champ:RisingSlash","floor":3},{"not_picked":["champ:AdrenalArmor","champ:PerfectedStrike"],"picked":"champ:SetATrap","floor":4},{"not_picked":["champ:FaceSlap","champ:FocusedBerserking"],"picked":"champ:GutPunch","floor":5},{"not_picked":["champ:GutPunch","champ:PreemptiveStrike","champ:ShieldWall"],"picked":"SKIP","floor":8},{"not_picked":["champ:PerfectedStrike","champ:RecklessLeap","champ:Circumvent"],"picked":"SKIP","floor":9}],"player_experience":439051,"relics_obtained":[{"floor":3,"key":"HornCleat"},{"floor":7,"key":"Anchor"}],"event_choices":[],"is_beta":false,"boss_relics":[],"items_purged_floors":[5],"is_endless":false,"potions_floor_spawned":[3,4,8],"killed_by":"Lagavulin","ascension_level":0}}