{"host":"gbsupkmj5cka9iw4","time":1611931792,"event":{"mods":["BaseMod","Better Note","BetterRewards","Minty Spire (QoL Compilation)","Say the Spire","Shop Mod","StSLib"],"gold_per_floor":[115,115,115,128,2,2,19,19,69,69,144,176,3,28,28,103,103,118,118,38,54,104,134,134,148,172,201,219,251,91,106,106,180,180,196,196,196,210,62,62,74,18,41,41,53,135,160,177,177,177],"floor_reached":51,"language":"ENG","playtime":2994,"items_purged":["Strike_R","Strike_R"],"score":1794,"play_id":"78f818e5-af8f-460b-9f2b-f76b181c9614","local_time":"20210129234952","is_ascension_mode":true,"campfire_choices":[{"data":"Carnage","floor":6.0,"key":"SMITH"},{"data":"Bash","floor":8.0,"key":"SMITH"},{"floor":10.0,"key":"REST"},{"data":"Whirlwind","floor":15.0,"key":"SMITH"},{"data":"Immolate","floor":24.0,"key":"SMITH"},{"floor":32.0,"key":"REST"},{"floor":40.0,"key":"REST"},{"floor":49,"key":"REST"}],"circlet_count":0,"master_deck":["AscendersBane","Strike_R","Defend_R+1","Defend_R+1","Defend_R","Defend_R","Bash+1","Shockwave+1","Carnage+1","Thunderclap","Exhume+1","Flex+1","Armaments+1","Whirlwind+1","Flex+1","Shrug It Off+1","Evolve","Immolate+1","Battle Trance+1","Flame Barrier+1","Clothesline","Barricade","Burning Pact+1","Battle Trance+1","Apotheosis+1","Disarm+1","Entrench+1","Transmutation+1","The Bomb+1","Transmutation+1","Ghostly Armor+1","Mayhem","Flame Barrier+1","Shrug It Off+1","Carnage","Uppercut"],"relics":["Burning Blood","Membership Card","Toxic Egg 2","Meat on the Bone","Chemical X","Art of War","Blue Candle","Lee\u0027s Waffle","Happy Flower","Snecko Eye","Ancient Tea Set","Potion Belt","Orichalcum","Self Forming Clay","Philosopher\u0027s Stone","War Paint","Boot","Torii"],"acts_visited":["Exordium","TheCity","TheBeyond"],"potions_floor_usage":[50],"damage_taken":[{"damage":13.0,"enemies":"Small Slimes","floor":1.0,"turns":4.0},{"damage":7.0,"enemies":"Jaw Worm","floor":4.0,"turns":3.0},{"damage":7.0,"enemies":"2 Louse","floor":7.0,"turns":2.0},{"damage":31.0,"enemies":"3 Sentries","floor":12.0,"turns":7.0},{"damage":20.0,"enemies":"Lagavulin","floor":14.0,"turns":4.0},{"damage":47.0,"enemies":"Hexaghost","floor":16.0,"turns":8.0},{"damage":0.0,"enemies":"Spheric Guardian","floor":18.0,"turns":3.0},{"damage":2.0,"enemies":"Shell Parasite","floor":21.0,"turns":3.0},{"damage":0.0,"enemies":"Slavers","floor":23.0,"turns":2.0},{"damage":0.0,"enemies":"3 Cultists","floor":25.0,"turns":3.0},{"damage":12.0,"enemies":"Book of Stabbing","floor":27.0,"turns":3.0},{"damage":26.0,"enemies":"Shelled Parasite and Fungi","floor":28.0,"turns":2.0},{"damage":12.0,"enemies":"Gremlin Leader","floor":29.0,"turns":3.0},{"damage":0.0,"enemies":"Cultist and Chosen","floor":31.0,"turns":4.0},{"damage":19.0,"enemies":"Automaton","floor":33.0,"turns":6.0},{"damage":3.0,"enemies":"3 Darklings","floor":35.0,"turns":2.0},{"damage":3.0,"enemies":"3 Shapes","floor":38.0,"turns":2.0},{"damage":4.0,"enemies":"Transient","floor":41.0,"turns":6.0},{"damage":15,"enemies":"Spire Growth","floor":45,"turns":4},{"damage":18,"enemies":"4 Shapes","floor":46,"turns":4},{"damage":3,"enemies":"Nemesis","floor":47,"turns":5},{"damage":37,"enemies":"Transient","floor":48,"turns":6},{"damage":23,"enemies":"Donu and Deca","floor":50,"turns":7}],"seed_played":"7102402106121283067","potions_obtained":[{"floor":12.0,"key":"DuplicationPotion"},{"floor":18.0,"key":"AttackPotion"},{"floor":25.0,"key":"Strength Potion"},{"floor":31.0,"key":"Strength Potion"},{"floor":35.0,"key":"SteroidPotion"},{"floor":38.0,"key":"ColorlessPotion"},{"floor":46,"key":"Swift Potion"}],"is_trial":false,"path_per_floor":["M","?","T","M","$","R","M","R","T","R","?","E","$","E","R","B",null,"M","?","$","M","?","E","R","M","T","E","M","E","$","M","R","B",null,"M","?","?","M","$","R","M","$","T","?","M","M","E","M","R","B",null],"character_chosen":"IRONCLAD","items_purchased":["Membership Card","Toxic Egg 2","Exhume+1","Chemical X","Whirlwind","Lee\u0027s Waffle","Flex+1","Shrug It Off+1","Flame Barrier+1","Battle Trance+1","Apotheosis+1","Ghostly Armor+1","Mayhem","Flame Barrier+1","Shrug It Off+1"],"campfire_rested":4,"item_purchase_floors":[0,0,5,5,13,13,13,13,20,30,30,39,39,42,42],"current_hp_per_floor":[52,52,52,51,51,51,50,50,50,72,61,48,82,68,68,39,71,77,77,77,81,81,82,82,82,82,76,56,50,50,56,80,67,78,81,71,71,74,74,82,82,82,82,82,73,61,64,45,69,52],"gold":177,"neow_bonus":"","is_daily":false,"chose_seed":false,"campfire_upgraded":4,"win_rate":0.0,"timestamp":1611931792,"path_taken":["M","?","?","M","$","R","M","R","T","R","?","E","?","E","R","BOSS","M","?","?","M","?","E","R","M","T","E","M","E","$","M","R","BOSS","M","?","?","?","$","R","M","$","T","?","?","M","E","M","R","BOSS"],"items_purchased_type":["Relic","Relic","Card","Relic","Card","Relic","Card","Card","Card","Card","Card","Card","Card","Card","Card"],"build_version":"2020-12-22","purchased_purges":2,"victory":true,"max_hp_per_floor":[75,75,75,75,75,75,75,75,75,75,75,75,82,82,82,82,82,82,82,82,82,82,82,82,82,82,82,82,82,82,82,82,82,82,82,82,82,82,82,82,82,82,82,82,82,82,82,82,82,82],"card_choices":[{"not_picked":["Pommel Strike","Burning Pact+1"],"picked":"Shockwave+1","floor":1.0},{"not_picked":["Twin Strike","Headbutt"],"picked":"Thunderclap","floor":4.0},{"not_picked":["Reckless Charge","Wild Strike"],"picked":"Flex+1","floor":7.0},{"not_picked":["Anger","Wild Strike"],"picked":"Armaments+1","floor":12.0},{"not_picked":["Twin Strike","Dual Wield+1"],"picked":"Evolve","floor":14.0},{"not_picked":["Brutality","Fiend Fire"],"picked":"Immolate","floor":16.0},{"not_picked":["Rampage","Perfected Strike"],"picked":"Battle Trance+1","floor":18.0},{"not_picked":["Anger","Body Slam"],"picked":"Clothesline","floor":21.0},{"not_picked":["Armaments+1","Exhume+1"],"picked":"Barricade","floor":23.0},{"not_picked":["Twin Strike","Armaments+1","Feel No Pain"],"picked":"SKIP","floor":25.0},{"not_picked":["Body Slam","Sentinel+1","Headbutt"],"picked":"SKIP","floor":27.0},{"not_picked":["Searing Blow","Sentinel+1"],"picked":"Burning Pact+1","floor":28.0},{"not_picked":["Second Wind+1","Thunderclap","Anger"],"picked":"SKIP","floor":29.0},{"not_picked":["Warcry+1","Dropkick+1"],"picked":"Disarm+1","floor":31.0},{"not_picked":["Warcry+1","Feel No Pain"],"picked":"Entrench+1","floor":35.0},{"not_picked":["Dark Shackles+1","Madness+1"],"picked":"Transmutation+1","floor":36.0},{"not_picked":["Swift Strike","Mayhem"],"picked":"The Bomb+1","floor":36.0},{"not_picked":["Reckless Charge","Armaments+1","Thunderclap"],"picked":"SKIP","floor":38.0},{"not_picked":["Second Wind+1","Perfected Strike","Sever Soul+1"],"picked":"SKIP","floor":41.0},{"not_picked":["Intimidate+1","Flex+1"],"picked":"Carnage","floor":45},{"not_picked":["Metallicize","Rupture","Feel No Pain"],"picked":"SKIP","floor":46},{"not_picked":["Warcry+1","Thunderclap+1"],"picked":"Uppercut","floor":47},{"not_picked":["True Grit+1","Iron Wave","Twin Strike"],"picked":"SKIP","floor":48}],"player_experience":811621,"relics_obtained":[{"floor":3.0,"key":"Meat on the Bone"},{"floor":9.0,"key":"Art of War"},{"floor":12.0,"key":"Blue Candle"},{"floor":14.0,"key":"Happy Flower"},{"floor":23.0,"key":"Ancient Tea Set"},{"floor":26.0,"key":"Potion Belt"},{"floor":27.0,"key":"Orichalcum"},{"floor":29.0,"key":"Self Forming Clay"},{"floor":43.0,"key":"War Paint"},{"floor":47,"key":"Torii"}],"event_choices":[{"damage_healed":0.0,"max_hp_gain":0.0,"max_hp_loss":0.0,"gold_gain":0.0,"cards_transformed":["Strike_R"],"event_name":"Living Wall","player_choice":"Change","floor":2.0,"gold_loss":0.0,"damage_taken":0.0,"cards_obtained":["Carnage"]},{"damage_healed":0.0,"max_hp_gain":0.0,"max_hp_loss":0.0,"gold_gain":75.0,"event_name":"World of Goop","player_choice":"Gather Gold","floor":11.0,"gold_loss":0.0,"damage_taken":11.0},{"cards_removed":["Strike_R"],"damage_healed":0.0,"max_hp_gain":0.0,"max_hp_loss":0.0,"gold_gain":0.0,"event_name":"Bonfire Elementals","player_choice":"Offered Basic","floor":19.0,"gold_loss":0.0,"damage_taken":0.0},{"damage_healed":0.0,"max_hp_gain":0.0,"max_hp_loss":0.0,"gold_gain":50.0,"event_name":"Nest","player_choice":"Stole From Cult","floor":22.0,"gold_loss":0.0,"damage_taken":0.0},{"damage_healed":0.0,"max_hp_gain":0.0,"max_hp_loss":0.0,"gold_gain":0.0,"event_name":"SensoryStone","player_choice":"Memory 3","floor":36.0,"gold_loss":0.0,"damage_taken":10.0},{"damage_healed":0.0,"max_hp_gain":0.0,"max_hp_loss":0.0,"gold_gain":0.0,"event_name":"Duplicator","player_choice":"Copied","floor":37.0,"gold_loss":0.0,"damage_taken":0.0,"cards_obtained":["Transmutation"]},{"damage_healed":0.0,"max_hp_gain":0.0,"max_hp_loss":0.0,"gold_gain":0.0,"event_name":"WeMeetAgain","player_choice":"Gave Potion","floor":44.0,"gold_loss":0.0,"damage_taken":0.0,"relics_obtained":["Boot"]}],"is_beta":false,"boss_relics":[{"not_picked":["SacredBark","Sozu"],"picked":"Snecko Eye"},{"not_picked":["Runic Pyramid","Empty Cage"],"picked":"Philosopher\u0027s Stone"}],"items_purged_floors":[20,30],"is_endless":false,"potions_floor_spawned":[12,18,25,31,35,38,46,47],"ascension_level":18}}