{"host":"sc0o2qwpf9j16a4i","time":1611939360,"event":{"mods":["AchievementEnabler","BaseMod","BetterRewards","Block Reminder","Colored Map","Colored Powertips","Custom Start","Highlight Path","Minty Spire (QoL Compilation)","Relic Stats"],"gold_per_floor":[116,76,88,20,40,40,67,29,29,29,42,75,75,106,106,210,210,221,221,238,82,95,95,129,129,129,142,158,183,183,62,62,162,162,181,181,26,26,44,44,74,114,114,128,128,143,168,198,198,198],"floor_reached":51,"language":"ENG","playtime":2156,"items_purged":[],"score":1193,"play_id":"58106dc1-0aa7-4e55-b9fd-7ad905d1da65","local_time":"20210129185600","daily_mods":["Draft","Colorless Cards","DeadlyEvents"],"is_ascension_mode":false,"campfire_choices":[{"data":"Sucker Punch","floor":6,"key":"SMITH"},{"data":"Catalyst","floor":10,"key":"SMITH"},{"data":"Bouncing Flask","floor":15,"key":"SMITH"},{"data":"After Image","floor":23,"key":"SMITH"},{"data":"Enlightenment","floor":30,"key":"SMITH"},{"data":"Footwork","floor":32,"key":"SMITH"},{"data":"Riddle With Holes","floor":40,"key":"PURGE"},{"floor":45,"key":"DIG"},{"floor":49,"key":"DIG"}],"circlet_count":0,"master_deck":["Quick Slash","Dramatic Entrance","Dark Shackles","Leg Sweep","Endless Agony","Blind","Backflip","Predator","Deadly Poison","Sucker Punch+1","Dodge and Roll","Jack Of All Trades","Backstab","Acrobatics","Dagger Throw","Swift Strike","Footwork","Crippling Poison","Catalyst+1","After Image+1","Deflect","Bouncing Flask+1","After Image","Bouncing Flask","Ghostly","Ghostly","Ghostly","Ghostly","Ghostly","Trip+1","Outmaneuver","Enlightenment+1","Deadly Poison+1","PiercingWail+1","Footwork+1","PiercingWail","Dark Shackles","Discovery","Dodge and Roll","PiercingWail+1","Prepared+1","Discovery+1"],"relics":["Ring of the Snake","WingedGreaves","Mercury Hourglass","Peace Pipe","Bag of Preparation","Runic Pyramid","ClockworkSouvenir","Torii","PreservedInsect","Singing Bowl","Fusion Hammer","Lantern","Shovel","Question Card","Art of War","Lizard Tail","Ancient Tea Set","Pantograph"],"acts_visited":["Exordium","TheCity","TheBeyond"],"potions_floor_usage":[7,7,7,14,33,50,50,50],"damage_taken":[{"damage":0,"enemies":"Cultist","floor":1,"turns":2},{"damage":0,"enemies":"2 Louse","floor":3,"turns":1},{"damage":0,"enemies":"Jaw Worm","floor":5,"turns":1},{"damage":0,"enemies":"3 Sentries","floor":7,"turns":5},{"damage":0,"enemies":"Looter","floor":11,"turns":1},{"damage":0,"enemies":"Lagavulin","floor":12,"turns":8},{"damage":0,"enemies":"3 Sentries","floor":14,"turns":3},{"damage":10,"enemies":"The Guardian","floor":16,"turns":6},{"damage":0,"enemies":"Spheric Guardian","floor":18,"turns":4},{"damage":0,"enemies":"Shell Parasite","floor":20,"turns":6},{"damage":2,"enemies":"Centurion and Healer","floor":22,"turns":9},{"damage":0,"enemies":"Slavers","floor":24,"turns":6},{"damage":1,"enemies":"Snecko","floor":27,"turns":4},{"damage":0,"enemies":"Shelled Parasite and Fungi","floor":28,"turns":4},{"damage":0,"enemies":"Gremlin Leader","floor":29,"turns":4},{"damage":0,"enemies":"Champ","floor":33,"turns":9},{"damage":0,"enemies":"Orb Walker","floor":35,"turns":4},{"damage":0,"enemies":"3 Shapes","floor":39,"turns":3},{"damage":0,"enemies":"Nemesis","floor":41,"turns":5},{"damage":0,"enemies":"Jaw Worm Horde","floor":42,"turns":5},{"damage":0,"enemies":"4 Shapes","floor":44,"turns":5},{"damage":0,"enemies":"Sphere and 2 Shapes","floor":46,"turns":5},{"damage":0,"enemies":"Giant Head","floor":47,"turns":8},{"damage":0,"enemies":"Reptomancer","floor":48,"turns":6},{"damage":0,"enemies":"Time Eater","floor":50,"turns":9}],"seed_played":"2313093878785896907","potions_obtained":[{"floor":2,"key":"SkillPotion"},{"floor":2,"key":"EntropicBrew"},{"floor":2,"key":"GhostInAJar"},{"floor":7,"key":"Regen Potion"},{"floor":24,"key":"LiquidMemories"},{"floor":27,"key":"Ancient Potion"},{"floor":33,"key":"Block Potion"},{"floor":44,"key":"DuplicationPotion"}],"is_trial":true,"path_per_floor":["M","?","M","$","M","R","E","$","T","R","M","E","$","E","R","B",null,"M","?","M","$","M","R","E","$","T","M","M","E","R","$","R","B",null,"M","?","$","?","M","R","E","M","T","M","R","M","E","E","R","B",null],"character_chosen":"THE_SILENT","items_purchased":["Footwork","Catalyst","ClockworkSouvenir","Footwork","PiercingWail","Lantern"],"campfire_rested":0,"item_purchase_floors":[4,8,21,31,31,37],"current_hp_per_floor":[70,70,70,70,70,70,70,70,70,70,70,70,70,70,70,60,70,70,35,35,35,33,33,33,33,33,32,32,32,32,32,32,34,37,39,39,39,31,33,33,35,37,37,37,37,37,37,37,37,47],"gold":198,"neow_bonus":"","is_daily":false,"chose_seed":false,"campfire_upgraded":6,"win_rate":0.0,"timestamp":1611939360,"path_taken":["M","?","M","?","M","R","E","?","T","R","?","?","?","E","R","BOSS","M","?","?","$","?","R","E","?","T","M","?","E","R","$","R","BOSS","M","?","$","?","?","R","E","M","T","M","R","?","E","?","R","BOSS"],"items_purchased_type":["Card","Card","Relic","Card","Card","Relic"],"build_version":"2020-12-22","purchased_purges":0,"victory":true,"max_hp_per_floor":[70,70,70,70,70,70,70,70,70,70,70,70,70,70,70,70,70,70,35,35,35,35,35,35,35,35,35,35,35,35,35,35,37,37,39,39,39,41,43,43,45,47,47,47,47,47,47,47,47,47],"relic_stats":{"Torii":0,"Singing Bowl":12,"counters":[25,122],"PreservedInsect":277,"Bag of Preparation":[39],"Question Card":4,"Mercury Hourglass":[404],"Peace Pipe":1,"Lizard Tail":0,"Shovel":2,"Pantograph":10,"Art of War":[6],"obtain_stats":[{"Lantern":37,"Torii":24,"Singing Bowl":29,"PreservedInsect":26,"Bag of Preparation":14,"Question Card":43,"Ancient Tea Set":48,"Mercury Hourglass":9,"ClockworkSouvenir":21,"Peace Pipe":12,"Lizard Tail":47,"Shovel":41,"Pantograph":49,"WingedGreaves":7,"Fusion Hammer":34,"Art of War":45,"Ring of the Snake":0,"Runic Pyramid":17},{"Lantern":17,"Torii":12,"Singing Bowl":15,"PreservedInsect":12,"Bag of Preparation":7,"Question Card":20,"Ancient Tea Set":24,"Mercury Hourglass":4,"ClockworkSouvenir":10,"Peace Pipe":6,"Lizard Tail":23,"Shovel":19,"Pantograph":24,"WingedGreaves":4,"Fusion Hammer":16,"Art of War":21,"Ring of the Snake":0,"Runic Pyramid":8},{"Lantern":77,"Torii":52,"Singing Bowl":64,"PreservedInsect":52,"Bag of Preparation":21,"Question Card":90,"Ancient Tea Set":113,"Mercury Hourglass":9,"ClockworkSouvenir":37,"Peace Pipe":18,"Lizard Tail":107,"Shovel":85,"Pantograph":113,"WingedGreaves":9,"Fusion Hammer":73,"Art of War":94,"Ring of the Snake":0,"Runic Pyramid":27}],"Ring of the Snake":[50]},"card_choices":[{"not_picked":["Cloak And Dagger","Dark Shackles"],"picked":"Quick Slash","floor":0},{"not_picked":["Cloak And Dagger","Acrobatics"],"picked":"Dramatic Entrance","floor":0},{"not_picked":["Poisoned Stab","Deadly Poison"],"picked":"Dark Shackles","floor":0},{"not_picked":["Outmaneuver","Dagger Throw"],"picked":"Leg Sweep","floor":0},{"not_picked":["Deflect","Quick Slash"],"picked":"Riddle With Holes","floor":0},{"not_picked":["Deflect","Eviscerate"],"picked":"Endless Agony","floor":0},{"not_picked":["Poisoned Stab","Dagger Throw"],"picked":"Blind","floor":0},{"not_picked":["PiercingWail","Catalyst"],"picked":"Backflip","floor":0},{"not_picked":["Poisoned Stab","Cloak And Dagger"],"picked":"Predator","floor":0},{"not_picked":["Acrobatics","Prepared"],"picked":"Deadly Poison","floor":0},{"not_picked":["Underhanded Strike","Poisoned Stab"],"picked":"Sucker Punch","floor":0},{"not_picked":["Acrobatics","Accuracy"],"picked":"Dodge and Roll","floor":0},{"not_picked":["Slice","Escape Plan"],"picked":"Jack Of All Trades","floor":0},{"not_picked":["Sucker Punch","Well Laid Plans"],"picked":"Backstab","floor":0},{"not_picked":["Sucker Punch","Underhanded Strike"],"picked":"Acrobatics","floor":0},{"not_picked":["Caltrops","Acrobatics"],"picked":"Dagger Throw","floor":1},{"not_picked":["Sucker Punch","Blade Dance"],"picked":"Swift Strike","floor":3},{"not_picked":["Predator","Dagger Spray","Quick Slash"],"picked":"SKIP","floor":5},{"not_picked":["Slice","Bane"],"picked":"Crippling Poison","floor":7},{"not_picked":["Purity","Poisoned Stab"],"picked":"After Image","floor":11},{"not_picked":["Acrobatics","Setup"],"picked":"Deflect","floor":12},{"not_picked":["Finisher","Sucker Punch"],"picked":"Bouncing Flask","floor":14},{"not_picked":["Phantasmal Killer","Storm of Steel"],"picked":"After Image","floor":16},{"not_picked":["Dagger Throw+1","Sucker Punch"],"picked":"Bouncing Flask","floor":18},{"not_picked":["Well Laid Plans+1","Quick Slash","Dagger Spray+1"],"picked":"SKIP","floor":20},{"not_picked":["Sucker Punch+1","Cloak And Dagger+1"],"picked":"Trip+1","floor":22},{"not_picked":["Backflip+1","Dagger Spray"],"picked":"Outmaneuver","floor":24},{"not_picked":["Reflex","Blind"],"picked":"Enlightenment","floor":27},{"not_picked":["All Out Attack","Sucker Punch+1"],"picked":"Deadly Poison+1","floor":28},{"not_picked":["Underhanded Strike+1","Sucker Punch"],"picked":"PiercingWail+1","floor":29},{"not_picked":["Chrysalis","Panache","Transmutation"],"picked":"Singing Bowl","floor":33},{"not_picked":["Endless Agony+1","Backstab","Dash"],"picked":"Singing Bowl","floor":35},{"not_picked":["Finesse","Dramatic Entrance"],"picked":"Dark Shackles","floor":38},{"not_picked":["Jack Of All Trades","Bandage Up"],"picked":"Discovery","floor":38},{"not_picked":["Swift Strike","Blind","Purity"],"picked":"Singing Bowl","floor":38},{"not_picked":["Setup+1","Dagger Throw","Escape Plan"],"picked":"Singing Bowl","floor":39},{"not_picked":["Cloak And Dagger+1","Panache","Backstab"],"picked":"Singing Bowl","floor":41},{"not_picked":["Underhanded Strike","Blade Dance","Swift Strike+1"],"picked":"Singing Bowl","floor":42},{"not_picked":["Cloak And Dagger","Acrobatics","Slice+1"],"picked":"Dodge and Roll","floor":44},{"not_picked":["Masterful Stab","Flying Knee","Tactician+1"],"picked":"PiercingWail+1","floor":46},{"not_picked":["Dodge and Roll","Riddle With Holes","Secret Technique"],"picked":"Prepared+1","floor":47},{"not_picked":["Outmaneuver","Glass Knife","The Bomb"],"picked":"Discovery+1","floor":48}],"player_experience":1052290,"relics_obtained":[{"floor":7,"key":"WingedGreaves"},{"floor":9,"key":"Mercury Hourglass"},{"floor":12,"key":"Peace Pipe"},{"floor":14,"key":"Bag of Preparation"},{"floor":24,"key":"Torii"},{"floor":26,"key":"PreservedInsect"},{"floor":29,"key":"Singing Bowl"},{"floor":41,"key":"Shovel"},{"floor":43,"key":"Question Card"},{"floor":45,"key":"Art of War"},{"floor":47,"key":"Lizard Tail"},{"floor":48,"key":"Ancient Tea Set"},{"floor":49,"key":"Pantograph"}],"event_choices":[{"damage_healed":0,"gold_gain":0,"player_choice":"Bought 3 Potions","damage_taken":0,"max_hp_gain":0,"max_hp_loss":0,"event_name":"The Woman in Blue","floor":2,"gold_loss":0},{"damage_healed":0,"gold_gain":0,"player_choice":"Became a Ghost","damage_taken":0,"max_hp_gain":0,"max_hp_loss":35,"event_name":"Ghosts","floor":19,"gold_loss":0,"cards_obtained":["Ghostly","Ghostly","Ghostly","Ghostly","Ghostly"]},{"damage_healed":0,"gold_gain":0,"player_choice":"Ignored","damage_taken":0,"max_hp_gain":0,"max_hp_loss":0,"event_name":"Tomb of Lord Red Mask","floor":36,"gold_loss":0},{"damage_healed":0,"gold_gain":0,"player_choice":"Memory 3","damage_taken":10,"max_hp_gain":0,"max_hp_loss":0,"event_name":"SensoryStone","floor":38,"gold_loss":0}],"is_beta":false,"boss_relics":[{"not_picked":["Empty Cage","SlaversCollar"],"picked":"Runic Pyramid"},{"not_picked":["Tiny House","Cursed Key"],"picked":"Fusion Hammer"}],"items_purged_floors":[],"is_endless":false,"potions_floor_spawned":[3,7,12,24,27,28,33,35,44,46,48],"ascension_level":0}}