{"host":"65a95dzim48ko8ke","time":1611894966,"event":{"mods":["Act Like it!","BaseMod","Block Reminder","Colored Powertips","Curses Come First","Gensokyo","Minty Spire (QoL Compilation)","Permanent Neow","Quick Restart","Rare Cards Sparkle","Replay The Spire","Spicy Shops","StSLib","Synergy Search"],"gold_per_floor":[119,119,19,38,58,92,92,118,118,43,76,90,39,49,49,49,49],"floor_reached":16,"language":"ENG","playtime":1239,"items_purged":["Injury"],"score":147,"play_id":"ca1c4506-96b9-4d34-9bf0-b534f7b0f986","local_time":"20210129133606","is_ascension_mode":true,"campfire_choices":[{"data":"Strike_B","floor":15,"key":"PURGE"}],"circlet_count":0,"master_deck":["Strike_B","Strike_B","Strike_B","Defend_B","Defend_B","Defend_B","Defend_B","Zap","Dualcast","AbeCurse","Gash","White Noise","Sweeping Beam","Hologram","Genetic Algorithm","Consume+1","Genetic Algorithm+1","Gensokyo:TarnishedGold","Gensokyo:RustyChest","Leap+1"],"relics":["Abe\u0027s Treasure","ReplayTheSpireMod:Ring of Addiction","Ring of Panic","Potion Belt","Chameleon Ring","Replay:Bottled Flurry","Pet Ghost","Shuriken","Ginger","PreservedInsect","Toxic Egg 2"],"acts_visited":["Exordium"],"potions_floor_usage":[14,16],"damage_taken":[{"damage":9.0,"enemies":"Gensokyo:Gryphon","floor":1.0,"turns":4.0},{"damage":7.0,"enemies":"Gensokyo:2_Kodama","floor":4.0,"turns":4.0},{"damage":1.0,"enemies":"Gensokyo:3_Fairies","floor":5.0,"turns":4.0},{"damage":31.0,"enemies":"Gensokyo:Aya","floor":6.0,"turns":4.0},{"damage":13.0,"enemies":"Gensokyo:Cirno","floor":8.0,"turns":6.0},{"damage":14.0,"enemies":"Gensokyo:Aya","floor":11.0,"turns":5.0},{"damage":0,"enemies":"Gensokyo:VengefulSpirit","floor":12,"turns":3},{"damage":4,"enemies":"Gensokyo:Kitsune","floor":14,"turns":3},{"damage":17,"enemies":"Gensokyo:Yukari","floor":16,"turns":5}],"seed_played":"838508741671819165","potions_obtained":[{"floor":2.0,"key":"Swift Potion"},{"floor":2.0,"key":"Regen Potion"},{"floor":2.0,"key":"GamblersBrew"},{"floor":5.0,"key":"DistilledChaos"},{"floor":6.0,"key":"Weak Potion"},{"floor":8.0,"key":"Adrenaline Potion"}],"is_trial":false,"path_per_floor":["M","?","?","M","M","E","?","E","T","$","E","M","COS","M","R","B"],"character_chosen":"DEFECT","items_purchased":[],"campfire_rested":0,"item_purchase_floors":[],"current_hp_per_floor":[59,59,59,52,51,20,20,34,34,34,20,20,20,16,16,0,0],"gold":49,"neow_bonus":"BOSS_RELIC","is_daily":false,"chose_seed":false,"campfire_upgraded":0,"win_rate":0.0,"timestamp":1611894966,"path_taken":["M","?","?","M","M","E","?","E","T","?","E","?","COS","M","R","BOSS"],"items_purchased_type":[],"build_version":"2020-12-22","purchased_purges":1,"victory":false,"max_hp_per_floor":[75,75,75,75,75,75,75,75,75,75,75,75,75,75,75,75,75],"card_choices":[{"not_picked":["Panic Button","Turbo"],"picked":"Gash","floor":1.0},{"not_picked":["Steam","Melter"],"picked":"White Noise","floor":4.0},{"not_picked":["BasicCrystalCard","Panic Button"],"picked":"Sweeping Beam","floor":5.0},{"not_picked":["ReplaySort","Leap"],"picked":"Hologram","floor":6.0},{"not_picked":["Loop","Hello World"],"picked":"Genetic Algorithm","floor":8.0},{"not_picked":["BasicCrystalCard+1","Beam Cell"],"picked":"Consume+1","floor":11.0},{"not_picked":["Storm","Streamline"],"picked":"Genetic Algorithm+1","floor":12},{"not_picked":["Stack+1","Barrage"],"picked":"Leap+1","floor":14}],"player_experience":323238,"relics_obtained":[{"floor":2.0,"key":"ReplayTheSpireMod:Ring of Addiction"},{"floor":2.0,"key":"Ring of Panic"},{"floor":2.0,"key":"Potion Belt"},{"floor":2.0,"key":"Chameleon Ring"},{"floor":6.0,"key":"Pet Ghost"},{"floor":8.0,"key":"Ginger"},{"floor":9.0,"key":"PreservedInsect"},{"floor":11.0,"key":"Toxic Egg 2"}],"event_choices":[],"is_beta":false,"boss_relics":[],"items_purged_floors":[10],"is_endless":false,"potions_floor_spawned":[5,6,8],"killed_by":"Gensokyo:Yukari","ascension_level":6}}