{"host":"6r9t33axn0fzb9aq","time":1611932526,"event":{"mods":["Aspiration","BaseMod","Better Altar","Better Match","Better Note","Better Third Choice","CatGirl Mod","Clockwork Mod","Colored Map","Colored Powertips","Conspire","Curses Come First","Custom Start","Energized Spire","Halation","Hubris","Infinite Spire","Koishi","Marisa????????","Minty Spire (QoL Compilation)","Onozuka Komachi Mod","Poor People Problems","Reliquary","Remilia??????","Replay The Spire","Reworked Bosses","Shade Mod","Spicy Shops","Spire Arcade","StSLib","The Blue Laboratory","The Cursed","The Death Knight","The Hierophant","The Marked","The Necromancer","The Servant 0.9.4","TheHero","Trackpad","Waifu the Spire","Wandering Minibosses"],"gold_per_floor":[110,127,138,156,107,140,140,156,156,116,129,129,129,140,140,241,241,253,253,253,266,266,297,297,311,311,166,176,208,208,227,227,344,344,385,420,420,420,460,460,500,567,567,667,726,726,410,456,456,587,587,629,591,636,636,684,724,724,702,702],"floor_reached":59,"language":"ENG","playtime":7603,"items_purged":["Gluttony_TH","Skeleton_Dragon","Parasite"],"score":1119,"play_id":"b9f43234-3c3d-4613-b78f-ba4e08c6fb50","local_time":"20210129150206","is_ascension_mode":false,"campfire_choices":[{"data":"Death_March_Dance","floor":7.0,"key":"SMITH"},{"data":"Slay_Living","floor":12.0,"key":"SMITH"},{"data":"Bone_Armor","floor":15.0,"key":"SMITH"},{"data":"PowerUp","floor":24.0,"key":"SMITH"},{"floor":32.0,"key":"REST"},{"data":"Summon_Death_Knight","floor":40.0,"key":"SMITH"},{"data":"infinitespire:Starlight","floor":46.0,"key":"SMITH"},{"data":"Toxic_Smoke_Screen","floor":49.0,"key":"SMITH"}],"circlet_count":0,"master_deck":["conspire:GhostlyStrike","conspire:GhostlyStrike","conspire:GhostlyStrike","conspire:GhostlyStrike","conspire:GhostlyDefend","conspire:GhostlyDefend","conspire:GhostlyDefend","conspire:GhostlyDefend","Negative_Energy_Arrows","Bone_Wall","Whirlwind_of_Bones","Bone_Spikes","Blood_Curse","Bone_Bullets","Spectral_Walk","Death_March_Dance+1","Slay_Living+1","Negative_Energy_Javelin","Scare","Exploit","Bone_Armor+1","Bone_Shift","PowerUp+1","Stop_Heart+1","Consume_Illness","Shade_Step","Chill_Blood+1","Negative_Energy_Burst","Toxic_Smoke_Screen+1","Bone_Spikes","Bone_Armor+1","Negative_Energy_Sphere","infinitespire:Collect","Toxic_Smoke_Screen","Summon_Death_Knight+1","Vampiric_Strike+1","Bone_Shift","infinitespire:NeuralNetwork+1","Consume_Illness","Bone_Armor+1","infinitespire:Starlight+1","Life_Drain+1","Toxic_Smoke_Screen+1","Uncharnel+1","Spectral_Walk+1","Toxic_Smoke_Screen+1","Negative_Energy_Shield+1","Bone_Armory","Summon_Undead_Army"],"relics":["Vampire_Amulet","reliquary:Firecrackers","conspire:DeflatedDodgeball","halation:EternalFortune","conspire:SpecialSausage","Replay:Ringing Soul","trackpad:WindUpAutoDealer","Orrery","Bottled Lightning","Durian","infinitespire:EvilPickle","energizedSpire:OgreHead","Centennial Puzzle","Molten Egg 2","hubris:PeanutButter","Pondfish Scales","Toxic Egg 2","reliquary:KinkedSpring","trackpad:WondrousWand"],"acts_visited":["Exordium","TheCity","TheBeyond","Exordium"],"potions_floor_usage":[],"damage_taken":[{"damage":0.0,"enemies":"Jaw Worm","floor":1.0,"turns":4.0},{"damage":2.0,"enemies":"Small Slimes","floor":2.0,"turns":5.0},{"damage":0.0,"enemies":"conspire:RoseBush","floor":3.0,"turns":2.0},{"damage":4.0,"enemies":"Blue Slaver","floor":4.0,"turns":4.0},{"damage":4.0,"enemies":"Gremlin Nob","floor":6.0,"turns":5.0},{"damage":21.0,"enemies":"Red Slaver","floor":8.0,"turns":10.0},{"damage":6.0,"enemies":"2 Fungi Beasts","floor":11.0,"turns":5.0},{"damage":1.0,"enemies":"Exordium Wildlife","floor":14.0,"turns":3.0},{"damage":16.0,"enemies":"Hexaghost","floor":16.0,"turns":9.0},{"damage":15.0,"enemies":"2 Thieves","floor":18.0,"turns":4.0},{"damage":12.0,"enemies":"3 Byrds","floor":21.0,"turns":6.0},{"damage":24.0,"enemies":"Nightmare","floor":23.0,"turns":7.0},{"damage":20.0,"enemies":"Centurion and Healer","floor":25.0,"turns":5.0},{"damage":19.0,"enemies":"Shelled Parasite and Fungi","floor":28.0,"turns":4.0},{"damage":16.0,"enemies":"conspire:Head Lice","floor":29.0,"turns":3.0},{"damage":5.0,"enemies":"3 Cultists","floor":31.0,"turns":3.0},{"damage":31.0,"enemies":"Pondfish","floor":33.0,"turns":11.0},{"damage":0.0,"enemies":"Orb Walker","floor":35.0,"turns":2.0},{"damage":8.0,"enemies":"3 Shapes","floor":36.0,"turns":3.0},{"damage":29.0,"enemies":"Sphere and 2 Shapes","floor":39.0,"turns":5.0},{"damage":14.0,"enemies":"Maw","floor":41.0,"turns":5.0},{"damage":21.0,"enemies":"Giant Head","floor":42.0,"turns":8.0},{"damage":26.0,"enemies":"infinitespire:Three Voidlings","floor":44.0,"turns":4.0},{"damage":7.0,"enemies":"Nightmare_Alpha","floor":44.0,"turns":11.0},{"damage":0.0,"enemies":"Writhing Mass","floor":45.0,"turns":7.0},{"damage":0.0,"enemies":"Spire Growth","floor":48.0,"turns":4.0},{"damage":29.0,"enemies":"Time Eater","floor":50.0,"turns":11.0},{"damage":0.0,"enemies":"Cultist","floor":52.0,"turns":2.0},{"damage":0.0,"enemies":"Jaw Worm","floor":54.0,"turns":1.0},{"damage":0.0,"enemies":"2 Louse","floor":56.0,"turns":1.0},{"damage":29.0,"enemies":"Lots of Slimes","floor":57.0,"turns":4.0},{"damage":14,"enemies":"Lagavulin","floor":59,"turns":4}],"seed_played":"-1500399147214350790","potions_obtained":[{"floor":1.0,"key":"blueLaboratory:StoneskinPotion"},{"floor":4.0,"key":"Strength Potion"},{"floor":16.0,"key":"EntropicBrew"},{"floor":25.0,"key":"Fire Potion"},{"floor":28.0,"key":"DeathKnight:RimePotion"},{"floor":29.0,"key":"blueLaboratory:RememoryPotion"},{"floor":31.0,"key":"blueLaboratory:SavagePotion"},{"floor":35.0,"key":"blueLaboratory:SavagePotion"},{"floor":42.0,"key":"Death Potion"},{"floor":45.0,"key":"Elixir"},{"floor":56.0,"key":"Adrenaline Potion"}],"is_trial":false,"path_per_floor":["M","M","M","M","$","E","R","M","T","$","M","R","?","M","R","B",null,"M","?","?","M","?","NM","R","M","T","$","M","E","AVR","M","R","B",null,"M","M","AVR","?","M","R","M","E","T","?","M","R","$","M","R","B",null,"M","$","M","?","M","M","AVR","E"],"character_chosen":"NECROMANCER","items_purchased":["Death_March_Dance","Scare","Orrery","Toxic Egg 2","Uncharnel+1","Toxic_Smoke_Screen+1"],"campfire_rested":1,"item_purchase_floors":[5,10,27,47,47,53],"current_hp_per_floor":[75,75,75,73,73,71,71,52,52,52,50,50,53,59,59,45,81,70,70,70,64,79,60,60,47,47,50,35,32,40,44,79,58,122,125,126,129,129,106,106,105,105,105,92,113,113,116,126,126,114,149,149,152,155,155,158,145,145,149,149],"gold":702,"neow_bonus":"THREE_CARDS","is_daily":false,"chose_seed":false,"campfire_upgraded":7,"win_rate":0.0,"timestamp":1611932526,"path_taken":["M","M","M","M","$","E","R","M","T","$","M","R","?","M","R","BOSS","M","?","?","M","?","NM","R","M","T","$","M","E","AVR","M","R","BOSS","M","M","AVR","?","?","R","M","E","T","?","M","R","?","M","R","BOSS","M","$","?","?","M","M","AVR","E"],"items_purchased_type":["Card","Card","Relic","Relic","Card","Card"],"build_version":"2020-12-22","purchased_purges":3,"victory":false,"max_hp_per_floor":[75,75,75,75,75,75,75,75,75,75,75,75,78,81,81,81,81,81,81,81,81,96,99,99,102,102,105,105,108,116,119,119,122,122,125,128,131,131,131,131,134,137,137,140,143,143,146,149,149,149,149,149,152,155,155,158,161,158,158,158],"card_choices":[{"not_picked":["Finger_Of_Death","Blood_Whip"],"picked":"Whirlwind_of_Bones","floor":0.0},{"not_picked":["Chill_Blood","Toxic_Smoke_Screen"],"picked":"Bone_Spikes","floor":1.0},{"not_picked":["Life_Tap","Finger_Of_Death"],"picked":"Blood_Curse","floor":2.0},{"not_picked":["Blood_Curse","Negative_Energy_Shield"],"picked":"Bone_Bullets","floor":3.0},{"not_picked":["Necromantic_Selection","Toxic_Smoke_Screen"],"picked":"Spectral_Walk","floor":4.0},{"not_picked":["Death_Coil","Thousand_Bone_Knives"],"picked":"Slay_Living","floor":6.0},{"not_picked":["Epidemic","Negative_Energy_Bomb"],"picked":"Negative_Energy_Javelin","floor":8.0},{"not_picked":["Negative_Energy_Bomb","Summon_Lich"],"picked":"Exploit","floor":11.0},{"not_picked":["Toxic_Smoke_Screen","Thousand_Bone_Knives"],"picked":"Bone_Armor","floor":14.0},{"not_picked":["Reap_The_Weak","Cloudkill"],"picked":"Skeleton_Dragon","floor":16.0},{"not_picked":["Blood_Is_Power+1","Siphon_Strength"],"picked":"Bone_Shift","floor":18.0},{"not_picked":["Blood_Curse","Bone_Bullets"],"picked":"Stop_Heart+1","floor":21.0},{"not_picked":["Negative_Energy_Bomb","Death_March_Dance"],"picked":"Consume_Illness","floor":23.0},{"not_picked":["Blood_Shield","Blood_Curse+1"],"picked":"Shade_Step","floor":25.0},{"not_picked":["Bone_Spikes","Summon_Undead_Army"],"picked":"Chill_Blood+1","floor":27.0},{"not_picked":["Scare+1","Plague_Bolt"],"picked":"Negative_Energy_Burst","floor":27.0},{"not_picked":["Necromantic_Selection","Blood_Magic"],"picked":"Toxic_Smoke_Screen+1","floor":27.0},{"not_picked":["Acid_Javelin","Hellfire"],"picked":"Bone_Spikes","floor":27.0},{"not_picked":["Reap_The_Weak","Shackles_Of_Pain"],"picked":"Bone_Armor+1","floor":27.0},{"not_picked":["Chill_Blood","Summon_Lich","Plague_Bolt"],"picked":"SKIP","floor":28.0},{"not_picked":["Blood_Curse","Negative_Energy_Javelin"],"picked":"Negative_Energy_Sphere","floor":29.0},{"not_picked":["Death_March_Dance","Negative_Energy_Sphere"],"picked":"Toxic_Smoke_Screen","floor":31.0},{"not_picked":["Requiem","Detonate_Bones"],"picked":"Summon_Death_Knight","floor":33.0},{"not_picked":["Plague_Bolt","Negative_Energy_Mist"],"picked":"Vampiric_Strike+1","floor":35.0},{"not_picked":["Blood_Curse","Death_March_Dance"],"picked":"Bone_Shift","floor":36.0},{"not_picked":["Blood_Curse+1","Bone_Armor","Flesh_Made_Foul+1"],"picked":"SKIP","floor":39.0},{"not_picked":["Necrotic_Claws+1","Epidemic+1"],"picked":"Consume_Illness","floor":41.0},{"not_picked":["Shade_Step+1","Death_March_Dance+1"],"picked":"Bone_Armor+1","floor":42.0},{"not_picked":["hubris:InfiniteBlow+2","infinitespire:Execution"],"picked":"infinitespire:Starlight","floor":44.0},{"not_picked":["Bone_Shift","Bone_Armor"],"picked":"Life_Drain+1","floor":44.0},{"not_picked":["Bone_Spikes+1","Negative_Energy_Sphere+1"],"picked":"Toxic_Smoke_Screen","floor":45.0},{"not_picked":["Summon_Lich","Blood_Is_Power+1"],"picked":"Spectral_Walk+1","floor":48.0},{"not_picked":["Corrupt+1","Life_Drain+1","Strike_from_Beyond+1"],"picked":"SKIP","floor":52.0},{"not_picked":["Negative_Energy_Sphere+1","Bone_Bullets+1"],"picked":"Negative_Energy_Shield+1","floor":54.0},{"not_picked":["Blood_for_Blood","Life_Tap+1"],"picked":"Bone_Armory","floor":56.0},{"not_picked":["Negative_Energy_Shield+1","Requiem+1"],"picked":"Summon_Undead_Army","floor":57.0}],"player_experience":427256,"relics_obtained":[{"floor":6.0,"key":"reliquary:Firecrackers"},{"floor":9.0,"key":"conspire:DeflatedDodgeball"},{"floor":14.0,"key":"halation:EternalFortune"},{"floor":23.0,"key":"Replay:Ringing Soul"},{"floor":26.0,"key":"trackpad:WindUpAutoDealer"},{"floor":29.0,"key":"Bottled Lightning"},{"floor":42.0,"key":"Molten Egg 2"},{"floor":43.0,"key":"hubris:PeanutButter"},{"floor":44.0,"key":"Pondfish Scales"}],"event_choices":[{"cards_removed":["Slay_Living"],"damage_healed":0.0,"max_hp_gain":0.0,"max_hp_loss":0.0,"gold_gain":0.0,"event_name":"betterNote:BetterNote","player_choice":"Take \u0026 Give","floor":19.0,"gold_loss":0.0,"damage_taken":0.0,"cards_obtained":["PowerUp"]},{"damage_healed":0.0,"max_hp_gain":0.0,"max_hp_loss":0.0,"gold_gain":0.0,"event_name":"Vampires","player_choice":"Ignored","floor":20.0,"gold_loss":0.0,"damage_taken":0.0},{"damage_healed":0.0,"max_hp_gain":0.0,"max_hp_loss":0.0,"gold_gain":0.0,"event_name":"Accursed Blacksmith","player_choice":"Forge","floor":38.0,"gold_loss":0.0,"damage_taken":0.0,"cards_upgraded":["infinitespire:NeuralNetwork"]},{"damage_healed":0.0,"max_hp_gain":0.0,"max_hp_loss":0.0,"gold_gain":0.0,"event_name":"conspire:LoneGhost","player_choice":"Agree","floor":55.0,"gold_loss":0.0,"damage_taken":0.0}],"is_beta":false,"boss_relics":[{"not_picked":["Honey Jar","hubris:TerracottaHorce"],"picked":"conspire:SpecialSausage"},{"not_picked":["energizedSpire:EnergizedDie","Painkiller Herb"],"picked":"energizedSpire:OgreHead"},{"not_picked":["halation:PlatinumPhoenix","halation:Yufonium"],"picked":"reliquary:KinkedSpring"}],"items_purged_floors":[30,37,58],"is_endless":true,"potions_floor_spawned":[1,4,16,25,28,29,31,35,42,44,45,48,52,56,57],"killed_by":"Lagavulin","ascension_level":0}}