{"host":"jwvz9sqego1wo43x","time":1611948091,"event":{"mods":["AchievementEnabler","BaseMod","Colored Map","Downfall","GifTheSpireLib","Minty Spire (QoL Compilation)","StSLib"],"gold_per_floor":[99,116,216,216,232,232,307,307,38,38,138,153,153,209,229,326,326,326,342,342,342,107,117,117,117,117,150,150,50,50,35,52,155,155,155,167,267,285,1,1,27,70,85,85,135,162,162,232,249,249],"floor_reached":51,"language":"ENG","playtime":2953,"items_purged":["sneckomod:Strike"],"score":880,"play_id":"1010dc8c-032e-4e44-839c-8f00e5e180b6","local_time":"20210129192131","is_ascension_mode":false,"campfire_choices":[{"data":"sneckomod:CheapStock","floor":8.0,"key":"SMITH"},{"data":"sneckomod:UnknownCommonAttack","floor":10.0,"key":"SMITH"},{"data":"sneckomod:QuickMove","floor":13.0,"key":"SMITH"},{"data":"sneckomod:MorePower","floor":18,"key":"SMITH"},{"data":"Tools of the Trade","floor":26,"key":"SMITH"},{"floor":29,"key":"REST"},{"data":"sneckomod:UnknownBoss","floor":35,"key":"SMITH"},{"data":"After Image","floor":40,"key":"SMITH"},{"data":"Leg Sweep","floor":44,"key":"SMITH"},{"data":"sneckomod:UnknownClassGREEN","floor":47,"key":"SMITH"}],"circlet_count":0,"master_deck":["sneckomod:Defend+1","sneckomod:Defend","sneckomod:Defend","sneckomod:TailWhip+1","sneckomod:SnekBite","sneckomod:Unknown+1","Tools of the Trade+1","sneckomod:ImprovisedGuard","sneckomod:CheapStock+1","sneckomod:UnknownCommonAttack+1","sneckomod:QuickMove+1","sneckomod:Unknown0Cost","sneckomod:IronFang+1","sneckomod:UnknownClassPURPLE+1","sneckomod:MorePower+1","sneckomod:SoulCleanse+1","sneckomod:DiceCrush+1","sneckomod:UnknownUncommonPower+1","sneckomod:SerpentIdol+1","sneckomod:UnknownRarePower+1","sneckomod:UnknownCommonAttack+1","sneckomod:Nope+1","sneckomod:Unknown0Cost+1","sneckomod:UnknownBlock+1","sneckomod:SerpentIdol+1","sneckomod:UnknownClassGREEN+1","sneckomod:ImprovisedAttack+1","sneckomod:UnknownBoss+1","sneckomod:UnknownClassGREEN","sneckomod:UnknownClassGREEN","sneckomod:UnknownClassGREEN","sneckomod:UnknownClassGREEN","sneckomod:UnknownClassGREEN","After Image+1","sneckomod:SnekBeam+1","Footwork","sneckomod:Restock+1","sneckomod:UnknownBlock+1","After Image","sneckomod:DefensiveFlair","downfall:Bewildered","Finisher+1","sneckomod:SlitherStrike+1","Leg Sweep+1","sneckomod:Unknown2Cost+1","sneckomod:SerpentIdol+1","downfall:Malfunctioning"],"relics":["sneckomod:SneckoSoul","downfall:ShatteredFragment","InkBottle","Molten Egg 2","Art of War","Cursed Key","Gambling Chip","War Paint","Singing Bowl","Spirit Poop","Incense Burner","downfall:HeartBlessingGreen","sneckomod:SneckoBoss","Potion Belt","Pantograph","Oddly Smooth Stone","Medical Kit","Anchor","Torii","Blue Candle","HornCleat"],"acts_visited":["Exordium","TheCity","TheBeyond"],"potions_floor_usage":[16,27,28,31,49,50,50,50,50,50],"damage_taken":[{"damage":1.0,"enemies":"Cultist","floor":2.0,"turns":4.0},{"damage":0.0,"enemies":"Small Slimes","floor":5.0,"turns":2.0},{"damage":0.0,"enemies":"downfall:FleeingMerchant","floor":9.0,"turns":4.0},{"damage":19.0,"enemies":"downfall:Heads","floor":11.0,"turns":5.0},{"damage":0.0,"enemies":"Jaw Worm","floor":12.0,"turns":2.0},{"damage":11,"enemies":"3 Sentries","floor":14,"turns":9},{"damage":0,"enemies":"2 Fungi Beasts","floor":15,"turns":3},{"damage":4,"enemies":"WA_ARCHETYPE_RETAIN","floor":16,"turns":6},{"damage":6,"enemies":"Shell Parasite","floor":19,"turns":4},{"damage":0,"enemies":"downfall:FleeingMerchant","floor":22,"turns":4},{"damage":3,"enemies":"Spheric Guardian","floor":23,"turns":6},{"damage":38,"enemies":"Slavers","floor":27,"turns":7},{"damage":21,"enemies":"Shelled Parasite and Fungi","floor":28,"turns":4},{"damage":1,"enemies":"downfall:FleeingMerchant","floor":31,"turns":4},{"damage":0,"enemies":"Chosen and Byrds","floor":32,"turns":6},{"damage":3,"enemies":"DF_ARCHETYPE_CLAW","floor":33,"turns":7},{"damage":21,"enemies":"3 Shapes","floor":36,"turns":4},{"damage":21,"enemies":"downfall:LadyInBlue","floor":37,"turns":6},{"damage":7,"enemies":"Orb Walker","floor":38,"turns":4},{"damage":0,"enemies":"downfall:FleeingMerchant","floor":39,"turns":1},{"damage":10,"enemies":"4 Shapes","floor":42,"turns":5},{"damage":0,"enemies":"Transient","floor":43,"turns":5},{"damage":1,"enemies":"Transient","floor":45,"turns":6},{"damage":0,"enemies":"Giant Head","floor":46,"turns":6},{"damage":47,"enemies":"Sphere and 2 Shapes","floor":49,"turns":6},{"damage":31,"enemies":"SI_POISON_ARCHETYPE","floor":50,"turns":10}],"seed_played":"7318729715052432054","potions_obtained":[{"floor":2.0,"key":"Strength Potion"},{"floor":5.0,"key":"SmokeBomb"},{"floor":14,"key":"SteroidPotion"},{"floor":16,"key":"LiquidBronze"},{"floor":32,"key":"Ancient Potion"},{"floor":33,"key":"sneckomod:MuddlingPotion"},{"floor":36,"key":"bronze:BurnAndBuffPotion"},{"floor":37,"key":"SteroidPotion"},{"floor":37,"key":"GamblersBrew"},{"floor":37,"key":"sneckomod:DiceRollPotion"},{"floor":43,"key":"DuplicationPotion"}],"is_trial":false,"path_per_floor":["R","M","?","?","M","?","T","R","$","R","?","M","R","?","M","B",null,"R","M","?","?","$","M","T","?","R","E","M","R","?","$","M","B",null,"R","M","?","M","$","R","T","M","M","R","?","E","R","T","M","B",null],"character_chosen":"THE_SNECKO","items_purchased":["Molten Egg 2","War Paint","Pantograph","sneckomod:DefensiveFlair","Oddly Smooth Stone","Medical Kit"],"campfire_rested":1,"item_purchase_floors":[9,22,39,39,39,39],"current_hp_per_floor":[90,89,89,89,89,68,68,68,68,68,49,49,49,38,38,34,90,90,84,66,66,66,63,63,63,63,30,9,37,68,69,69,66,97,97,76,70,65,69,69,69,59,61,61,64,68,68,68,27,21],"gold":249,"neow_bonus":"UPGRADE_CARD","is_daily":false,"chose_seed":false,"campfire_upgraded":9,"win_rate":0.0,"timestamp":1611948091,"path_taken":["R","M","?","?","?","?","T","R","$","R","?","M","R","?","M","BOSS","R","M","?","?","?","M","T","?","R","E","?","R","?","$","M","BOSS","R","M","?","M","$","R","T","M","?","R","?","E","R","?","M","BOSS"],"items_purchased_type":["Relic","Relic","Relic","Card","Relic","Relic"],"build_version":"2020-12-22","purchased_purges":1,"victory":true,"max_hp_per_floor":[90,90,90,90,90,90,90,90,90,90,90,90,90,90,90,90,90,90,90,95,95,95,95,95,95,95,95,95,95,95,97,97,97,97,97,97,97,99,103,103,103,103,105,105,109,113,113,113,119,119],"card_choices":[{"not_picked":["sneckomod:SoulRoll","sneckomod:Nope"],"picked":"sneckomod:ImprovisedGuard","floor":2.0},{"not_picked":["sneckomod:SoulRoll","sneckomod:UnknownDraw"],"picked":"sneckomod:CheapStock","floor":5.0},{"not_picked":["sneckomod:Restock","sneckomod:QuickBite"],"picked":"sneckomod:UnknownCommonAttack","floor":9.0},{"not_picked":["sneckomod:SoulDraw","sneckomod:SnakeSap+1"],"picked":"sneckomod:Unknown0Cost","floor":11.0},{"not_picked":["sneckomod:Unknown1Cost","sneckomod:DiceBoulder+1"],"picked":"sneckomod:IronFang+1","floor":12.0},{"not_picked":["sneckomod:QuickBite+1","sneckomod:UnknownCommonSkill"],"picked":"sneckomod:UnknownClassPURPLE","floor":15},{"not_picked":["sneckomod:UnknownRareSkill","sneckomod:DangerNoodle+1"],"picked":"sneckomod:MorePower","floor":16},{"not_picked":["sneckomod:ImprovisedGuard+1","sneckomod:UnendingSupply+1"],"picked":"sneckomod:SoulCleanse+1","floor":19},{"not_picked":["sneckomod:UnknownDraw","sneckomod:UnknownClassPURPLE"],"picked":"sneckomod:DiceCrush+1","floor":19},{"not_picked":["sneckomod:UnknownX+1","sneckomod:UnknownExhaust+1"],"picked":"sneckomod:UnknownUncommonPower+1","floor":22},{"not_picked":["sneckomod:ImprovisedGuard","sneckomod:SoulRoll"],"picked":"sneckomod:SerpentIdol+1","floor":22},{"not_picked":["sneckomod:UnendingSupply+1","sneckomod:UnknownClassPURPLE+1"],"picked":"sneckomod:UnknownRarePower+1","floor":23},{"not_picked":["sneckomod:Unknown2Cost","sneckomod:DiceBlock+1"],"picked":"sneckomod:UnknownCommonAttack+1","floor":23},{"not_picked":["sneckomod:ImprovisedGuard+1","sneckomod:MasterEye+1"],"picked":"sneckomod:Nope+1","floor":27},{"not_picked":["sneckomod:UnknownUncommonSkill","sneckomod:RainOfDice+1"],"picked":"sneckomod:Unknown0Cost+1","floor":27},{"not_picked":["sneckomod:Unknown2Cost+1","sneckomod:MorePower+1"],"picked":"sneckomod:UnknownBlock+1","floor":31},{"not_picked":["sneckomod:Cheat","sneckomod:Nope","sneckomod:UnknownClassPURPLE"],"picked":"Singing Bowl","floor":31},{"not_picked":["sneckomod:SoulDraw+1","sneckomod:QuickMove+1"],"picked":"sneckomod:SerpentIdol+1","floor":32},{"not_picked":["sneckomod:UnknownStrike+1","sneckomod:Unknown1Cost"],"picked":"sneckomod:UnknownClassGREEN","floor":32},{"not_picked":["sneckomod:Unknown2Cost+1","sneckomod:DiceBlock+1"],"picked":"sneckomod:ImprovisedAttack+1","floor":33},{"not_picked":["sneckomod:Mudshield","sneckomod:SoulExchange"],"picked":"sneckomod:UnknownBoss","floor":33},{"not_picked":["Eviscerate","Catalyst"],"picked":"After Image","floor":36},{"not_picked":["sneckomod:UnknownCommonSkill","sneckomod:UnknownCommonAttack+1"],"picked":"sneckomod:SnekBeam+1","floor":36},{"not_picked":["Neutralize","Terror"],"picked":"Footwork","floor":37},{"not_picked":["sneckomod:IronFang+1","sneckomod:DiceCrush+1"],"picked":"sneckomod:Restock+1","floor":37},{"not_picked":["sneckomod:UnknownStrike+1","sneckomod:ImprovisedGuard+1"],"picked":"sneckomod:UnknownBlock+1","floor":37},{"not_picked":["Phantasmal Killer","Terror"],"picked":"After Image","floor":38},{"not_picked":["sneckomod:UnknownClassBLUE","sneckomod:Unknown0Cost","sneckomod:UnknownClassPURPLE+1"],"picked":"Singing Bowl","floor":38},{"not_picked":["Endless Agony","Leg Sweep","Poisoned Stab"],"picked":"Singing Bowl","floor":39},{"not_picked":["sneckomod:Mudshield","sneckomod:UnknownClassBLUE+1","sneckomod:WideSting+1"],"picked":"Singing Bowl","floor":39},{"not_picked":["Malaise","Dagger Throw"],"picked":"Finisher","floor":42},{"not_picked":["sneckomod:UnknownUncommonPower+1","sneckomod:Unknown0Cost"],"picked":"sneckomod:SlitherStrike+1","floor":42},{"not_picked":["Footwork","Cloak And Dagger"],"picked":"Leg Sweep","floor":43},{"not_picked":["sneckomod:UnknownVulnerable+1","sneckomod:IronFang+1"],"picked":"sneckomod:Unknown2Cost+1","floor":43},{"not_picked":["sneckomod:QuickBite+1","sneckomod:CheapStock+1","sneckomod:DiceBlock+1"],"picked":"Singing Bowl","floor":43},{"not_picked":["Expertise","After Image","Endless Agony"],"picked":"Singing Bowl","floor":45},{"not_picked":["sneckomod:UnknownX+1","sneckomod:UnknownClassPURPLE+1"],"picked":"sneckomod:SerpentIdol+1","floor":45},{"not_picked":["sneckomod:Restock","sneckomod:UnknownClassBLUE","sneckomod:TrashToTreasure+1"],"picked":"Singing Bowl","floor":45},{"not_picked":["Accuracy","Unload","Wraith Form v2"],"picked":"Singing Bowl","floor":46},{"not_picked":["sneckomod:SoulRoll","sneckomod:SoulDraw","sneckomod:UnknownClassGREEN+1"],"picked":"Singing Bowl","floor":46},{"not_picked":["Riddle With Holes","Quick Slash","Accuracy"],"picked":"Singing Bowl","floor":49},{"not_picked":["sneckomod:Unknown0Cost+1","sneckomod:UnknownClassGREEN+1","sneckomod:Unknown2Cost+1"],"picked":"Singing Bowl","floor":49},{"not_picked":["sneckomod:SerpentIdol","sneckomod:RainOfDice+1","sneckomod:TrashToTreasure"],"picked":"Singing Bowl","floor":49}],"player_experience":505544,"relics_obtained":[{"floor":7.0,"key":"InkBottle"},{"floor":24,"key":"Singing Bowl"},{"floor":27,"key":"Incense Burner"},{"floor":37,"key":"Potion Belt"},{"floor":41,"key":"Anchor"},{"floor":45,"key":"Torii"},{"floor":46,"key":"Blue Candle"},{"floor":48,"key":"HornCleat"}],"event_choices":[{"damage_healed":0.0,"max_hp_gain":0.0,"max_hp_loss":0.0,"gold_gain":0.0,"event_name":"NoteForYourself","player_choice":"Ignored","floor":4.0,"gold_loss":0.0,"damage_taken":0.0},{"cards_removed":["downfall:Icky"],"damage_healed":0,"gold_gain":0,"player_choice":"Offered Curse","damage_taken":0,"relics_obtained":["Spirit Poop"],"max_hp_gain":0,"max_hp_loss":0,"event_name":"Bonfire Elementals","floor":25,"gold_loss":0},{"damage_healed":31,"gold_gain":0,"player_choice":"Heal","damage_taken":0,"max_hp_gain":0,"max_hp_loss":0,"event_name":"The Library","floor":30,"gold_loss":0}],"is_beta":false,"boss_relics":[{"not_picked":["sneckomod:SuperSneckoSoul","SacredBark"],"picked":"Cursed Key"},{"not_picked":["Busted Crown","Velvet Choker"],"picked":"sneckomod:SneckoBoss"}],"items_purged_floors":[22],"is_endless":false,"potions_floor_spawned":[2,5,14,16,23,32,33,36,43,49],"ascension_level":0}}