{"host":"5t6k5h959q0wkklw","time":1611960450,"event":{"mods":["BaseMod","BetterRewards","Conspire","Downfall","Hubris","Infinite Spire","Minty Spire (QoL Compilation)","Replay The Spire","StSLib","The Poker Player"],"gold_per_floor":[119,132,144,161,177,177,177,177,177,191,243,260,104,120,120,225,225,239,255,255,289,307,332,332,365,365,365,382,395,411,422,422,527,527,544,544,569,581,40,40,48,48,48],"floor_reached":41,"language":"ENG","playtime":5135,"items_purged":[],"score":454,"play_id":"5a1b4d9b-bc28-4513-99b6-c7f8f08c30d8","local_time":"20210129174730","is_ascension_mode":false,"metric_token":658,"campfire_choices":[{"data":"PokerPlayerMod:TrumpStrike","floor":6.0,"key":"SMITH"},{"data":"PokerPlayerMod:HeartStrike","floor":15.0,"key":"SMITH"},{"floor":24,"key":"REST"},{"data":"PokerPlayerMod:HiddenCard","floor":32,"key":"SMITH"},{"floor":40,"key":"REST"}],"circlet_count":0,"master_deck":["PokerPlayerMod:Diamond1","PokerPlayerMod:Diamond2","PokerPlayerMod:Diamond3","PokerPlayerMod:Diamond4","PokerPlayerMod:Diamond5","PokerPlayerMod:Spade1","PokerPlayerMod:Spade2","PokerPlayerMod:Spade3","PokerPlayerMod:Spade4","PokerPlayerMod:Club1","PokerPlayerMod:Club2","PokerPlayerMod:Heart2","PokerPlayerMod:TrumpStrike+1","PokerPlayerMod:BadJoker","PokerPlayerMod:Mulligan+1","PokerPlayerMod:Heart1","PokerPlayerMod:Club4","PokerPlayerMod:Heart5","PokerPlayerMod:Fold+1","PokerPlayerMod:MagicTrick","PokerPlayerMod:CardBurn","PokerPlayerMod:HeartStrike+1","PokerPlayerMod:Sharpen","PokerPlayerMod:HiddenCard+1","PokerPlayerMod:Spade4","PokerPlayerMod:WasteCollection","PokerPlayerMod:Configure","PokerPlayerMod:SpadeStrike+1","PokerPlayerMod:Club5","PokerPlayerMod:HiddenCard+1","PokerPlayerMod:DartThrow","PokerPlayerMod:Extraction","PokerPlayerMod:RiskyBet","PokerPlayerMod:Trickery+1","PokerPlayerMod:FillThePot","PokerPlayerMod:FlyingCard+1","PokerPlayerMod:Sharpen","PokerPlayerMod:RoyalStrike","PokerPlayerMod:ClubsClub+1","hubris:Fate","PokerPlayerMod:Heart3","PokerPlayerMod:Heart1","Enlightenment"],"relics":["PokerPlayerMod:DeckCase","hubris:Potato","PreservedInsect","Replay:Rubber Ducky","PokerPlayerMod:AceCard","Red Mask","StoneCalendar","Strawberry","Pet Ghost","Philosopher\u0027s Stone","Whetstone","HandDrill","Juzu Bracelet","Replay:Bandana"],"acts_visited":["Exordium","TheCity","TheBeyond"],"potions_floor_usage":[],"damage_taken":[{"damage":0.0,"enemies":"Cultist","floor":1.0,"turns":2.0},{"damage":5.0,"enemies":"conspire:RoseBush","floor":2.0,"turns":2.0},{"damage":0.0,"enemies":"2 Louse","floor":3.0,"turns":2.0},{"damage":18.0,"enemies":"Exordium Thugs","floor":4.0,"turns":3.0},{"damage":0.0,"enemies":"Looter","floor":5.0,"turns":2.0},{"damage":3.0,"enemies":"2 Fungi Beasts","floor":10.0,"turns":2.0},{"damage":5.0,"enemies":"Exordium Wildlife","floor":12.0,"turns":5.0},{"damage":0.0,"enemies":"Large Slime","floor":14.0,"turns":4.0},{"damage":54.0,"enemies":"Slime Boss","floor":16.0,"turns":9.0},{"damage":7,"enemies":"3 Byrds","floor":18,"turns":3},{"damage":0,"enemies":"conspire:FuzzyDice","floor":19,"turns":3},{"damage":38,"enemies":"Masked Bandits","floor":21,"turns":6},{"damage":3,"enemies":"3 Cultists","floor":22,"turns":4},{"damage":28,"enemies":"Book of Stabbing","floor":23,"turns":5},{"damage":3,"enemies":"conspire:Head Lice","floor":25,"turns":4},{"damage":0,"enemies":"Cultist and Chosen","floor":28,"turns":5},{"damage":10,"enemies":"Snake Plant","floor":29,"turns":3},{"damage":10,"enemies":"conspire:HollyBat","floor":30,"turns":7},{"damage":0,"enemies":"Cultist and Chosen","floor":31,"turns":5},{"damage":8,"enemies":"conspire:MysteriousRune","floor":33,"turns":11},{"damage":9,"enemies":"3 Shapes","floor":35,"turns":3},{"damage":51,"enemies":"conspire:MimicChest","floor":37,"turns":5},{"damage":28,"enemies":"3 Darklings","floor":38,"turns":6},{"damage":53,"enemies":"Reptomancer","floor":41,"turns":6}],"seed_played":"729448994795644508","potions_obtained":[{"floor":1.0,"key":"Block Potion"},{"floor":2.0,"key":"GamblersBrew"},{"floor":8.0,"key":"EntropicBrew"},{"floor":11.0,"key":"Fruit Juice"},{"floor":19,"key":"sneckomod:MuddlingPotion"}],"is_trial":false,"path_per_floor":["M","M","M","M","M","R","?","?","T","M","?","M","$","M","R","B",null,"M","M","?","?","M","E","R","E","T","?","M","M","M","M","R","B",null,"M","?","?","M","$","R","E"],"character_chosen":"THE_POKER_PLAYER","items_purchased":["Replay:Rubber Ducky","HandDrill","Juzu Bracelet","Replay:Bandana","Enlightenment"],"campfire_rested":2,"item_purchase_floors":[13,39,39,39,39],"current_hp_per_floor":[52,49,52,36,52,52,52,52,52,49,36,44,44,52,52,19,57,50,57,57,34,57,43,57,64,64,64,64,64,62,64,64,61,64,62,46,6,7,7,26,0,0,0],"gold":48,"neow_bonus":"UPGRADE_CARD","is_daily":false,"chose_seed":false,"campfire_upgraded":3,"win_rate":0.0,"timestamp":1611960450,"path_taken":["M","?","M","M","M","R","?","?","T","?","?","M","?","M","R","BOSS","M","M","?","?","M","E","R","E","T","?","?","M","M","M","R","BOSS","M","?","?","M","$","R","E"],"items_purchased_type":["Relic","Relic","Relic","Relic","Card"],"build_version":"2020-12-22","purchased_purges":0,"victory":false,"max_hp_per_floor":[52,52,52,52,52,52,52,52,52,52,52,52,52,52,52,57,57,57,57,57,57,57,57,57,64,64,64,64,64,64,64,64,64,64,64,64,64,64,64,64,64,64,64],"card_choices":[{"not_picked":["PokerPlayerMod:Diamond3","PokerPlayerMod:DamnStraight"],"picked":"PokerPlayerMod:Heart1","floor":1.0},{"not_picked":["PokerPlayerMod:HiddenCard","PokerPlayerMod:Spade1"],"picked":"PokerPlayerMod:Club4","floor":2.0},{"not_picked":["PokerPlayerMod:WildCard","PokerPlayerMod:FlyingCard"],"picked":"PokerPlayerMod:Heart5","floor":3.0},{"not_picked":["PokerPlayerMod:JackOfSpades","PokerPlayerMod:Heart1"],"picked":"PokerPlayerMod:Fold","floor":4.0},{"not_picked":["PokerPlayerMod:Spade2","PokerPlayerMod:Overdeal"],"picked":"PokerPlayerMod:MagicTrick","floor":5.0},{"not_picked":["PokerPlayerMod:Heart4","PokerPlayerMod:Harden"],"picked":"PokerPlayerMod:CardBurn","floor":10.0},{"not_picked":["PokerPlayerMod:DiamondStrike","PokerPlayerMod:Diamond1"],"picked":"PokerPlayerMod:HeartStrike","floor":11.0},{"not_picked":["PokerPlayerMod:Spade2","PokerPlayerMod:Spade3"],"picked":"PokerPlayerMod:Sharpen","floor":11.0},{"not_picked":["PokerPlayerMod:Spade3","PokerPlayerMod:Diamond4"],"picked":"PokerPlayerMod:HiddenCard","floor":12.0},{"not_picked":["PokerPlayerMod:Diamond1","PokerPlayerMod:MagicTrick"],"picked":"PokerPlayerMod:Spade4","floor":14.0},{"not_picked":["PokerPlayerMod:TheDieIsCast","PokerPlayerMod:Diamond8"],"picked":"PokerPlayerMod:WasteCollection","floor":16.0},{"not_picked":["PokerPlayerMod:Club1","PokerPlayerMod:Spade2"],"picked":"PokerPlayerMod:Configure","floor":18},{"not_picked":["PokerPlayerMod:Diamond7","PokerPlayerMod:Diamond2"],"picked":"PokerPlayerMod:SpadeStrike","floor":19},{"not_picked":["PokerPlayerMod:Trickery","PokerPlayerMod:CardBurn+1"],"picked":"PokerPlayerMod:Club5","floor":21},{"not_picked":["PokerPlayerMod:Configure","PokerPlayerMod:MagicTrick"],"picked":"PokerPlayerMod:HiddenCard+1","floor":22},{"not_picked":["PokerPlayerMod:Diamond4","PokerPlayerMod:Diamond3"],"picked":"PokerPlayerMod:DartThrow","floor":23},{"not_picked":["PokerPlayerMod:Diamond5","PokerPlayerMod:ClubsClub"],"picked":"PokerPlayerMod:Extraction","floor":25},{"not_picked":["PokerPlayerMod:Heart2","PokerPlayerMod:Spade2"],"picked":"PokerPlayerMod:Trickery","floor":28},{"not_picked":["PokerPlayerMod:Heart4","PokerPlayerMod:Diamond4"],"picked":"PokerPlayerMod:FillThePot","floor":29},{"not_picked":["PokerPlayerMod:Club2","PokerPlayerMod:Diamond3"],"picked":"PokerPlayerMod:FlyingCard+1","floor":30},{"not_picked":["PokerPlayerMod:Spade4","PokerPlayerMod:SpadeStrike"],"picked":"PokerPlayerMod:Sharpen","floor":31},{"not_picked":["PokerPlayerMod:Diamond8","PokerPlayerMod:Diamond9"],"picked":"PokerPlayerMod:RoyalStrike","floor":33},{"not_picked":["PokerPlayerMod:Diamond4","PokerPlayerMod:Diamond2"],"picked":"PokerPlayerMod:ClubsClub+1","floor":35},{"not_picked":["ReplayTheSpireMod:??????????????????????","infinitespire:FutureSight"],"picked":"hubris:Fate","floor":36},{"not_picked":["PokerPlayerMod:Raise","PokerPlayerMod:Spade1"],"picked":"PokerPlayerMod:Heart3","floor":37},{"not_picked":["PokerPlayerMod:Trickery","PokerPlayerMod:Diamond6"],"picked":"PokerPlayerMod:Heart1","floor":38}],"player_experience":113016,"relics_obtained":[{"floor":9.0,"key":"hubris:Potato"},{"floor":11.0,"key":"PreservedInsect"},{"floor":21,"key":"Red Mask"},{"floor":23,"key":"StoneCalendar"},{"floor":25,"key":"Strawberry"},{"floor":26,"key":"Pet Ghost"},{"floor":37,"key":"Whetstone"}],"event_choices":[{"damage_healed":0.0,"max_hp_gain":0.0,"max_hp_loss":0.0,"gold_gain":0.0,"event_name":"Living Wall","player_choice":"Grow","floor":7.0,"gold_loss":0.0,"damage_taken":0.0,"cards_upgraded":["PokerPlayerMod:Fold"]},{"damage_healed":0.0,"max_hp_gain":0.0,"max_hp_loss":0.0,"gold_gain":0.0,"event_name":"Lab","player_choice":"Got Potions","floor":8.0,"gold_loss":0.0,"damage_taken":0.0},{"damage_healed":0,"gold_gain":0,"player_choice":"Fought Bandits","damage_taken":0,"max_hp_gain":0,"max_hp_loss":0,"event_name":"Masked Bandits","floor":21,"gold_loss":0},{"damage_healed":0,"gold_gain":0,"player_choice":"Read","damage_taken":0,"max_hp_gain":0,"max_hp_loss":0,"event_name":"The Library","floor":27,"gold_loss":0,"cards_obtained":["PokerPlayerMod:RiskyBet"]}],"is_beta":false,"boss_relics":[{"not_picked":["infinitespire:Cupcake","Runic Dome"],"picked":"PokerPlayerMod:AceCard"},{"not_picked":["Painkiller Herb","conspire:RoyalGoblet"],"picked":"Philosopher\u0027s Stone"}],"items_purged_floors":[],"is_endless":false,"potions_floor_spawned":[1,2,10,12,19,21,28,29,30,35],"killed_by":"Reptomancer","ascension_level":0}}