{"host":"7eytxr1oawi6r5nr","time":1611936213,"event":{"mods":["BaseMod","Better Third Choice","Curses Come First","Dark Map","Hermit","Hubris","Ironclad Rager","Jorbs\u0027s Wanderer Trilogy","Minty Spire (QoL Compilation)","Permanent Neow","Quick Restart","Rare Cards Sparkle","Relic Filter Mod","Reliquary","Replay The Spire","Robot Space Explorer","Shade Mod","StSLib","The Cursed","The Disciple","The Dragon Tamer","The Forsaken","The Hayseed","The IronCluck","The Marked","The Mystic","The Runesmith","The Servant 0.9.4","TheSurvivalist","UnlockEverythingMod","Weighted Paths","Wide Potions"],"gold_per_floor":[112,112,132,143,163,189,189,214,214,246,58,68,80,109,109,206,206,219,34,49,49,23,23,51,64,64,64,83,83,99,99,99,197,197,213,227,240,54,54,54,54,83,110,110,139,158,158,158,158,158],"floor_reached":51,"language":"ENG","playtime":2621,"items_purged":["Strike_R"],"score":988,"play_id":"53a54dc7-4bc6-4943-b873-cb3e3fb7f401","local_time":"20210129160333","is_ascension_mode":true,"campfire_choices":[{"data":"Entrench","floor":7.0,"key":"SMITH"},{"data":"Wild Strike","floor":15.0,"key":"SMITH"},{"data":"Heavy Blade","floor":23.0,"key":"SMITH"},{"data":"Rupture","floor":27.0,"key":"SMITH"},{"data":"Disarm","floor":29.0,"key":"SMITH"},{"data":"Limit Break","floor":40,"key":"SMITH"},{"data":"Offering","floor":44,"key":"SMITH"},{"data":"Bludgeon","floor":47,"key":"SMITH"},{"data":"Battle Trance","floor":49,"key":"SMITH"}],"circlet_count":0,"master_deck":["Strike_R+1","Strike_R","Defend_R","Defend_R","Defend_R","Defend_R","Bash","Doubt","Pommel Strike+1","Perfected Strike","Shrug It Off","Entrench+1","Cleave","Wild Strike+1","Reaper","Combust","ReplayTheSpireMod:Muscle Training","Bludgeon+1","Disarm+1","Spot Weakness","J.A.X.","Heavy Blade+1","Rupture+1","ReplayTheSpireMod:Muscle Training","Shrug It Off+1","Limit Break+1","Offering+1","Strike_G","Battle Trance+1","Shrug It Off"],"relics":["Burning Blood","ReplayTheSpireMod:Onyx Gauntlets","reliquary:SharkskinSheath","hubris:CuriousFeather","Meat on the Bone","Whetstone","Centennial Puzzle","Bag of Marbles","Replay:Bronze Core","Membership Card","Replay:Multitool","hubris:Metronome","hubris:Icosahedron","Black Star","Replay:Wax Seal","Mummified Hand","Replay:Ringing Soul","Red Skull","hubris:Spice"],"acts_visited":["Exordium","TheCity","TheBeyond"],"potions_floor_usage":[42,45,50,50],"damage_taken":[{"damage":0.0,"enemies":"Small Slimes","floor":1.0,"turns":3.0},{"damage":1.0,"enemies":"Cultist","floor":3.0,"turns":3.0},{"damage":2.0,"enemies":"Jaw Worm","floor":4.0,"turns":2.0},{"damage":0.0,"enemies":"Large Slime","floor":5.0,"turns":3.0},{"damage":16.0,"enemies":"Gremlin Nob","floor":6.0,"turns":3.0},{"damage":15.0,"enemies":"Lagavulin","floor":8.0,"turns":6.0},{"damage":14.0,"enemies":"3 Sentries","floor":10.0,"turns":7.0},{"damage":2.0,"enemies":"Exordium Wildlife","floor":12.0,"turns":3.0},{"damage":1.0,"enemies":"Exordium Thugs","floor":13.0,"turns":2.0},{"damage":20.0,"enemies":"Gremlin Nob","floor":14.0,"turns":4.0},{"damage":32.0,"enemies":"Hexaghost","floor":16.0,"turns":7.0},{"damage":1.0,"enemies":"3 Byrds","floor":18.0,"turns":2.0},{"damage":4.0,"enemies":"Chosen","floor":20.0,"turns":2.0},{"damage":3.0,"enemies":"Replay:Snechameleon","floor":24.0,"turns":3.0},{"damage":15.0,"enemies":"Centurion and Healer","floor":25.0,"turns":3.0},{"damage":43.0,"enemies":"Shelled Parasite and Fungi","floor":28.0,"turns":3.0},{"damage":21.0,"enemies":"Snecko","floor":30.0,"turns":4.0},{"damage":99.0,"enemies":"Automaton","floor":33.0,"turns":7.0},{"damage":10.0,"enemies":"3 Shapes","floor":35.0,"turns":5.0},{"damage":20.0,"enemies":"3 Darklings","floor":36.0,"turns":5.0},{"damage":18.0,"enemies":"4 Shapes","floor":37.0,"turns":4.0},{"damage":20,"enemies":"Reptomancer","floor":42,"turns":5},{"damage":24,"enemies":"R_Hoarder","floor":45,"turns":6},{"damage":12,"enemies":"Spire Growth","floor":46,"turns":2},{"damage":58,"enemies":"Time Eater","floor":50,"turns":5}],"seed_played":"-8698854040741147264","potions_obtained":[{"floor":3.0,"key":"DuplicationPotion"},{"floor":4.0,"key":"SpeedPotion"},{"floor":8.0,"key":"Swift Potion"},{"floor":12.0,"key":"Languid Potion"},{"floor":16.0,"key":"Flashbang"},{"floor":20.0,"key":"Block Potion"},{"floor":25.0,"key":"Fruit Juice"},{"floor":28.0,"key":"Languid Potion"},{"floor":33.0,"key":"Reflective Coating"},{"floor":37.0,"key":"Swift Potion"},{"floor":45,"key":"SneckoOil"}],"is_trial":false,"path_per_floor":["M","?","M","M","M","E","R","E","T","E","$","M","M","E","R","B",null,"M","$","M","?","$","R","E","M","T","R","M","R","M","?","R","B",null,"M","M","M","$","?","R","$","E","T","R","E","M","R","?","R","B",null],"character_chosen":"IRONCLAD","items_purchased":["Centennial Puzzle","Combust","Membership Card","Heavy Blade","Replay:Wax Seal","Offering","LifebloodPotion","Block Potion"],"campfire_rested":0,"item_purchase_floors":[11,11,19,22,38,38,38,38],"current_hp_per_floor":[80,80,80,80,80,70,70,61,61,53,53,64,69,55,55,50,73,80,80,80,80,80,80,80,76,76,76,60,60,57,57,82,43,75,81,76,76,76,76,76,76,82,82,82,86,99,99,99,99,83],"gold":158,"neow_bonus":"CURSED_BOSS_RELIC","is_daily":false,"chose_seed":false,"campfire_upgraded":9,"win_rate":0.0,"timestamp":1611936213,"path_taken":["M","?","M","M","M","E","R","E","T","E","$","?","M","E","R","BOSS","M","$","M","?","$","R","E","M","T","R","M","R","M","?","R","BOSS","M","M","M","$","?","R","?","E","T","R","E","M","R","?","R","BOSS"],"items_purchased_type":["Relic","Card","Relic","Card","Relic","Card","Potion","Potion"],"build_version":"2020-12-22","purchased_purges":1,"victory":true,"max_hp_per_floor":[80,80,80,80,80,80,80,80,80,80,80,80,80,80,80,80,80,80,80,80,80,80,80,80,85,85,85,85,85,85,85,85,85,85,85,85,85,85,85,85,85,88,88,88,99,99,99,99,99,99],"card_choices":[{"not_picked":["Seeing Red","Entrench"],"picked":"Pommel Strike","floor":1.0},{"not_picked":["ReplayTheSpireMod:Strike From Hell","Reckless Charge"],"picked":"Perfected Strike","floor":3.0},{"not_picked":["Iron Wave","Defy Death"],"picked":"Shrug It Off","floor":4.0},{"not_picked":["Heavy Blade","Pommel Strike"],"picked":"Entrench","floor":5.0},{"not_picked":["Shrug It Off","Replay:Undeath\u0027s Touch"],"picked":"Cleave","floor":6.0},{"not_picked":["Inflame","Burning Pact"],"picked":"Wild Strike","floor":8.0},{"not_picked":["Sever Soul","Burning Pact"],"picked":"Reaper","floor":10.0},{"not_picked":["Sword Boomerang","Perfected Strike","Replay:Undeath\u0027s Touch"],"picked":"SKIP","floor":12.0},{"not_picked":["Warcry","Body Slam","Bloodletting"],"picked":"SKIP","floor":13.0},{"not_picked":["Pommel Strike","Massacre"],"picked":"ReplayTheSpireMod:Muscle Training","floor":14.0},{"not_picked":["Limit Break","Offering"],"picked":"Bludgeon","floor":16.0},{"not_picked":["Cleave","Anger"],"picked":"Disarm","floor":18.0},{"not_picked":["Replay:Undeath\u0027s Touch+1","Armaments"],"picked":"Spot Weakness","floor":20.0},{"not_picked":["Anger","Combust+1"],"picked":"Rupture","floor":24.0},{"not_picked":["Warcry","Run Through"],"picked":"Dark Embrace","floor":25.0},{"not_picked":["Blood for Blood","ReplayTheSpireMod:Corrosion Curse+1"],"picked":"ReplayTheSpireMod:Muscle Training","floor":28.0},{"not_picked":["Clash+1","Perfected Strike"],"picked":"Shrug It Off","floor":30.0},{"not_picked":["Immolate","Berserk"],"picked":"Limit Break","floor":33.0},{"not_picked":["Replay:Undeath\u0027s Touch+1","Body Slam","Armaments"],"picked":"SKIP","floor":35.0},{"not_picked":["Pummel+1","Dark Embrace+1","Headbutt+1"],"picked":"SKIP","floor":36.0},{"not_picked":["Sword Boomerang","Anger","Wild Strike+1"],"picked":"SKIP","floor":37.0},{"not_picked":["Sword Boomerang","Bloodletting+1"],"picked":"Battle Trance","floor":42},{"not_picked":["Thunderclap","Twin Strike"],"picked":"Shrug It Off","floor":45},{"not_picked":["Body Slam","Limit Break","Wild Strike+1"],"picked":"SKIP","floor":46}],"player_experience":167270,"relics_obtained":[{"floor":6.0,"key":"reliquary:SharkskinSheath"},{"floor":8.0,"key":"hubris:CuriousFeather"},{"floor":9.0,"key":"Meat on the Bone"},{"floor":10.0,"key":"Whetstone"},{"floor":14.0,"key":"Bag of Marbles"},{"floor":24.0,"key":"Replay:Multitool"},{"floor":26.0,"key":"hubris:Metronome"},{"floor":42,"key":"Mummified Hand"},{"floor":42,"key":"Replay:Ringing Soul"},{"floor":45,"key":"Red Skull"},{"floor":45,"key":"hubris:Spice"}],"event_choices":[{"cards_removed":["Strike_R"],"damage_healed":0.0,"max_hp_gain":0.0,"max_hp_loss":0.0,"gold_gain":0.0,"event_name":"Purifier","player_choice":"Purged","floor":2.0,"gold_loss":0.0,"damage_taken":0.0},{"damage_healed":0.0,"max_hp_gain":0.0,"max_hp_loss":0.0,"gold_gain":0.0,"event_name":"Drug Dealer","player_choice":"Obtain J.A.X.","floor":21.0,"gold_loss":0.0,"damage_taken":0.0,"cards_obtained":["J.A.X."]},{"cards_removed":["Dark Embrace"],"damage_healed":0.0,"max_hp_gain":0.0,"max_hp_loss":0.0,"gold_gain":0.0,"event_name":"NoteForYourself","player_choice":"Took Card","floor":39.0,"gold_loss":0.0,"damage_taken":0.0,"cards_obtained":["Strike_G"]},{"cards_removed":["Strike_R"],"damage_healed":0,"gold_gain":0,"player_choice":"Removed Attack","damage_taken":0,"max_hp_gain":0,"max_hp_loss":0,"event_name":"Falling","floor":48,"gold_loss":0}],"is_beta":false,"boss_relics":[{"not_picked":["SacredBark","Empty Cage"],"picked":"Replay:Bronze Core"},{"not_picked":["Honey Jar","hubris:VirtuousBlindfold"],"picked":"Black Star"}],"items_purged_floors":[19],"is_endless":false,"potions_floor_spawned":[3,4,8,12,16,20,25,28,33,35,37,45],"ascension_level":5}}