{"host":"zwezhz46a5cjkxff","time":1611884540,"event":{"mods":["AchievementEnabler","BaseMod","Colored Map","Colored Powertips","DeckTracker","Hermit","Marisa????????","Minty Spire (QoL Compilation)","Permanent Neow","Quick Restart","Rare Cards Sparkle","Relic Stats","Robot Space Explorer","StSLib","SuperFastMode","The Hierophant","The Servant 0.9.4","Weighted Paths","slay the spire mod where everything is the same but ironclad has a cowboy hat"],"gold_per_floor":[367,380,155,172,186,213,213,230,230,265,265,299,310,0,0,99,99,118,135,145,162,182,208,208,242,242,4,22,53,53,69,69,172,172,188,199,211,211,228,257,257,282,282,282,282],"floor_reached":44,"language":"ENG","playtime":2107,"items_purged":[],"score":634,"play_id":"ea5bf9cb-85a8-4dea-b260-bd55d31c613d","local_time":"20210128194220","is_ascension_mode":true,"campfire_choices":[{"floor":7,"key":"RECALL"},{"data":"Armaments","floor":15,"key":"SMITH"},{"data":"Corruption","floor":24,"key":"SMITH"},{"data":"Dark Embrace","floor":32,"key":"SMITH"},{"data":"Bash","floor":41,"key":"SMITH"}],"circlet_count":0,"master_deck":["Strike_R","Strike_R","Strike_R","Strike_R","Strike_R","Defend_R","Defend_R","Defend_R+1","Defend_R","Bash+1","Armaments+1","Ghostly Armor","Iron Wave","Flame Barrier","Iron Wave","Iron Wave","Inflame+1","Corruption+1","Shrug It Off+1","Dark Embrace+1","Entrench+1","Shrug It Off","Body Slam+1"],"relics":["Burning Blood","Pen Nib","Incense Burner","Ornamental Fan","Lizard Tail","TheAbacus","Centennial Puzzle","SlaversCollar","Bag of Marbles","War Paint","Shuriken","Kunai","Thread and Needle","Toxic Egg 2","Runic Dome","Boot","Bottled Tornado","Blood Vial"],"acts_visited":["Exordium","TheCity","TheBeyond"],"potions_floor_usage":[6,10,16,20,21,28,28,28,29,33,40,44],"damage_taken":[{"damage":11,"enemies":"Jaw Worm","floor":1,"turns":2},{"damage":1,"enemies":"Cultist","floor":2,"turns":3},{"damage":2,"enemies":"2 Louse","floor":4,"turns":3},{"damage":2,"enemies":"Blue Slaver","floor":5,"turns":3},{"damage":22,"enemies":"3 Sentries","floor":6,"turns":9},{"damage":16,"enemies":"Lots of Slimes","floor":8,"turns":5},{"damage":7,"enemies":"Gremlin Nob","floor":10,"turns":4},{"damage":12,"enemies":"3 Sentries","floor":12,"turns":7},{"damage":7,"enemies":"3 Louse","floor":13,"turns":4},{"damage":13,"enemies":"Hexaghost","floor":16,"turns":12},{"damage":13,"enemies":"3 Byrds","floor":18,"turns":7},{"damage":0,"enemies":"Shell Parasite","floor":19,"turns":8},{"damage":12,"enemies":"Shelled Parasite and Fungi","floor":20,"turns":9},{"damage":40,"enemies":"Centurion and Healer","floor":21,"turns":12},{"damage":8,"enemies":"Chosen and Byrds","floor":22,"turns":9},{"damage":2,"enemies":"Book of Stabbing","floor":23,"turns":7},{"damage":13,"enemies":"Gremlin Leader","floor":25,"turns":12},{"damage":20,"enemies":"Sentry and Sphere","floor":28,"turns":8},{"damage":12,"enemies":"Slavers","floor":29,"turns":6},{"damage":5,"enemies":"Snake Plant","floor":31,"turns":4},{"damage":8,"enemies":"Automaton","floor":33,"turns":13},{"damage":14,"enemies":"Orb Walker","floor":35,"turns":5},{"damage":0,"enemies":"3 Shapes","floor":36,"turns":4},{"damage":8,"enemies":"Transient","floor":37,"turns":5},{"damage":6,"enemies":"Maw","floor":39,"turns":7},{"damage":9,"enemies":"Reptomancer","floor":40,"turns":6},{"damage":0,"enemies":"Giant Head","floor":42,"turns":6},{"damage":75,"enemies":"Orin","floor":44,"turns":11}],"seed_played":"5029373149710871988","potions_obtained":[{"floor":1,"key":"Fire Potion"},{"floor":2,"key":"BlessingOfTheForge"},{"floor":4,"key":"Ancient Potion"},{"floor":12,"key":"GamblersBrew"},{"floor":18,"key":"Explosive Potion"},{"floor":19,"key":"BlessingOfTheForge"},{"floor":22,"key":"SpeedPotion"},{"floor":25,"key":"Fire Potion"},{"floor":28,"key":"ColorlessPotion"},{"floor":31,"key":"EssenceOfSteel"},{"floor":37,"key":"SkillPotion"},{"floor":40,"key":"Dexterity Potion"}],"is_trial":false,"path_per_floor":["M","M","$","M","M","E","R","M","T","E","?","E","M","$","R","B",null,"M","M","M","M","M","E","R","E","T","$","M","E","T","M","R","B",null,"M","M","M","$","M","E","R","E","T","?"],"character_chosen":"IRONCLAD","items_purchased":["Pen Nib","Ghostly Armor","TheAbacus","Centennial Puzzle","Kunai"],"campfire_rested":0,"item_purchase_floors":[3,3,14,14,27],"current_hp_per_floor":[67,72,72,72,72,56,56,46,46,45,45,39,38,38,38,31,72,65,71,65,31,29,33,33,26,26,26,12,42,42,43,43,41,72,64,70,68,68,68,65,65,71,71,0,0],"gold":282,"neow_bonus":"TWO_FIFTY_GOLD","is_daily":false,"chose_seed":false,"campfire_upgraded":4,"win_rate":0.0,"timestamp":1611884540,"path_taken":["M","M","$","M","M","E","R","M","T","E","?","E","M","$","R","BOSS","M","?","M","M","?","E","R","E","T","$","M","E","?","?","R","BOSS","M","M","M","$","M","E","R","E","T","?"],"items_purchased_type":["Relic","Card","Relic","Relic","Relic"],"build_version":"2020-12-22","purchased_purges":0,"victory":false,"max_hp_per_floor":[72,72,72,72,72,72,72,72,72,72,72,72,72,72,72,72,72,72,72,72,72,72,72,72,72,72,72,72,72,72,72,72,72,72,72,72,72,72,72,72,72,72,72,72,72],"relic_stats":{"counters":[28,191],"Pen Nib":[38],"War Paint":["Entrench","Defend_R"],"Boot":[13],"Burning Blood":154,"Blood Vial":1,"Lizard Tail":36,"Centennial Puzzle":[48],"TheAbacus":[300],"Ornamental Fan":[240],"Shuriken":[34],"Kunai":[34],"obtain_stats":[{"Thread and Needle":29,"Pen Nib":3,"Incense Burner":6,"War Paint":25,"Bottled Tornado":42,"Boot":40,"Burning Blood":0,"Blood Vial":43,"SlaversCollar":17,"Runic Dome":34,"Lizard Tail":12,"Centennial Puzzle":14,"TheAbacus":14,"Ornamental Fan":10,"Shuriken":26,"Bag of Marbles":23,"Kunai":27,"Toxic Egg 2":30},{"Thread and Needle":19,"Pen Nib":2,"Incense Burner":5,"War Paint":17,"Bottled Tornado":27,"Boot":26,"Burning Blood":0,"Blood Vial":27,"SlaversCollar":10,"Runic Dome":21,"Lizard Tail":8,"Centennial Puzzle":9,"TheAbacus":9,"Ornamental Fan":7,"Shuriken":17,"Bag of Marbles":16,"Kunai":17,"Toxic Egg 2":19},{"Thread and Needle":130,"Pen Nib":5,"Incense Burner":20,"War Paint":116,"Bottled Tornado":180,"Boot":174,"Burning Blood":0,"Blood Vial":180,"SlaversCollar":52,"Runic Dome":147,"Lizard Tail":36,"Centennial Puzzle":40,"TheAbacus":40,"Ornamental Fan":29,"Shuriken":116,"Bag of Marbles":104,"Kunai":116,"Toxic Egg 2":130}]},"card_choices":[{"not_picked":["Intimidate","Searing Blow"],"picked":"Armaments","floor":1},{"not_picked":["Anger","Headbutt","Blood for Blood"],"picked":"SKIP","floor":2},{"not_picked":["Sever Soul","Shrug It Off"],"picked":"Iron Wave","floor":4},{"not_picked":["Brutality","Cleave"],"picked":"Flame Barrier","floor":5},{"not_picked":["Burning Pact","Hemokinesis"],"picked":"Iron Wave","floor":6},{"not_picked":["Seeing Red","Headbutt"],"picked":"Iron Wave","floor":8},{"not_picked":["Sword Boomerang","Cleave"],"picked":"Inflame","floor":10},{"not_picked":["Flex","Infernal Blade","Pommel Strike"],"picked":"SKIP","floor":12},{"not_picked":["Flex","Whirlwind","Rage"],"picked":"SKIP","floor":13},{"not_picked":["Brutality","Reaper"],"picked":"Corruption","floor":16},{"not_picked":["Warcry","Body Slam"],"picked":"Shrug It Off+1","floor":18},{"not_picked":["Armaments+1","Intimidate+1"],"picked":"Dark Embrace","floor":19},{"not_picked":["Armaments","Warcry"],"picked":"Entrench","floor":20},{"not_picked":["Fire Breathing+1","Carnage+1"],"picked":"Shrug It Off","floor":21},{"not_picked":["Clothesline","Perfected Strike+1","Seeing Red"],"picked":"SKIP","floor":22},{"not_picked":["Clash","Entrench","Infernal Blade"],"picked":"SKIP","floor":23},{"not_picked":["Heavy Blade","Flex","Battle Trance"],"picked":"SKIP","floor":25},{"not_picked":["Thunderclap","Shrug It Off","Heavy Blade+1"],"picked":"SKIP","floor":28},{"not_picked":["Warcry+1","Carnage","Wild Strike+1"],"picked":"SKIP","floor":29},{"not_picked":["Twin Strike","Wild Strike","Shrug It Off+1"],"picked":"SKIP","floor":31},{"not_picked":["Heavy Blade","Flex+1","Dark Embrace"],"picked":"SKIP","floor":35},{"not_picked":["Headbutt","Pummel+1","Clothesline"],"picked":"SKIP","floor":36},{"not_picked":["Clash","Headbutt+1","Perfected Strike+1"],"picked":"SKIP","floor":37},{"not_picked":["Cleave","Thunderclap","Wild Strike"],"picked":"SKIP","floor":39},{"not_picked":["Searing Blow+1","Wild Strike"],"picked":"Body Slam+1","floor":40},{"not_picked":["Heavy Blade","Body Slam","Warcry+1"],"picked":"SKIP","floor":42},{"not_picked":["Heavy Blade","Body Slam","Warcry+1"],"picked":"SKIP","floor":42}],"player_experience":40569,"relics_obtained":[{"floor":6,"key":"Incense Burner"},{"floor":10,"key":"Ornamental Fan"},{"floor":12,"key":"Lizard Tail"},{"floor":23,"key":"Bag of Marbles"},{"floor":25,"key":"War Paint"},{"floor":26,"key":"Shuriken"},{"floor":29,"key":"Thread and Needle"},{"floor":30,"key":"Toxic Egg 2"},{"floor":40,"key":"Boot"},{"floor":42,"key":"Bottled Tornado"},{"floor":43,"key":"Blood Vial"}],"event_choices":[{"damage_healed":0,"gold_gain":0,"player_choice":"Upgraded","damage_taken":0,"max_hp_gain":0,"max_hp_loss":0,"event_name":"Upgrade Shrine","floor":11,"gold_loss":0,"cards_upgraded":["Inflame"]},{"damage_healed":0,"gold_gain":0,"player_choice":"Fight","damage_taken":0,"max_hp_gain":0,"max_hp_loss":0,"event_name":"OrinTheCat","floor":44,"gold_loss":0}],"is_beta":false,"boss_relics":[{"not_picked":["Velvet Choker","Pandora\u0027s Box"],"picked":"SlaversCollar"},{"not_picked":["Black Star","SacredBark"],"picked":"Runic Dome"}],"items_purged_floors":[],"is_endless":false,"potions_floor_spawned":[1,2,4,12,18,19,22,25,28,31,37,40],"killed_by":"Orin","ascension_level":1}}