{"host":"36nosutyzulbwemu","time":1611923356,"event":{"mods":["BaseMod","Marisa£®ÏF”Í°°ƒß¿Ì…≥£©","Minty Spire (QoL Compilation)","Reliquary","Replay The Spire","Shop Mod","StSLib","The Bug Knight","The Servant 0.9.4"],"gold_per_floor":[218,218,218,231,248,276,276,276,299,314,314,314],"floor_reached":11,"language":"ZHS","playtime":1316,"items_purged":[],"score":73,"play_id":"c39be5b5-7220-4958-aae3-0e6f3ea637f3","local_time":"20210129202916","is_ascension_mode":false,"campfire_choices":[{"floor":7,"key":"RECALL"}],"circlet_count":0,"master_deck":["Strike_S","Strike_S","Strike_S","Strike_S","Defend_S+1","Defend_S","Defend_S","Defend_S","KidneyShot","Exchange","Advance","Ricochet","Embodiment","SpecialFormula","BottledTime"],"relics":["Uniform","Boot","Calipers","ReplayTheSpireMod:Lightbulb"],"acts_visited":["Exordium"],"potions_floor_usage":[],"damage_taken":[{"damage":1,"enemies":"Jaw Worm","floor":1,"turns":5},{"damage":2,"enemies":"Small Slimes","floor":4,"turns":5},{"damage":0,"enemies":"2 Louse","floor":5,"turns":1},{"damage":19,"enemies":"3 Sentries","floor":6,"turns":6},{"damage":9,"enemies":"Exordium Thugs","floor":10,"turns":6},{"damage":65,"enemies":"Gremlin Nob","floor":11,"turns":5}],"seed_played":"2386286637989","potions_obtained":[{"floor":1,"key":"Energy Potion"},{"floor":5,"key":"Elixir"}],"is_trial":false,"path_per_floor":["M","?","?","M","M","E","R","?","T","M","E"],"character_chosen":"THE_SERVANT","items_purchased":[],"campfire_rested":0,"item_purchase_floors":[],"current_hp_per_floor":[64,64,64,62,62,43,43,43,43,39,0,0],"gold":314,"neow_bonus":"HUNDRED_GOLD","is_daily":false,"chose_seed":true,"campfire_upgraded":0,"win_rate":0.0,"timestamp":1611923356,"path_taken":["M","?","?","M","M","E","R","?","T","?","E"],"items_purchased_type":[],"build_version":"2020-12-22","purchased_purges":0,"victory":false,"max_hp_per_floor":[65,65,65,65,65,65,65,65,65,65,65,65],"card_choices":[{"not_picked":["Foresight","Replace"],"picked":"Advance","floor":1},{"not_picked":["Spin","DualDimension"],"picked":"Ricochet","floor":4},{"not_picked":["Unruled","Replace"],"picked":"Embodiment","floor":5},{"not_picked":["Read","Unruled"],"picked":"SpecialFormula","floor":6},{"not_picked":["Replace","Unruled"],"picked":"BottledTime","floor":10}],"player_experience":490066,"relics_obtained":[{"floor":6,"key":"Calipers"},{"floor":9,"key":"ReplayTheSpireMod:Lightbulb"}],"event_choices":[{"damage_healed":0,"gold_gain":0,"player_choice":"Box","damage_taken":0,"relics_obtained":["Boot"],"max_hp_gain":0,"max_hp_loss":0,"event_name":"Big Fish","floor":2,"gold_loss":0,"cards_obtained":["Regret"]},{"cards_removed":["Regret"],"damage_healed":0,"gold_gain":0,"player_choice":"Card Removal","damage_taken":0,"max_hp_gain":0,"max_hp_loss":0,"event_name":"Wheel of Change","floor":8,"gold_loss":0}],"is_beta":false,"boss_relics":[],"items_purged_floors":[],"is_endless":false,"potions_floor_spawned":[1,5],"killed_by":"Gremlin Nob","ascension_level":0}}