{"host":"takgv9cv6xf64vhq","time":1611937125,"event":{"mods":["BaseMod","Colored Powertips","Downfall","Hubris","LagranYue(拉格朗・月)","Marisa（F雨　魔理沙）","Minty Spire (QoL Compilation)","Replay The Spire","StSLib","The Animator","The Cursed","The Jungle","TheHeartMod"],"gold_per_floor":[111,111,161,181,181,213,213,241,266,266,441,541,564,577,577,681,681,701,1,1,14,12,41,41,67,67,217,42,53,53,53,53,156,156,77,129,7,7,216,164,189,232,232,232,303,339,98,144,144,144,144,144,30,85,97],"floor_reached":56,"language":"ZHS","playtime":3473,"items_purged":["Pain","Normality","ReplayTheSpireMod:Doomed","Normality"],"score":1903,"play_id":"048f3325-3b3e-4a63-8b94-42605e07bfd5","local_time":"20210130001845","is_ascension_mode":true,"campfire_choices":[{"data":"ReplayTheSpireMod:Corrosion Curse","floor":7.0,"key":"SMITH"},{"data":"Seeing Red","floor":15.0,"key":"SMITH"},{"data":"ReplayReversal","floor":24.0,"key":"SMITH"},{"floor":32.0,"key":"RECALL"},{"data":"Dual Wield","floor":49.0,"key":"SMITH"},{"data":"Disarm","floor":52,"key":"SMITH"}],"circlet_count":0,"master_deck":["Strike_R+1","Strike_R","Strike_R+1","Strike_R+1","Strike_R+1","Defend_R","Defend_R","Defend_R","Bash","Combust+1","Hallucinations","Spot Weakness","ReplayTheSpireMod:Corrosion Curse+1","Disarm","Voices","Doubt","downfall:Haunted","downfall:Haunted","Sickly","Impervious+1","CommonCold","Seeing Red+1","Fiend Fire+1","Sever Soul","Rupture","ReplayTheSpireMod:IOU","ReplayTheSpireMod:IOU","Parasite","ReplayTheSpireMod:IOU","ReplayTheSpireMod:IOU","Sickly","Clumsy","ReplayTheSpireMod:IOU","ReplayTheSpireMod:IOU","Amnesia","ReplayTheSpireMod:Corrosion Curse","Pommel Strike","ReplayReversal+1","ReplayTheSpireMod:IOU","Second Wind","Headbutt","ReplayTheSpireMod:IOU","Shame","Clothesline","ReplayTheSpireMod:IOU","ReplayTheSpireMod:IOU","Doubt","Dark Embrace","Evolve","Flame Barrier","Flame Barrier","ReplayTheSpireMod:IOU","Fire Breathing","Ghostly Armor","Cleave","Dramatic Entrance","Massacre+1","Pot Of Greed","Pot Of Greed","Pot Of Greed","Pot Of Greed","Pot Of Greed","Pot Of Greed","Infernal Blade","TheCursedMod:Dregs","hubris:Greed","Havoc+1","Shame","Eclipse","Replay:Parry","Mayhem+1","Delirium","ReplayTheSpireMod:IOU","Pot Of Greed","ReplayTheSpireMod:Splinters","ReplayTheSpireMod:Restless Dread","Pommel Strike","hubris:CleavingFinish+1","hubris:Greed","Carnage+1","Havoc+1","Dual Wield+1","ReplayTheSpireMod:IOU","hubris:Wrath","ReplayTheSpireMod:IOU","hubris:Gluttony","Pot Of Greed","ReplayTheSpireMod:IOU","hubris:Lust","Havoc","Disarm+1","Havoc","Pummel","ReplayTheSpireMod:IOU","Discovery","Languid","Wild Strike","ReplayTheSpireMod:IOU","Pot Of Greed","ReplayTheSpireMod:IOU","Doubt","ReplayTheSpireMod:IOU","Abandon","ReplayTheSpireMod:IOU","Impervious","True Grit+1","ReplayTheSpireMod:IOU","ReplayTheSpireMod:Restless Dread","ReplayTheSpireMod:IOU","ReplayTheSpireMod:IOU","Amnesia","Pot Of Greed","ReplayTheSpireMod:IOU","animator:Curse_Greed","ReplayTheSpireMod:IOU","animator:Curse_Greed","ReplayTheSpireMod:IOU","ReplayTheSpireMod:IOU","ReplayTheSpireMod:IOU","Clumsy","ReplayTheSpireMod:IOU","ReplayTheSpireMod:IOU","Shrug It Off","Pot Of Greed","ReplayTheSpireMod:IOU","Spreading Infection","ReplayTheSpireMod:IOU","ReplayTheSpireMod:IOU","ReplayTheSpireMod:IOU","ReplayTheSpireMod:Splinters","Shrug It Off+1","Pommel Strike","ReplayTheSpireMod:IOU","ReplayTheSpireMod:Splinters","ReplayTheSpireMod:IOU","ReplayTheSpireMod:IOU","Pot Of Greed","ReplayTheSpireMod:IOU","hubris:Sloth","ReplayTheSpireMod:IOU","Metallicize+1","ReplayTheSpireMod:IOU","Replay:Hysterical Blindness","ReplayTheSpireMod:IOU","ReplayTheSpireMod:IOU","Havoc","ReplayTheSpireMod:IOU","hubris:Disease","ReplayTheSpireMod:IOU","Pot Of Greed","ReplayTheSpireMod:IOU","ReplayTheSpireMod:IOU","ReplayTheSpireMod:IOU","ReplayTheSpireMod:IOU","Parasite","ReplayTheSpireMod:IOU","ReplayTheSpireMod:IOU","hubris:Envy","ReplayTheSpireMod:IOU","ReplayTheSpireMod:IOU","ReplayTheSpireMod:IOU","Regret","Pot Of Greed","ReplayTheSpireMod:IOU","ReplayTheSpireMod:IOU","hubris:ReadiedAction+1","ReplayTheSpireMod:IOU","Shame","Limit Break+1","ReplayTheSpireMod:IOU","Regret","ReplayTheSpireMod:IOU","ReplayTheSpireMod:IOU","ReplayTheSpireMod:IOU","Looming Evil","Pot Of Greed+1","ReplayTheSpireMod:IOU","ReplayTheSpireMod:IOU","ReplayTheSpireMod:IOU","ReplayTheSpireMod:IOU","ReplayTheSpireMod:IOU","ReplayTheSpireMod:IOU","ReplayTheSpireMod:IOU","ReplayTheSpireMod:IOU","Sickly","ReplayTheSpireMod:IOU","ReplayTheSpireMod:IOU","Pot Of Greed+1","ReplayTheSpireMod:IOU","hubris:Compulsion","ReplayTheSpireMod:IOU","ReplayTheSpireMod:IOU","ReplayTheSpireMod:IOU","hubris:Sloth","ReplayTheSpireMod:IOU","ReplayTheSpireMod:IOU","ReplayTheSpireMod:IOU","Languid","ReplayTheSpireMod:IOU","ReplayTheSpireMod:IOU","Pot Of Greed+1","ReplayTheSpireMod:IOU","ReplayTheSpireMod:IOU","hubris:Greed","ReplayTheSpireMod:IOU","ReplayTheSpireMod:IOU","ReplayTheSpireMod:IOU","downfall:Aged","ReplayTheSpireMod:IOU","Languid","ReplayTheSpireMod:IOU","ReplayTheSpireMod:IOU","Normality","ReplayTheSpireMod:IOU","Pot Of Greed+1","hubris:Disease","Bloodletting+1","Uppercut+1","Sword Boomerang+1","Twin Strike+1","Cleave+1","Wild Strike+1"],"relics":["Burning Blood","NeowsBlessing","ReplayTheSpireMod:Ring of Exchange","Ring of Greed","Replay:Wax Seal","The Courier","MealTicket","Juzu Bracelet","Bag of Preparation","WarpedTongs","Du-Vu Doll","hubris:ToyBattleship","Busted Crown","Guide Book","Kunai","bronze:DecasWashers","Snack Pack","Blood Vial","Potion Belt","Simple Rune","Oddly Smooth Stone","Grinning Jar","Frozen Egg 2","Slimebound:StickyStick","theJungle:ShellPeas","theJungle:PaperFaux","ReplayTheSpireMod:ShopPack","Torii","Guardian:PocketSentry","Spirit Poop","CeramicFish","CatCart","hubris:ChampionShield","OrangePellets","Gremlin Horn","hubris:SlimyHat","Replay:Bottled Steam","Pen Nib","Garlic","Incense Burner","Bronze Scales","Replay:Accelerometer","Quantum Egg","Mirror","King of Hearts","hexamod:BolsterEngine","Ginger","Bottled Tornado","Mummified Hand","Strawberry","War Paint","Centennial Puzzle","Orichalcum","Anchor","Akabeko","Happy Flower","hubris:Zylophone","hubris:Metronome","champ:DuelingGlove","Golden Egg","hubris:DisguiseKit","Whetstone","Replay:Mystery Machine","Replay:Rubber Ducky","hubris:Reverence","LagranYue:MagicReflectiveArmorRelic","Art of War","ReplayFunnel","Counterbalance","Bird Faced Urn","Replay:Bottled Flurry","Bottled Lightning","Ice Cream","LagranYue:GuidanceLightRelic","Replay:Bandana","Eternal Feather","Boot","Toy Ornithopter","hubris:Spice"],"acts_visited":["Exordium","Exordium","TheBeyond","TheEnding"],"potions_floor_usage":[55,55,55,55],"damage_taken":[{"damage":0.0,"enemies":"Small Slimes","floor":1.0,"turns":1.0},{"damage":0.0,"enemies":"Jaw Worm","floor":4.0,"turns":1.0},{"damage":0.0,"enemies":"Gremlin Nob","floor":6.0,"turns":1.0},{"damage":43.0,"enemies":"Lagavulin","floor":8.0,"turns":8.0},{"damage":10.0,"enemies":"Cultist","floor":14.0,"turns":3.0},{"damage":10.0,"enemies":"Slime Boss","floor":16.0,"turns":6.0},{"damage":23.0,"enemies":"Shell Parasite","floor":18.0,"turns":4.0},{"damage":12.0,"enemies":"theJungle:5_Spyders","floor":21.0,"turns":5.0},{"damage":1.0,"enemies":"theJungle:Cassacara","floor":23.0,"turns":2.0},{"damage":5.0,"enemies":"theJungle:2_Phrogs","floor":25.0,"turns":3.0},{"damage":0.0,"enemies":"theJungle:2_Snecko_Cultists","floor":29.0,"turns":1.0},{"damage":0.0,"enemies":"theJungle:FunGuy","floor":33.0,"turns":1.0},{"damage":16.0,"enemies":"3 Shapes","floor":35.0,"turns":2.0},{"damage":0.0,"enemies":"2 Orb Walkers","floor":36.0,"turns":1.0},{"damage":22.0,"enemies":"Giant Head","floor":40.0,"turns":5.0},{"damage":0.0,"enemies":"Orb Walker","floor":41.0,"turns":1.0},{"damage":0.0,"enemies":"Sphere and 2 Shapes","floor":42.0,"turns":1.0},{"damage":0.0,"enemies":"Orin","floor":45.0,"turns":2.0},{"damage":0.0,"enemies":"Nemesis","floor":46.0,"turns":3.0},{"damage":0.0,"enemies":"Jaw Worm Horde","floor":48.0,"turns":1.0},{"damage":18,"enemies":"Donu and Deca","floor":50,"turns":2},{"damage":2,"enemies":"Shield and Spear","floor":54,"turns":1},{"damage":35,"enemies":"The Heart","floor":55,"turns":6}],"seed_played":"-4138115790633045465","potions_obtained":[{"floor":1.0,"key":"LiquidBronze"},{"floor":8.0,"key":"Fire Potion"},{"floor":18.0,"key":"Weak Potion"},{"floor":25.0,"key":"Toxic Potion"},{"floor":33.0,"key":"Venom Potion"},{"floor":42.0,"key":"Adrenaline Potion"},{"floor":45.0,"key":"Toxic Potion"},{"floor":48.0,"key":"bronze:BurnAndBuffPotion"},{"floor":54,"key":"Cursed Concoction"}],"is_trial":false,"path_per_floor":["M","?","?","M","?","E","R","E","T","?","?","?","T","M","R","B",null,"M","$","?","M","$","E","R","E","T","?","?","M","?","?","R","B",null,"M","?","$","?","?","E","M","M","T","?","?","E","$","M","R","B",null,"R","$","E","B",null],"character_chosen":"IRONCLAD","items_purchased":["Sever Soul","Rupture","Guide Book","Kunai","bronze:DecasWashers","Snack Pack","Blood Vial","Potion Belt","Simple Rune","ReplayTheSpireMod:Corrosion Curse","Pommel Strike","ReplayReversal","Second Wind","Headbutt","Oddly Smooth Stone","Dark Embrace","Evolve","Flame Barrier","Fire Breathing","Ghostly Armor","Cleave","Dramatic Entrance","Guardian:PocketSentry","Pommel Strike","Havoc+1","OrangePellets","Dual Wield","Havoc","Disarm","Havoc","Gremlin Horn","Pummel","Discovery","hubris:SlimyHat","Replay:Bottled Steam","Abandon","Impervious","True Grit","Pen Nib","Garlic","Incense Burner","Bronze Scales","Replay:Accelerometer","Quantum Egg","Shrug It Off","Mirror","King of Hearts","hexamod:BolsterEngine","Shrug It Off","Pommel Strike","Ginger","Bottled Tornado","Mummified Hand","Metallicize+1","Strawberry","War Paint","Centennial Puzzle","Havoc","Orichalcum","Anchor","Akabeko","Happy Flower","hubris:Zylophone","hubris:Metronome","champ:DuelingGlove","Golden Egg","hubris:ReadiedAction","Limit Break","hubris:DisguiseKit","Whetstone","Replay:Mystery Machine","Replay:Rubber Ducky","hubris:Reverence","LagranYue:MagicReflectiveArmorRelic","Art of War","ReplayFunnel","Counterbalance","Bird Faced Urn","Replay:Bottled Flurry","Bottled Lightning","Ice Cream","LagranYue:GuidanceLightRelic","Replay:Bandana","Eternal Feather","Boot","Toy Ornithopter","hubris:Spice","hubris:Spice","Bloodletting","Uppercut","Sword Boomerang","Twin Strike","Cleave"],"campfire_rested":0,"item_purchase_floors":[19,19,19,19,19,19,19,19,19,19,19,19,19,19,19,22,22,22,22,22,22,22,37,37,47,47,47,47,47,47,47,47,47,53,53,53,53,53,53,53,53,53,53,53,53,53,53,53,53,53,53,53,53,53,53,53,53,53,53,53,53,53,53,53,53,53,53,53,53,53,53,53,53,53,53,53,53,53,53,53,53,53,53,53,53,53,53,53,53,53,53,53,53],"current_hp_per_floor":[80,80,80,80,80,80,80,43,43,43,43,48,48,44,44,40,85,68,83,83,79,85,85,85,85,85,85,85,85,85,85,85,85,85,75,85,85,85,85,69,77,85,85,85,85,85,85,85,85,73,85,85,108,108,86],"gold":97,"neow_bonus":"THREE_ENEMY_KILL","is_daily":false,"chose_seed":false,"campfire_upgraded":5,"win_rate":0.0,"timestamp":1611937125,"path_taken":["M","?","?","M","?","E","R","E","T","?","?","?","?","M","R","BOSS","M","$","?","M","?","E","R","E","T","?","?","M","?","?","R","BOSS","M","?","$","?","?","E","M","M","T","?","?","E","?","M","R","BOSS","R","$","E","BOSS"],"items_purchased_type":["Card","Card","Relic","Relic","Relic","Relic","Relic","Relic","Relic","Card","Card","Card","Card","Card","Relic","Card","Card","Card","Card","Card","Card","Card","Relic","Card","Card","Relic","Card","Card","Card","Card","Relic","Card","Card","Relic","Relic","Card","Card","Card","Relic","Relic","Relic","Relic","Relic","Relic","Card","Relic","Relic","Relic","Card","Card","Relic","Relic","Relic","Card","Relic","Relic","Relic","Card","Relic","Relic","Relic","Relic","Relic","Relic","Relic","Relic","Card","Card","Relic","Relic","Relic","Relic","Relic","Relic","Relic","Relic","Relic","Relic","Relic","Relic","Relic","Relic","Relic","Relic","Relic","Relic","Relic","Relic","Card","Card","Card","Card","Card"],"build_version":"2020-12-22","purchased_purges":4,"victory":true,"max_hp_per_floor":[80,80,80,80,80,80,80,80,80,80,80,85,85,85,85,85,85,85,85,85,85,85,85,85,85,85,85,85,85,85,85,85,85,85,85,85,85,85,85,85,85,85,85,85,85,85,85,85,85,85,85,85,108,108,108],"card_choices":[{"not_picked":["Fire Breathing","Infernal Blade"],"picked":"Combust","floor":1.0},{"not_picked":["ReplayTheSpireMod:Strike From Hell","Clothesline"],"picked":"Spot Weakness","floor":4.0},{"not_picked":["Abandon","Defy Death"],"picked":"ReplayTheSpireMod:Corrosion Curse","floor":6.0},{"not_picked":["Anger","Cleave"],"picked":"Disarm","floor":8.0},{"not_picked":["Headbutt","ReplayTheSpireMod:Strike From Hell"],"picked":"Seeing Red","floor":14.0},{"not_picked":["Feed","Offering"],"picked":"Fiend Fire","floor":16.0},{"not_picked":["Warcry"],"picked":"SKIP","floor":18.0},{"not_picked":[],"picked":"Clothesline","floor":21.0},{"not_picked":[],"picked":"Massacre+1","floor":23.0},{"not_picked":[],"picked":"Infernal Blade","floor":25.0},{"not_picked":[],"picked":"Havoc+1","floor":29.0},{"not_picked":[],"picked":"Eclipse","floor":33.0},{"not_picked":[],"picked":"Replay:Parry","floor":34.0},{"not_picked":[],"picked":"Mayhem","floor":34.0},{"not_picked":["Replay:Undeath\u0027s Touch"],"picked":"SKIP","floor":35.0},{"not_picked":[],"picked":"Pommel Strike","floor":40.0},{"not_picked":["Dropkick+1"],"picked":"SKIP","floor":41.0},{"not_picked":[],"picked":"hubris:CleavingFinish+1","floor":42.0},{"not_picked":[],"picked":"Carnage+1","floor":45.0},{"not_picked":["hubris:ReadiedAction"],"picked":"SKIP","floor":46.0},{"not_picked":[],"picked":"Wild Strike","floor":48.0},{"not_picked":["Replay:Battleflow"],"picked":"Wild Strike+1","floor":54}],"player_experience":202455,"relics_obtained":[{"floor":3.0,"key":"ReplayTheSpireMod:Ring of Exchange"},{"floor":3.0,"key":"Ring of Greed"},{"floor":3.0,"key":"Replay:Wax Seal"},{"floor":3.0,"key":"The Courier"},{"floor":6.0,"key":"MealTicket"},{"floor":8.0,"key":"Juzu Bracelet"},{"floor":9.0,"key":"Bag of Preparation"},{"floor":13.0,"key":"hubris:ToyBattleship"},{"floor":23.0,"key":"Grinning Jar"},{"floor":25.0,"key":"Frozen Egg 2"},{"floor":26.0,"key":"Slimebound:StickyStick"},{"floor":36.0,"key":"Torii"},{"floor":40.0,"key":"CeramicFish"},{"floor":45.0,"key":"CatCart"},{"floor":46.0,"key":"hubris:ChampionShield"}],"event_choices":[{"damage_healed":0.0,"max_hp_gain":0.0,"max_hp_loss":0.0,"gold_gain":0.0,"event_name":"Accursed Blacksmith","player_choice":"Rummage","floor":10.0,"gold_loss":0.0,"damage_taken":0.0,"relics_obtained":["WarpedTongs"],"cards_obtained":["Pain"]},{"damage_healed":0.0,"max_hp_gain":0.0,"max_hp_loss":0.0,"gold_gain":175.0,"event_name":"Liars Game","player_choice":"AGREE","floor":11.0,"gold_loss":0.0,"damage_taken":0.0,"cards_obtained":["Doubt"]},{"cards_removed":["Pain"],"damage_healed":0.0,"max_hp_gain":0.0,"max_hp_loss":0.0,"gold_gain":0.0,"event_name":"Purifier","player_choice":"Purged","floor":20.0,"gold_loss":0.0,"damage_taken":0.0},{"damage_healed":0.0,"max_hp_gain":0.0,"max_hp_loss":0.0,"gold_gain":0.0,"event_name":"Mysterious Sphere","player_choice":"Fight","floor":36.0,"gold_loss":0.0,"damage_taken":0.0},{"cards_removed":["Regret"],"damage_healed":0.0,"max_hp_gain":0.0,"max_hp_loss":0.0,"gold_gain":0.0,"event_name":"Bonfire Elementals","player_choice":"Offered Curse","floor":38.0,"gold_loss":0.0,"damage_taken":0.0,"relics_obtained":["Spirit Poop"]},{"cards_removed":["Pommel Strike"],"damage_healed":0.0,"max_hp_gain":0.0,"max_hp_loss":0.0,"gold_gain":0.0,"event_name":"Falling","player_choice":"Removed Attack","floor":44.0,"gold_loss":0.0,"damage_taken":0.0},{"damage_healed":0.0,"max_hp_gain":0.0,"max_hp_loss":0.0,"gold_gain":0.0,"event_name":"OrinTheCat","player_choice":"Fight","floor":45.0,"gold_loss":0.0,"damage_taken":0.0}],"is_beta":false,"boss_relics":[{"not_picked":["Empty Cage","Painkiller Herb"],"picked":"Busted Crown"},{"not_picked":["hubris:HerbalPaste","Runic Pyramid"],"picked":"ReplayTheSpireMod:ShopPack"}],"items_purged_floors":[19,37,47,53],"is_endless":false,"potions_floor_spawned":[1,8,18,25,33,42,45,48,54],"ascension_level":1}}