{"host":"36nosutyzulbwemu","time":1611946312,"event":{"mods":["BaseMod","Marisa£®ÏF”Í°°ƒß¿Ì…≥£©","Minty Spire (QoL Compilation)","Reliquary","Replay The Spire","Shop Mod","StSLib","The Bug Knight","The Servant 0.9.4"],"gold_per_floor":[111,111,124,124,124,152,168,184,234,250,12,63,63,20,20,123,123,141,141,141,141,155,180,180,194,240,29,29,40,66,77,77,177,177,194,416,416,428,448,479,479,489,566,94,94,110,122,133,133,133],"floor_reached":51,"language":"ZHS","playtime":4523,"items_purged":["Regret"],"score":824,"play_id":"1389e891-c6dd-4be4-bd1f-088aa06a6a27","local_time":"20210130025152","is_ascension_mode":false,"campfire_choices":[{"floor":13,"key":"REST"},{"floor":15,"key":"RECALL"},{"data":"Potential","floor":24,"key":"SMITH"},{"data":"Revamp","floor":28,"key":"SMITH"},{"data":"BestPractice","floor":41,"key":"SMITH"},{"data":"SilverBlades","floor":45,"key":"SMITH"}],"circlet_count":0,"master_deck":["Strike_S","Strike_S","Defend_S+1","Defend_S+1","Defend_S+1","KidneyShot","Exchange","CurseOfTheBell","Revamp+1","Sunlight+1","SpecialFormula+1","RealityMarble","MoonPhase","SilverBlades+1","TimeWarp","DualDimension","Alleviate","Spreading Infection","Replace+1","FlawlessForm","TimeTheft+1","ReplayTheSpireMod:IOU","Potential+1","Spin","Moondial+1","DualDimension+1","BestPractice+1","LightFlow","Potential","BottledTime+1","Alleviate+1","Ricochet","TheWorld","DoubleEdge+1","Luminosity+1","Moondial+1","SurpressingFire+1","InstantArmor"],"relics":["Calling Bell","Oddly Smooth Stone","Mercury Hourglass","Pondfish Scales","Replay:Bottled Eggs","Bag of Marbles","Blood Vial","TheAbacus","Happy Flower","ReplayTheSpireMod:CursedCoin","Pen Nib","Black Star","reliquary:Aerogel","reliquary:ExpiredCoupon","Letter Opener","reliquary:Stiletto","ReplayFunnel","Red Mask","SplendidAttire","Centennial Puzzle","reliquary:FeatherDuster","Frozen Egg 2","HandDrill","Iron Hammer"],"acts_visited":["Exordium","TheCity","TheBeyond"],"potions_floor_usage":[16,16,23,30,33,33,50],"damage_taken":[{"damage":1,"enemies":"Small Slimes","floor":1,"turns":3},{"damage":0,"enemies":"Jaw Worm","floor":3,"turns":5},{"damage":13,"enemies":"Lagavulin","floor":6,"turns":8},{"damage":5,"enemies":"2 Louse","floor":7,"turns":3},{"damage":6,"enemies":"Blue Slaver","floor":8,"turns":6},{"damage":10,"enemies":"Exordium Wildlife","floor":10,"turns":2},{"damage":0,"enemies":"Hexaghost","floor":16,"turns":11},{"damage":34,"enemies":"3 Byrds","floor":18,"turns":5},{"damage":0,"enemies":"Spheric Guardian","floor":22,"turns":15},{"damage":23,"enemies":"Slavers","floor":23,"turns":7},{"damage":0,"enemies":"Snecko","floor":25,"turns":6},{"damage":2,"enemies":"Snake Plant","floor":29,"turns":5},{"damage":12,"enemies":"Masked Bandits","floor":30,"turns":3},{"damage":17,"enemies":"Centurion and Healer","floor":31,"turns":5},{"damage":4,"enemies":"Champ","floor":33,"turns":12},{"damage":16,"enemies":"Orb Walker","floor":35,"turns":4},{"damage":0,"enemies":"3 Shapes","floor":38,"turns":1},{"damage":0,"enemies":"3 Darklings","floor":39,"turns":4},{"damage":0,"enemies":"Giant Head","floor":40,"turns":11},{"damage":0,"enemies":"Sphere and 2 Shapes","floor":42,"turns":3},{"damage":0,"enemies":"Jaw Worm Horde","floor":46,"turns":2},{"damage":0,"enemies":"4 Shapes","floor":47,"turns":2},{"damage":0,"enemies":"3 Darklings","floor":48,"turns":3},{"damage":23,"enemies":"Time Eater","floor":50,"turns":12}],"seed_played":"392141","potions_obtained":[{"floor":3,"key":"Cursed Concoction"},{"floor":6,"key":"LifebloodPotion"},{"floor":10,"key":"DistilledChaos"},{"floor":25,"key":"PowerPotion"},{"floor":30,"key":"Adrenaline Potion"},{"floor":31,"key":"AttackPotion"},{"floor":35,"key":"FairyPotion"},{"floor":39,"key":"Ancient Potion"},{"floor":42,"key":"FearPotion"},{"floor":48,"key":"Explosive Potion"}],"is_trial":false,"path_per_floor":["M","?","M","?","?","E","M","M","T","M","$","T","R","$","R","B",null,"M","?","?","?","M","E","R","M","T","$","R","M","?","M","R","B",null,"M","?","?","M","M","E","R","M","T","$","R","M","M","M","R","B",null],"character_chosen":"THE_SERVANT","items_purchased":["DualDimension","Alleviate","TheAbacus","ReplayTheSpireMod:CursedCoin","Pen Nib","Replace+1","ReplayFunnel","DualDimension+1","HandDrill","Iron Hammer"],"campfire_rested":1,"item_purchase_floors":[11,11,11,14,14,14,27,27,44,44],"current_hp_per_floor":[64,64,64,64,51,46,49,51,51,43,43,43,62,62,62,65,65,39,39,60,60,65,50,50,60,60,60,60,65,53,38,27,33,70,54,54,54,56,58,68,68,70,70,70,70,70,70,70,70,52],"gold":133,"neow_bonus":"BOSS_RELIC","is_daily":false,"chose_seed":true,"campfire_upgraded":4,"win_rate":0.0,"timestamp":1611946312,"path_taken":["M","?","M","?","?","E","M","M","T","M","$","?","R","$","R","BOSS","M","?","?","?","M","E","R","M","T","$","R","?","?","M","R","BOSS","M","?","?","M","?","E","R","M","T","$","R","?","?","M","R","BOSS"],"items_purchased_type":["Card","Card","Relic","Relic","Relic","Card","Relic","Card","Relic","Relic"],"build_version":"2020-12-22","purchased_purges":1,"victory":true,"max_hp_per_floor":[65,65,65,65,65,65,65,65,65,65,65,65,65,65,65,65,65,65,65,65,65,65,65,65,65,65,65,65,65,65,65,70,70,70,70,70,70,70,70,70,70,70,70,70,70,70,70,70,70,70],"card_choices":[{"not_picked":["Ricochet","DoubleEdge"],"picked":"Revamp","floor":1},{"not_picked":["TimeWarp","FastForward"],"picked":"SpecialFormula","floor":3},{"not_picked":["DualDimension","Revamp"],"picked":"RealityMarble","floor":6},{"not_picked":["DoubleEdge","WasteNot"],"picked":"MoonPhase","floor":7},{"not_picked":["Alleviate","TimeWarp"],"picked":"SilverBlades","floor":8},{"not_picked":["GearUp","DoubleEdge"],"picked":"TimeWarp","floor":10},{"not_picked":["Embodiment","Duplication"],"picked":"FlawlessForm","floor":16},{"not_picked":["DoubleEdge","FastForward+1"],"picked":"TimeTheft+1","floor":18},{"not_picked":["DualDimension+1","SurpressingFire"],"picked":"Potential","floor":22},{"not_picked":["Manipulate","Starlight"],"picked":"Spin","floor":23},{"not_picked":["FanOfKnives","Moonlight+1"],"picked":"Moondial+1","floor":25},{"not_picked":["GearUp","Replace"],"picked":"BestPractice","floor":29},{"not_picked":["Desolation","SpecialFormula+1"],"picked":"LightFlow","floor":30},{"not_picked":["Deadline","Rearm"],"picked":"Potential","floor":31},{"not_picked":["ForgedInTime","TrueSight"],"picked":"Deny","floor":33},{"not_picked":["Unruled","Contraction"],"picked":"BottledTime+1","floor":35},{"not_picked":["Rearm","Unruled"],"picked":"Alleviate+1","floor":38},{"not_picked":["Manipulate","ReturningBlade+1"],"picked":"Ricochet","floor":39},{"not_picked":["Hightail+1","Manipulate+1"],"picked":"TheWorld","floor":40},{"not_picked":["Potential","Rearm"],"picked":"DoubleEdge+1","floor":42},{"not_picked":["Rewind","Defy+1"],"picked":"Luminosity+1","floor":46},{"not_picked":["Ricochet","Revamp"],"picked":"Moondial+1","floor":47},{"not_picked":["Spin","Ricochet+1"],"picked":"SurpressingFire+1","floor":48}],"player_experience":507093,"relics_obtained":[{"floor":0,"key":"Oddly Smooth Stone"},{"floor":0,"key":"Mercury Hourglass"},{"floor":0,"key":"Pondfish Scales"},{"floor":6,"key":"Bag of Marbles"},{"floor":9,"key":"Blood Vial"},{"floor":12,"key":"Happy Flower"},{"floor":23,"key":"reliquary:ExpiredCoupon"},{"floor":23,"key":"Letter Opener"},{"floor":26,"key":"reliquary:Stiletto"},{"floor":30,"key":"Red Mask"},{"floor":40,"key":"Centennial Puzzle"},{"floor":40,"key":"reliquary:FeatherDuster"},{"floor":43,"key":"Frozen Egg 2"}],"event_choices":[{"damage_healed":0,"gold_gain":0,"cards_transformed":["Strike_S"],"player_choice":"Change","damage_taken":0,"max_hp_gain":0,"max_hp_loss":0,"event_name":"Living Wall","floor":2,"gold_loss":0,"cards_obtained":["Sunlight"]},{"damage_healed":0,"gold_gain":0,"player_choice":"Box","damage_taken":0,"relics_obtained":["Replay:Bottled Eggs"],"max_hp_gain":0,"max_hp_loss":0,"event_name":"Big Fish","floor":4,"gold_loss":0,"cards_obtained":["Regret"]},{"damage_healed":0,"gold_gain":0,"player_choice":"Entered Light","damage_taken":13,"max_hp_gain":0,"max_hp_loss":0,"event_name":"Shining Light","floor":5,"gold_loss":0,"cards_upgraded":["SpecialFormula","Sunlight"]},{"damage_healed":0,"gold_gain":0,"player_choice":"Ignored","damage_taken":0,"max_hp_gain":0,"max_hp_loss":0,"event_name":"Ghosts","floor":19,"gold_loss":0},{"damage_healed":21,"gold_gain":0,"player_choice":"Heal","damage_taken":0,"max_hp_gain":0,"max_hp_loss":0,"event_name":"The Library","floor":20,"gold_loss":0},{"damage_healed":0,"gold_gain":0,"player_choice":"Fought Bandits","damage_taken":0,"max_hp_gain":0,"max_hp_loss":0,"event_name":"Masked Bandits","floor":30,"gold_loss":0},{"damage_healed":0,"gold_gain":0,"player_choice":"Shed Blood","damage_taken":16,"max_hp_gain":5,"max_hp_loss":0,"event_name":"Forgotten Altar","floor":32,"gold_loss":0},{"damage_healed":0,"gold_gain":222,"player_choice":"Wore Mask","damage_taken":0,"max_hp_gain":0,"max_hp_loss":0,"event_name":"Tomb of Lord Red Mask","floor":36,"gold_loss":0},{"cards_removed":["Defend_S"],"damage_healed":0,"gold_gain":0,"player_choice":"Removed Skill","damage_taken":0,"max_hp_gain":0,"max_hp_loss":0,"event_name":"Falling","floor":37,"gold_loss":0}],"is_beta":false,"boss_relics":[{"not_picked":["Coffee Dripper","Velvet Choker"],"picked":"Black Star"},{"not_picked":["Snecko Eye","reliquary:RedPaperclip"],"picked":"SplendidAttire"}],"items_purged_floors":[44],"is_endless":false,"potions_floor_spawned":[3,6,10,25,30,31,35,39,42,48],"ascension_level":0}}