{"host":"YagamiMirai","time":1611913015,"event":{"mods":["Act Like it!","BaseMod","Downfall","Hermit","Lobotomy","Minty Spire (QoL Compilation)","Replay The Spire","Spicy Shops","StSLib","The Animator","The Gatherer","The Mystic","óô»ðÖ¸ÄÏ"],"gold_per_floor":[99,110,110,126,126,126,126,201,235,250,10,21,35,20,35,130,130,130,140,151,201,246,246,246,246,305,305,40,166,216,245,281,417,417,317,360,387,32,105,145,145,155,155,155],"floor_reached":42,"language":"ZHS","playtime":2892,"items_purged":["Pride","Normality"],"score":763,"play_id":"250ea00d-df89-45a3-8e36-12c4358f9947","local_time":"20210129173655","is_ascension_mode":false,"campfire_choices":[{"floor":1.0,"key":"DIG"},{"data":"Pot Of Greed","floor":6.0,"key":"SMITH"},{"data":"bronze:GetLatest","floor":18.0,"key":"SMITH"},{"data":"bronze:ItsAFeature","floor":27.0,"key":"SMITH"},{"data":"Pot Of Greed","floor":35.0,"key":"SMITH"}],"circlet_count":0,"master_deck":["bronze:Strike","bronze:Strike","bronze:Strike","bronze:Strike","bronze:Defend","bronze:Defend","bronze:Defend","bronze:Defend","bronze:Replicate","bronze:Goto","bronze:DelayedSlice+1","bronze:WhirlingStrike","CurseOfTheBell","CurseOfTheBell","Pot Of Greed+1","Pot Of Greed","Amnesia","bronze:Assembly+1","bronze:Invalidate","bronze:ItsAFeature+1","bronze:Overheat","bronze:GetLatest+1","bronze:WhirlingStrike","bronze:RecursiveStrike+1","hexamod:Hexaguard","hermit:FinalCanter","Pot Of Greed","ReplayTheSpireMod:Splinters","CommonCold","Injury","Gatherer:BambuSword","Rebound","Hallucinations","Slimebound:Grow","Voices","sneckomod:UnknownClassHEXA_GHOST_PURPLE+1","Pain","downfall:Icky","Pot Of Greed+1","animator:Curse_GriefSeed","Magnetism+1","Quick Slash+1","Normality","WristCuter+1","downfall:Aged","hermit:ImpendingDoom","hexamod:FifthSeal","Sickly","Languid","hexamod:SixthSeal","Pot Of Greed","Clumsy","ReplayTheSpireMod:Doomed","Shame","hexamod:SecondSeal","hexamod:GhostLash+1"],"relics":["bronze:BronzeCore","Guardian:PocketSentry","downfall:ExtraCursedBell","Grinning Jar","Onion Ring","StoneCalendar","Blue Candle","Garlic","PrismaticShard","Replay:Ancient Bell","Simple Rune","Kunai","Replay:Multitool","Ring of Peace","Ring of Greed","Replay:Bandana","Replay:Wax Seal","Singing Bowl","Akabeko","bronze:ProtectiveGoggles","Golden Egg","Guide Book","Lee\u0027s Waffle","Counterbalance","Mirror","Letter Opener","bronze:MakeshiftBattery","downfall:HeartBlessingGreen","ReplayTheSpireMod:CursedCoin","Bottled Lightning","Vajra","CaptainsWheel","Bottled Flame"],"acts_visited":["Exordium","TheCity","TheBeyond"],"potions_floor_usage":[39],"damage_taken":[{"damage":0.0,"enemies":"Cultist","floor":2.0,"turns":3.0},{"damage":0.0,"enemies":"2 Louse","floor":4.0,"turns":2.0},{"damage":30.0,"enemies":"Gremlin Nob","floor":9.0,"turns":4.0},{"damage":0.0,"enemies":"Small Slimes","floor":10.0,"turns":1.0},{"damage":0.0,"enemies":"downfall:FleeingMerchant","floor":11.0,"turns":4.0},{"damage":2.0,"enemies":"2 Fungi Beasts","floor":12.0,"turns":2.0},{"damage":0.0,"enemies":"Large Slime","floor":13.0,"turns":3.0},{"damage":0.0,"enemies":"downfall:FleeingMerchant","floor":14.0,"turns":4.0},{"damage":4.0,"enemies":"Blue Slaver","floor":15.0,"turns":2.0},{"damage":24.0,"enemies":"SI_SHIV_ARCHETYPE","floor":16.0,"turns":5.0},{"damage":18.0,"enemies":"Chosen","floor":19.0,"turns":5.0},{"damage":4.0,"enemies":"Shell Parasite","floor":20.0,"turns":3.0},{"damage":8.0,"enemies":"Cultist and Chosen","floor":22.0,"turns":4.0},{"damage":13.0,"enemies":"Slavers","floor":26.0,"turns":5.0},{"damage":6.0,"enemies":"downfall:FleeingMerchant","floor":28.0,"turns":4.0},{"damage":22.0,"enemies":"WA_ARCHETYPE_RETAIN","floor":29.0,"turns":7.0},{"damage":43.0,"enemies":"Book of Stabbing","floor":30.0,"turns":6.0},{"damage":3.0,"enemies":"Centurion and Healer","floor":31.0,"turns":4.0},{"damage":1.0,"enemies":"Chosen and Byrds","floor":32.0,"turns":3.0},{"damage":0.0,"enemies":"IC_MUSHROOM_ARCHETYPE","floor":33.0,"turns":3.0},{"damage":10.0,"enemies":"3 Darklings","floor":36.0,"turns":2.0},{"damage":30.0,"enemies":"3 Shapes","floor":37.0,"turns":4.0},{"damage":39,"enemies":"2 Orb Walkers","floor":39,"turns":5},{"damage":8,"enemies":"Sphere and 2 Shapes","floor":40,"turns":3},{"damage":25,"enemies":"Giant Head","floor":42,"turns":5}],"seed_played":"-2840719255696010495","potions_obtained":[{"floor":2.0,"key":"Strength Potion"},{"floor":8.0,"key":"downfall:CursedFountainPotion"},{"floor":10.0,"key":"Toxic Potion"},{"floor":16.0,"key":"champ:CounterPotion"},{"floor":20.0,"key":"Elixir"},{"floor":26.0,"key":"bronze:FreeFunctionsPotion"},{"floor":36.0,"key":"LiquidBronze"},{"floor":37.0,"key":"AttackPotion"},{"floor":39,"key":"CultistPotion"}],"is_trial":false,"path_per_floor":["R","M","?","M","?","R","T","?","E","M","$","M","M","$","M","B",null,"R","M","M","?","M","?","T","?","E","R","$","?","E","M","M","B",null,"R","M","M","$","?","M","T","E"],"character_chosen":"THE_AUTOMATON","items_purchased":["PrismaticShard","bronze:GetLatest","Golden Egg","Guide Book","Lee\u0027s Waffle","ReplayTheSpireMod:CursedCoin","Bottled Lightning","Vajra"],"campfire_rested":0,"item_purchase_floors":[11,11,28,28,28,38,38,38],"current_hp_per_floor":[77,77,77,77,77,77,77,77,47,47,47,45,45,45,41,17,77,77,59,55,55,47,47,47,47,34,34,86,66,23,20,19,19,88,88,80,52,52,15,7,7,0,0,0],"gold":155,"neow_bonus":"TEN_PERCENT_HP_BONUS","is_daily":false,"chose_seed":false,"campfire_upgraded":4,"win_rate":0.0,"timestamp":1611913015,"path_taken":["R","M","?","?","?","R","T","?","E","?","$","M","?","$","M","BOSS","R","M","M","?","M","?","T","?","E","R","$","?","E","?","M","BOSS","R","M","M","$","?","M","T","E"],"items_purchased_type":["Relic","Card","Relic","Relic","Relic","Relic","Relic","Relic"],"build_version":"2020-12-18","purchased_purges":2,"victory":false,"max_hp_per_floor":[77,77,77,77,77,77,77,77,77,77,77,77,77,77,77,77,77,77,77,77,77,77,77,77,77,77,77,86,88,88,88,88,88,88,88,90,92,92,94,94,94,94,94,94],"card_choices":[{"not_picked":["bronze:ItsAFeature","bronze:Overheat"],"picked":"bronze:DelayedSlice","floor":2.0},{"not_picked":["bronze:CloningBeam","bronze:Backtrace"],"picked":"bronze:WhirlingStrike","floor":4.0},{"not_picked":["bronze:MaxOutput","bronze:CutThrough"],"picked":"bronze:Invalidate","floor":9.0},{"not_picked":["bronze:BuggyMess","bronze:BurnOut"],"picked":"bronze:ItsAFeature","floor":10.0},{"not_picked":["bronze:Invalidate","bronze:DelayedGuard"],"picked":"bronze:Overheat","floor":11.0},{"not_picked":["Deadly Poison","Loneliness","animator:Berserker"],"picked":"SKIP","floor":12.0},{"not_picked":["RedEyes","bronze:DarkDash"],"picked":"bronze:WhirlingStrike","floor":13.0},{"not_picked":["animator:OrikoMikuni","champ:Parry"],"picked":"bronze:RecursiveStrike","floor":14.0},{"not_picked":["Headbutt","animator:Urushihara"],"picked":"hexamod:Hexaguard","floor":15.0},{"not_picked":["animator:Albedo","Gatherer:StoneFence"],"picked":"hermit:FinalCanter","floor":16.0},{"not_picked":["hermit:ImpendingDoom","Looming Evil"],"picked":"ReplayTheSpireMod:Splinters","floor":17.0},{"not_picked":["Voices","Spreading Infection"],"picked":"CommonCold","floor":17.0},{"not_picked":["animator:Curse_GriefSeed","Shame"],"picked":"Injury","floor":17.0},{"not_picked":["animator:Benimaru+1","sneckomod:QuickMove"],"picked":"Gatherer:BambuSword","floor":19.0},{"not_picked":["Consecrate+1","LikeWater"],"picked":"Rebound","floor":20.0},{"not_picked":["mysticmod:Feint","animator:Rena+1"],"picked":"Slimebound:Grow","floor":22.0},{"not_picked":["hexamod:ThirdSeal","hexamod:AdvancingGuard"],"picked":"sneckomod:UnknownClassHEXA_GHOST_PURPLE+1","floor":26.0},{"not_picked":["champ:HeartStrike","Gash","champ:EnGarde+1"],"picked":"Singing Bowl","floor":28.0},{"not_picked":["animator:Gillette+1","mysticmod:BulkUp","Guardian:TemporalStrike+1"],"picked":"Singing Bowl","floor":29.0},{"not_picked":["animator:Jibril","bronze:Turbo"],"picked":"Magnetism","floor":30.0},{"not_picked":["sneckomod:ImprovisedAttack","animator:LizardPriest"],"picked":"Quick Slash+1","floor":31.0},{"not_picked":["Hello World","FollowUp"],"picked":"WristCuter+1","floor":32.0},{"not_picked":["Corruption","mysticmod:Discipline"],"picked":"hexamod:FifthSeal","floor":33.0},{"not_picked":["Slimebound:ComboTackle","ClearTheMind+1","Gatherer:DrugPower"],"picked":"Singing Bowl","floor":36.0},{"not_picked":["hexamod:FirstSeal","hexamod:SecondSeal"],"picked":"hexamod:SixthSeal","floor":37.0},{"not_picked":["Slimebound:HungryTackle+1","champ:ShieldSigil+1","Force Field"],"picked":"Singing Bowl","floor":37.0},{"not_picked":["champ:RecklessLeap+1","Gaze","Fluid Movement+1"],"picked":"Singing Bowl","floor":39},{"not_picked":["hexamod:SixthSeal","hexamod:FourthSeal"],"picked":"hexamod:SecondSeal","floor":40},{"not_picked":["animator:ChaikaBohdan","Gatherer:FlowerShield+1"],"picked":"hexamod:GhostLash+1","floor":40}],"player_experience":965605,"relics_obtained":[{"floor":1.0,"key":"Guardian:PocketSentry"},{"floor":5.0,"key":"Grinning Jar"},{"floor":5.0,"key":"Onion Ring"},{"floor":5.0,"key":"StoneCalendar"},{"floor":7.0,"key":"Blue Candle"},{"floor":9.0,"key":"Garlic"},{"floor":21.0,"key":"Ring of Peace"},{"floor":21.0,"key":"Ring of Greed"},{"floor":21.0,"key":"Replay:Bandana"},{"floor":21.0,"key":"Replay:Wax Seal"},{"floor":24.0,"key":"Akabeko"},{"floor":26.0,"key":"bronze:ProtectiveGoggles"},{"floor":29.0,"key":"Counterbalance"},{"floor":29.0,"key":"Mirror"},{"floor":30.0,"key":"Letter Opener"},{"floor":39,"key":"CaptainsWheel"},{"floor":41,"key":"Bottled Flame"}],"event_choices":[{"damage_healed":0.0,"max_hp_gain":0.0,"max_hp_loss":0.0,"gold_gain":0.0,"event_name":"NoteForYourself","player_choice":"Ignored","floor":3.0,"gold_loss":0.0,"damage_taken":0.0},{"damage_healed":0.0,"max_hp_gain":0.0,"max_hp_loss":0.0,"gold_gain":0.0,"event_name":"Addict","player_choice":"Stole Relic","floor":23.0,"gold_loss":0.0,"damage_taken":0.0,"relics_obtained":["Singing Bowl"],"cards_obtained":["Pride"]},{"damage_healed":0,"gold_gain":0,"player_choice":"Fight","damage_taken":0,"max_hp_gain":0,"max_hp_loss":0,"event_name":"Mysterious Sphere","floor":39,"gold_loss":0}],"is_beta":true,"boss_relics":[{"not_picked":["Replay:Drink Me","Cursed Key"],"picked":"Replay:Ancient Bell"},{"not_picked":["Ancient Tea Set","Dream Catcher"],"picked":"Simple Rune"},{"not_picked":["Meat on the Bone","Ornamental Fan"],"picked":"Kunai"},{"not_picked":["Torii","Guardian:GemstoneGun"],"picked":"Replay:Multitool"},{"not_picked":["Honey Jar","Fusion Hammer"],"picked":"bronze:MakeshiftBattery"}],"items_purged_floors":[28,38],"is_endless":false,"potions_floor_spawned":[2,10,15,16,20,26,29,30,32,36,37,39],"killed_by":"Giant Head","ascension_level":0}}