{"host":"kydqlojjt9mno5rv","time":1611880370,"event":{"mods":["AchievementEnabler","BaseMod","Colored Powertips","Curses Come First","DeckTracker","Minty Spire (QoL Compilation)","Quick Restart","Replay The Spire","Shop Mod","Spicy Shops","StSLib","SuperFastMode","Synergy Search","Weighted Paths"],"gold_per_floor":[115,190,190,204,59,94,94,128,128,148,188,46,46,66,66,185,185,201,201,126,151,170,170,245,245,245,266,266,266,266],"floor_reached":29,"language":"ENG","playtime":1001,"items_purged":[],"score":253,"play_id":"1b21f0bc-4988-4918-922a-afdef13cf826","local_time":"20210128193250","is_ascension_mode":true,"campfire_choices":[{"floor":7,"key":"REST"},{"floor":13,"key":"REST"},{"floor":15,"key":"REST"},{"floor":23,"key":"REST"},{"floor":25,"key":"REST"}],"circlet_count":0,"master_deck":["Strike_G","Strike_G","Strike_G","Strike_G","Strike_G","Defend_G+1","Defend_G","Defend_G","Defend_G+1","Defend_G","Survivor","Neutralize","Choke","Injury","Draining Mist","Outmaneuver","Deadly Poison","Flying Knee","Crow Ritual","Bane","ReplayTheSpireMod:Necrosis","Poisoned Stab+1","Poisoned Stab","Deadly Poison","Voices"],"relics":["Ring of the Snake","Potion Belt","Golden Idol","TwistedFunnel","Onion Ring","Replay:Mystery Machine","War Paint","ReplayTheSpireMod:CursedCoin","WristBlade","Matryoshka","Ring of Fangs","Ring of Hypnosis"],"acts_visited":["Exordium","TheCity"],"potions_floor_usage":[16,22],"damage_taken":[{"damage":1,"enemies":"2 Louse","floor":1,"turns":4},{"damage":1,"enemies":"Jaw Worm","floor":4,"turns":4},{"damage":15,"enemies":"Gremlin Nob","floor":6,"turns":4},{"damage":25,"enemies":"Lagavulin","floor":8,"turns":6},{"damage":2,"enemies":"Small Slimes","floor":10,"turns":3},{"damage":30,"enemies":"3 Sentries","floor":11,"turns":12},{"damage":11,"enemies":"Exordium Wildlife","floor":14,"turns":6},{"damage":40,"enemies":"Hexaghost","floor":16,"turns":10},{"damage":17,"enemies":"Shell Parasite","floor":18,"turns":6},{"damage":23,"enemies":"3 Byrds","floor":21,"turns":4},{"damage":26,"enemies":"Shelled Parasite and Fungi","floor":22,"turns":6},{"damage":23,"enemies":"Snake Plant","floor":27,"turns":4},{"damage":21,"enemies":"Centurion and Healer","floor":29,"turns":3}],"seed_played":"-4150165454321945683","potions_obtained":[{"floor":8,"key":"Explosive Potion"},{"floor":10,"key":"Regen Potion"},{"floor":11,"key":"Energy Potion"},{"floor":14,"key":"Fire Potion"},{"floor":16,"key":"LiquidMemories"},{"floor":18,"key":"AttackPotion"}],"is_trial":false,"path_per_floor":["M","?","?","M","$","E","R","E","T","M","E","$","R","M","R","B",null,"M","?","?","M","M","R","?","R","T","M","?","M"],"character_chosen":"THE_SILENT","items_purchased":["TwistedFunnel","ReplayTheSpireMod:CursedCoin","Crow Ritual"],"campfire_rested":5,"item_purchase_floors":[5,12,12],"current_hp_per_floor":[69,58,58,57,57,42,63,38,38,36,6,6,27,16,37,11,70,53,53,53,30,4,25,18,39,39,16,16,0,0],"gold":266,"neow_bonus":"RANDOM_COMMON_RELIC","is_daily":false,"chose_seed":false,"campfire_upgraded":0,"win_rate":0.0,"timestamp":1611880370,"path_taken":["M","?","?","M","?","E","R","E","T","M","E","$","R","M","R","BOSS","M","?","?","M","M","R","?","R","T","?","?","M"],"items_purchased_type":["Relic","Relic","Card"],"build_version":"2020-12-22","purchased_purges":0,"victory":false,"max_hp_per_floor":[70,70,70,70,70,70,70,70,70,70,70,70,70,70,70,70,70,70,70,70,70,70,70,70,70,70,70,70,70,70],"card_choices":[{"not_picked":["Deflect","PiercingWail"],"picked":"Choke","floor":1},{"not_picked":["Leg Sweep","Prepared"],"picked":"Draining Mist","floor":4},{"not_picked":["Infinite Blades","Dagger Throw"],"picked":"Outmaneuver","floor":6},{"not_picked":["Escape Plan","Riddle With Holes"],"picked":"Deadly Poison","floor":8},{"not_picked":["Sucker Punch","Finisher"],"picked":"Flying Knee","floor":10},{"not_picked":["Finisher","Venomology","Slice"],"picked":"SKIP","floor":11},{"not_picked":["Deflect","Cloak And Dagger"],"picked":"Bane","floor":14},{"not_picked":["Venomology","Grand Finale"],"picked":"ReplayTheSpireMod:Necrosis","floor":16},{"not_picked":["Setup","Backstab+1"],"picked":"Poisoned Stab+1","floor":18},{"not_picked":["Choke","PiercingWail","Calculated Gamble"],"picked":"SKIP","floor":21},{"not_picked":["Dagger Throw+1","Blade Dance"],"picked":"Poisoned Stab","floor":22},{"not_picked":["Prepared","Dodge and Roll"],"picked":"Deadly Poison","floor":27}],"player_experience":158287,"relics_obtained":[{"floor":6,"key":"Onion Ring"},{"floor":8,"key":"Replay:Mystery Machine"},{"floor":11,"key":"War Paint"},{"floor":26,"key":"Matryoshka"},{"floor":28,"key":"Ring of Fangs"},{"floor":28,"key":"Ring of Hypnosis"}],"event_choices":[{"damage_healed":0,"gold_gain":75,"player_choice":"Gather Gold","damage_taken":11,"max_hp_gain":0,"max_hp_loss":0,"event_name":"World of Goop","floor":2,"gold_loss":0},{"damage_healed":0,"gold_gain":0,"player_choice":"Take Wound","damage_taken":0,"relics_obtained":["Golden Idol"],"max_hp_gain":0,"max_hp_loss":0,"event_name":"Golden Idol","floor":3,"gold_loss":0,"cards_obtained":["Injury"]},{"damage_healed":0,"gold_gain":0,"player_choice":"Ignored","damage_taken":0,"max_hp_gain":0,"max_hp_loss":0,"event_name":"Vampires","floor":19,"gold_loss":0},{"cards_removed":["Regret"],"damage_healed":0,"gold_gain":0,"player_choice":"Gave Gold","damage_taken":0,"max_hp_gain":0,"max_hp_loss":0,"event_name":"Beggar","floor":20,"gold_loss":75},{"damage_healed":0,"gold_gain":75,"player_choice":"Touch","damage_taken":7,"max_hp_gain":0,"max_hp_loss":0,"event_name":"FaceTrader","floor":24,"gold_loss":0}],"is_beta":false,"boss_relics":[{"not_picked":["Ectoplasm","ReplayTheSpireMod:DimensionalGlitch"],"picked":"WristBlade"}],"items_purged_floors":[],"is_endless":false,"potions_floor_spawned":[8,10,11,14,16,18,21],"killed_by":"Centurion and Healer","ascension_level":1}}