{"host":"nwd160me4iqdtr8u","time":1611911778,"event":{"mods":["AchievementEnabler","Act Like it!","BaseMod","Colored Map","DeckTracker","Minty Spire (QoL Compilation)","Quick Restart","Rare Cards Sparkle","StSLib","SuperFastMode","everything is the same but u backflip on backflip"],"gold_per_floor":[116,130,150,120,45,74,74,90,141,153,153,167,167,177,177,273,273,286,286,303,313,313,348,348,348,348,361,361,361,361,371,371,472,472,488,505,147,167,177,177,205,219,219,219,219,219,234,109,109,109],"floor_reached":51,"language":"KOR","playtime":2822,"items_purged":["Strike_G","Strike_G+1","Strike_G+1"],"score":1067,"play_id":"fac54858-8aba-4bce-ae6c-2b70f8c323fe","local_time":"20210129181618","is_ascension_mode":true,"campfire_choices":[{"data":"Infinite Blades","floor":7.0,"key":"SMITH"},{"floor":11.0,"key":"REST"},{"data":"Blade Dance","floor":15.0,"key":"SMITH"},{"floor":24.0,"key":"REST"},{"floor":30.0,"key":"REST"},{"data":"Footwork","floor":32.0,"key":"SMITH"},{"floor":40,"key":"REST"},{"data":"Accuracy","floor":49,"key":"SMITH"}],"circlet_count":0,"master_deck":["AscendersBane","Defend_G","Defend_G","Defend_G","Defend_G","Survivor","Neutralize","Backflip","Blade Dance+1","Accuracy+1","Infinite Blades+1","Malaise","Footwork+1","Bouncing Flask","Predator","After Image+1","Choke","Leg Sweep","PiercingWail+1","Storm of Steel","Venomology+1","All Out Attack+1","Quick Slash+1","Acrobatics+1","Blur+1","Blur","Well Laid Plans","PiercingWail","Reflex","Writhe","Terror"],"relics":["Ring of the Snake","Blue Candle","Bag of Marbles","Ornamental Fan","WristBlade","Whetstone","Eternal Feather","Vajra","Astrolabe","Matryoshka","Pear","Art of War","Mummified Hand"],"acts_visited":["Exordium","TheCity","TheBeyond"],"potions_floor_usage":[36,38,38,38,41,41,42,47,50,50,50],"damage_taken":[{"damage":0.0,"enemies":"Cultist","floor":1.0,"turns":4.0},{"damage":9.0,"enemies":"2 Louse","floor":2.0,"turns":3.0},{"damage":8.0,"enemies":"Jaw Worm","floor":3.0,"turns":5.0},{"damage":6.0,"enemies":"Looter","floor":4.0,"turns":4.0},{"damage":17.0,"enemies":"Lagavulin","floor":6.0,"turns":8.0},{"damage":2.0,"enemies":"2 Fungi Beasts","floor":8.0,"turns":4.0},{"damage":2.0,"enemies":"Red Slaver","floor":10.0,"turns":3.0},{"damage":11.0,"enemies":"Looter","floor":12.0,"turns":3.0},{"damage":5.0,"enemies":"3 Louse","floor":14.0,"turns":5.0},{"damage":11.0,"enemies":"The Guardian","floor":16.0,"turns":12.0},{"damage":4.0,"enemies":"3 Byrds","floor":18.0,"turns":6.0},{"damage":2.0,"enemies":"Shell Parasite","floor":20.0,"turns":4.0},{"damage":14.0,"enemies":"Chosen and Byrds","floor":21.0,"turns":7.0},{"damage":26.0,"enemies":"Gremlin Leader","floor":23.0,"turns":8.0},{"damage":13.0,"enemies":"Cultist and Chosen","floor":27.0,"turns":6.0},{"damage":13.0,"enemies":"Colosseum Slavers","floor":28.0,"turns":6.0},{"damage":3.0,"enemies":"Snecko","floor":31.0,"turns":5.0},{"damage":13.0,"enemies":"Automaton","floor":33.0,"turns":10.0},{"damage":18.0,"enemies":"3 Darklings","floor":35.0,"turns":6.0},{"damage":9,"enemies":"Orb Walker","floor":36,"turns":5},{"damage":4,"enemies":"Jaw Worm Horde","floor":38,"turns":5},{"damage":16,"enemies":"Sphere and 2 Shapes","floor":39,"turns":14},{"damage":3,"enemies":"Nemesis","floor":41,"turns":11},{"damage":4,"enemies":"3 Darklings","floor":42,"turns":6},{"damage":7,"enemies":"Spire Growth","floor":47,"turns":6},{"damage":50,"enemies":"Time Eater","floor":50,"turns":14}],"seed_played":"5569425293572576272","potions_obtained":[{"floor":3.0,"key":"Ancient Potion"},{"floor":10.0,"key":"GamblersBrew"},{"floor":12.0,"key":"ColorlessPotion"},{"floor":16.0,"key":"Dexterity Potion"},{"floor":23.0,"key":"LiquidBronze"},{"floor":27.0,"key":"PowerPotion"},{"floor":31.0,"key":"Weak Potion"},{"floor":33.0,"key":"SpeedPotion"},{"floor":36,"key":"DuplicationPotion"},{"floor":41,"key":"DistilledChaos"},{"floor":47,"key":"Poison Potion"}],"is_trial":false,"path_per_floor":["M","M","M","M","$","E","R","M","T","M","R","M","T","M","R","B",null,"M","?","M","M","?","E","R","?","T","M","?","T","R","M","R","B",null,"M","M","$","M","M","R","E","M","T","?","?","?","M","$","R","B",null],"character_chosen":"THE_SILENT","items_purchased":["Matryoshka"],"campfire_rested":4,"item_purchase_floors":[37],"current_hp_per_floor":[63,54,46,40,40,23,23,21,21,19,40,29,29,24,24,13,56,52,52,50,36,36,10,31,31,31,18,5,5,38,35,50,37,62,44,35,35,31,15,51,58,54,54,49,69,69,62,62,80,30],"gold":109,"neow_bonus":"THREE_CARDS","is_daily":false,"chose_seed":false,"campfire_upgraded":4,"win_rate":0.0,"timestamp":1611911778,"path_taken":["M","M","?","M","$","E","R","M","T","M","R","M","?","M","R","BOSS","M","?","?","M","?","E","R","?","T","M","?","?","R","M","R","BOSS","M","M","$","M","M","R","E","M","T","?","?","?","M","$","R","BOSS"],"items_purchased_type":["Relic"],"build_version":"2020-12-22","purchased_purges":3,"victory":true,"max_hp_per_floor":[70,70,70,70,70,70,70,70,70,70,70,70,70,70,70,70,70,70,70,70,70,70,70,70,70,70,70,70,70,70,70,70,70,70,70,70,70,70,70,70,80,80,80,80,80,80,80,80,80,80],"card_choices":[{"not_picked":["Prepared","Bane"],"picked":"Backflip","floor":0.0},{"not_picked":["Backflip","Expertise"],"picked":"Blade Dance","floor":1.0},{"not_picked":["Backflip","Outmaneuver","Sucker Punch"],"picked":"SKIP","floor":2.0},{"not_picked":["Cloak And Dagger","Concentrate"],"picked":"Accuracy","floor":3.0},{"not_picked":["Flechettes","Bane"],"picked":"Infinite Blades","floor":4.0},{"not_picked":["Crippling Poison","Setup"],"picked":"Malaise","floor":6.0},{"not_picked":["Backflip","Deadly Poison","Deflect"],"picked":"SKIP","floor":8.0},{"not_picked":["Bane","Sucker Punch"],"picked":"Footwork","floor":10.0},{"not_picked":["Skewer","Blade Dance"],"picked":"Bouncing Flask","floor":12.0},{"not_picked":["Prepared","Cloak And Dagger"],"picked":"Predator","floor":14.0},{"not_picked":["Venomology","Malaise"],"picked":"After Image","floor":16.0},{"not_picked":["PiercingWail","Cloak And Dagger","Underhanded Strike"],"picked":"SKIP","floor":18.0},{"not_picked":["Quick Slash","Dagger Spray+1"],"picked":"Choke","floor":20.0},{"not_picked":["Noxious Fumes","Underhanded Strike"],"picked":"Leg Sweep","floor":21.0},{"not_picked":["Dagger Spray","Leg Sweep","Heel Hook"],"picked":"SKIP","floor":23.0},{"not_picked":["Acrobatics","Expertise"],"picked":"Infinite Blades+1","floor":27.0},{"not_picked":["Dagger Throw","Outmaneuver"],"picked":"PiercingWail+1","floor":31.0},{"not_picked":["Bullet Time","Tools of the Trade"],"picked":"Storm of Steel","floor":33.0},{"not_picked":["Dodge and Roll","Infinite Blades"],"picked":"Acrobatics+1","floor":35.0},{"not_picked":["Prepared","Quick Slash"],"picked":"Blur+1","floor":36},{"not_picked":["Noxious Fumes","Flechettes"],"picked":"Blur","floor":38},{"not_picked":["Deadly Poison","Skewer+1"],"picked":"Well Laid Plans","floor":39},{"not_picked":["Endless Agony","Cloak And Dagger"],"picked":"PiercingWail","floor":41},{"not_picked":["Corpse Explosion","Acrobatics+1"],"picked":"Reflex","floor":42},{"not_picked":["Underhanded Strike","Catalyst"],"picked":"Terror","floor":47}],"player_experience":303040,"relics_obtained":[{"floor":6.0,"key":"Blue Candle"},{"floor":9.0,"key":"Bag of Marbles"},{"floor":13.0,"key":"Ornamental Fan"},{"floor":23.0,"key":"Whetstone"},{"floor":26.0,"key":"Eternal Feather"},{"floor":29.0,"key":"Vajra"},{"floor":41,"key":"Pear"},{"floor":43,"key":"Art of War"},{"floor":43,"key":"Mummified Hand"}],"event_choices":[{"damage_healed":0.0,"max_hp_gain":0.0,"max_hp_loss":0.0,"gold_gain":0.0,"event_name":"Upgrade Shrine","player_choice":"Upgraded","floor":19.0,"gold_loss":0.0,"damage_taken":0.0,"cards_upgraded":["After Image"]},{"damage_healed":0.0,"max_hp_gain":0.0,"max_hp_loss":0.0,"gold_gain":0.0,"event_name":"Forgotten Altar","player_choice":"Smashed Altar","floor":22.0,"gold_loss":0.0,"damage_taken":0.0,"cards_obtained":["Decay"]},{"cards_removed":["Decay"],"damage_healed":0.0,"max_hp_gain":0.0,"max_hp_loss":0.0,"gold_gain":0.0,"event_name":"Back to Basics","player_choice":"Elegance","floor":25.0,"gold_loss":0.0,"damage_taken":0.0},{"damage_healed":0.0,"max_hp_gain":0.0,"max_hp_loss":0.0,"gold_gain":0.0,"event_name":"Colosseum","player_choice":"Fight","floor":28.0,"gold_loss":0.0,"damage_taken":0.0},{"damage_healed":0.0,"max_hp_gain":0.0,"max_hp_loss":0.0,"gold_gain":0.0,"event_name":"Colosseum","player_choice":"Fled From Nobs","floor":28.0,"gold_loss":0.0,"damage_taken":0.0},{"damage_healed":0,"gold_gain":0,"player_choice":"Memory 2","damage_taken":5,"max_hp_gain":0,"max_hp_loss":0,"event_name":"SensoryStone","floor":44,"gold_loss":0},{"damage_healed":20,"gold_gain":0,"player_choice":"Writhe","damage_taken":0,"max_hp_gain":0,"max_hp_loss":0,"event_name":"Winding Halls","floor":45,"gold_loss":0,"cards_obtained":["Writhe"]},{"cards_removed":["Infinite Blades"],"damage_healed":0,"gold_gain":0,"player_choice":"Removed Power","damage_taken":0,"max_hp_gain":0,"max_hp_loss":0,"event_name":"Falling","floor":46,"gold_loss":0}],"is_beta":false,"boss_relics":[{"not_picked":["Pandora\u0027s Box","Runic Pyramid"],"picked":"WristBlade"},{"not_picked":["Coffee Dripper","Tiny House"],"picked":"Astrolabe"}],"items_purged_floors":[5,37,48],"is_endless":false,"potions_floor_spawned":[3,10,12,16,23,27,31,33,36,41,47],"ascension_level":12}}