{"host":"na09lpbrez4gbfiz","time":1611915426,"event":{"mods":["Act Like it!","BaseMod","BetterRewards","Colored Map","Colored Powertips","DeckTracker","Googly Eyes","Highlight Path","Minty Spire (QoL Compilation)","Quick Restart","Spicy Shops","StSLib","SuperFastMode","Synergy Search"],"gold_per_floor":[109,109,59,59,78,114,114,153,153,166,166,166,179,195,195,320,320,345,345,345,358,374,374,413,12,37,49,105,117,129,162,174,186,186],"floor_reached":33,"language":"ENG","playtime":817,"items_purged":["Strike_G","Strike_G"],"score":493,"play_id":"8444845e-deb5-4e2a-8060-2700d80251dd","local_time":"20210129111706","is_ascension_mode":true,"campfire_choices":[{"data":"Blade Dance","floor":7.0,"key":"SMITH"},{"floor":11.0,"key":"REST"},{"floor":15.0,"key":"REST"},{"data":"Accuracy","floor":23.0,"key":"SMITH"},{"floor":30,"key":"REST"},{"data":"1","floor":32,"key":"LIFT"}],"circlet_count":0,"master_deck":["AscendersBane","Strike_G","Defend_G","Defend_G+1","Defend_G","Defend_G","Defend_G","Survivor","Neutralize+1","Deadly Poison+1","Blade Dance+1","Acrobatics","Backstab","A Thousand Cuts","Accuracy+1","Backstab","Infinite Blades","Escape Plan+1","Prepared","PiercingWail"],"relics":["Ring of the Snake","NeowsBlessing","Golden Idol","Matryoshka","Bottled Lightning","Happy Flower","Art of War","Cursed Key","MutagenicStrength","PreservedInsect","Girya","Omamori","Regal Pillow","MawBank","Tiny Chest"],"acts_visited":["Exordium","TheCity"],"potions_floor_usage":[24,33],"damage_taken":[{"damage":0.0,"enemies":"Cultist","floor":1.0,"turns":1.0},{"damage":0.0,"enemies":"2 Louse","floor":5.0,"turns":1.0},{"damage":0.0,"enemies":"3 Sentries","floor":6.0,"turns":1.0},{"damage":38.0,"enemies":"Lagavulin","floor":8.0,"turns":6.0},{"damage":0.0,"enemies":"Small Slimes","floor":10.0,"turns":1.0},{"damage":2.0,"enemies":"Red Slaver","floor":13.0,"turns":2.0},{"damage":0.0,"enemies":"Looter","floor":14.0,"turns":1.0},{"damage":13.0,"enemies":"Hexaghost","floor":16.0,"turns":9.0},{"damage":14.0,"enemies":"2 Thieves","floor":18.0,"turns":4.0},{"damage":5.0,"enemies":"3 Byrds","floor":21.0,"turns":3.0},{"damage":2.0,"enemies":"3 Cultists","floor":22.0,"turns":4.0},{"damage":14,"enemies":"Book of Stabbing","floor":24,"turns":4},{"damage":5,"enemies":"Gremlin Leader","floor":28,"turns":3},{"damage":14,"enemies":"Centurion and Healer","floor":31,"turns":5},{"damage":50,"enemies":"Collector","floor":33,"turns":7}],"seed_played":"-8157858369595106706","potions_obtained":[{"floor":10.0,"key":"GamblersBrew"},{"floor":13.0,"key":"FearPotion"},{"floor":16.0,"key":"SpeedPotion"},{"floor":22.0,"key":"LiquidBronze"}],"is_trial":false,"path_per_floor":["M","?","?","?","M","E","R","E","T","M","R","?","M","M","R","B",null,"M","?","?","M","M","R","E","$","T","?","E","$","R","M","R","B"],"character_chosen":"THE_SILENT","items_purchased":["Girya","Omamori"],"campfire_rested":3,"item_purchase_floors":[25,25],"current_hp_per_floor":[63,46,46,46,46,46,46,8,8,8,29,15,13,13,34,21,58,44,44,44,39,37,37,23,23,23,23,18,18,54,40,40,0,0],"gold":186,"neow_bonus":"THREE_ENEMY_KILL","is_daily":false,"chose_seed":false,"campfire_upgraded":2,"win_rate":0.0,"timestamp":1611915426,"path_taken":["M","?","?","?","?","E","R","E","T","M","R","?","M","M","R","BOSS","M","?","?","?","M","R","E","$","T","?","E","$","R","M","R","BOSS"],"items_purchased_type":["Relic","Relic"],"build_version":"2020-12-22","purchased_purges":2,"victory":false,"max_hp_per_floor":[70,70,70,70,70,70,70,70,70,70,70,70,70,70,70,70,70,70,70,70,70,70,70,70,70,70,70,70,70,70,70,70,70,70],"card_choices":[{"not_picked":["Acrobatics","Deflect"],"picked":"Deadly Poison","floor":1.0},{"not_picked":["Outmaneuver","Heel Hook"],"picked":"Blade Dance","floor":5.0},{"not_picked":["Backflip","Dagger Throw"],"picked":"Acrobatics","floor":6.0},{"not_picked":["Predator","Eviscerate","Backstab"],"picked":"SKIP","floor":8.0},{"not_picked":["Predator","Eviscerate"],"picked":"Backstab","floor":8.0},{"not_picked":["Prepared","Slice"],"picked":"A Thousand Cuts","floor":10.0},{"not_picked":["Cloak And Dagger","Underhanded Strike"],"picked":"Accuracy","floor":13.0},{"not_picked":["Eviscerate","Dagger Spray"],"picked":"Backstab","floor":14.0},{"not_picked":["Tactician","Noxious Fumes"],"picked":"Infinite Blades","floor":18.0},{"not_picked":["Acrobatics","Deadly Poison","Concentrate"],"picked":"SKIP","floor":21.0},{"not_picked":["Dagger Spray+1","Acrobatics"],"picked":"Escape Plan+1","floor":22.0},{"not_picked":["Outmaneuver","Deflect"],"picked":"Prepared","floor":24},{"not_picked":["PiercingWail+1","Deadly Poison","Wraith Form v2"],"picked":"SKIP","floor":28},{"not_picked":["Poisoned Stab","Eviscerate"],"picked":"PiercingWail","floor":31}],"player_experience":214181,"relics_obtained":[{"floor":6.0,"key":"Matryoshka"},{"floor":8.0,"key":"Bottled Lightning"},{"floor":9.0,"key":"Happy Flower"},{"floor":9.0,"key":"Art of War"},{"floor":24,"key":"PreservedInsect"},{"floor":26,"key":"Regal Pillow"},{"floor":26,"key":"MawBank"},{"floor":28,"key":"Tiny Chest"}],"event_choices":[{"damage_healed":0.0,"max_hp_gain":0.0,"max_hp_loss":0.0,"gold_gain":0.0,"event_name":"Golden Idol","player_choice":"Take Damage","floor":2.0,"gold_loss":0.0,"damage_taken":17.0,"relics_obtained":["Golden Idol"]},{"cards_removed":["Strike_G"],"damage_healed":0.0,"max_hp_gain":0.0,"max_hp_loss":0.0,"gold_gain":0.0,"event_name":"The Cleric","player_choice":"Card Removal","floor":3.0,"gold_loss":50.0,"damage_taken":0.0},{"damage_healed":0.0,"max_hp_gain":0.0,"max_hp_loss":0.0,"gold_gain":0.0,"event_name":"Upgrade Shrine","player_choice":"Upgraded","floor":4.0,"gold_loss":0.0,"damage_taken":0.0,"cards_upgraded":["Deadly Poison"]},{"damage_healed":0.0,"max_hp_gain":0.0,"max_hp_loss":0.0,"gold_gain":0.0,"event_name":"Shining Light","player_choice":"Entered Light","floor":12.0,"gold_loss":0.0,"damage_taken":14.0,"cards_upgraded":["Neutralize","Defend_G"]},{"cards_removed":["Strike_G"],"damage_healed":0.0,"max_hp_gain":0.0,"max_hp_loss":0.0,"gold_gain":0.0,"event_name":"Back to Basics","player_choice":"Elegance","floor":19.0,"gold_loss":0.0,"damage_taken":0.0},{"damage_healed":0.0,"max_hp_gain":0.0,"max_hp_loss":0.0,"gold_gain":0.0,"event_name":"Drug Dealer","player_choice":"Inject Mutagens","floor":20.0,"gold_loss":0.0,"damage_taken":0.0,"relics_obtained":["MutagenicStrength"]},{"damage_healed":0,"gold_gain":0,"player_choice":"Ignored","damage_taken":0,"max_hp_gain":0,"max_hp_loss":0,"event_name":"Vampires","floor":27,"gold_loss":0}],"is_beta":false,"boss_relics":[{"not_picked":["Fusion Hammer","Ectoplasm"],"picked":"Cursed Key"}],"items_purged_floors":[25,25],"is_endless":false,"potions_floor_spawned":[10,13,16,22,31],"killed_by":"Collector","ascension_level":11}}