{"host":"tq99ucv8ezzqzioe","time":1611895692,"event":{"mods":["BaseMod","Colored Map","Downfall","Highlight Path","Minty Spire (QoL Compilation)","StSLib"],"gold_per_floor":[15,15,15,35,55,90,90,108,131,97,97,132,152,6,6,130,130,153,153,203,253,303,303,303,303],"floor_reached":24,"language":"ENG","playtime":2427,"items_purged":[],"score":263,"play_id":"351f0d99-f6e4-4246-932f-b3c7f7494402","local_time":"20210128234812","is_ascension_mode":true,"campfire_choices":[{"data":"Sadistic Nature","floor":7,"key":"SMITH"},{"floor":15,"key":"REST"},{"floor":23,"key":"REST"}],"circlet_count":0,"master_deck":["Strike_R","Strike_R","Strike_R","Strike_R","Defend_R+1","Defend_R+1","Defend_R","Defend_R","Bash","Sadistic Nature+1","Thunderclap","Hemokinesis","Battle Trance","Reaper","Thunderclap","Headbutt","Inflame","Shrug It Off","Power Through","Double Tap"],"relics":["Burning Blood","Golden Idol","Juzu Bracelet","Chemical X","Philosopher\u0027s Stone","SsserpentHead","Calipers","Nloth\u0027s Gift"],"acts_visited":["Exordium","TheCity"],"potions_floor_usage":[6,13,16,18],"damage_taken":[{"damage":7,"enemies":"Jaw Worm","floor":1,"turns":3},{"damage":9,"enemies":"2 Louse","floor":4,"turns":3},{"damage":2,"enemies":"Cultist","floor":5,"turns":2},{"damage":26,"enemies":"3 Sentries","floor":6,"turns":6},{"damage":2,"enemies":"Gremlin Gang","floor":8,"turns":3},{"damage":32,"enemies":"Gremlin Nob","floor":12,"turns":4},{"damage":33,"enemies":"Exordium Thugs","floor":13,"turns":5},{"damage":38,"enemies":"Hexaghost","floor":16,"turns":10},{"damage":85,"enemies":"3 Byrds","floor":18,"turns":6},{"damage":60,"enemies":"Slavers","floor":24,"turns":3}],"seed_played":"-4811675306642598994","potions_obtained":[{"floor":4,"key":"BloodPotion"},{"floor":5,"key":"BlessingOfTheForge"},{"floor":8,"key":"Strength Potion"},{"floor":13,"key":"ColorlessPotion"}],"is_trial":false,"path_per_floor":["M","?","?","M","M","E","R","M","T","?","?","E","M","$","R","B",null,"M","?","?","T","?","R","E"],"character_chosen":"IRONCLAD","items_purchased":["Chemical X"],"campfire_rested":2,"item_purchase_floors":[14],"current_hp_per_floor":[71,51,51,48,52,44,44,52,52,52,52,32,17,17,41,18,65,8,8,8,8,8,32,0,0],"gold":303,"neow_bonus":"RANDOM_COLORLESS_2","is_daily":false,"chose_seed":false,"campfire_upgraded":1,"win_rate":0.0,"timestamp":1611895692,"path_taken":["M","?","?","M","M","E","R","M","T","?","?","E","M","$","R","BOSS","M","?","?","?","?","R","E"],"items_purchased_type":["Relic"],"build_version":"2020-12-22","purchased_purges":0,"victory":false,"max_hp_per_floor":[80,80,80,80,80,80,80,80,80,80,80,80,80,80,80,80,80,80,80,80,80,80,80,80,80],"card_choices":[{"not_picked":["Violence","Chrysalis"],"picked":"Sadistic Nature","floor":0},{"not_picked":["Iron Wave","Headbutt"],"picked":"Thunderclap","floor":1},{"not_picked":["Heavy Blade","Warcry"],"picked":"Battle Trance","floor":4},{"not_picked":["Clothesline","Burning Pact"],"picked":"Reaper","floor":5},{"not_picked":["Flex","Dual Wield"],"picked":"Thunderclap","floor":6},{"not_picked":["Clash","Heavy Blade"],"picked":"Headbutt","floor":8},{"not_picked":["Battle Trance","Wild Strike"],"picked":"Inflame","floor":12},{"not_picked":["Metallicize","Wild Strike"],"picked":"Shrug It Off","floor":13},{"not_picked":["Warcry","Blood for Blood"],"picked":"Power Through","floor":15},{"not_picked":["Corruption","Reaper"],"picked":"Double Tap","floor":16},{"not_picked":["Searing Blow","Sever Soul","Twin Strike"],"picked":"SKIP","floor":18}],"player_experience":802024,"relics_obtained":[{"floor":6,"key":"Dream Catcher"},{"floor":12,"key":"Juzu Bracelet"},{"floor":21,"key":"Calipers"}],"event_choices":[{"damage_healed":0,"gold_gain":0,"player_choice":"Take Damage","damage_taken":20,"relics_obtained":["Golden Idol"],"max_hp_gain":0,"max_hp_loss":0,"event_name":"Golden Idol","floor":2,"gold_loss":0},{"damage_healed":0,"gold_gain":0,"cards_transformed":["Strike_R"],"player_choice":"Change","damage_taken":0,"max_hp_gain":0,"max_hp_loss":0,"event_name":"Living Wall","floor":3,"gold_loss":0,"cards_obtained":["Hemokinesis"]},{"damage_healed":0,"gold_gain":0,"player_choice":"Left Gold","damage_taken":0,"max_hp_gain":0,"max_hp_loss":0,"event_name":"World of Goop","floor":10,"gold_loss":34},{"damage_healed":0,"gold_gain":0,"player_choice":"Upgraded","damage_taken":0,"max_hp_gain":0,"max_hp_loss":0,"event_name":"Upgrade Shrine","floor":11,"gold_loss":0,"cards_upgraded":["Defend_R"]},{"damage_healed":0,"gold_gain":0,"player_choice":"Trade","damage_taken":0,"relics_obtained":["SsserpentHead"],"max_hp_gain":0,"max_hp_loss":0,"event_name":"FaceTrader","floor":19,"gold_loss":0},{"damage_healed":0,"gold_gain":0,"player_choice":"Forge","damage_taken":0,"max_hp_gain":0,"max_hp_loss":0,"event_name":"Accursed Blacksmith","floor":20,"gold_loss":0,"cards_upgraded":["Defend_R"]},{"damage_healed":0,"gold_gain":0,"player_choice":"Traded Relic","damage_taken":0,"relics_obtained":["Nloth\u0027s Gift"],"max_hp_gain":0,"max_hp_loss":0,"event_name":"N\u0027loth","floor":22,"relics_lost":["Dream Catcher"],"gold_loss":0}],"is_beta":false,"boss_relics":[{"not_picked":["Pandora\u0027s Box","Mark of Pain"],"picked":"Philosopher\u0027s Stone"}],"items_purged_floors":[],"is_endless":false,"potions_floor_spawned":[4,5,8,13],"killed_by":"Slavers","ascension_level":6}}