{"host":"lktusdb9orijgc6z","time":1611930519,"event":{"mods":["BaseMod","Bestiary","Colored Map","Colored Powertips","Minty Spire (QoL Compilation)","Permanent Neow","Quick Restart","Relic Stats","StSLib","everything is the same but u backflip on backflip","slay the spire mod where everything is the same but ironclad has a cowboy hat"],"gold_per_floor":[18,28,28,47,64,64,64,64,64],"floor_reached":8,"language":"ENG","playtime":208,"items_purged":[],"score":96,"play_id":"3d3dae48-10d2-4180-ae87-3d0928a850a6","local_time":"20210129152839","is_ascension_mode":true,"campfire_choices":[{"data":"Reprogram","floor":6,"key":"SMITH"}],"circlet_count":0,"master_deck":["AscendersBane","Strike_B","Strike_B","Strike_B","Defend_B","Defend_B","Defend_B","Defend_B","Dualcast","Chill","Compile Driver","Reprogram+1","Sweeping Beam","Doom and Gloom","Reboot"],"relics":["Cracked Core","WingedGreaves"],"acts_visited":[],"potions_floor_usage":[8],"damage_taken":[{"damage":2,"enemies":"2 Louse","floor":1,"turns":2},{"damage":2,"enemies":"Jaw Worm","floor":2,"turns":4},{"damage":4,"enemies":"Cultist","floor":4,"turns":4},{"damage":22,"enemies":"Large Slime","floor":5,"turns":6},{"damage":39,"enemies":"Gremlin Nob","floor":8,"turns":3}],"seed_played":"5962780707838956727","potions_obtained":[{"floor":1,"key":"Strength Potion"}],"is_trial":false,"path_per_floor":["M","M","?","M","M","R","?","E"],"character_chosen":"DEFECT","items_purchased":[],"campfire_rested":0,"item_purchase_floors":[],"current_hp_per_floor":[62,60,60,56,34,34,34,0,0],"gold":64,"neow_bonus":"ONE_RARE_RELIC","is_daily":false,"chose_seed":false,"campfire_upgraded":1,"win_rate":0.0,"timestamp":1611930519,"path_taken":["M","M","?","M","M","R","?","E"],"items_purchased_type":[],"build_version":"2020-12-22","purchased_purges":0,"victory":false,"max_hp_per_floor":[71,71,71,71,71,71,71,71,71],"relic_stats":{"counters":[5,19],"obtain_stats":[{"WingedGreaves":0,"Cracked Core":0},{"WingedGreaves":0,"Cracked Core":0},{"WingedGreaves":0,"Cracked Core":0}]},"card_choices":[{"not_picked":["Consume","Streamline"],"picked":"Chill","floor":1},{"not_picked":["Streamline","Steam"],"picked":"Compile Driver","floor":2},{"not_picked":["Leap","Redo"],"picked":"Sweeping Beam","floor":4},{"not_picked":["Go for the Eyes","Turbo"],"picked":"Doom and Gloom","floor":5}],"player_experience":714967,"relics_obtained":[],"event_choices":[{"damage_healed":0,"gold_gain":0,"cards_transformed":["Strike_B"],"player_choice":"Change","damage_taken":0,"max_hp_gain":0,"max_hp_loss":0,"event_name":"Living Wall","floor":3,"gold_loss":0,"cards_obtained":["Reprogram"]},{"damage_healed":0,"gold_gain":0,"cards_transformed":["Zap"],"player_choice":"Transformed","damage_taken":0,"max_hp_gain":0,"max_hp_loss":0,"event_name":"Transmorgrifier","floor":7,"gold_loss":0,"cards_obtained":["Reboot"]}],"is_beta":false,"boss_relics":[],"items_purged_floors":[],"is_endless":false,"potions_floor_spawned":[1],"killed_by":"Gremlin Nob","ascension_level":20}}