{"host":"jx3f6ezc0g3s9edc","time":1611888581,"event":{"mods":["AchievementEnabler","BaseMod","Bestiary","Colored Map","Highlight Path","Minty Spire (QoL Compilation)","StSLib"],"gold_per_floor":[118,138,157,157,157,184,197,272,272,272,272,283,283,248,248,349,349,369,369,168,188,205,205,224,224,224,224,224,84,95,112,112,215,215,231,246,246,246,246],"floor_reached":38,"language":"ENG","playtime":3070,"items_purged":["Strike_R","Strike_R"],"score":376,"play_id":"c67f9782-d6c2-4a33-86c7-353580bf125d","local_time":"20210128214941","is_ascension_mode":false,"campfire_choices":[{"data":"Shockwave","floor":10.0,"key":"SMITH"},{"data":"Iron Wave","floor":13.0,"key":"SMITH"},{"data":"Metallicize","floor":15.0,"key":"SMITH"},{"data":"Searing Blow","floor":23.0,"key":"SMITH"},{"data":"Searing Blow+1","floor":25.0,"key":"SMITH"},{"data":"Searing Blow+2","floor":27.0,"key":"SMITH"},{"data":"Barricade","floor":32,"key":"SMITH"}],"circlet_count":0,"master_deck":["Strike_R","Strike_R+1","Strike_R","Defend_R","Defend_R","Defend_R","Defend_R+1","Bash","Reckless Charge","Twin Strike","Shockwave+1","Pommel Strike","Iron Wave+1","Metallicize+1","Reaper","Searing Blow+4","Inflame","Evolve+1","Cleave+1","Headbutt+1","Metallicize","Barricade+1","Limit Break","Shrug It Off+1"],"relics":["Black Blood"],"acts_visited":["Exordium","TheCity","TheBeyond"],"potions_floor_usage":[31,33],"damage_taken":[{"damage":3.0,"enemies":"Cultist","floor":1.0,"turns":5.0},{"damage":5.0,"enemies":"2 Louse","floor":2.0,"turns":2.0},{"damage":0.0,"enemies":"Small Slimes","floor":3.0,"turns":2.0},{"damage":23.0,"enemies":"Lagavulin","floor":6.0,"turns":8.0},{"damage":5.0,"enemies":"2 Fungi Beasts","floor":7.0,"turns":4.0},{"damage":8.0,"enemies":"Lots of Slimes","floor":12.0,"turns":4.0},{"damage":12.0,"enemies":"The Guardian","floor":16.0,"turns":15.0},{"damage":13.0,"enemies":"Shell Parasite","floor":18.0,"turns":6.0},{"damage":5.0,"enemies":"Chosen","floor":21.0,"turns":5.0},{"damage":8.0,"enemies":"Centurion and Healer","floor":22.0,"turns":7.0},{"damage":15.0,"enemies":"3 Cultists","floor":24.0,"turns":6.0},{"damage":12.0,"enemies":"Cultist and Chosen","floor":30.0,"turns":6.0},{"damage":8,"enemies":"Snake Plant","floor":31,"turns":4},{"damage":126,"enemies":"Collector","floor":33,"turns":15},{"damage":45,"enemies":"3 Darklings","floor":35,"turns":8},{"damage":21,"enemies":"Orb Walker","floor":36,"turns":5},{"damage":60,"enemies":"Spire Growth","floor":38,"turns":8}],"seed_played":"-8534626934273635399","potions_obtained":[{"floor":2.0,"key":"PowerPotion"},{"floor":16.0,"key":"Weak Potion"},{"floor":21.0,"key":"DuplicationPotion"},{"floor":30.0,"key":"FairyPotion"}],"is_trial":false,"path_per_floor":["M","M","M","?","?","E","M","?","T","R","T","M","R","?","R","B",null,"M","?","$","M","M","R","M","R","T","R","?","$","M","M","R","B",null,"M","M","?","M"],"character_chosen":"IRONCLAD","items_purchased":["Inflame","Block Potion","Metallicize"],"campfire_rested":0,"item_purchase_floors":[20,20,29],"current_hp_per_floor":[88,88,88,70,70,53,54,43,43,43,43,41,41,63,63,57,88,87,87,87,88,88,88,79,79,79,79,79,79,82,80,80,18,88,55,46,46,0,0],"gold":246,"neow_bonus":"TEN_PERCENT_HP_BONUS","is_daily":false,"chose_seed":false,"campfire_upgraded":7,"win_rate":0.0,"timestamp":1611888581,"path_taken":["M","M","M","?","?","E","M","?","T","R","?","M","R","?","R","BOSS","M","?","$","M","M","R","M","R","T","R","?","$","M","?","R","BOSS","M","M","?","M"],"items_purchased_type":["Card","Potion","Card"],"build_version":"2020-12-22","purchased_purges":2,"victory":false,"max_hp_per_floor":[88,88,88,88,88,88,88,88,88,88,88,88,88,88,88,88,88,88,88,88,88,88,88,88,88,88,88,88,88,88,88,88,88,88,88,88,88,88,88],"card_choices":[{"not_picked":["Anger","Burning Pact"],"picked":"Reckless Charge","floor":1.0},{"not_picked":["Fire Breathing","Armaments"],"picked":"Twin Strike","floor":2.0},{"not_picked":["Armaments","Sword Boomerang"],"picked":"Shockwave","floor":3.0},{"not_picked":["Thunderclap","Metallicize"],"picked":"Pommel Strike","floor":6.0},{"not_picked":["Heavy Blade","Havoc"],"picked":"Iron Wave","floor":7.0},{"not_picked":["Body Slam","Heavy Blade"],"picked":"Metallicize","floor":12.0},{"not_picked":["Juggernaut","Demon Form"],"picked":"Reaper","floor":16.0},{"not_picked":["Reckless Charge","Anger"],"picked":"Searing Blow","floor":18.0},{"not_picked":["Flex","Inflame+1"],"picked":"Evolve+1","floor":21.0},{"not_picked":["Sword Boomerang","Power Through"],"picked":"Cleave+1","floor":22.0},{"not_picked":["Iron Wave","Spot Weakness"],"picked":"Headbutt+1","floor":24.0},{"not_picked":["Sword Boomerang","Flame Barrier","Clothesline"],"picked":"SKIP","floor":30.0},{"not_picked":["Havoc","Cleave"],"picked":"Barricade","floor":31},{"not_picked":["Juggernaut","Corruption"],"picked":"Limit Break","floor":33},{"not_picked":["Iron Wave+1","Clash","Body Slam+1"],"picked":"SKIP","floor":35},{"not_picked":["Body Slam","Clothesline"],"picked":"Shrug It Off+1","floor":36}],"player_experience":786883,"relics_obtained":[],"event_choices":[{"damage_healed":0.0,"max_hp_gain":0.0,"max_hp_loss":0.0,"gold_gain":0.0,"event_name":"Shining Light","player_choice":"Entered Light","floor":4.0,"gold_loss":0.0,"damage_taken":18.0,"cards_upgraded":["Strike_R","Defend_R"]},{"damage_healed":0.0,"max_hp_gain":0.0,"max_hp_loss":0.0,"gold_gain":0.0,"event_name":"Scrap Ooze","player_choice":"Fled","floor":5.0,"gold_loss":0.0,"damage_taken":0.0},{"damage_healed":0.0,"max_hp_gain":0.0,"max_hp_loss":0.0,"gold_gain":75.0,"event_name":"World of Goop","player_choice":"Gather Gold","floor":8.0,"gold_loss":0.0,"damage_taken":11.0},{"damage_healed":22.0,"max_hp_gain":0.0,"max_hp_loss":0.0,"gold_gain":0.0,"event_name":"The Cleric","player_choice":"Healed","floor":14.0,"gold_loss":35.0,"damage_taken":0.0},{"damage_healed":0.0,"max_hp_gain":0.0,"max_hp_loss":0.0,"gold_gain":0.0,"event_name":"Cursed Tome","player_choice":"Ignored","floor":19.0,"gold_loss":0.0,"damage_taken":0.0},{"damage_healed":0.0,"max_hp_gain":0.0,"max_hp_loss":0.0,"gold_gain":0.0,"event_name":"Upgrade Shrine","player_choice":"Upgraded","floor":28.0,"gold_loss":0.0,"damage_taken":0.0,"cards_upgraded":["Searing Blow"]},{"damage_healed":0,"gold_gain":0,"player_choice":"Ignored","damage_taken":0,"max_hp_gain":0,"max_hp_loss":0,"event_name":"Mysterious Sphere","floor":37,"gold_loss":0}],"is_beta":false,"boss_relics":[{"not_picked":["Pandora\u0027s Box","Calling Bell","Snecko Eye"]},{"not_picked":["Runic Cube","Runic Pyramid"],"picked":"Black Blood"}],"items_purged_floors":[20,29],"is_endless":false,"potions_floor_spawned":[2,16,21,30],"killed_by":"Spire Growth","ascension_level":0}}