{"host":"8b2tzytxrazqquwe","time":1611961638,"event":{"mods":["BaseMod","Card Forge","Colored Map","Highlight Path","Minty Spire (QoL Compilation)","StSLib"],"gold_per_floor":[111,36,47,47,47,47,59,59,83,100,100,116,116,134,134,239,239,259,259,358,376,391,391,404,439,439,439,54,54,70,80,80,180,180,191,66,116,136,136,136,148,148,148,148,177,189,189,189,189,189],"floor_reached":51,"language":"ENG","playtime":1465,"items_purged":["Defend_R","Strike_R","Strike_R"],"score":687,"play_id":"be216358-a4df-4953-8b97-af562d9e2467","local_time":"20210129230718","is_ascension_mode":false,"campfire_choices":[{"data":"Flex","floor":6.0,"key":"SMITH"},{"data":"Strike_R","floor":8.0,"key":"SMITH"},{"data":"Strike_R","floor":11.0,"key":"SMITH"},{"data":"Whirlwind","floor":13.0,"key":"SMITH"},{"data":"Clash","floor":15.0,"key":"SMITH"},{"floor":23.0,"key":"REST"},{"floor":27.0,"key":"REST"},{"data":"Flex","floor":32.0,"key":"SMITH"},{"floor":40.0,"key":"REST"},{"floor":42.0,"key":"REST"},{"data":"1","floor":44.0,"key":"LIFT"},{"data":"2","floor":49,"key":"LIFT"}],"circlet_count":0,"master_deck":["Strike_R+1","Strike_R+1","Strike_R","Defend_R","Defend_R","Bash+1","Flex+1","Whirlwind+1","Clash+1","Anger","Spot Weakness+1","Flex+1","Double Tap","Clash","Heavy Blade","Violence"],"relics":["Burning Blood","Hammer of Thor","Seething Fire","Anvil of the Gods","Regal Pillow","SlaversCollar","Pen Nib","Mercury Hourglass","Girya","Philosopher\u0027s Stone","FossilizedHelix","Anchor","Happy Flower"],"acts_visited":["Exordium","TheCity","TheBeyond"],"potions_floor_usage":[46],"damage_taken":[{"damage":1.0,"enemies":"Cultist","floor":1.0,"turns":3.0},{"damage":0.0,"enemies":"Small Slimes","floor":3.0,"turns":3.0},{"damage":0.0,"enemies":"2 Louse","floor":7.0,"turns":2.0},{"damage":18.0,"enemies":"Exordium Thugs","floor":10.0,"turns":3.0},{"damage":10.0,"enemies":"Looter","floor":12.0,"turns":2.0},{"damage":0.0,"enemies":"Large Slime","floor":14.0,"turns":3.0},{"damage":60.0,"enemies":"Hexaghost","floor":16.0,"turns":6.0},{"damage":10.0,"enemies":"Spheric Guardian","floor":18.0,"turns":3.0},{"damage":20.0,"enemies":"2 Thieves","floor":21.0,"turns":3.0},{"damage":44.0,"enemies":"Shelled Parasite and Fungi","floor":22.0,"turns":4.0},{"damage":21.0,"enemies":"Snake Plant","floor":24.0,"turns":3.0},{"damage":27.0,"enemies":"Slavers","floor":25.0,"turns":3.0},{"damage":5.0,"enemies":"Chosen and Byrds","floor":30.0,"turns":4.0},{"damage":3.0,"enemies":"Snecko","floor":31.0,"turns":3.0},{"damage":40.0,"enemies":"Automaton","floor":33.0,"turns":6.0},{"damage":0.0,"enemies":"3 Darklings","floor":35.0,"turns":2.0},{"damage":58.0,"enemies":"Mind Bloom Boss Battle","floor":37.0,"turns":5.0},{"damage":19.0,"enemies":"Orb Walker","floor":38.0,"turns":3.0},{"damage":50.0,"enemies":"Spire Growth","floor":41.0,"turns":4.0},{"damage":62.0,"enemies":"Giant Head","floor":45.0,"turns":7.0},{"damage":2,"enemies":"Sphere and 2 Shapes","floor":46,"turns":4},{"damage":50,"enemies":"Awakened One","floor":50,"turns":5}],"seed_played":"-4217238648663547326","potions_obtained":[{"floor":3.0,"key":"EntropicBrew"},{"floor":22.0,"key":"ColorlessPotion"},{"floor":24.0,"key":"SteroidPotion"},{"floor":25.0,"key":"Fruit Juice"},{"floor":30.0,"key":"Block Potion"},{"floor":31.0,"key":"Ancient Potion"},{"floor":38.0,"key":"Fruit Juice"},{"floor":41.0,"key":"FearPotion"}],"is_trial":false,"path_per_floor":["M","$","M","$","?","R","M","R","T","M","R","M","R","M","R","B",null,"M","?","?","M","M","R","M","E","T","R","$","?","M","M","R","B",null,"M","$","?","M","?","R","M","R","T","R","E","M","?","?","R","B",null],"character_chosen":"IRONCLAD","items_purchased":["Girya"],"campfire_rested":4,"item_purchase_floors":[28],"current_hp_per_floor":[80,80,80,80,80,80,80,80,80,68,68,64,64,70,70,32,80,76,61,61,47,9,49,34,18,18,60,60,60,61,64,64,30,90,90,90,38,30,30,72,28,70,70,70,14,18,79,79,79,35],"gold":189,"neow_bonus":"UPGRADE_CARD","is_daily":false,"chose_seed":false,"campfire_upgraded":6,"win_rate":0.0,"timestamp":1611961638,"path_taken":["M","$","?","$","?","R","M","R","T","M","R","?","R","M","R","BOSS","M","?","?","M","?","R","M","E","T","R","$","?","M","M","R","BOSS","M","$","?","M","?","R","M","R","T","R","E","M","?","?","R","BOSS"],"items_purchased_type":["Relic"],"build_version":"2020-12-22","purchased_purges":3,"victory":true,"max_hp_per_floor":[80,80,80,80,80,80,80,80,80,80,80,80,80,80,80,80,80,80,85,85,85,85,85,85,90,90,90,90,90,90,90,90,90,90,90,90,90,95,90,90,90,90,90,90,90,90,79,79,79,79],"card_choices":[{"not_picked":["Heavy Blade","Inflame"],"picked":"Flex","floor":1.0},{"not_picked":["Uppercut","Thunderclap","Warcry"],"picked":"SKIP","floor":3.0},{"not_picked":["Iron Wave","Power Through","Sever Soul"],"picked":"SKIP","floor":7.0},{"not_picked":["Reckless Charge","Bloodletting","Thunderclap"],"picked":"SKIP","floor":10.0},{"not_picked":["Cleave","Clothesline"],"picked":"Whirlwind","floor":12.0},{"not_picked":["Rampage","Sever Soul"],"picked":"Clash","floor":14.0},{"not_picked":["Clothesline","Battle Trance"],"picked":"Anger","floor":18.0},{"not_picked":["Shrug It Off","Feel No Pain","Fire Breathing"],"picked":"SKIP","floor":21.0},{"not_picked":["Perfected Strike","True Grit","Second Wind"],"picked":"SKIP","floor":22.0},{"not_picked":["True Grit","Sword Boomerang"],"picked":"Spot Weakness","floor":24.0},{"not_picked":["Hemokinesis","Burning Pact+1","Fire Breathing"],"picked":"SKIP","floor":25.0},{"not_picked":["Pommel Strike","True Grit","Rupture"],"picked":"SKIP","floor":30.0},{"not_picked":["Headbutt","Twin Strike"],"picked":"Flex","floor":31.0},{"not_picked":["Demon Form","Juggernaut"],"picked":"Double Tap","floor":33.0},{"not_picked":["Shrug It Off+1","Dropkick+1","Body Slam"],"picked":"SKIP","floor":35.0},{"not_picked":["Blood for Blood","Armaments"],"picked":"Clash","floor":38.0},{"not_picked":["Sword Boomerang","Armaments"],"picked":"Heavy Blade","floor":41.0},{"not_picked":["Thunderclap","Twin Strike"],"picked":"Heavy Blade","floor":45.0},{"not_picked":["Sword Boomerang+1","Metallicize+1","Armaments"],"picked":"SKIP","floor":46},{"not_picked":["Secret Weapon","Madness"],"picked":"Violence","floor":48}],"player_experience":1852,"relics_obtained":[{"floor":9.0,"key":"Regal Pillow"},{"floor":25.0,"key":"Pen Nib"},{"floor":26.0,"key":"Mercury Hourglass"},{"floor":37.0,"key":"FossilizedHelix"},{"floor":43.0,"key":"Anchor"},{"floor":45.0,"key":"Happy Flower"}],"event_choices":[{"cards_removed":["Defend_R"],"damage_healed":0.0,"max_hp_gain":0.0,"max_hp_loss":0.0,"gold_gain":0.0,"event_name":"Purifier","player_choice":"Purged","floor":5.0,"gold_loss":0.0,"damage_taken":0.0},{"damage_healed":0.0,"max_hp_gain":5.0,"max_hp_loss":0.0,"gold_gain":0.0,"event_name":"Forgotten Altar","player_choice":"Shed Blood","floor":19.0,"gold_loss":0.0,"damage_taken":20.0},{"damage_healed":0.0,"max_hp_gain":0.0,"max_hp_loss":0.0,"gold_gain":99.0,"event_name":"Nest","player_choice":"Stole From Cult","floor":20.0,"gold_loss":0.0,"damage_taken":0.0},{"damage_healed":0.0,"max_hp_gain":0.0,"max_hp_loss":0.0,"gold_gain":0.0,"event_name":"Upgrade Shrine","player_choice":"Upgraded","floor":29.0,"gold_loss":0.0,"damage_taken":0.0,"cards_upgraded":["Spot Weakness"]},{"damage_healed":0.0,"max_hp_gain":0.0,"max_hp_loss":0.0,"gold_gain":0.0,"event_name":"MindBloom","player_choice":"Fight","floor":37.0,"gold_loss":0.0,"damage_taken":0.0},{"damage_healed":0.0,"max_hp_gain":0.0,"max_hp_loss":5.0,"gold_gain":0.0,"event_name":"Winding Halls","player_choice":"Max HP","floor":39.0,"gold_loss":0.0,"damage_taken":0.0},{"damage_healed":79,"gold_gain":0,"player_choice":"Heal","damage_taken":0,"max_hp_gain":0,"max_hp_loss":11,"event_name":"The Moai Head","floor":47,"gold_loss":0},{"damage_healed":0,"gold_gain":0,"player_choice":"Memory 1","damage_taken":0,"max_hp_gain":0,"max_hp_loss":0,"event_name":"SensoryStone","floor":48,"gold_loss":0}],"is_beta":false,"boss_relics":[{"not_picked":["Fusion Hammer","Runic Cube"],"picked":"SlaversCollar"},{"not_picked":["Snecko Eye","Sozu"],"picked":"Philosopher\u0027s Stone"}],"items_purged_floors":[2,28,36],"is_endless":false,"potions_floor_spawned":[3,22,24,25,30,31,38,41],"ascension_level":0}}