{"host":"ihity64u9fmpkait","time":1611912737,"event":{"mods":["A Magickal Journey","BaseMod","Beaked The Cultist","Card Forge","Conspire","Downfall","Duelist Mod","Googly Eyes","Halation","Hubris","Infinite Spire","Koishi","Marisa????????","Mimic Mod","Minty Spire (QoL Compilation)","Replay The Spire","StSLib","SuperFastMode","The Administrix","The Animator","The Construct","The Cursed","The Disciple","The Forsaken","The Gatherer","The Hierophant","The Jungle","The Mystic","The Necromancer","The Runesmith","The Senshi","The Servant 0.9.4","Unceasing Turn Reminder","Yuri Mod"],"gold_per_floor":[139,150,150,150,160,160,193,193,193,226,236,236,250,262,262,262,262],"floor_reached":16,"language":"ENG","playtime":1162,"items_purged":[],"score":137,"play_id":"4a31d01d-3bc5-4734-b7f3-893cc794bb06","local_time":"20210129103217","is_ascension_mode":false,"campfire_choices":[{"data":"theDuelist:RainbowKuriboh","floor":6,"key":"SMITH"},{"floor":8,"key":"REST"},{"data":"theDuelist:PotForbidden","floor":12,"key":"SMITH"},{"data":"theDuelist:InstantFusion","floor":15,"key":"SMITH"}],"circlet_count":0,"master_deck":["theDuelist:PowerWall","theDuelist:BeaverWarrior","theDuelist:BeaverWarrior","theDuelist:CastleWalls","theDuelist:FinalFlame","theDuelist:GiantSoldier","theDuelist:GiantSoldier","theDuelist:ScrapFactory","theDuelist:Sparks","theDuelist:Sparks","theDuelist:GravityLash","theDuelist:SpiritHarp","theForsaken:PlagueCurse","theDuelist:RainbowKuriboh+1","Panache","theDuelist:Eva","theDuelist:PotForbidden+1","theDuelist:Downbeat","theDuelist:InstantFusion+1"],"relics":["theDuelist:MillenniumPuzzle","theDuelist:CardPoolRelic","theDuelist:CardPoolBasicRelic","theDuelist:BoosterPackPoolRelic","theDuelist:CardPoolAddRelic","theDuelist:CardPoolMinusRelic","theDuelist:CardPoolSaveRelic","theDuelist:CardPoolOptionsRelic","Hammer of Thor","Seething Fire","Anvil of the Gods","NeowsBlessing","theForsaken:PlagueMask","Vampiric Spirits","infinitespire:WardingShard","InkBottle"],"acts_visited":["Exordium"],"potions_floor_usage":[],"damage_taken":[{"damage":0,"enemies":"2 Louse","floor":1,"turns":1},{"damage":0,"enemies":"conspire:RoseBush","floor":2,"turns":1},{"damage":0,"enemies":"Jaw Worm","floor":5,"turns":1},{"damage":31,"enemies":"3 Sentries","floor":7,"turns":13},{"damage":3,"enemies":"Lagavulin","floor":10,"turns":7},{"damage":2,"enemies":"2 Fungi Beasts","floor":11,"turns":4},{"damage":3,"enemies":"Red Slaver","floor":13,"turns":2},{"damage":2,"enemies":"3 Louse","floor":14,"turns":3},{"damage":32,"enemies":"Hexaghost","floor":16,"turns":11}],"seed_played":"3400977380623599814","potions_obtained":[{"floor":1,"key":"Explosive Potion"},{"floor":10,"key":"theDuelist:VampireVial"},{"floor":11,"key":"SteroidPotion"},{"floor":14,"key":"theDuelist:SealedPack"}],"is_trial":false,"path_per_floor":["M","M","?","?","M","R","E","R","T","E","M","R","M","M","R","B"],"character_chosen":"THE_DUELIST","items_purchased":[],"campfire_rested":1,"item_purchase_floors":[],"current_hp_per_floor":[80,80,80,80,80,80,49,73,73,70,71,71,72,71,71,40,40],"gold":262,"neow_bonus":"THREE_ENEMY_KILL","is_daily":false,"chose_seed":false,"campfire_upgraded":3,"win_rate":0.0,"timestamp":1611912737,"path_taken":["M","M","?","?","M","R","E","R","T","E","M","R","M","M","R","BOSS"],"items_purchased_type":[],"build_version":"2020-12-22","purchased_purges":0,"victory":false,"max_hp_per_floor":[80,80,80,80,80,80,80,80,80,80,80,80,80,80,80,80,80],"card_choices":[{"not_picked":["theDuelist:LightningBlade","theDuelist:LightLaser","theDuelist:MillenniumShield","theDuelist:KamionTimelord"],"picked":"theDuelist:GravityLash","floor":1},{"not_picked":["theDuelist:BigFire","theDuelist:OnslaughtFireKings","theDuelist:Hinotama","theDuelist:CoreBlaster"],"picked":"theDuelist:SpiritHarp","floor":2},{"not_picked":["theDuelist:RainbowNeos","theDuelist:KamionTimelord","theDuelist:HappyLover","theDuelist:RainbowOverdragon"],"picked":"theDuelist:RainbowKuriboh","floor":5},{"not_picked":["Chrysalis","Panacea","The Bomb"],"picked":"Panache","floor":7},{"not_picked":["theDuelist:FuryFire","theDuelist:DarkBurningMagic","theDuelist:SparkBlaster","theDuelist:StarBlast"],"picked":"theDuelist:Eva","floor":10},{"not_picked":["theDuelist:RainbowNeos","theDuelist:KamionTimelord","theDuelist:HappyLover","theDuelist:Eva"],"picked":"theDuelist:PotForbidden","floor":11},{"not_picked":["theDuelist:RainbowNeos","theDuelist:EgoBoost","theDuelist:WhiteMagicalHat","theDuelist:VenomShot"],"picked":"theDuelist:Downbeat","floor":13},{"not_picked":["theDuelist:PineappleBlast","theDuelist:LightningBlade"],"picked":"theDuelist:InstantFusion","floor":14}],"player_experience":226924,"relics_obtained":[{"floor":7,"key":"Vampiric Spirits"},{"floor":9,"key":"infinitespire:WardingShard"},{"floor":10,"key":"InkBottle"}],"event_choices":[{"damage_healed":0,"gold_gain":0,"player_choice":"Traded Castle Walls for Power Wall","duelist":true,"damage_taken":0,"max_hp_gain":0,"max_hp_loss":0,"event_name":"Card Trader","floor":3,"gold_loss":0},{"damage_healed":0,"gold_gain":0,"player_choice":"Obtain Plague Curse","damage_taken":0,"max_hp_gain":0,"max_hp_loss":0,"event_name":"Plague Doctor","floor":4,"gold_loss":0,"cards_obtained":["theForsaken:PlagueCurse"]}],"is_beta":false,"boss_relics":[],"items_purged_floors":[],"is_endless":false,"potions_floor_spawned":[1,10,11,13,14],"killed_by":"Hexaghost","ascension_level":0}}