{"host":"fiyb7gvx7tok3jeh","time":1611947685,"event":{"mods":["BaseMod","Colored Map","Colored Powertips","DeckTracker","Googly Eyes","Highlight Path","Minty Spire (QoL Compilation)"],"gold_per_floor":[116,136,136,153,78,91,91,103,150,150,150,170,170,186,186,291,291,271,288,288,288],"floor_reached":20,"language":"ENG","playtime":723,"items_purged":["Normality"],"score":202,"play_id":"a5677c15-c83f-41b4-a3e3-61b047075754","local_time":"20210129211445","is_ascension_mode":true,"campfire_choices":[{"data":"Mayhem","floor":7,"key":"SMITH"},{"data":"Eruption","floor":11,"key":"SMITH"},{"data":"SashWhip","floor":13,"key":"SMITH"},{"floor":15,"key":"REST"}],"circlet_count":0,"master_deck":["Strike_P+1","Strike_P","Strike_P+1","Strike_P","Defend_P","Defend_P","Defend_P","Defend_P","Eruption+1","Vigilance","Mayhem+1","SashWhip+1","Brilliance","Worship","Evaluate","Ragnarok","EmptyBody+1"],"relics":["PureWater","Omamori","Black Star"],"acts_visited":["Exordium","TheCity"],"potions_floor_usage":[16,16],"damage_taken":[{"damage":0,"enemies":"Jaw Worm","floor":1,"turns":5},{"damage":9,"enemies":"Small Slimes","floor":2,"turns":5},{"damage":0,"enemies":"Cultist","floor":4,"turns":4},{"damage":12,"enemies":"Exordium Thugs","floor":6,"turns":3},{"damage":2,"enemies":"Gremlin Gang","floor":8,"turns":6},{"damage":6,"enemies":"3 Louse","floor":12,"turns":3},{"damage":9,"enemies":"Looter","floor":14,"turns":4},{"damage":20,"enemies":"Hexaghost","floor":16,"turns":4},{"damage":23,"enemies":"2 Thieves","floor":18,"turns":4},{"damage":38,"enemies":"3 Byrds","floor":19,"turns":4},{"damage":16,"enemies":"Sentry and Sphere","floor":20,"turns":3}],"seed_played":"5039994189669063584","potions_obtained":[{"floor":8,"key":"DistilledChaos"},{"floor":12,"key":"FearPotion"},{"floor":14,"key":"Strength Potion"},{"floor":16,"key":"SpeedPotion"}],"is_trial":false,"path_per_floor":["M","M","?","M","$","M","R","M","T","?","R","M","R","M","R","B",null,"M","M","M"],"character_chosen":"WATCHER","items_purchased":[],"campfire_rested":1,"item_purchase_floors":[],"current_hp_per_floor":[72,63,49,49,49,37,37,35,35,35,35,29,29,20,41,21,72,49,11,0,0],"gold":288,"neow_bonus":"RANDOM_COLORLESS_2","is_daily":false,"chose_seed":false,"campfire_upgraded":3,"win_rate":0.0,"timestamp":1611947685,"path_taken":["M","M","?","M","$","M","R","M","T","?","R","M","R","M","R","BOSS","M","M","?"],"items_purchased_type":[],"build_version":"2020-12-22","purchased_purges":1,"victory":false,"max_hp_per_floor":[72,72,72,72,72,72,72,72,72,72,72,72,72,72,72,72,72,72,72,72,72],"card_choices":[{"not_picked":["Chrysalis","Transmutation"],"picked":"Mayhem","floor":0},{"not_picked":["EmptyFist","Indignation","InnerPeace"],"picked":"SKIP","floor":1},{"not_picked":["Protect","FlyingSleeves","Evaluate"],"picked":"SKIP","floor":2},{"not_picked":["EmptyMind","Establishment","Crescendo"],"picked":"SKIP","floor":4},{"not_picked":["Prostrate","Halt"],"picked":"SashWhip","floor":6},{"not_picked":["CutThroughFate","Tantrum","BowlingBash"],"picked":"SKIP","floor":8},{"not_picked":["BattleHymn","Conclude"],"picked":"Worship","floor":12},{"not_picked":["Nirvana","EmptyFist"],"picked":"Evaluate","floor":14},{"not_picked":["MasterReality","LessonLearned"],"picked":"Ragnarok","floor":16},{"not_picked":["EmptyBody","FlurryOfBlows","CutThroughFate"],"picked":"SKIP","floor":18},{"not_picked":["Halt","FearNoEvil"],"picked":"EmptyBody+1","floor":19}],"player_experience":281449,"relics_obtained":[{"floor":9,"key":"Omamori"}],"event_choices":[{"damage_healed":0,"gold_gain":0,"player_choice":"Entered Light","damage_taken":14,"max_hp_gain":0,"max_hp_loss":0,"event_name":"Shining Light","floor":3,"gold_loss":0,"cards_upgraded":["Strike_P","Strike_P"]},{"damage_healed":0,"gold_gain":0,"player_choice":"1 cards matched","damage_taken":0,"max_hp_gain":0,"max_hp_loss":0,"event_name":"Match and Keep!","floor":10,"gold_loss":0,"cards_obtained":["Brilliance"]},{"damage_healed":0,"gold_gain":0,"player_choice":"1 cards matched","damage_taken":0,"max_hp_gain":0,"max_hp_loss":0,"event_name":"Match and Keep!","floor":10,"gold_loss":0,"cards_obtained":["Brilliance"]}],"is_beta":false,"boss_relics":[{"not_picked":["Tiny House","Calling Bell"],"picked":"Black Star"}],"items_purged_floors":[5],"is_endless":false,"potions_floor_spawned":[8,12,14,16],"killed_by":"Sentry and Sphere","ascension_level":4}}