{"host":"045thl4ktq791vfm","time":1611923299,"event":{"mods":["AchievementEnabler","BaseMod","Better Note","Colored Map","Colored Powertips","Downfall","Googly Eyes","Minty Spire (QoL Compilation)","Quick Restart","Rare Cards Sparkle","StSLib"],"gold_per_floor":[99,113,113,132,132,161,188,206,231,246,260,160,215,240,251,352,352,352,371,385,405,14,114,114,114,114,129,129,101,101,116,131,229,229,229,279,279,292,91,91,91,91,101,101,74,86,119,132,132,132],"floor_reached":51,"language":"ENG","playtime":1986,"items_purged":["bronze:Strike","bronze:Strike"],"score":797,"play_id":"a5da01ce-e014-4def-b010-bb020d6b3af4","local_time":"20210129152819","is_ascension_mode":false,"campfire_choices":[{"floor":1,"key":"RECALL"},{"data":"bronze:MaxOutput","floor":12,"key":"SMITH"},{"data":"bronze:GetLatest","floor":18,"key":"SMITH"},{"data":"bronze:Goto","floor":25,"key":"SMITH"},{"data":"bronze:WildBeam","floor":28,"key":"SMITH"},{"data":"bronze:WildBeam","floor":35,"key":"SMITH"},{"data":"1","floor":40,"key":"LIFT"},{"data":"2","floor":42,"key":"LIFT"},{"data":"3","floor":44,"key":"LIFT"},{"data":"bronze:Return","floor":49,"key":"SMITH"}],"circlet_count":0,"master_deck":["bronze:Strike","bronze:Strike","bronze:Defend","bronze:Defend","bronze:Defend","bronze:Defend","bronze:Replicate","bronze:Goto+1","bronze:Fortify","bronze:WildBeam+1","bronze:WhirlingStrike","bronze:Return+1","bronze:MaxOutput+1","bronze:WildBeam+1","bronze:GetLatest+1","bronze:BurnOut+1","bronze:BugBarrage+1","bronze:BugBarrage+1","bronze:Shield+1","bronze:ShipIt+1","bronze:Shield","bronze:Shield","downfall:Icky","bronze:BugBarrage+1","bronze:Shield+1","bronze:WildBeam+1"],"relics":["bronze:BronzeCore","downfall:ShatteredFragment","Pen Nib","Blood Vial","Eternal Feather","downfall:HeartBlessingRed","Happy Flower","Molten Egg 2","Sozu","Lantern","Anchor","Torii","Sundial","Cursed Key","Girya","Chemical X","Meat on the Bone","Thread and Needle"],"acts_visited":["Exordium","TheCity","TheBeyond"],"potions_floor_usage":[16],"damage_taken":[{"damage":0,"enemies":"Small Slimes","floor":2,"turns":4},{"damage":0,"enemies":"2 Louse","floor":4,"turns":2},{"damage":27,"enemies":"Lagavulin","floor":6,"turns":7},{"damage":0,"enemies":"Cultist","floor":8,"turns":2},{"damage":11,"enemies":"3 Sentries","floor":9,"turns":6},{"damage":2,"enemies":"2 Fungi Beasts","floor":10,"turns":3},{"damage":6,"enemies":"3 Louse","floor":11,"turns":2},{"damage":0,"enemies":"Gremlin Nob","floor":13,"turns":2},{"damage":4,"enemies":"Lagavulin","floor":14,"turns":4},{"damage":0,"enemies":"Blue Slaver","floor":15,"turns":2},{"damage":8,"enemies":"IC_STATUS_ARCHETYPE","floor":16,"turns":7},{"damage":2,"enemies":"Shell Parasite","floor":19,"turns":3},{"damage":10,"enemies":"Chosen","floor":20,"turns":2},{"damage":8,"enemies":"Snecko","floor":21,"turns":3},{"damage":3,"enemies":"downfall:FleeingMerchant","floor":22,"turns":4},{"damage":0,"enemies":"Cultist and Chosen","floor":27,"turns":2},{"damage":5,"enemies":"downfall:FleeingMerchant","floor":29,"turns":3},{"damage":1,"enemies":"Shelled Parasite and Fungi","floor":31,"turns":2},{"damage":0,"enemies":"Sentry and Sphere","floor":32,"turns":2},{"damage":13,"enemies":"WA_ARCHETYPE_CALM","floor":33,"turns":4},{"damage":0,"enemies":"WA_ARCHETYPE_CALM","floor":36,"turns":2},{"damage":0,"enemies":"3 Darklings","floor":38,"turns":3},{"damage":0,"enemies":"Orb Walker","floor":43,"turns":2},{"damage":0,"enemies":"Jaw Worm Horde","floor":46,"turns":2},{"damage":43,"enemies":"Giant Head","floor":47,"turns":6},{"damage":13,"enemies":"4 Shapes","floor":48,"turns":2},{"damage":13,"enemies":"SI_POISON_ARCHETYPE","floor":50,"turns":5}],"seed_played":"6474209315054507705","potions_obtained":[{"floor":2,"key":"CultistPotion"},{"floor":8,"key":"Fire Potion"},{"floor":14,"key":"Dexterity Potion"}],"is_trial":false,"path_per_floor":["R","M","?","M","?","E","T","M","E","M","M","R","?","E","M","B",null,"R","M","M","M","$","?","T","R","?","M","R","$","?","M","M","B",null,"R","?","?","M","$","R","T","R","M","R","$","M","E","M","R","B",null],"character_chosen":"THE_AUTOMATON","items_purchased":["Lantern","Anchor","Sundial","Chemical X","bronze:Shield","bronze:BugBarrage+1"],"campfire_rested":0,"item_purchase_floors":[22,22,29,39,39,45],"current_hp_per_floor":[77,77,56,56,77,50,50,52,43,43,39,48,50,48,50,44,77,77,75,67,61,60,60,60,69,77,77,77,72,72,73,75,64,77,77,77,67,69,69,77,77,77,77,77,77,77,46,47,62,51],"gold":132,"neow_bonus":"TEN_PERCENT_HP_BONUS","is_daily":false,"chose_seed":false,"campfire_upgraded":6,"win_rate":0.0,"timestamp":1611923299,"path_taken":["R","M","?","M","?","E","T","M","E","?","M","R","?","E","M","BOSS","R","M","M","M","$","?","T","R","?","M","R","$","?","?","M","BOSS","R","?","?","M","?","R","T","R","M","R","$","M","E","M","R","BOSS"],"items_purchased_type":["Relic","Relic","Relic","Relic","Card","Card"],"build_version":"2020-12-22","purchased_purges":2,"victory":true,"max_hp_per_floor":[77,77,77,77,77,77,77,77,77,77,77,77,77,77,77,77,77,77,77,77,77,77,77,77,77,77,77,77,77,77,77,77,77,77,77,77,77,77,77,77,77,77,77,77,77,77,77,77,77,77],"card_choices":[{"not_picked":["bronze:Allocate","bronze:ForceShield"],"picked":"bronze:Fortify","floor":2},{"not_picked":["bronze:Deprecate","bronze:ChildClass","bronze:CutThrough"],"picked":"SKIP","floor":4},{"not_picked":["bronze:Invalidate","bronze:Shield"],"picked":"bronze:WildBeam","floor":6},{"not_picked":["bronze:DelayedSlice","bronze:CutThrough"],"picked":"bronze:WhirlingStrike","floor":8},{"not_picked":["bronze:BitShift","bronze:Shell"],"picked":"bronze:Return","floor":9},{"not_picked":["bronze:Shield","bronze:FineTuning"],"picked":"bronze:MaxOutput","floor":10},{"not_picked":["bronze:Overheat","bronze:FineTuning","bronze:Deprecate"],"picked":"SKIP","floor":11},{"not_picked":["bronze:Optimize","bronze:HardenedForm"],"picked":"bronze:WildBeam","floor":13},{"not_picked":["bronze:FineTuning","bronze:DelayedSlice+1"],"picked":"bronze:GetLatest","floor":14},{"not_picked":["bronze:DelayedGuard","bronze:ChildClass","bronze:FineTuning"],"picked":"SKIP","floor":15},{"not_picked":["bronze:AlphaBuild+1","bronze:ThunderWave+1"],"picked":"bronze:BurnOut+1","floor":16},{"not_picked":["bronze:ClassDefault","bronze:Return","bronze:Philosophize"],"picked":"SKIP","floor":19},{"not_picked":["bronze:Shell","bronze:DelayedGuard"],"picked":"bronze:BugBarrage+1","floor":20},{"not_picked":["bronze:BitShift+1","bronze:Iterate+1"],"picked":"bronze:BugBarrage+1","floor":21},{"not_picked":["bronze:WhirlingStrike+1","bronze:Shell+1","bronze:CloningBeam+1"],"picked":"SKIP","floor":22},{"not_picked":["bronze:Repulsor+1","bronze:DelayedGuard","bronze:WhirlingStrike+1"],"picked":"SKIP","floor":27},{"not_picked":["bronze:BitShift","bronze:FineTuning","bronze:Shell"],"picked":"SKIP","floor":29},{"not_picked":["bronze:CutThrough+1","bronze:DelayedSlice+1","bronze:Frontload"],"picked":"SKIP","floor":31},{"not_picked":["bronze:Branch+1","bronze:Invalidate+1"],"picked":"bronze:Shield+1","floor":32},{"not_picked":["bronze:Mutator","bronze:AlphaBuild+1"],"picked":"bronze:ShipIt+1","floor":33},{"not_picked":["bronze:ThunderWave+1","bronze:Overheat+1"],"picked":"bronze:Shield","floor":38},{"not_picked":["bronze:DelayedSlice+1","bronze:DelayedGuard","bronze:Boost"],"picked":"SKIP","floor":43},{"not_picked":["bronze:Deprecate","bronze:DelayedSlice+1"],"picked":"bronze:Shield+1","floor":46},{"not_picked":["bronze:SpaghettiCode","bronze:Allocate+1"],"picked":"bronze:WildBeam+1","floor":47},{"not_picked":["bronze:Fortify+1","bronze:Branch+1","bronze:ForLoop"],"picked":"SKIP","floor":48}],"player_experience":159170,"relics_obtained":[{"floor":6,"key":"Pen Nib"},{"floor":7,"key":"Blood Vial"},{"floor":9,"key":"Eternal Feather"},{"floor":13,"key":"Happy Flower"},{"floor":14,"key":"Molten Egg 2"},{"floor":24,"key":"Torii"},{"floor":36,"key":"Girya"},{"floor":41,"key":"Meat on the Bone"},{"floor":47,"key":"Thread and Needle"}],"event_choices":[{"damage_healed":21,"gold_gain":0,"player_choice":"Full Heal","damage_taken":0,"max_hp_gain":0,"max_hp_loss":0,"event_name":"Wheel of Change","floor":5,"gold_loss":0},{"damage_healed":8,"gold_gain":0,"player_choice":"Full Heal","damage_taken":0,"max_hp_gain":0,"max_hp_loss":0,"event_name":"Wheel of Change","floor":26,"gold_loss":0},{"damage_healed":0,"gold_gain":0,"player_choice":"Leave","damage_taken":0,"max_hp_gain":0,"max_hp_loss":0,"event_name":"FaceTrader","floor":30,"gold_loss":0}],"is_beta":false,"boss_relics":[{"not_picked":["SacredBark","Snecko Eye"],"picked":"Sozu"},{"not_picked":["Tiny House","Pandora\u0027s Box"],"picked":"Cursed Key"}],"items_purged_floors":[22,29],"is_endless":false,"potions_floor_spawned":[2,8,14,15,16,20,21,31,32,36,38,47],"ascension_level":0}}