{"host":"zsnmfqgcm92hlreo","time":1611900284,"event":{"mods":["AchievementEnabler","BaseMod","Bestiary","Block Reminder","Colored Powertips","Minty Spire (QoL Compilation)","Permanent Neow","Quick Restart","Relic Stats","Weighted Paths"],"gold_per_floor":[116,135,149,73,73,73,106,126,150,182,212,212,229,260,272,360,372,398,428,440,452,464,476,163,163,188,214,214,13,13,25,25,96,96,96,96],"floor_reached":35,"language":"ENG","playtime":1473,"items_purged":[],"score":832,"play_id":"01fc55af-c66d-4ea6-aa29-171e129fe3b2","local_time":"20210129000444","is_ascension_mode":true,"campfire_choices":[{"data":"BattleHymn","floor":6.0,"key":"SMITH"},{"floor":15.0,"key":"REST"},{"floor":23.0,"key":"REST"},{"floor":25.0,"key":"REST"},{"floor":28.0,"key":"REST"},{"floor":30.0,"key":"REST"},{"floor":32.0,"key":"RECALL"}],"circlet_count":0,"master_deck":["AscendersBane","Eruption","Vigilance","Scrawl","Protect","DeusExMachina","BattleHymn+1","Sanctity","FlurryOfBlows","Alpha","Vengeance","JustLucky","EmptyBody","Wallop","BowlingBash","SpiritShield","BattleHymn","Protect","Evaluate","DevaForm","TalkToTheHand","Weave","RitualDagger","Establishment","FearNoEvil","Consecrate","Wish"],"relics":["Pandora\u0027s Box","Orichalcum","Oddly Smooth Stone","Blood Vial","Odd Mushroom","MawBank","Fusion Hammer","Ice Cream","Bronze Scales","Vajra","OrangePellets","Snecko Eye"],"acts_visited":["Exordium","TheCity","TheBeyond"],"potions_floor_usage":[33],"damage_taken":[{"damage":0.0,"enemies":"Cultist","floor":1.0,"turns":3.0},{"damage":4.0,"enemies":"Jaw Worm","floor":2.0,"turns":3.0},{"damage":1.0,"enemies":"2 Louse","floor":3.0,"turns":4.0},{"damage":1.0,"enemies":"3 Sentries","floor":7.0,"turns":3.0},{"damage":5.0,"enemies":"Looter","floor":8.0,"turns":2.0},{"damage":13.0,"enemies":"Gremlin Nob","floor":10.0,"turns":3.0},{"damage":16.0,"enemies":"The Mushroom Lair","floor":11.0,"turns":4.0},{"damage":21.0,"enemies":"3 Louse","floor":13.0,"turns":3.0},{"damage":0.0,"enemies":"Lagavulin","floor":14.0,"turns":4.0},{"damage":6.0,"enemies":"The Guardian","floor":16.0,"turns":8.0},{"damage":20.0,"enemies":"Chosen","floor":18.0,"turns":5.0},{"damage":21.0,"enemies":"Shell Parasite","floor":19.0,"turns":5.0},{"damage":34.0,"enemies":"Book of Stabbing","floor":27.0,"turns":4.0},{"damage":4.0,"enemies":"3 Cultists","floor":31.0,"turns":3.0},{"damage":44,"enemies":"Collector","floor":33,"turns":8},{"damage":62,"enemies":"3 Darklings","floor":35,"turns":5}],"seed_played":"1544356147260908617","potions_obtained":[{"floor":1.0,"key":"SneckoOil"},{"floor":2.0,"key":"BlessingOfTheForge"},{"floor":10.0,"key":"SpeedPotion"},{"floor":16.0,"key":"Energy Potion"},{"floor":27.0,"key":"Energy Potion"}],"is_trial":false,"path_per_floor":["M","M","M","$","$","R","E","M","T","E","?","?","M","E","R","B",null,"M","M","?","$","?","R","$","R","T","E","R","$","R","M","R","B",null,"M"],"character_chosen":"WATCHER","items_purchased":["Wallop","Ice Cream","OrangePellets","FearNoEvil"],"campfire_rested":5,"item_purchase_floors":[4,24,29,29],"current_hp_per_floor":[61,57,56,56,56,56,55,50,50,37,23,23,4,6,26,22,57,39,20,20,20,14,34,34,54,54,22,42,42,62,60,60,18,56,0,0],"gold":96,"neow_bonus":"BOSS_RELIC","is_daily":false,"chose_seed":false,"campfire_upgraded":1,"win_rate":0.0,"timestamp":1611900284,"path_taken":["M","M","M","?","$","R","E","M","T","E","?","?","M","E","R","BOSS","M","M","?","$","?","R","$","R","T","E","R","$","R","M","R","BOSS","M"],"items_purchased_type":["Card","Relic","Relic","Card"],"build_version":"2020-12-22","purchased_purges":0,"victory":false,"max_hp_per_floor":[68,68,68,68,68,68,68,68,68,68,68,68,68,68,68,68,68,68,68,68,68,68,68,68,68,68,68,68,68,68,68,68,68,68,68,68],"relic_stats":{"Blood Vial":20,"OrangePellets":[4],"counters":[16,67],"Bronze Scales":[69],"Snecko Eye":[2,5,6,6],"Pandora\u0027s Box":["Scrawl","Protect","Pray","DeusExMachina","BattleHymn","Sanctity","FlurryOfBlows","Alpha"],"Orichalcum":[78],"MawBank":120,"obtain_stats":[{"Ice Cream":24,"Oddly Smooth Stone":9,"Vajra":27,"Orichalcum":7,"Odd Mushroom":11,"MawBank":14,"Blood Vial":10,"OrangePellets":29,"Bronze Scales":26,"Snecko Eye":34,"Pandora\u0027s Box":0,"Fusion Hammer":17,"PureWater":0},{"Ice Cream":12,"Oddly Smooth Stone":5,"Vajra":13,"Orichalcum":4,"Odd Mushroom":7,"MawBank":9,"Blood Vial":6,"OrangePellets":13,"Bronze Scales":12,"Snecko Eye":15,"Pandora\u0027s Box":0,"Fusion Hammer":10,"PureWater":0},{"Ice Cream":47,"Oddly Smooth Stone":15,"Vajra":51,"Orichalcum":13,"Odd Mushroom":22,"MawBank":29,"Blood Vial":18,"OrangePellets":51,"Bronze Scales":47,"Snecko Eye":62,"Pandora\u0027s Box":0,"Fusion Hammer":37,"PureWater":0}]},"card_choices":[{"not_picked":["Evaluate","Indignation"],"picked":"Vengeance","floor":1.0},{"not_picked":["EmptyBody","Study"],"picked":"JustLucky","floor":2.0},{"not_picked":["EmptyFist","Halt"],"picked":"EmptyBody","floor":3.0},{"not_picked":["Collect","SashWhip","FlyingSleeves"],"picked":"SKIP","floor":7.0},{"not_picked":["WheelKick","WindmillStrike"],"picked":"BowlingBash","floor":8.0},{"not_picked":["JustLucky","ThirdEye"],"picked":"SpiritShield","floor":10.0},{"not_picked":["Sanctity","Crescendo"],"picked":"BattleHymn","floor":11.0},{"not_picked":["FlyingSleeves","ForeignInfluence"],"picked":"Protect","floor":13.0},{"not_picked":["WheelKick","MentalFortress"],"picked":"Evaluate","floor":14.0},{"not_picked":["Brilliance","Devotion"],"picked":"DevaForm","floor":16.0},{"not_picked":["JustLucky+1","MentalFortress"],"picked":"TalkToTheHand","floor":18.0},{"not_picked":["Evaluate","Swivel"],"picked":"Weave","floor":19.0},{"not_picked":["CutThroughFate","Halt"],"picked":"Establishment","floor":27.0},{"not_picked":["ThirdEye","EmptyFist"],"picked":"Consecrate","floor":31.0},{"not_picked":["Ragnarok","Vault"],"picked":"Wish","floor":33}],"player_experience":929107,"relics_obtained":[{"floor":7.0,"key":"Orichalcum"},{"floor":9.0,"key":"Oddly Smooth Stone"},{"floor":10.0,"key":"Blood Vial"},{"floor":11.0,"key":"Odd Mushroom"},{"floor":14.0,"key":"MawBank"},{"floor":26.0,"key":"Bronze Scales"},{"floor":27.0,"key":"Vajra"}],"event_choices":[{"damage_healed":0.0,"max_hp_gain":0.0,"max_hp_loss":0.0,"gold_gain":0.0,"event_name":"Mushrooms","player_choice":"Fought Mushrooms","floor":11.0,"gold_loss":0.0,"damage_taken":0.0},{"damage_healed":0.0,"max_hp_gain":0.0,"max_hp_loss":0.0,"gold_gain":0.0,"event_name":"Shining Light","player_choice":"Ignored","floor":12.0,"gold_loss":0.0,"damage_taken":0.0},{"cards_removed":["Pray"],"damage_healed":0.0,"max_hp_gain":0.0,"max_hp_loss":0.0,"gold_gain":0.0,"event_name":"Back to Basics","player_choice":"Elegance","floor":20.0,"gold_loss":0.0,"damage_taken":0.0},{"damage_healed":0.0,"max_hp_gain":0.0,"max_hp_loss":0.0,"gold_gain":0.0,"event_name":"Nest","player_choice":"Joined the Cult","floor":22.0,"gold_loss":0.0,"damage_taken":6.0,"cards_obtained":["RitualDagger"]}],"is_beta":false,"boss_relics":[{"not_picked":["SacredBark","Runic Pyramid"],"picked":"Fusion Hammer"},{"not_picked":["Velvet Choker","Astrolabe"],"picked":"Snecko Eye"}],"items_purged_floors":[],"is_endless":false,"potions_floor_spawned":[1,2,10,11,16,27],"killed_by":"3 Darklings","ascension_level":20}}