{"host":"6bsan6hkua32tfq7","time":1611896932,"event":{"mods":["BaseMod","Better Third Choice","Colored Map","Highlight Path","Minty Spire (QoL Compilation)","StSLib"],"gold_per_floor":[117,63,77,92,17,17,34,61,61,88,99,121,121,136,136,208,208,208,148,148,148,148,148,148,148,148,148,148,148,148,148,148,148,148,148,148,148,148],"floor_reached":37,"language":"ENG","playtime":1488,"items_purged":["Defend_B"],"score":906,"play_id":"3098c9e8-e19e-4c06-b3ca-f34304668bd9","local_time":"20210129060852","is_ascension_mode":true,"campfire_choices":[{"floor":6,"key":"REST"},{"data":"Zap","floor":15,"key":"SMITH"},{"floor":23,"key":"REST"},{"floor":25,"key":"REST"},{"floor":30,"key":"REST"},{"floor":32,"key":"REST"}],"circlet_count":0,"master_deck":["AscendersBane","Strike_B","Strike_B","Strike_B","Defend_B","Defend_B","Defend_B","Zap+1","Dualcast+1","Ball Lightning","FTL","Scrape","Glacier","Conserve Battery","Conserve Battery","Steam","Core Surge","Undo","Conserve Battery","Steam","Sweeping Beam","Writhe","Steam+1","Core Surge","J.A.X.","Gash","Beam Cell","Creative AI"],"relics":["Cracked Core","betterThird:SlimedRelic","Dream Catcher","DataDisk","Cables","Odd Mushroom","Ectoplasm","Letter Opener","Unceasing Top","Darkstone Periapt","Sozu","Ginger"],"acts_visited":["Exordium","TheCity","TheBeyond"],"potions_floor_usage":[8,10,10,11,12,20,32,33],"damage_taken":[{"damage":4,"enemies":"Small Slimes","floor":1,"turns":3},{"damage":6,"enemies":"2 Louse","floor":3,"turns":2},{"damage":7,"enemies":"Jaw Worm","floor":4,"turns":2},{"damage":22,"enemies":"2 Fungi Beasts","floor":7,"turns":3},{"damage":8,"enemies":"Gremlin Nob","floor":8,"turns":4},{"damage":5,"enemies":"3 Sentries","floor":10,"turns":9},{"damage":0,"enemies":"Gremlin Gang","floor":11,"turns":3},{"damage":0,"enemies":"The Mushroom Lair","floor":12,"turns":3},{"damage":0,"enemies":"Large Slime","floor":14,"turns":6},{"damage":0,"enemies":"Hexaghost","floor":16,"turns":12},{"damage":14,"enemies":"Shell Parasite","floor":18,"turns":5},{"damage":15,"enemies":"2 Thieves","floor":19,"turns":3},{"damage":8,"enemies":"Snake Plant","floor":20,"turns":4},{"damage":19,"enemies":"3 Cultists","floor":21,"turns":6},{"damage":0,"enemies":"Snecko","floor":24,"turns":5},{"damage":2,"enemies":"Centurion and Healer","floor":27,"turns":9},{"damage":24,"enemies":"Gremlin Leader","floor":29,"turns":8},{"damage":4,"enemies":"Cultist and Chosen","floor":31,"turns":5},{"damage":58,"enemies":"Automaton","floor":33,"turns":11},{"damage":22,"enemies":"3 Shapes","floor":35,"turns":4},{"damage":0,"enemies":"Mind Bloom Boss Battle","floor":36,"turns":12},{"damage":40,"enemies":"3 Darklings","floor":37,"turns":5}],"seed_played":"-4163856937506152033","potions_obtained":[{"floor":7,"key":"Weak Potion"},{"floor":8,"key":"EntropicBrew"},{"floor":10,"key":"Block Potion"},{"floor":11,"key":"Energy Potion"},{"floor":16,"key":"SmokeBomb"},{"floor":18,"key":"Ancient Potion"},{"floor":21,"key":"Energy Potion"},{"floor":31,"key":"Fruit Juice"},{"floor":33,"key":"FearPotion"}],"is_trial":false,"path_per_floor":["M","?","M","M","$","R","M","E","T","E","M","?","?","M","R","B",null,"M","M","M","M","?","R","M","R","T","M","?","E","R","M","R","B",null,"M","?","M"],"character_chosen":"DEFECT","items_purchased":[],"campfire_rested":5,"item_purchase_floors":[],"current_hp_per_floor":[60,49,43,36,36,57,35,27,27,22,22,22,22,22,22,22,59,45,30,22,3,3,24,24,45,45,43,43,19,40,36,63,5,58,36,36,0,0],"gold":148,"neow_bonus":"UPGRADE_CARD","is_daily":false,"chose_seed":false,"campfire_upgraded":1,"win_rate":0.0,"timestamp":1611896932,"path_taken":["M","?","M","M","$","R","M","E","T","E","M","?","?","M","R","BOSS","M","M","M","M","?","R","M","R","T","M","?","E","R","M","R","BOSS","M","?","M"],"items_purchased_type":[],"build_version":"2020-12-22","purchased_purges":1,"victory":false,"max_hp_per_floor":[71,71,71,71,71,71,71,71,71,71,71,71,71,71,71,71,71,71,71,71,71,71,71,71,71,71,71,71,71,71,71,76,76,76,76,76,76,76],"card_choices":[{"not_picked":["Redo","Chaos"],"picked":"Ball Lightning","floor":1},{"not_picked":["Blizzard","Beam Cell","Leap"],"picked":"SKIP","floor":3},{"not_picked":["Hologram","Turbo"],"picked":"FTL","floor":4},{"not_picked":["Hello World","Coolheaded"],"picked":"Scrape","floor":7},{"not_picked":["Darkness","Consume"],"picked":"Glacier","floor":8},{"not_picked":["Ball Lightning","Double Energy"],"picked":"Conserve Battery","floor":10},{"not_picked":["Fusion","Biased Cognition"],"picked":"Conserve Battery","floor":11},{"not_picked":["Sweeping Beam","Compile Driver"],"picked":"Steam","floor":14},{"not_picked":["Fission","Biased Cognition"],"picked":"Core Surge","floor":16},{"not_picked":["Skim","Coolheaded"],"picked":"Undo","floor":18},{"not_picked":["Cold Snap","Skim+1"],"picked":"Conserve Battery","floor":19},{"not_picked":["Chaos","Turbo"],"picked":"Steam","floor":20},{"not_picked":["Double Energy","Barrage"],"picked":"Sweeping Beam","floor":21},{"not_picked":["Cold Snap","Hello World"],"picked":"Steam+1","floor":24},{"not_picked":["Sweeping Beam","Doom and Gloom"],"picked":"Core Surge","floor":27},{"not_picked":["Force Field","Rip and Tear","Turbo"],"picked":"SKIP","floor":29},{"not_picked":["Beam Cell","Leap"],"picked":"Gash","floor":30},{"not_picked":["Glacier","Streamline","Coolheaded"],"picked":"SKIP","floor":31},{"not_picked":["Streamline","Genetic Algorithm+1"],"picked":"Beam Cell","floor":32},{"not_picked":["Buffer","Seek"],"picked":"Creative AI","floor":33},{"not_picked":["Conserve Battery","Compile Driver","Aggregate"],"picked":"SKIP","floor":35}],"player_experience":5349942,"relics_obtained":[{"floor":8,"key":"Dream Catcher"},{"floor":9,"key":"DataDisk"},{"floor":10,"key":"Cables"},{"floor":12,"key":"Odd Mushroom"},{"floor":26,"key":"Unceasing Top"},{"floor":29,"key":"Darkstone Periapt"},{"floor":36,"key":"Ginger"}],"event_choices":[{"damage_healed":0,"gold_gain":0,"player_choice":"Slimed","damage_taken":11,"max_hp_gain":0,"max_hp_loss":0,"event_name":"betterThird:BetterGoop","floor":2,"gold_loss":54},{"damage_healed":0,"gold_gain":0,"player_choice":"Fought Mushrooms","damage_taken":0,"max_hp_gain":0,"max_hp_loss":0,"event_name":"Mushrooms","floor":12,"gold_loss":0},{"cards_removed":["Strike_B"],"damage_healed":0,"gold_gain":0,"player_choice":"Forget","damage_taken":0,"max_hp_gain":0,"max_hp_loss":0,"event_name":"Living Wall","floor":13,"gold_loss":0},{"damage_healed":0,"gold_gain":0,"player_choice":"Opened","damage_taken":0,"relics_obtained":["Letter Opener"],"max_hp_gain":0,"max_hp_loss":0,"event_name":"The Mausoleum","floor":22,"gold_loss":0,"cards_obtained":["Writhe"]},{"damage_healed":0,"gold_gain":0,"player_choice":"Obtain J.A.X.","damage_taken":0,"max_hp_gain":0,"max_hp_loss":0,"event_name":"Drug Dealer","floor":28,"gold_loss":0,"cards_obtained":["J.A.X."]},{"damage_healed":0,"gold_gain":0,"player_choice":"Fight","damage_taken":0,"max_hp_gain":0,"max_hp_loss":0,"event_name":"MindBloom","floor":36,"gold_loss":0}],"is_beta":false,"boss_relics":[{"not_picked":["SlaversCollar","Busted Crown"],"picked":"Ectoplasm"},{"not_picked":["Pandora\u0027s Box","Astrolabe"],"picked":"Sozu"}],"items_purged_floors":[5],"is_endless":false,"potions_floor_spawned":[7,8,10,11,16,18,21,29,31,33,36],"killed_by":"3 Darklings","ascension_level":20}}