{"host":"jeery1tr27t4bnnr","time":1611949043,"event":{"mods":["Aspiration","BaseMod","BetterRewards","Colored Map","Colored Powertips","Downfall","Marisa（F雨　魔理沙）","Minty Spire (QoL Compilation)","Quick Restart","Remilia（蕾米莉亚）","Replay The Spire","SOS（斯巴达之子）","Shop Mod","StSLib","The Administrix","The Animator","The Bug Knight","The Hierophant","The Mystic","The Servant 0.9.4","Youmu（魂魄妖梦）","Yuri Mod","Yuyuko"],"gold_per_floor":[132,132,173,184,184,218,218,91,91,40,40,60,60,0,0,0,0],"floor_reached":16,"language":"ZHS","playtime":820,"items_purged":["Pain"],"score":98,"play_id":"e18a87ba-ab8e-4fdf-9f97-58a52e78b4da","local_time":"20210130033723","daily_mods":["Heirloom","Time Dilation","Flight"],"is_ascension_mode":false,"campfire_choices":[{"floor":11,"key":"REST"},{"floor":13,"key":"REST"}],"circlet_count":0,"master_deck":["Attack_a","Attack_a","Attack_b","Shoot","Shoot","Provocation","Defend_Dante","Defend_Dante","Defend_Dante","Defend_Dante","Redorb","LucifercomboD","Chargeshoot2","Millionstab","Doubt","Butterflies in Dream","Lucifer","Lucifer","Greenorb+1","SSScard+1"],"relics":["SSS","Combocheck","Durian","PrismaticShard","aspiration:Lifesprig","WarpedTongs","Gremlin Horn"],"acts_visited":["Exordium"],"potions_floor_usage":[6,6,6,6,16],"damage_taken":[{"damage":3,"enemies":"2 Louse","floor":1,"turns":3},{"damage":16,"enemies":"Cultist","floor":3,"turns":5},{"damage":0,"enemies":"Small Slimes","floor":4,"turns":2},{"damage":45,"enemies":"Gremlin Nob","floor":6,"turns":5},{"damage":13,"enemies":"Red Slaver","floor":12,"turns":4},{"damage":50,"enemies":"Hexaghost","floor":16,"turns":6}],"seed_played":"5551849290459929691","potions_obtained":[{"floor":1,"key":"BlessingOfTheForge"},{"floor":4,"key":"EntropicBrew"},{"floor":6,"key":"Dexterity Potion"}],"is_trial":true,"path_per_floor":["M","?","M","M","?","E","?","$","T","$","R","M","R","$","R_BF","B"],"character_chosen":"DANTE","items_purchased":["Lucifer","Greenorb","SSScard+1"],"campfire_rested":2,"item_purchase_floors":[8,10,14],"current_hp_per_floor":[82,82,66,66,66,21,21,21,21,21,46,37,62,62,85,35,35],"gold":0,"neow_bonus":"","is_daily":false,"chose_seed":false,"campfire_upgraded":0,"win_rate":0.0,"timestamp":1611949043,"path_taken":["M","?","M","?","?","E","?","$","T","$","R","?","R","?","R_BF","BOSS"],"items_purchased_type":["Card","Card","Card"],"build_version":"2020-12-22","purchased_purges":1,"victory":false,"max_hp_per_floor":[85,85,85,85,85,85,85,85,85,85,85,85,85,85,85,85,85],"card_choices":[{"not_picked":["LucifercomboA","Dash2"],"picked":"LucifercomboD","floor":1},{"not_picked":["Weaponupgrade","Ecstasy"],"picked":"Chargeshoot2","floor":3},{"not_picked":["DT","Royaldefend"],"picked":"Millionstab","floor":4},{"not_picked":["animator:Tatsumaki","bronze:CloningBeam"],"picked":"Butterflies in Dream","floor":6},{"not_picked":["Sword Boomerang","HollowMod:SiblingsSouls","sneckomod:QuickBite"],"picked":"SKIP","floor":12}],"player_experience":163169,"relics_obtained":[{"floor":6,"key":"aspiration:Lifesprig"},{"floor":9,"key":"Gremlin Horn"}],"event_choices":[{"damage_healed":0,"gold_gain":0,"player_choice":"Ignored","damage_taken":0,"max_hp_gain":0,"max_hp_loss":0,"event_name":"Purifier","floor":2,"gold_loss":0},{"damage_healed":0,"gold_gain":0,"player_choice":"Rummage","damage_taken":0,"relics_obtained":["WarpedTongs"],"max_hp_gain":0,"max_hp_loss":0,"event_name":"Accursed Blacksmith","floor":7,"gold_loss":0,"cards_obtained":["Pain"]}],"is_beta":false,"boss_relics":[],"items_purged_floors":[8],"is_endless":false,"potions_floor_spawned":[1,4,6],"killed_by":"Hexaghost","ascension_level":0}}