{"host":"Aki","time":1611931797,"event":{"mods":["ATMod(°¢èªMod)","BaseMod","Challenge The Spire","Custom Start","DeckTracker","Minty Spire (QoL Compilation)","Quick Restart","StSLib"],"gold_per_floor":[111,130,130,149,74,74,74,99,151,151,51,68,18,53,53,151,151,168,168,184,197,209,237,237,254,254,268,302,227,277,305,305,407,407,424,437,102,117,167,192,192,224,224,224,149,161,161,196,196,196,196,196,65,94,94],"floor_reached":56,"language":"ZHS","playtime":1926,"items_purged":["Defend_P","Defend_P","Strike_P+1","Strike_P+1"],"score":1588,"play_id":"c143bfba-87a1-4350-9a6a-db2764569f10","local_time":"20210129224957","is_ascension_mode":true,"campfire_choices":[{"data":"Eruption","floor":6.0,"key":"SMITH"},{"data":"Omniscience","floor":10.0,"key":"SMITH"},{"data":"AT_TinkerSharpsword","floor":15.0,"key":"SMITH"},{"data":"Tantrum","floor":24.0,"key":"SMITH"},{"data":"Defend_P+1","floor":32.0,"key":"PURGE"},{"data":"Defend_P+1","floor":44,"key":"PURGE"},{"data":"Vigilance+1","floor":47,"key":"PURGE"},{"floor":49,"key":"RECALL"},{"data":"LessonLearned+1","floor":52,"key":"PURGE"}],"circlet_count":0,"master_deck":["Eruption+1","AT_TinkerSharpsword+1","Adaptation+1","Omniscience+1","Study+1","TalkToTheHand+1","Ghostly+1","Ghostly+1","Ghostly+1","Ghostly+1","Ghostly+1","Tantrum+1","DeusExMachina+1","Vault+1"],"relics":["HolyWater","AT_ATBox","NeowsBlessing","AT_SunfireAegis","InkBottle","PreservedInsect","Centennial Puzzle","AT_SeraphEmbrace","AT_DeathDance","Peace Pipe","Runic Pyramid","Membership Card","AT_ImmortalShieldbow","AT_Manta","Unceasing Top","Mummified Hand","Meat on the Bone","AT_BellowingDragoncrestRing","AT_LudenTempest"],"acts_visited":["Exordium","TheCity","TheBeyond","TheEnding"],"potions_floor_usage":[55,55,55],"damage_taken":[{"damage":0.0,"enemies":"Jaw Worm","floor":1.0,"turns":1.0},{"damage":0.0,"enemies":"Cultist","floor":2.0,"turns":1.0},{"damage":0.0,"enemies":"Small Slimes","floor":4.0,"turns":1.0},{"damage":0.0,"enemies":"Lagavulin","floor":8.0,"turns":4.0},{"damage":24.0,"enemies":"Gremlin Gang","floor":12.0,"turns":4.0},{"damage":12.0,"enemies":"Gremlin Nob","floor":14.0,"turns":3.0},{"damage":28.0,"enemies":"Hexaghost","floor":16.0,"turns":7.0},{"damage":11.0,"enemies":"Spheric Guardian","floor":18.0,"turns":4.0},{"damage":4.0,"enemies":"2 Thieves","floor":20.0,"turns":4.0},{"damage":3.0,"enemies":"Shelled Parasite and Fungi","floor":21.0,"turns":4.0},{"damage":1.0,"enemies":"Snecko","floor":22.0,"turns":6.0},{"damage":2.0,"enemies":"Slavers","floor":23.0,"turns":2.0},{"damage":0.0,"enemies":"Snake Plant","floor":25.0,"turns":2.0},{"damage":3.0,"enemies":"3 Cultists","floor":27.0,"turns":3.0},{"damage":0.0,"enemies":"Book of Stabbing","floor":28.0,"turns":5.0},{"damage":1.0,"enemies":"Slavers","floor":31.0,"turns":2.0},{"damage":1.0,"enemies":"Champ","floor":33.0,"turns":4.0},{"damage":0.0,"enemies":"3 Shapes","floor":35.0,"turns":2.0},{"damage":0.0,"enemies":"3 Darklings","floor":36.0,"turns":4.0},{"damage":1.0,"enemies":"4 Shapes","floor":38.0,"turns":4.0},{"damage":0.0,"enemies":"2 Orb Walkers","floor":39.0,"turns":4.0},{"damage":0.0,"enemies":"Nemesis","floor":40.0,"turns":2.0},{"damage":0,"enemies":"Giant Head","floor":42,"turns":1},{"damage":0,"enemies":"Spire Growth","floor":46,"turns":2},{"damage":0,"enemies":"Nemesis","floor":48,"turns":2},{"damage":0,"enemies":"Awakened One","floor":50,"turns":3},{"damage":3,"enemies":"Shield and Spear","floor":54,"turns":2},{"damage":11,"enemies":"The Heart","floor":55,"turns":4}],"seed_played":"1041369880004310279","potions_obtained":[{"floor":2.0,"key":"AttackPotion"},{"floor":4.0,"key":"PowerPotion"},{"floor":8.0,"key":"Ancient Potion"},{"floor":20.0,"key":"StancePotion"},{"floor":21.0,"key":"LiquidMemories"},{"floor":27.0,"key":"Fruit Juice"},{"floor":28.0,"key":"Regen Potion"},{"floor":46,"key":"Block Potion"}],"is_trial":false,"path_per_floor":["M","M","?","M","$","R","?","E","T","R","$","M","?","E","R","B",null,"M","?","M","M","M","E","R","M","T","M","E","?","?","E","R","B",null,"M","M","$","M","?","E","?","E","T","R","$","M","R","E","R","B",null,"R","$","E","B",null],"character_chosen":"WATCHER","items_purchased":["Membership Card","AT_ImmortalShieldbow","AT_BellowingDragoncrestRing"],"campfire_rested":0,"item_purchase_floors":[37,37,53],"current_hp_per_floor":[72,72,72,72,72,72,72,72,72,72,72,48,48,36,36,8,72,61,36,32,29,28,26,26,26,26,23,28,28,28,27,27,26,41,41,41,41,40,40,40,40,40,40,40,40,40,40,40,40,40,41,41,41,38,41],"gold":94,"neow_bonus":"THREE_ENEMY_KILL","is_daily":false,"chose_seed":false,"campfire_upgraded":4,"win_rate":0.0,"timestamp":1611931797,"path_taken":["M","M","?","?","$","R","?","E","T","R","$","?","?","E","R","BOSS","M","?","M","M","M","E","R","M","T","M","E","?","?","E","R","BOSS","M","M","$","?","?","E","?","E","T","R","$","M","R","E","R","BOSS","R","$","E","BOSS"],"items_purchased_type":["Relic","Relic","Relic"],"build_version":"2020-12-18","purchased_purges":4,"victory":true,"max_hp_per_floor":[72,72,72,72,72,72,72,72,72,72,72,72,72,72,72,72,72,72,36,36,36,36,36,36,36,36,36,41,41,41,41,41,41,41,41,41,41,41,41,41,41,41,41,41,41,41,41,41,41,41,41,41,41,41,41],"card_choices":[{"not_picked":["CrushJoints","Evaluate"],"picked":"Adaptation","floor":1.0},{"not_picked":["FlurryOfBlows","Consecrate","CutThroughFate"],"picked":"SKIP","floor":2.0},{"not_picked":["CrushJoints","EmptyFist","EmptyBody"],"picked":"SKIP","floor":4.0},{"not_picked":["AT_IrregularMenstruation","Evaluate"],"picked":"Omniscience","floor":8.0},{"not_picked":["Fasting2","Halt"],"picked":"Study","floor":12.0},{"not_picked":["JustLucky","FearNoEvil"],"picked":"TalkToTheHand","floor":14.0},{"not_picked":["Establishment","Devotion"],"picked":"LessonLearned","floor":16.0},{"not_picked":["Consecrate","FlyingSleeves+1","EmptyFist"],"picked":"SKIP","floor":18.0},{"not_picked":["JustLucky+1","Wallop","EmptyFist"],"picked":"SKIP","floor":20.0},{"not_picked":["Crescendo","Halt","CrushJoints+1"],"picked":"SKIP","floor":21.0},{"not_picked":["FlyingSleeves","FollowUp"],"picked":"Tantrum","floor":22.0},{"not_picked":["SashWhip","Crescendo","FearNoEvil"],"picked":"SKIP","floor":23.0},{"not_picked":["EmptyBody","SandsOfTime"],"picked":"DeusExMachina","floor":25.0},{"not_picked":["PathToVictory+1","ThirdEye","CrushJoints"],"picked":"SKIP","floor":27.0},{"not_picked":["Protect","AT_OneInchPunch","Perseverance"],"picked":"SKIP","floor":28.0},{"not_picked":["SashWhip","Weave","Wallop"],"picked":"SKIP","floor":31.0},{"not_picked":["Devotion","DeusExMachina"],"picked":"Vault","floor":33.0},{"not_picked":["BowlingBash","Prostrate","JustLucky+1"],"picked":"SKIP","floor":35.0},{"not_picked":["WheelKick","CrushJoints","ClearTheMind"],"picked":"SKIP","floor":36.0},{"not_picked":["Protect","Evaluate+1","Crescendo+1"],"picked":"SKIP","floor":38.0},{"not_picked":["SashWhip+1","FollowUp","Vengeance+1"],"picked":"SKIP","floor":40.0},{"not_picked":["Crescendo","ThirdEye","PathToVictory+1"],"picked":"SKIP","floor":42},{"not_picked":["SashWhip+1","Consecrate","PathToVictory"],"picked":"SKIP","floor":46},{"not_picked":["Prostrate","Establishment","Crescendo+1"],"picked":"SKIP","floor":48},{"not_picked":["CarveReality","DeceiveReality","Consecrate+1"],"picked":"SKIP","floor":54}],"player_experience":12307,"relics_obtained":[{"floor":8.0,"key":"InkBottle"},{"floor":9.0,"key":"PreservedInsect"},{"floor":14.0,"key":"Centennial Puzzle"},{"floor":23.0,"key":"AT_ArchangelStaff"},{"floor":26.0,"key":"AT_DeathDance"},{"floor":31.0,"key":"Peace Pipe"},{"floor":39.0,"key":"AT_Manta"},{"floor":40.0,"key":"Unceasing Top"},{"floor":42,"key":"Mummified Hand"},{"floor":48,"key":"Meat on the Bone"},{"floor":54,"key":"AT_LudenTempest"}],"event_choices":[{"damage_healed":0.0,"max_hp_gain":0.0,"max_hp_loss":0.0,"gold_gain":0.0,"event_name":"WeMeetAgain","player_choice":"Gave Potion","floor":3.0,"gold_loss":0.0,"damage_taken":0.0,"relics_obtained":["AT_SunfireAegis"]},{"damage_healed":0.0,"max_hp_gain":0.0,"max_hp_loss":0.0,"gold_gain":0.0,"event_name":"Transmorgrifier","player_choice":"Ignored","floor":7.0,"gold_loss":0.0,"damage_taken":0.0},{"cards_removed":["Strike_P"],"damage_healed":0.0,"max_hp_gain":0.0,"max_hp_loss":0.0,"gold_gain":0.0,"event_name":"The Cleric","player_choice":"Card Removal","floor":13.0,"gold_loss":50.0,"damage_taken":0.0},{"damage_healed":0.0,"max_hp_gain":0.0,"max_hp_loss":36.0,"gold_gain":0.0,"event_name":"Ghosts","player_choice":"Became a Ghost","floor":19.0,"gold_loss":0.0,"damage_taken":0.0,"cards_obtained":["Ghostly","Ghostly","Ghostly","Ghostly","Ghostly"]},{"cards_removed":["Strike_P"],"damage_healed":0.0,"max_hp_gain":0.0,"max_hp_loss":0.0,"gold_gain":0.0,"event_name":"Beggar","player_choice":"Gave Gold","floor":29.0,"gold_loss":75.0,"damage_taken":0.0},{"damage_healed":0.0,"max_hp_gain":0.0,"max_hp_loss":0.0,"gold_gain":100.0,"event_name":"The Joust","player_choice":"Bet on Murderer","floor":30.0,"gold_loss":50.0,"damage_taken":0.0},{"damage_healed":0.0,"max_hp_gain":0.0,"max_hp_loss":0.0,"gold_gain":0.0,"event_name":"Mysterious Sphere","player_choice":"Fight","floor":39.0,"gold_loss":0.0,"damage_taken":0.0},{"damage_healed":0,"gold_gain":0,"player_choice":"Memory 1","damage_taken":0,"max_hp_gain":0,"max_hp_loss":0,"event_name":"SensoryStone","floor":41,"gold_loss":0}],"is_beta":true,"boss_relics":[{"not_picked":["Empty Cage","Runic Dome"],"picked":"HolyWater"},{"not_picked":["SlaversCollar","Tiny House"],"picked":"Runic Pyramid"}],"items_purged_floors":[5,11,37,45],"is_endless":false,"potions_floor_spawned":[2,4,8,20,21,27,28,33,36,38,46,48],"ascension_level":1}}