{"host":"l2y2hf5oty1xxg4a","time":1611900739,"event":{"mods":["BaseMod","Minty Spire (QoL Compilation)","Relic Stats","Slay-I"],"gold_per_floor":[119,119,18,37,37,72,72,72,98,98,111,134,165,190,190,313,313,331,346,445,465,484,524,524,539,539,539,539],"floor_reached":27,"language":"ENG","playtime":943,"items_purged":["Strike_P"],"score":284,"play_id":"9e7881bc-8a7f-482d-ad61-2b51d12cb513","local_time":"20210128221219","is_ascension_mode":true,"campfire_choices":[{"data":"Eruption","floor":8,"key":"SMITH"},{"data":"Consecrate","floor":10,"key":"SMITH"},{"data":"CutThroughFate","floor":15,"key":"SMITH"},{"floor":24,"key":"REST"}],"circlet_count":0,"master_deck":["Strike_P","Strike_P","Strike_P","Defend_P","Defend_P","Defend_P","Defend_P","Eruption+1","Vigilance","Consecrate+1","ClearTheMind","WindmillStrike","CutThroughFate+1","Omniscience","MentalFortress","FollowUp+1","Injury"],"relics":["PureWater","NeowsBlessing","Eternal Feather","Golden Idol","Smiling Mask","Boot","Meat on the Bone","Cursed Key","Kunai"],"acts_visited":["Exordium","TheCity"],"potions_floor_usage":[13,14,18,22,23,27],"damage_taken":[{"damage":0,"enemies":"2 Louse","floor":1,"turns":1},{"damage":0,"enemies":"Small Slimes","floor":4,"turns":1},{"damage":0,"enemies":"Lagavulin","floor":6,"turns":1},{"damage":0,"enemies":"Cultist","floor":11,"turns":2},{"damage":4,"enemies":"Blue Slaver","floor":12,"turns":2},{"damage":1,"enemies":"3 Sentries","floor":13,"turns":3},{"damage":0,"enemies":"3 Louse","floor":14,"turns":2},{"damage":23,"enemies":"Slime Boss","floor":16,"turns":7},{"damage":30,"enemies":"3 Byrds","floor":18,"turns":4},{"damage":2,"enemies":"Chosen","floor":19,"turns":4},{"damage":12,"enemies":"Snecko","floor":21,"turns":6},{"damage":14,"enemies":"Shelled Parasite and Fungi","floor":22,"turns":4},{"damage":23,"enemies":"Slavers","floor":23,"turns":4},{"damage":24,"enemies":"Snake Plant","floor":25,"turns":5},{"damage":62,"enemies":"Book of Stabbing","floor":27,"turns":5}],"seed_played":"8047969359652994655","potions_obtained":[{"floor":6,"key":"LiquidMemories"},{"floor":11,"key":"SkillPotion"},{"floor":12,"key":"Block Potion"},{"floor":21,"key":"Weak Potion"},{"floor":22,"key":"Ambrosia"},{"floor":23,"key":"Regen Potion"}],"is_trial":false,"path_per_floor":["M","?","$","M","?","E","?","R","T","R","M","M","E","M","R","B",null,"M","M","?","M","M","E","R","M","T","E"],"character_chosen":"WATCHER","items_purchased":["ClearTheMind"],"campfire_rested":1,"item_purchase_floors":[3],"current_hp_per_floor":[72,69,69,69,51,51,44,50,50,56,56,52,51,51,57,46,72,42,40,40,40,38,27,57,45,45,0,0],"gold":539,"neow_bonus":"THREE_ENEMY_KILL","is_daily":false,"chose_seed":false,"campfire_upgraded":3,"win_rate":0.0,"timestamp":1611900739,"path_taken":["M","?","$","M","?","E","?","R","T","R","M","?","E","M","R","BOSS","M","M","?","M","M","E","R","M","T","E"],"items_purchased_type":["Card"],"build_version":"2020-12-22","purchased_purges":1,"victory":false,"max_hp_per_floor":[72,72,72,72,72,72,72,72,72,72,72,72,72,72,72,72,72,72,72,72,72,72,72,72,72,72,72,72],"relic_stats":{"counters":[15,51],"Golden Idol":77,"Eternal Feather":27,"Kunai":[3],"Smiling Mask":0,"Boot":[16],"Cursed Key":1,"obtain_stats":[{"NeowsBlessing":0,"Golden Idol":5,"Eternal Feather":2,"Kunai":23,"PureWater":0,"Smiling Mask":6,"Boot":9,"Cursed Key":17,"Meat on the Bone":13},{"NeowsBlessing":0,"Golden Idol":2,"Eternal Feather":1,"Kunai":13,"PureWater":0,"Smiling Mask":3,"Boot":3,"Cursed Key":8,"Meat on the Bone":6},{"NeowsBlessing":0,"Golden Idol":2,"Eternal Feather":1,"Kunai":41,"PureWater":0,"Smiling Mask":3,"Boot":3,"Cursed Key":19,"Meat on the Bone":10}],"Meat on the Bone":60},"card_choices":[{"not_picked":["Vengeance","Fasting2"],"picked":"Consecrate","floor":1},{"not_picked":["ThirdEye","Weave"],"picked":"WindmillStrike","floor":4},{"not_picked":["Wireheading","ThirdEye","PathToVictory"],"picked":"SKIP","floor":6},{"not_picked":["Crescendo","PathToVictory","Perseverance"],"picked":"SKIP","floor":11},{"not_picked":["ForeignInfluence","SandsOfTime"],"picked":"CutThroughFate","floor":12},{"not_picked":["DeceiveReality","ClearTheMind","Alpha"],"picked":"SKIP","floor":13},{"not_picked":["CarveReality","JustLucky","EmptyMind"],"picked":"SKIP","floor":14},{"not_picked":["LessonLearned","Brilliance"],"picked":"Omniscience","floor":16},{"not_picked":["JustLucky","Consecrate+1"],"picked":"MentalFortress","floor":18},{"not_picked":["JustLucky+1","FlyingSleeves+1","Consecrate"],"picked":"SKIP","floor":19},{"not_picked":["ThirdEye","EmptyBody","Prostrate"],"picked":"SKIP","floor":21},{"not_picked":["EmptyMind","SashWhip+1","Evaluate"],"picked":"SKIP","floor":22},{"not_picked":["Brilliance","Prostrate"],"picked":"FollowUp+1","floor":23},{"not_picked":["Sanctity","ThirdEye","FlyingSleeves"],"picked":"SKIP","floor":25}],"player_experience":783131,"relics_obtained":[{"floor":6,"key":"Smiling Mask"},{"floor":9,"key":"Boot"},{"floor":13,"key":"Meat on the Bone"},{"floor":23,"key":"Kunai"}],"event_choices":[{"damage_healed":0,"gold_gain":0,"player_choice":"Success","damage_taken":3,"relics_obtained":["Eternal Feather"],"max_hp_gain":0,"max_hp_loss":0,"event_name":"Scrap Ooze","floor":2,"gold_loss":0},{"damage_healed":0,"gold_gain":0,"player_choice":"Take Damage","damage_taken":18,"relics_obtained":["Golden Idol"],"max_hp_gain":0,"max_hp_loss":0,"event_name":"Golden Idol","floor":5,"gold_loss":0},{"damage_healed":0,"gold_gain":0,"player_choice":"Damaged","damage_taken":7,"max_hp_gain":0,"max_hp_loss":0,"event_name":"Wheel of Change","floor":7,"gold_loss":0},{"damage_healed":0,"gold_gain":99,"player_choice":"Stole From Cult","damage_taken":0,"max_hp_gain":0,"max_hp_loss":0,"event_name":"Nest","floor":20,"gold_loss":0}],"is_beta":false,"boss_relics":[{"not_picked":["Runic Pyramid","Empty Cage"],"picked":"Cursed Key"}],"items_purged_floors":[3],"is_endless":false,"potions_floor_spawned":[6,11,12,21,22,23],"killed_by":"Book of Stabbing","ascension_level":1}}