{"host":"9tzam4717zt8ei1o","time":1611891907,"event":{"mods":["BaseMod","Colored Map","Keyboard Shortcuts","Minty Spire (QoL Compilation)","Quick Restart","StSLib","SuperFastMode"],"gold_per_floor":[110,121,71,35,110,110,143,155,155,29,62,25,25,48,48,121,121,138,173,73,0,12,42,42,67,92,124,142,142,142,174,174,248,248,262,279,10,10,21,21,21],"floor_reached":40,"language":"KOR","playtime":1042,"items_purged":["Strike_G","Strike_G","Strike_G"],"score":896,"play_id":"61408980-9bbd-4f16-aa05-aafb792cbf5b","local_time":"20210129124507","is_ascension_mode":true,"campfire_choices":[{"data":"Bouncing Flask","floor":6.0,"key":"SMITH"},{"data":"Noxious Fumes","floor":13.0,"key":"SMITH"},{"data":"Calculated Gamble","floor":15.0,"key":"SMITH"},{"data":"Wraith Form v2","floor":24.0,"key":"SMITH"},{"data":"Eviscerate","floor":32.0,"key":"SMITH"}],"circlet_count":0,"master_deck":["AscendersBane","Defend_G","Defend_G","Defend_G","Defend_G","Defend_G","Survivor","Neutralize","Bouncing Flask+1","Calculated Gamble+1","PiercingWail","Noxious Fumes+1","Wraith Form v2+1","Eviscerate+1","Underhanded Strike","Night Terror","Catalyst","Well Laid Plans"],"relics":["Ring of the Snake","PreservedInsect","StoneCalendar","Incense Burner","Happy Flower","Orichalcum","Snecko Eye","Red Mask","Bag of Preparation","Dream Catcher","Dead Branch","Omamori","Cursed Key"],"acts_visited":["Exordium","TheCity","TheBeyond"],"potions_floor_usage":[],"damage_taken":[{"damage":7.0,"enemies":"Jaw Worm","floor":1.0,"turns":5.0},{"damage":1.0,"enemies":"Small Slimes","floor":2.0,"turns":4.0},{"damage":7.0,"enemies":"Lagavulin","floor":7.0,"turns":5.0},{"damage":6.0,"enemies":"2 Louse","floor":8.0,"turns":3.0},{"damage":16.0,"enemies":"Gremlin Nob","floor":11.0,"turns":4.0},{"damage":2.0,"enemies":"The Guardian","floor":16.0,"turns":8.0},{"damage":0.0,"enemies":"Chosen","floor":18.0,"turns":4.0},{"damage":10.0,"enemies":"Masked Bandits","floor":19.0,"turns":5.0},{"damage":4.0,"enemies":"Shell Parasite","floor":22.0,"turns":5.0},{"damage":19.0,"enemies":"Book of Stabbing","floor":23.0,"turns":5.0},{"damage":0.0,"enemies":"Slavers","floor":25.0,"turns":5.0},{"damage":0.0,"enemies":"Book of Stabbing","floor":27.0,"turns":4.0},{"damage":0.0,"enemies":"Snecko","floor":28.0,"turns":4.0},{"damage":0.0,"enemies":"Slavers","floor":31.0,"turns":5.0},{"damage":19.0,"enemies":"Champ","floor":33.0,"turns":10.0},{"damage":0,"enemies":"3 Darklings","floor":35,"turns":2},{"damage":0,"enemies":"Orb Walker","floor":36,"turns":2},{"damage":3,"enemies":"Sphere and 2 Shapes","floor":39,"turns":4},{"damage":66,"enemies":"Nemesis","floor":40,"turns":4}],"seed_played":"6512902358891987066","potions_obtained":[{"floor":2.0,"key":"Fire Potion"},{"floor":8.0,"key":"FearPotion"},{"floor":22.0,"key":"Swift Potion"},{"floor":27.0,"key":"FearPotion"},{"floor":28.0,"key":"LiquidMemories"},{"floor":33.0,"key":"CultistPotion"}],"is_trial":false,"path_per_floor":["M","M","?","$","?","R","E","M","T","$","E","$","R","T","R","B",null,"M","?","$","$","M","E","R","E","T","E","M","?","?","E","R","B",null,"M","M","$","?","M","E"],"character_chosen":"THE_SILENT","items_purchased":["Calculated Gamble","PiercingWail","Noxious Fumes","Eviscerate","Catalyst","Well Laid Plans"],"campfire_rested":0,"item_purchase_floors":[4,10,12,21,37,37],"current_hp_per_floor":[56,55,55,55,44,44,37,31,31,31,15,15,15,15,15,13,56,56,46,46,46,42,23,23,23,23,23,23,23,23,23,23,4,54,54,54,54,54,51,0,0],"gold":21,"neow_bonus":"RANDOM_COMMON_RELIC","is_daily":false,"chose_seed":false,"campfire_upgraded":5,"win_rate":0.0,"timestamp":1611891907,"path_taken":["M","M","?","$","?","R","E","M","T","$","E","$","R","?","R","BOSS","M","?","?","$","M","E","R","E","T","E","M","?","?","E","R","BOSS","M","M","$","?","M","E"],"items_purchased_type":["Card","Card","Card","Card","Card","Card"],"build_version":"2020-12-22","purchased_purges":3,"victory":false,"max_hp_per_floor":[70,70,70,70,70,70,70,70,70,70,70,70,70,70,70,70,70,70,70,70,70,70,70,70,70,70,70,70,70,70,70,70,70,70,70,70,70,70,70,70,70],"card_choices":[{"not_picked":["Poisoned Stab","Deflect"],"picked":"Bouncing Flask","floor":1.0},{"not_picked":["Cloak And Dagger","Dodge and Roll","Dagger Spray"],"picked":"SKIP","floor":2.0},{"not_picked":["Riddle With Holes","Quick Slash","Envenom"],"picked":"SKIP","floor":7.0},{"not_picked":["Deflect","Cloak And Dagger"],"picked":"Escape Plan","floor":8.0},{"not_picked":["Deflect","Slice","Dodge and Roll"],"picked":"SKIP","floor":11.0},{"not_picked":["Venomology","Die Die Die"],"picked":"Wraith Form v2","floor":16.0},{"not_picked":["PiercingWail","Dagger Throw","Footwork"],"picked":"SKIP","floor":18.0},{"not_picked":["Leg Sweep","Outmaneuver","Crippling Poison"],"picked":"SKIP","floor":22.0},{"not_picked":["PiercingWail+1","Well Laid Plans","Backflip"],"picked":"SKIP","floor":23.0},{"not_picked":["Cloak And Dagger","Riddle With Holes","Leg Sweep"],"picked":"SKIP","floor":25.0},{"not_picked":["Backstab","Dash","Distraction"],"picked":"SKIP","floor":27.0},{"not_picked":["Cloak And Dagger","Flying Knee","Footwork+1"],"picked":"SKIP","floor":28.0},{"not_picked":["Outmaneuver+1","Tools of the Trade","Underhanded Strike"],"picked":"SKIP","floor":31.0},{"not_picked":["Bullet Time","Unload"],"picked":"Night Terror","floor":33.0},{"not_picked":["Slice+1","Bane","Flying Knee"],"picked":"SKIP","floor":35},{"not_picked":["Cloak And Dagger","Flechettes+1","All Out Attack+1"],"picked":"SKIP","floor":36},{"not_picked":["Slice+1","Accuracy","Skewer"],"picked":"SKIP","floor":39}],"player_experience":107025,"relics_obtained":[{"floor":7.0,"key":"StoneCalendar"},{"floor":9.0,"key":"Incense Burner"},{"floor":11.0,"key":"Happy Flower"},{"floor":14.0,"key":"Orichalcum"},{"floor":19.0,"key":"Red Mask"},{"floor":23.0,"key":"Bag of Preparation"},{"floor":25.0,"key":"Dream Catcher"},{"floor":27.0,"key":"Dead Branch"},{"floor":31.0,"key":"Omamori"}],"event_choices":[{"cards_removed":["Strike_G"],"damage_healed":0.0,"max_hp_gain":0.0,"max_hp_loss":0.0,"gold_gain":0.0,"event_name":"The Cleric","player_choice":"Card Removal","floor":3.0,"gold_loss":50.0,"damage_taken":0.0},{"damage_healed":0.0,"max_hp_gain":0.0,"max_hp_loss":0.0,"gold_gain":75.0,"event_name":"World of Goop","player_choice":"Gather Gold","floor":5.0,"gold_loss":0.0,"damage_taken":11.0},{"damage_healed":0.0,"max_hp_gain":0.0,"max_hp_loss":0.0,"gold_gain":0.0,"event_name":"Masked Bandits","player_choice":"Fought Bandits","floor":19.0,"gold_loss":0.0,"damage_taken":0.0},{"cards_removed":["Strike_G"],"damage_healed":0.0,"max_hp_gain":0.0,"max_hp_loss":0.0,"gold_gain":0.0,"event_name":"Back to Basics","player_choice":"Elegance","floor":29.0,"gold_loss":0.0,"damage_taken":0.0},{"damage_healed":0.0,"max_hp_gain":0.0,"max_hp_loss":0.0,"gold_gain":0.0,"event_name":"The Library","player_choice":"Read","floor":30.0,"gold_loss":0.0,"damage_taken":0.0,"cards_obtained":["Underhanded Strike"]},{"cards_removed":["Escape Plan"],"damage_healed":0,"gold_gain":0,"player_choice":"Purged","damage_taken":0,"max_hp_gain":0,"max_hp_loss":0,"event_name":"Purifier","floor":38,"gold_loss":0}],"is_beta":false,"boss_relics":[{"not_picked":["Runic Pyramid","Empty Cage"],"picked":"Snecko Eye"},{"not_picked":["Runic Dome","Ring of the Serpent"],"picked":"Cursed Key"}],"items_purged_floors":[10,20,37],"is_endless":false,"potions_floor_spawned":[2,8,22,27,28,31,33],"killed_by":"Nemesis","ascension_level":13}}