{"host":"r9v0g0iwbsx9dzwu","time":1611904699,"event":{"mods":["100% Spire Juice","ATMod(阿瑾Mod)","Aspiration","BaseMod","Minty Spire (QoL Compilation)","MostiFishMod","Reliquary","Replay The Spire","RumiaBox-露米娅的神秘盒子","StSLib","TestMod","[IsaacMod]以撒尖塔","【功能Mod】聪明的最终Boss","【遗物卡牌】REMEMod"],"gold_per_floor":[113,113,38,438,455,486,502,503,503],"floor_reached":8,"language":"ZHS","playtime":388,"items_purged":["Strike_G"],"score":112,"play_id":"f37f3971-bec2-4500-9cae-1df2e24a1ef6","local_time":"20210129151819","is_ascension_mode":true,"campfire_choices":[],"circlet_count":0,"master_deck":["AscendersBane","Strike_G","Strike_G","Strike_G","Defend_G","Defend_G","Defend_G","Defend_G","Defend_G","Survivor","Neutralize","BettingIsNotGood","Moonworks:Wanted","AT_KingSlayer","Adrenaline","Hidden Blade"],"relics":["HushsDoor","Runic Pyramid","Void","testmod-TheFather","NightmareShop","Baka","reliquary:RosewoodLute"],"acts_visited":["Exordium"],"potions_floor_usage":[],"damage_taken":[{"damage":0.0,"enemies":"Small Slimes","floor":1.0,"turns":2.0},{"damage":8,"enemies":"Jaw Worm","floor":5,"turns":5},{"damage":40,"enemies":"Replay:BlueRogue","floor":6,"turns":14},{"damage":0,"enemies":"2 Louse","floor":7,"turns":4},{"damage":79,"enemies":"Gremlin Nob","floor":8,"turns":4}],"seed_played":"-5512606142610352319","potions_obtained":[{"floor":1.0,"key":"Dexterity Potion"},{"floor":5,"key":"BlessingOfTheForge"}],"is_trial":false,"path_per_floor":["M","?","$","?","M","E","M","E"],"character_chosen":"THE_SILENT","items_purchased":[],"campfire_rested":0,"item_purchase_floors":[],"current_hp_per_floor":[59,59,59,59,56,21,26,0,0],"gold":503,"neow_bonus":"BOSS_RELIC","is_daily":false,"chose_seed":false,"campfire_upgraded":0,"win_rate":0.0,"timestamp":1611904699,"path_taken":["M","?","$","?","M","E","M","E"],"items_purchased_type":[],"build_version":"2020-12-22","purchased_purges":1,"victory":false,"max_hp_per_floor":[66,66,66,66,66,66,66,66,66],"card_choices":[{"not_picked":[],"picked":"BettingIsNotGood","floor":0.0},{"not_picked":["Cloak And Dagger","Crippling Poison"],"picked":"Bomb","floor":1.0},{"not_picked":["All Out Attack","Sucker Punch"],"picked":"Adrenaline","floor":5},{"not_picked":["Bane","Slice","Expertise"],"picked":"SKIP","floor":6},{"not_picked":["Dodge and Roll","Underhanded Strike"],"picked":"Hidden Blade","floor":7}],"player_experience":33787,"relics_obtained":[{"floor":1.0,"key":"Baka"},{"floor":6,"key":"reliquary:RosewoodLute"}],"event_choices":[{"cards_removed":["Strike_G"],"damage_healed":0,"gold_gain":0,"player_choice":"Forget","damage_taken":0,"max_hp_gain":0,"max_hp_loss":0,"event_name":"Living Wall","floor":2,"gold_loss":0},{"damage_healed":0,"gold_gain":400,"player_choice":"Sell","damage_taken":0,"max_hp_gain":0,"max_hp_loss":0,"event_name":"恩洛斯的盘子","floor":4,"relics_lost":["DaveBox"],"gold_loss":0}],"is_beta":false,"boss_relics":[],"items_purged_floors":[3],"is_endless":false,"potions_floor_spawned":[1,5],"killed_by":"Gremlin Nob","ascension_level":20}}