{"host":"31srvgftwd43oumg","time":1611885334,"event":{"mods":["BaseMod","Better Third Choice","BetterRewards","Card Forge","Downfall","Hubris","Infinite Spire","Jorbs\u0027s Wanderer Trilogy","Koishi","Luminous","Marisa????????","Minty Spire (QoL Compilation)","Remilia??????","Replay The Spire","Shop Mod","StSLib","The Bug Knight","The Cursed","The Death Knight","The Disciple","The Exalted","The Hierophant","The Mystic","The Necromancer","The Senshi"],"gold_per_floor":[99,112,132,147,157,157,182,86,117,102,102,120,134,165,183,278,278,278,293,312,329,188,208,231,251,267,281,281,281,281,313,325,425,425,325,343,358,11,27,47,72,106,117,117,131,160,60,70,88,88,88,88],"floor_reached":50,"language":"ENG","playtime":3296,"items_purged":[],"score":621,"play_id":"a177ad26-6df5-45f8-ad54-e6004fc68a8c","local_time":"20210128195534","is_ascension_mode":false,"campfire_choices":[{"data":"hubris:EnhanceAbility","floor":1.0,"key":"SMITH"},{"data":"Slimebound:GoopSpray","floor":11.0,"key":"SMITH"},{"data":"Slimebound:MinionMaster","floor":18.0,"key":"SMITH"},{"floor":28.0,"key":"RECALL"},{"data":"Slimebound:MassFeed","floor":35,"key":"SMITH"}],"circlet_count":0,"master_deck":["Slimebound:Strike_Slimebound+1","Slimebound:Strike_Slimebound+1","Slimebound:Strike_Slimebound+1","Slimebound:Tackle+1","Slimebound:Defend_Slimebound+1","Slimebound:Defend_Slimebound+1","Slimebound:Defend_Slimebound+1","Slimebound:Defend_Slimebound+1","Slimebound:Split+1","Slimebound:CorrosiveSpit+1","hubris:EnhanceAbility+1","Slimebound:ComboTackle+1","Slimebound:SlimeSpikes+1","Slimebound:HauntingLick+1","Slimebound:SlimeSpikes+1","Slimebound:MegaLick+1","Slimebound:GoopSpray+1","Slimebound:RallyTheTroops+1","Slimebound:MinionMaster+1","Slimebound:Dissolve+1","Slimebound:Overexert+1","infinitespire:TheBestDefense+1","Slimebound:LevelUp+1","Slimebound:LivingWall+1","Slimebound:MassFeed+1","Slimebound:LeechEnergy+1","Slimebound:LevelUp+1","Slimebound:SplitLeeching+1","Slimebound:SlimeBarrage+1","Slimebound:PrepareCrush+1","Slimebound:LevelUp+1","Parasite"],"relics":["Slimebound:AbsorbEndCombat","Hammer of Thor","Seething Fire","Anvil of the Gods","Toy Ornithopter","The Courier","Gambling Chip","Coffee Dripper","Vajra","Bromod:ArcaneConsequence","Bag of Preparation","Slimebound:TarBlob","downfall:HeartBlessingRed","Blood Vial","Kunai","hubris:PeanutButter","Ancient Tea Set","Strawberry","DeathKnight:PutricidesVial","MealTicket","downfall:HeartBlessingGreen"],"acts_visited":["Exordium","TheCity","TheBeyond"],"potions_floor_usage":[42,50,50],"damage_taken":[{"damage":0.0,"enemies":"Cultist","floor":2.0,"turns":4.0},{"damage":3.0,"enemies":"2 Louse","floor":3.0,"turns":2.0},{"damage":6.0,"enemies":"infinitespire:Voidling","floor":4.0,"turns":3.0},{"damage":5.0,"enemies":"Blue Slaver","floor":5.0,"turns":5.0},{"damage":3.0,"enemies":"downfall:FleeingMerchant","floor":8.0,"turns":4.0},{"damage":24.0,"enemies":"Gremlin Nob","floor":9.0,"turns":5.0},{"damage":1.0,"enemies":"downfall:FleeingMerchant","floor":10.0,"turns":4.0},{"damage":0.0,"enemies":"Gremlin Gang","floor":12.0,"turns":5.0},{"damage":0.0,"enemies":"Red Slaver","floor":13.0,"turns":2.0},{"damage":0.0,"enemies":"Lagavulin","floor":14.0,"turns":6.0},{"damage":0.0,"enemies":"Large Slime","floor":15.0,"turns":5.0},{"damage":12.0,"enemies":"SI_SHIV_ARCHETYPE","floor":16.0,"turns":8.0},{"damage":0.0,"enemies":"Shell Parasite","floor":19.0,"turns":7.0},{"damage":0.0,"enemies":"Snecko","floor":20.0,"turns":5.0},{"damage":2.0,"enemies":"Shelled Parasite and Fungi","floor":21.0,"turns":8.0},{"damage":19.0,"enemies":"downfall:FleeingMerchant","floor":22.0,"turns":4.0},{"damage":0.0,"enemies":"Centurion and Healer","floor":23.0,"turns":5.0},{"damage":6.0,"enemies":"Snake Plant","floor":25.0,"turns":4.0},{"damage":1.0,"enemies":"Cultist and Chosen","floor":26.0,"turns":3.0},{"damage":15.0,"enemies":"Centurion and Healer","floor":27.0,"turns":4.0},{"damage":5.0,"enemies":"Nightmare","floor":31.0,"turns":8.0},{"damage":6.0,"enemies":"3 Cultists","floor":32.0,"turns":6.0},{"damage":4,"enemies":"IC_MUSHROOM_ARCHETYPE","floor":33,"turns":8},{"damage":3,"enemies":"3 Darklings","floor":36,"turns":3},{"damage":10,"enemies":"3 Shapes","floor":37,"turns":4},{"damage":1,"enemies":"downfall:FleeingMerchant","floor":38,"turns":1},{"damage":6,"enemies":"Writhing Mass","floor":39,"turns":4},{"damage":15,"enemies":"Maw","floor":40,"turns":7},{"damage":14,"enemies":"Giant Head","floor":42,"turns":8},{"damage":0,"enemies":"Sphere and 2 Shapes","floor":43,"turns":5},{"damage":15,"enemies":"Spire Growth","floor":45,"turns":4},{"damage":0,"enemies":"R_Hoarder","floor":46,"turns":9},{"damage":7,"enemies":"Writhing Mass","floor":48,"turns":5},{"damage":19,"enemies":"HollowMod:SlobberingHusk","floor":49,"turns":8},{"damage":80,"enemies":"DF_ARCHETYPE_ORBS","floor":50,"turns":9}],"seed_played":"-1386658201337991573","potions_obtained":[{"floor":3.0,"key":"Fire Potion"},{"floor":9.0,"key":"ColorlessPotion"},{"floor":13.0,"key":"Regen Potion"},{"floor":14.0,"key":"FearPotion"},{"floor":16.0,"key":"PowerPotion"},{"floor":25.0,"key":"DistilledChaos"},{"floor":27.0,"key":"Adrenaline Potion"},{"floor":37,"key":"Energy Potion"},{"floor":46,"key":"PowerPotion"}],"is_trial":false,"path_per_floor":["R","M","M","M","M","?","T","$","E","$","R","M","M","E","M","B",null,"R","M","M","M","$","M","T","M","M","M","R","?","?","NM","M","B",null,"R","M","M","$","M","M","T","E","M","?","M","E","R","M","M","B"],"character_chosen":"SLIMEBOUND","items_purchased":["Slimebound:MegaLick","Vajra","Slimebound:LevelUp","Blood Vial","Kunai","hubris:PeanutButter","Ancient Tea Set"],"campfire_rested":0,"item_purchase_floors":[8,22,38,38,38,38,38],"current_hp_per_floor":[59,59,56,52,51,56,56,57,37,40,40,46,48,54,58,54,64,64,64,64,64,53,61,61,57,64,53,53,53,53,56,58,62,64,64,68,62,63,64,59,66,66,68,68,61,71,71,68,56,0,0,0],"gold":88,"neow_bonus":"RANDOM_COLORLESS_2","is_daily":false,"chose_seed":false,"campfire_upgraded":4,"win_rate":0.0,"timestamp":1611885334,"path_taken":["R","M","?","M","M","?","T","$","E","$","R","M","M","E","M","BOSS","R","M","M","M","$","M","T","M","M","M","R","?","?","NM","M","BOSS","R","M","M","$","M","M","T","E","M","?","?","E","R","M","M","BOSS"],"items_purchased_type":["Card","Relic","Card","Relic","Relic","Relic","Relic"],"build_version":"2020-12-22","purchased_purges":0,"victory":false,"max_hp_per_floor":[59,59,59,59,59,64,64,64,64,64,64,64,64,64,64,64,64,64,64,64,64,64,64,64,64,64,64,64,64,64,64,64,64,64,64,68,68,68,68,68,75,75,75,75,75,75,75,75,75,75,75,75],"card_choices":[{"not_picked":["Secret Technique","Midas Touch"],"picked":"hubris:EnhanceAbility","floor":0.0},{"not_picked":["Slimebound:SlimeBrawl","Slimebound:SplitAcid"],"picked":"Slimebound:ComboTackle","floor":2.0},{"not_picked":["Slimebound:FlameTackle","Slimebound:Gluttony"],"picked":"Slimebound:SlimeSpikes","floor":3.0},{"not_picked":["Slimebound:Chomp","Slimebound:ItLooksTasty","Slimebound:ComboTackle"],"picked":"SKIP","floor":4.0},{"not_picked":["Slimebound:SlimeBrawl","Slimebound:Gluttony"],"picked":"Slimebound:HauntingLick","floor":5.0},{"not_picked":["Slimebound:ItLooksTasty","Slimebound:TongueLash"],"picked":"Slimebound:SlimeSpikes","floor":8.0},{"not_picked":["Slimebound:SlimeBrawl","Slimebound:SlimeSlap"],"picked":"Slimebound:GoopSpray","floor":9.0},{"not_picked":["Slimebound:SplitLeeching","Slimebound:SlimeBarrage"],"picked":"Slimebound:RallyTheTroops","floor":10.0},{"not_picked":["Slimebound:SlimeSpikes","Slimebound:LivingWall","Slimebound:DivideAndConquer"],"picked":"SKIP","floor":12.0},{"not_picked":["Slimebound:ProtectTheBoss","Slimebound:SplitAcid","Slimebound:GrowthPunch"],"picked":"SKIP","floor":13.0},{"not_picked":["Slimebound:Equalize","Slimebound:ProtectTheBoss","Slimebound:SlimeBrawl"],"picked":"SKIP","floor":14.0},{"not_picked":["Slimebound:PressTheAttack","Slimebound:SplitMire","Slimebound:Replication"],"picked":"SKIP","floor":15.0},{"not_picked":["Slimebound:CheckThePlaybook","Slimebound:Teamwork"],"picked":"Slimebound:MinionMaster","floor":16.0},{"not_picked":["Slimebound:LeechingTouch+1","Slimebound:PressTheAttack","Slimebound:SamplingLick"],"picked":"SKIP","floor":19.0},{"not_picked":["Slimebound:FinishingTackle","Slimebound:BestDefense"],"picked":"Slimebound:Dissolve","floor":20.0},{"not_picked":["Slimebound:SlimeBrawl","Slimebound:LivingWall+1","Slimebound:AcidTongue"],"picked":"SKIP","floor":21.0},{"not_picked":["Slimebound:RainOfGoop","Slimebound:MegaLick"],"picked":"Slimebound:Overexert","floor":22.0},{"not_picked":["Slimebound:SplitAcid+1","Slimebound:Prepare","Slimebound:ComboTackle"],"picked":"SKIP","floor":23.0},{"not_picked":["Slimebound:MegaLick","Slimebound:GoopSpray","Slimebound:FlameTackle"],"picked":"SKIP","floor":25.0},{"not_picked":["Slimebound:LeadByExample","Slimebound:SamplingLick+1","Slimebound:DivideAndConquer+1"],"picked":"SKIP","floor":26.0},{"not_picked":["Slimebound:ServeAndProtect","Slimebound:Teamwork","Slimebound:HauntingLick"],"picked":"SKIP","floor":27.0},{"not_picked":["infinitespire:FinalStrike","infinitespire:Oblivion"],"picked":"infinitespire:TheBestDefense","floor":31.0},{"not_picked":["Slimebound:Schlurp","Slimebound:ItLooksTasty"],"picked":"Slimebound:LevelUp","floor":31.0},{"not_picked":["Slimebound:FinishingTackle","Slimebound:RollThrough+1"],"picked":"Slimebound:LivingWall+1","floor":32},{"not_picked":["Slimebound:SlimeSlap","Slimebound:CheckThePlaybook"],"picked":"Slimebound:MassFeed","floor":33},{"not_picked":["Slimebound:SplitMire","Slimebound:RollThrough","Slimebound:LivingWall"],"picked":"SKIP","floor":36},{"not_picked":["Slimebound:GoopTackle+1","Slimebound:ComboTackle+1","Slimebound:FinishingTackle"],"picked":"SKIP","floor":37},{"not_picked":["Slimebound:FinishingTackle+1","Slimebound:SplitBruiser+1"],"picked":"Slimebound:LeechEnergy+1","floor":38},{"not_picked":["Slimebound:ForwardTackle","Slimebound:PressTheAttack"],"picked":"Slimebound:SplitLeeching+1","floor":39},{"not_picked":["Slimebound:GoopSpray","Slimebound:AcidTongue"],"picked":"Slimebound:SlimeBarrage+1","floor":40},{"not_picked":["Slimebound:ViciousTackle","Slimebound:PressTheAttack+1","Slimebound:RainOfGoop"],"picked":"SKIP","floor":42},{"not_picked":["Slimebound:SlimeSpikes","Slimebound:SplitMire+1"],"picked":"Slimebound:PrepareCrush","floor":43},{"not_picked":["Slimebound:ViciousTackle","Slimebound:SplitBruiser+1","Slimebound:PressTheAttack"],"picked":"SKIP","floor":45},{"not_picked":["Slimebound:SplitMire+1","Slimebound:BestDefense+1","Slimebound:Equalize"],"picked":"SKIP","floor":46},{"not_picked":["Slimebound:DivideAndConquer","Slimebound:LeechEnergy","Slimebound:Prepare"],"picked":"SKIP","floor":48},{"not_picked":["Slimebound:SamplingLick+1","Slimebound:RollThrough","Slimebound:TongueLash"],"picked":"SKIP","floor":49}],"player_experience":1007033,"relics_obtained":[{"floor":7.0,"key":"Toy Ornithopter"},{"floor":9.0,"key":"The Courier"},{"floor":14.0,"key":"Gambling Chip"},{"floor":24.0,"key":"Bromod:ArcaneConsequence"},{"floor":41,"key":"Strawberry"},{"floor":42,"key":"DeathKnight:PutricidesVial"},{"floor":46,"key":"MealTicket"}],"event_choices":[{"damage_healed":0.0,"max_hp_gain":5.0,"max_hp_loss":0.0,"gold_gain":0.0,"event_name":"Big Fish","player_choice":"Donut","floor":6.0,"gold_loss":0.0,"damage_taken":0.0},{"damage_healed":0.0,"max_hp_gain":0.0,"max_hp_loss":0.0,"gold_gain":0.0,"event_name":"Vampires","player_choice":"Ignored","floor":30.0,"gold_loss":0.0,"damage_taken":0.0}],"is_beta":false,"boss_relics":[{"not_picked":["Runic Dome","Replay:Ancient Bell"],"picked":"Coffee Dripper"},{"not_picked":["Tiny House","Bromod:ArcaneEnergize"],"picked":"Slimebound:TarBlob"}],"items_purged_floors":[],"is_endless":false,"potions_floor_spawned":[2,3,9,13,14,15,16,21,23,25,27,31,37,39,40,45,46,48],"killed_by":"DF_ARCHETYPE_ORBS","ascension_level":0}}