{"host":"mku5fdaoqz3qihec","time":1611959296,"event":{"mods":["100% Spire Juice","2.2 Compatiblity","AchievementEnabler","Arknights The Spire","BaseMod","CapriCore","Colored Map","Colored Powertips","Hermit","Koishi","Minty Spire (QoL Compilation)","Rare Cards Sparkle","StSLib","SuperFastMode","The Cursed","The Dragon Tamer","The Gatherer","The Immortal","The Servant 0.9.3"],"gold_per_floor":[118,139,139,87,162,191,191,191,191,191,191],"floor_reached":10,"language":"KOR","playtime":194,"items_purged":["Moonworks:Strike","Moonworks:Strike"],"score":62,"play_id":"9a8654e3-976c-44ed-98a8-96c486d8ac6e","local_time":"20210130072816","is_ascension_mode":false,"campfire_choices":[{"data":"Moonworks:Strike","floor":7,"key":"PURGE"}],"circlet_count":0,"master_deck":["Moonworks:Defend","Moonworks:Defend","Moonworks:Defend","Moonworks:Defend","Moonworks:Ambush","Moonworks:LongDistanceShot","Moonworks:CrystalBarrier","Moonworks:JonathanRush","Moonworks:CloudOfSeagulls","Moonworks:JonathanRush","Moonworks:CloudOfSeagulls"],"relics":["Moonworks:BrokenBomb","Moonworks:Homemark","Peace Pipe","Matryoshka"],"acts_visited":["Exordium"],"potions_floor_usage":[],"damage_taken":[{"damage":2,"enemies":"Small Slimes","floor":1,"turns":6},{"damage":42,"enemies":"3 Sentries","floor":6,"turns":8},{"damage":6,"enemies":"Lagavulin","floor":10,"turns":5}],"seed_played":"2595932595198075007","potions_obtained":[],"is_trial":false,"path_per_floor":["M","$","?","$","?","E","R","?","T","E"],"character_chosen":"THE_STARBREAKER","items_purchased":["Moonworks:CloudOfSeagulls","Moonworks:JonathanRush","Moonworks:CloudOfSeagulls"],"campfire_rested":0,"item_purchase_floors":[2,4,4],"current_hp_per_floor":[52,52,57,57,46,4,4,4,4,0,0],"gold":191,"neow_bonus":"THREE_RARE_CARDS","is_daily":false,"chose_seed":true,"campfire_upgraded":0,"win_rate":0.0,"timestamp":1611959296,"path_taken":["M","$","?","$","?","E","R","?","T","E"],"items_purchased_type":["Card","Card","Card"],"build_version":"2020-12-22","purchased_purges":2,"victory":false,"max_hp_per_floor":[54,54,59,59,59,59,59,59,59,59,59],"card_choices":[{"not_picked":["Moonworks:WeAreWaruda","Moonworks:Gamble"],"picked":"Moonworks:CrystalBarrier","floor":0},{"not_picked":["Moonworks:LulusLuckyEgg","Moonworks:SelfDestruct"],"picked":"Moonworks:JonathanRush","floor":1},{"not_picked":["Moonworks:IndiscriminateFireSupport","Moonworks:TacticalRetreat","Moonworks:Assault"],"picked":"SKIP","floor":6}],"player_experience":308124,"relics_obtained":[{"floor":6,"key":"Peace Pipe"},{"floor":9,"key":"Matryoshka"}],"event_choices":[{"damage_healed":0,"gold_gain":0,"player_choice":"Donut","damage_taken":0,"max_hp_gain":5,"max_hp_loss":0,"event_name":"Big Fish","floor":3,"gold_loss":0},{"damage_healed":0,"gold_gain":75,"player_choice":"Gather Gold","damage_taken":11,"max_hp_gain":0,"max_hp_loss":0,"event_name":"World of Goop","floor":5,"gold_loss":0},{"cards_removed":["Moonworks:Strike"],"damage_healed":0,"gold_gain":0,"player_choice":"Forget","damage_taken":0,"max_hp_gain":0,"max_hp_loss":0,"event_name":"Living Wall","floor":8,"gold_loss":0}],"is_beta":false,"boss_relics":[],"items_purged_floors":[2,4],"is_endless":false,"potions_floor_spawned":[],"killed_by":"Lagavulin","ascension_level":0}}