{"host":"bd3tl98ed0kk4173","time":1611915361,"event":{"mods":["Aspiration","BaseMod","Beaked The Cultist","Better Altar","Better Match","Better Note","Better Sensory Stone","Better Skull","Better Third Choice","BetterRewards","CapriCore","Colored Map","Colored Powertips","Conspire","Emptier Cage","Energized Spire","GifTheSpireLib","GungeonMod","Halation","HexUI Lib","Highlight Path","Hubris","Infinite Spire","Jorbs\u0027s Wanderer Trilogy","Keyboard Shortcuts","Mad Scientist","Minty Spire (QoL Compilation)","Permanent Neow","Quick Restart","Rare Cards Sparkle","Reliquary","Replay The Spire","SacredBarkPlus","Spicy Shops","StSLib","The Animator","The Blue Laboratory","The Hayseed","The Hierophant","The Runesmith","TheVacant","??????REMEMod"],"gold_per_floor":[216,226,149,197,197,227,227,227,227],"floor_reached":8,"language":"ENG","playtime":664,"items_purged":[],"score":54,"play_id":"f2055b96-2cd5-4a6c-a2e3-7d0812e26f27","local_time":"20210129051601","is_ascension_mode":false,"campfire_choices":[{"data":"beaked:Evade","floor":7,"key":"SMITH"}],"circlet_count":0,"master_deck":["beaked:Strike_Y+1","beaked:Strike_Y","beaked:Strike_Y","beaked:Strike_Y","beaked:Strike_Y","beaked:Strike_Y","beaked:Defend_Y","beaked:Defend_Y","beaked:Defend_Y","beaked:Defend_Y","beaked:Ceremony","beaked:Ceremony","beaked:Ceremony+1","REME_PuzzleBox","beaked:Cower","beaked:Evade+1"],"relics":["beaked:MendingPlumage","REME_ComplimentaryCards","DemoMod:RingOfEthereal","Membership Card","Tiny Chest","Bag of Marbles"],"acts_visited":["Exordium"],"potions_floor_usage":[6],"damage_taken":[{"damage":4,"enemies":"Cultist","floor":1,"turns":4},{"damage":5,"enemies":"Small Slimes","floor":2,"turns":4},{"damage":28,"enemies":"Gremlin Nob","floor":6,"turns":5},{"damage":37,"enemies":"3 Sentries","floor":8,"turns":7}],"seed_played":"1729851139158301940","potions_obtained":[{"floor":2,"key":"blueLaboratory:BottleOfRum"}],"is_trial":false,"path_per_floor":["M","M","$","T","?","E","R","E"],"character_chosen":"BEAKED_THE_CULTIST","items_purchased":["DemoMod:RingOfEthereal","Membership Card"],"campfire_rested":0,"item_purchase_floors":[3,3],"current_hp_per_floor":[49,50,50,50,40,23,23,4,4],"gold":227,"neow_bonus":"HUNDRED_GOLD","is_daily":false,"chose_seed":false,"campfire_upgraded":1,"win_rate":0.0,"timestamp":1611915361,"path_taken":["M","M","$","?","?","E","R","E"],"items_purchased_type":["Relic","Relic"],"build_version":"2020-12-22","purchased_purges":0,"victory":false,"max_hp_per_floor":[50,50,50,50,50,50,50,50,50],"card_choices":[{"not_picked":["beaked:Tweet","beaked:SurvivalInstinct"],"picked":"beaked:Cower","floor":1},{"not_picked":["ReplayTheSpireMod:Prepare the Ceremony","ReplayTheSpireMod:Wings of Steel","beaked:Cower"],"picked":"SKIP","floor":2},{"not_picked":["beaked:FeelMyPain","beaked:Poke"],"picked":"beaked:Evade","floor":6}],"player_experience":101575,"relics_obtained":[{"floor":4,"key":"Tiny Chest"},{"floor":6,"key":"Bag of Marbles"}],"event_choices":[{"damage_healed":50,"gold_gain":0,"player_choice":"Upgrade","damage_taken":10,"max_hp_gain":0,"max_hp_loss":50,"event_name":"betterThird:BetterShining","floor":5,"gold_loss":0,"cards_upgraded":["beaked:Strike_Y","beaked:Ceremony"]}],"is_beta":false,"boss_relics":[],"items_purged_floors":[],"is_endless":false,"potions_floor_spawned":[2],"killed_by":"3 Sentries","ascension_level":0}}