{"host":"8u7tvcybuv0u72fd","time":1611895589,"event":{"mods":["BaseMod","BetterRewards","Colored Map","Colored Powertips","Minty Spire (QoL Compilation)","Quick Restart","Shop Mod"],"gold_per_floor":[114,131,96,96,115,115,153,153,153,153,153,174,214,68,68,198,198,212,14,14,13,32,32,57,57,106,127,140,156,156,199,199,322,322,338,354,354,82,145,145,183,183,210,210,253,100,37,70,70,70,70,70,13,45,45],"floor_reached":56,"language":"ENG","playtime":3007,"items_purged":["Strike_R","Shame","Madness","Strike_R+1"],"score":1984,"play_id":"bb5c9233-5256-46db-9ea3-e9994a184ca9","local_time":"20210128234629","is_ascension_mode":false,"campfire_choices":[{"data":"Body Slam","floor":6.0,"key":"SMITH"},{"data":"Bash","floor":8.0,"key":"SMITH"},{"data":"Feed","floor":10.0,"key":"SMITH"},{"data":"Disarm","floor":15.0,"key":"SMITH"},{"data":"Iron Wave","floor":23.0,"key":"SMITH"},{"data":"Searing Blow+1","floor":30.0,"key":"SMITH"},{"data":"Searing Blow+2","floor":32.0,"key":"SMITH"},{"data":"Searing Blow+3","floor":40.0,"key":"SMITH"},{"data":"Searing Blow+4","floor":44.0,"key":"SMITH"},{"floor":49,"key":"RECALL"},{"data":"Entrench","floor":52,"key":"SMITH"}],"circlet_count":0,"master_deck":["Strike_R+1","Strike_R+1","Defend_R+1","Defend_R+1","Defend_R+1","Defend_R+1","Bash+1","Iron Wave+1","Disarm+1","Body Slam+1","Feed+1","Barricade+1","Metallicize+1","Searing Blow+6","Pommel Strike+1","Headbutt+1","Shrug It Off+1","Uppercut+1","Madness","Entrench+1","Dropkick+1"],"relics":["Burning Blood","Vajra","Membership Card","Lantern","Bag of Preparation","Ice Cream","MerchantsRug","Mummified Hand","HornCleat","Molten Egg 2","ClockworkSouvenir","Art of War","Velvet Choker","Sling","Potion Belt","Omamori","Dream Catcher","Cursed Key","Anchor","Medical Kit","Thread and Needle","The Courier","Whetstone","Shuriken","Cauldron","Self Forming Clay","Nunchaku","Oddly Smooth Stone","Sundial"],"acts_visited":["TheCity","TheBeyond","TheEnding"],"potions_floor_usage":[54,55,55,55,55,55,55,55],"damage_taken":[{"damage":0.0,"enemies":"Cultist","floor":1.0,"turns":2.0},{"damage":5.0,"enemies":"Small Slimes","floor":2.0,"turns":5.0},{"damage":0.0,"enemies":"2 Louse","floor":5.0,"turns":3.0},{"damage":8.0,"enemies":"3 Sentries","floor":7.0,"turns":8.0},{"damage":2.0,"enemies":"Blue Slaver","floor":12.0,"turns":3.0},{"damage":7.0,"enemies":"Lagavulin","floor":13.0,"turns":5.0},{"damage":18.0,"enemies":"The Guardian","floor":16.0,"turns":11.0},{"damage":0.0,"enemies":"Shell Parasite","floor":18.0,"turns":4.0},{"damage":0.0,"enemies":"Spheric Guardian","floor":22.0,"turns":4.0},{"damage":0.0,"enemies":"Cultist and Chosen","floor":24.0,"turns":7.0},{"damage":1.0,"enemies":"Centurion and Healer","floor":27.0,"turns":5.0},{"damage":0.0,"enemies":"Shelled Parasite and Fungi","floor":28.0,"turns":5.0},{"damage":0.0,"enemies":"3 Cultists","floor":29.0,"turns":6.0},{"damage":10.0,"enemies":"Slavers","floor":31.0,"turns":5.0},{"damage":0.0,"enemies":"Collector","floor":33.0,"turns":9.0},{"damage":0.0,"enemies":"Orb Walker","floor":35.0,"turns":3.0},{"damage":0.0,"enemies":"3 Darklings","floor":36.0,"turns":5.0},{"damage":0.0,"enemies":"Mind Bloom Boss Battle","floor":39.0,"turns":7.0},{"damage":4.0,"enemies":"Nemesis","floor":41.0,"turns":5.0},{"damage":0.0,"enemies":"Reptomancer","floor":45.0,"turns":4.0},{"damage":0.0,"enemies":"Giant Head","floor":48.0,"turns":5.0},{"damage":0,"enemies":"Donu and Deca","floor":50,"turns":10},{"damage":0,"enemies":"Shield and Spear","floor":54,"turns":6},{"damage":0,"enemies":"The Heart","floor":55,"turns":9}],"seed_played":"-5202484763094897557","potions_obtained":[{"floor":2.0,"key":"Fire Potion"},{"floor":16.0,"key":"Block Potion"},{"floor":22.0,"key":"BlessingOfTheForge"},{"floor":31.0,"key":"AttackPotion"},{"floor":33.0,"key":"DuplicationPotion"},{"floor":35.0,"key":"Ancient Potion"},{"floor":41.0,"key":"Explosive Potion"},{"floor":46.0,"key":"BloodPotion"},{"floor":46.0,"key":"ElixirPotion"},{"floor":46.0,"key":"FairyPotion"},{"floor":46.0,"key":"EntropicBrew"},{"floor":46.0,"key":"LiquidMemories"},{"floor":54,"key":"BloodPotion"}],"is_trial":false,"path_per_floor":["M","M","?","?","M","R","E","R","T","R","T","M","E","$","R","B",null,"M","$","?","$","M","R","M","?","T","M","M","M","R","E","R","B",null,"M","M","?","$","?","R","E","?","T","R","E","$","$","E","R","B",null,"R","$","E","B",null],"character_chosen":"IRONCLAD","items_purchased":["Vajra","Membership Card","Lantern","Bag of Preparation","Block Potion","CultistPotion","FearPotion","Iron Wave","MerchantsRug","ClockworkSouvenir","Art of War","Sling","Pear","Potion Belt","Uppercut+1","Anchor","Medical Kit","HeartOfIron","Shuriken","Cauldron","Entrench","Self Forming Clay","Oddly Smooth Stone","Explosive Potion","AttackPotion"],"campfire_rested":0,"item_purchase_floors":[0,0,0,0,0,0,0,0,0,14,14,19,19,21,38,38,38,38,46,46,47,47,53,53,53],"current_hp_per_floor":[51,52,72,52,58,58,56,56,56,56,56,64,67,67,67,59,92,96,106,106,106,110,110,114,114,114,118,122,126,126,126,126,134,134,138,142,142,142,146,146,146,128,128,128,138,150,150,150,150,154,154,154,154,158,158],"gold":45,"neow_bonus":"","is_daily":false,"chose_seed":false,"campfire_upgraded":10,"win_rate":0.0,"timestamp":1611895589,"path_taken":["M","?","?","?","M","R","E","R","T","R","?","M","E","?","R","BOSS","M","$","?","$","M","R","M","?","T","M","M","M","R","E","R","BOSS","M","M","?","$","?","R","E","?","T","R","E","?","$","E","R","BOSS","R","$","E","BOSS"],"items_purchased_type":["Relic","Relic","Relic","Relic","Potion","Potion","Potion","Card","Relic","Relic","Relic","Relic","Relic","Relic","Card","Relic","Relic","Potion","Relic","Relic","Card","Relic","Relic","Potion","Potion"],"build_version":"2020-12-22","purchased_purges":4,"victory":true,"max_hp_per_floor":[80,80,80,80,80,80,80,80,80,80,80,84,88,88,88,92,92,96,106,106,106,110,110,114,114,114,118,122,126,126,130,130,134,134,138,142,142,142,146,146,146,146,146,146,150,150,150,150,150,154,154,154,154,158,158],"card_choices":[{"not_picked":["Wild Strike","Bloodletting","Feel No Pain"],"picked":"SKIP","floor":1.0},{"not_picked":["Havoc","Wild Strike"],"picked":"Disarm","floor":2.0},{"not_picked":["Dropkick","Dark Embrace"],"picked":"Body Slam","floor":5.0},{"not_picked":["Dark Embrace+1","Headbutt"],"picked":"Feed","floor":7.0},{"not_picked":["Disarm","Thunderclap","Clothesline"],"picked":"SKIP","floor":12.0},{"not_picked":["Body Slam+1","Dual Wield","Power Through"],"picked":"SKIP","floor":13.0},{"not_picked":["Body Slam+1","Dual Wield","Power Through"],"picked":"SKIP","floor":13.0},{"not_picked":["Feed+1","Juggernaut+1"],"picked":"Barricade+1","floor":16.0},{"not_picked":["Havoc","Headbutt+1"],"picked":"Metallicize+1","floor":18.0},{"not_picked":["Cleave+1","Wild Strike+1","Body Slam+1"],"picked":"SKIP","floor":22.0},{"not_picked":["Intimidate","Cleave+1","Reckless Charge+1"],"picked":"SKIP","floor":24.0},{"not_picked":["Intimidate","Cleave+1","Reckless Charge+1"],"picked":"SKIP","floor":24.0},{"not_picked":["Anger+1","Thunderclap+1","Infernal Blade"],"picked":"SKIP","floor":27.0},{"not_picked":["Clash+1","Feed+1"],"picked":"Searing Blow+1","floor":28.0},{"not_picked":["Anger+1","Pummel+1"],"picked":"Pommel Strike+1","floor":29.0},{"not_picked":["Rampage+1","Infernal Blade"],"picked":"Headbutt+1","floor":31.0},{"not_picked":["Perfected Strike+1","Cleave+1"],"picked":"Shrug It Off+1","floor":35.0},{"not_picked":["Warcry+1","Fire Breathing+1","Blood for Blood+1"],"picked":"SKIP","floor":36.0},{"not_picked":["Headbutt+1","Heavy Blade+1","Feed+1"],"picked":"SKIP","floor":41.0},{"not_picked":["Bloodletting","Warcry+1","Blood for Blood+1"],"picked":"SKIP","floor":45.0},{"not_picked":["Infernal Blade+1","Warcry","Havoc"],"picked":"SKIP","floor":48},{"not_picked":["Second Wind","Warcry"],"picked":"Dropkick+1","floor":54}],"player_experience":1442921,"relics_obtained":[{"floor":7.0,"key":"Frozen Egg 2"},{"floor":9.0,"key":"Mummified Hand"},{"floor":11.0,"key":"HornCleat"},{"floor":13.0,"key":"Molten Egg 2"},{"floor":26.0,"key":"Omamori"},{"floor":31.0,"key":"Dream Catcher"},{"floor":39.0,"key":"Thread and Needle"},{"floor":41.0,"key":"The Courier"},{"floor":45.0,"key":"Whetstone"},{"floor":48,"key":"Nunchaku"},{"floor":54,"key":"Sundial"}],"event_choices":[{"damage_healed":20.0,"max_hp_gain":0.0,"max_hp_loss":0.0,"gold_gain":0.0,"event_name":"The Cleric","player_choice":"Healed","floor":3.0,"gold_loss":35.0,"damage_taken":0.0},{"damage_healed":0.0,"max_hp_gain":0.0,"max_hp_loss":0.0,"gold_gain":0.0,"event_name":"Golden Idol","player_choice":"Take Damage","floor":4.0,"gold_loss":0.0,"damage_taken":20.0,"relics_obtained":["Golden Idol"]},{"damage_healed":0.0,"max_hp_gain":0.0,"max_hp_loss":0.0,"gold_gain":0.0,"event_name":"Addict","player_choice":"Stole Relic","floor":20.0,"gold_loss":0.0,"damage_taken":0.0,"relics_obtained":["Shovel"],"cards_obtained":["Shame"]},{"damage_healed":0.0,"max_hp_gain":0.0,"max_hp_loss":0.0,"gold_gain":0.0,"event_name":"Back to Basics","player_choice":"Simplicity","floor":25.0,"gold_loss":0.0,"damage_taken":0.0,"cards_upgraded":["Strike_R","Strike_R","Strike_R","Strike_R","Defend_R","Defend_R","Defend_R","Defend_R"]},{"cards_removed":["Strike_R"],"damage_healed":0.0,"max_hp_gain":0.0,"max_hp_loss":0.0,"gold_gain":0.0,"event_name":"Falling","player_choice":"Removed Attack","floor":37.0,"gold_loss":0.0,"damage_taken":0.0},{"damage_healed":0.0,"max_hp_gain":0.0,"max_hp_loss":0.0,"gold_gain":0.0,"event_name":"MindBloom","player_choice":"Fight","floor":39.0,"gold_loss":0.0,"damage_taken":0.0},{"damage_healed":0.0,"max_hp_gain":0.0,"max_hp_loss":0.0,"gold_gain":0.0,"event_name":"Winding Halls","player_choice":"Embrace Madness","floor":42.0,"gold_loss":0.0,"damage_taken":18.0,"cards_obtained":["Madness","Madness"]}],"is_beta":false,"boss_relics":[{"not_picked":["Runic Dome","Coffee Dripper"],"picked":"Velvet Choker"},{"not_picked":["Runic Cube","Mark of Pain"],"picked":"Cursed Key"}],"items_purged_floors":[0,38,46,53],"is_endless":false,"potions_floor_spawned":[2,16,22,31,33,35,41,54],"ascension_level":0}}