{"host":"5p9hybygolzp0efr","time":1611911806,"event":{"mods":["AchievementEnabler","BaseMod","Bestiary","Colored Map","Minty Spire (QoL Compilation)","Relic Stats","StSLib"],"gold_per_floor":[116,191,204,204,220,252,271,271,271,271,285,316,316,18,18,117,117,136,136,136,154,154,154,181,198,224,234,261,293,293,307,307,403,403,418,418,437,456,506,2,2,302,302,302,333,333,361,374,374,374],"floor_reached":51,"language":"ENG","playtime":1864,"items_purged":["Pain"],"score":1469,"play_id":"88a51a9a-d0a2-4b05-8b18-8b24ae22be66","local_time":"20210129171646","is_ascension_mode":true,"campfire_choices":[{"data":"Leap","floor":8,"key":"SMITH"},{"floor":15,"key":"REST"},{"data":"FTL","floor":30,"key":"SMITH"},{"data":"Go for the Eyes","floor":32,"key":"SMITH"},{"data":"Coolheaded","floor":46,"key":"SMITH"},{"data":"Swift Strike","floor":49,"key":"SMITH"}],"circlet_count":1,"master_deck":["Gash+1","Scrape","All For One","FTL+1","Go for the Eyes+1","Gash+1","Beam Cell","Coolheaded+1","Swift Strike+1"],"relics":["Circlet","Kunai","Unceasing Top","Smiling Mask","Bag of Preparation","Cables","WarpedTongs","Ornamental Fan","Philosopher\u0027s Stone","Juzu Bracelet","Sundial","Lantern","TheAbacus","Happy Flower","Blood Vial","Cursed Key","Prayer Wheel","Bronze Scales","Akabeko","ClockworkSouvenir","PreservedInsect","Oddly Smooth Stone"],"acts_visited":["Exordium","TheCity","TheBeyond"],"potions_floor_usage":[50,50],"damage_taken":[{"damage":9,"enemies":"Jaw Worm","floor":1,"turns":2},{"damage":0,"enemies":"Small Slimes","floor":3,"turns":1},{"damage":0,"enemies":"Cultist","floor":5,"turns":1},{"damage":0,"enemies":"Lagavulin","floor":6,"turns":2},{"damage":11,"enemies":"Looter","floor":7,"turns":2},{"damage":0,"enemies":"Exordium Thugs","floor":11,"turns":2},{"damage":0,"enemies":"Gremlin Nob","floor":12,"turns":2},{"damage":0,"enemies":"The Guardian","floor":16,"turns":5},{"damage":0,"enemies":"Chosen","floor":18,"turns":2},{"damage":0,"enemies":"Spheric Guardian","floor":21,"turns":1},{"damage":0,"enemies":"Gremlin Leader","floor":24,"turns":3},{"damage":0,"enemies":"Snake Plant","floor":25,"turns":3},{"damage":0,"enemies":"Cultist and Chosen","floor":27,"turns":2},{"damage":0,"enemies":"Slavers","floor":29,"turns":1},{"damage":0,"enemies":"Centurion and Healer","floor":31,"turns":1},{"damage":0,"enemies":"Collector","floor":33,"turns":1},{"damage":0,"enemies":"3 Shapes","floor":35,"turns":1},{"damage":0,"enemies":"3 Darklings","floor":37,"turns":1},{"damage":0,"enemies":"4 Shapes","floor":38,"turns":1},{"damage":0,"enemies":"Mind Bloom Boss Battle","floor":39,"turns":1},{"damage":0,"enemies":"Giant Head","floor":45,"turns":1},{"damage":0,"enemies":"Nemesis","floor":47,"turns":1},{"damage":0,"enemies":"Maw","floor":48,"turns":2},{"damage":15,"enemies":"Time Eater","floor":50,"turns":4}],"seed_played":"-2345282912125824035","potions_obtained":[{"floor":1,"key":"ColorlessPotion"},{"floor":5,"key":"Fire Potion"},{"floor":6,"key":"AttackPotion"},{"floor":12,"key":"LiquidBronze"}],"is_trial":false,"path_per_floor":["M","?","M","?","M","E","M","R","T","$","M","E","?","$","R","B",null,"M","?","?","M","$","?","E","M","T","M","T","E","R","M","R","B",null,"M","?","M","M","?","$","?","?","T","?","E","R","E","M","R","B",null],"character_chosen":"DEFECT","items_purchased":["Ornamental Fan","Bronze Scales","Coolheaded","Akabeko","ClockworkSouvenir"],"campfire_rested":1,"item_purchase_floors":[14,40,40,40,40],"current_hp_per_floor":[59,48,48,41,41,41,30,30,30,30,30,30,30,30,52,52,69,69,69,69,69,69,69,69,69,69,69,69,69,69,71,71,73,75,75,75,75,75,75,75,71,71,71,71,71,71,71,71,71,56],"gold":374,"neow_bonus":"BOSS_RELIC","is_daily":false,"chose_seed":false,"campfire_upgraded":5,"win_rate":0.0,"timestamp":1611911806,"path_taken":["M","?","M","?","M","E","?","R","T","$","M","E","?","?","R","BOSS","M","?","?","?","$","?","E","M","T","M","?","E","R","M","R","BOSS","M","?","M","M","?","$","?","?","T","?","E","R","E","M","R","BOSS"],"items_purchased_type":["Relic","Relic","Card","Relic","Relic"],"build_version":"2020-12-22","purchased_purges":1,"victory":true,"max_hp_per_floor":[75,75,75,75,75,75,75,75,75,75,75,75,75,75,75,75,75,75,75,75,75,75,75,75,75,75,75,75,75,75,75,75,75,75,75,75,75,75,75,75,71,71,71,71,71,71,71,71,71,71],"relic_stats":{"Happy Flower":[5],"counters":[24,43],"PreservedInsect":50,"Bag of Preparation":[20],"Juzu Bracelet":1,"Smiling Mask":25,"Cursed Key":0,"Cables":[4,0,4,0,0],"WarpedTongs":[29],"Blood Vial":4,"TheAbacus":[270],"Ornamental Fan":[440],"Sundial":[34],"Bronze Scales":[12],"Prayer Wheel":1,"Kunai":[132],"obtain_stats":[{"Lantern":26,"Happy Flower":28,"Circlet":0,"Oddly Smooth Stone":47,"PreservedInsect":45,"Bag of Preparation":9,"Juzu Bracelet":24,"Smiling Mask":6,"Cursed Key":34,"Akabeko":40,"Cables":12,"WarpedTongs":13,"ClockworkSouvenir":40,"Blood Vial":29,"TheAbacus":27,"Ornamental Fan":14,"Sundial":25,"Bronze Scales":40,"Snecko Eye":0,"Philosopher\u0027s Stone":17,"Prayer Wheel":39,"Kunai":0,"Cracked Core":0,"Unceasing Top":6},{"Lantern":12,"Happy Flower":13,"Circlet":0,"Oddly Smooth Stone":22,"PreservedInsect":21,"Bag of Preparation":5,"Juzu Bracelet":11,"Smiling Mask":4,"Cursed Key":16,"Akabeko":20,"Cables":7,"WarpedTongs":7,"ClockworkSouvenir":20,"Blood Vial":14,"TheAbacus":13,"Ornamental Fan":7,"Sundial":12,"Bronze Scales":20,"Snecko Eye":0,"Philosopher\u0027s Stone":8,"Prayer Wheel":20,"Kunai":0,"Cracked Core":0,"Unceasing Top":4},{"Lantern":26,"Happy Flower":28,"Circlet":0,"Oddly Smooth Stone":37,"PreservedInsect":36,"Bag of Preparation":8,"Juzu Bracelet":23,"Smiling Mask":6,"Cursed Key":31,"Akabeko":35,"Cables":12,"WarpedTongs":12,"ClockworkSouvenir":35,"Blood Vial":29,"TheAbacus":28,"Ornamental Fan":12,"Sundial":25,"Bronze Scales":35,"Snecko Eye":0,"Philosopher\u0027s Stone":17,"Prayer Wheel":35,"Kunai":0,"Cracked Core":0,"Unceasing Top":5}],"Unceasing Top":[51]},"card_choices":[{"not_picked":["Glacier","Heatsinks","Stack"],"picked":"SKIP","floor":1},{"not_picked":["Storm","Turbo","Reprogram"],"picked":"SKIP","floor":3},{"not_picked":["Consume","FTL","Hologram"],"picked":"SKIP","floor":5},{"not_picked":["Machine Learning","Undo"],"picked":"Leap","floor":6},{"not_picked":["Aggregate","Hologram","Barrage"],"picked":"SKIP","floor":7},{"not_picked":["FTL","Glacier","Chaos"],"picked":"SKIP","floor":11},{"not_picked":["Conserve Battery","Steam","Blizzard"],"picked":"SKIP","floor":12},{"not_picked":["Conserve Battery","Steam","Coolheaded"],"picked":"SKIP","floor":18},{"not_picked":["Sweeping Beam","Tempest+1","Rebound"],"picked":"SKIP","floor":21},{"not_picked":["Machine Learning","Compile Driver+1","Streamline"],"picked":"SKIP","floor":24},{"not_picked":["Coolheaded","Conserve Battery"],"picked":"Gash+1","floor":25},{"not_picked":["Creative AI","Fusion","Undo+1"],"picked":"SKIP","floor":27},{"not_picked":["Barrage","Rebound","Rainbow"],"picked":"SKIP","floor":29},{"not_picked":["Barrage","Rebound","Rainbow"],"picked":"SKIP","floor":29},{"not_picked":["Recycle","Consume","Rebound+1"],"picked":"SKIP","floor":31},{"not_picked":["White Noise+1","Rip and Tear","Capacitor+1"],"picked":"SKIP","floor":35},{"not_picked":["Aggregate+1","Tempest","Steam"],"picked":"SKIP","floor":37},{"not_picked":["Beam Cell","Storm","White Noise+1"],"picked":"SKIP","floor":38},{"not_picked":["Storm","White Noise+1"],"picked":"Beam Cell","floor":38},{"not_picked":["Secret Technique","Thinking Ahead"],"picked":"Swift Strike","floor":44},{"not_picked":["Cold Snap","Fusion","Sweeping Beam"],"picked":"SKIP","floor":45},{"not_picked":["Beam Cell","Loop","Skim"],"picked":"SKIP","floor":47},{"not_picked":["Aggregate+1","Gash+1","Tempest"],"picked":"SKIP","floor":48},{"not_picked":["Capacitor","Doom and Gloom+1","Steam+1"],"picked":"SKIP","floor":48}],"player_experience":557700,"relics_obtained":[{"floor":6,"key":"Smiling Mask"},{"floor":9,"key":"Bag of Preparation"},{"floor":12,"key":"Cables"},{"floor":24,"key":"Juzu Bracelet"},{"floor":26,"key":"Lantern"},{"floor":28,"key":"Happy Flower"},{"floor":29,"key":"Blood Vial"},{"floor":39,"key":"Prayer Wheel"},{"floor":45,"key":"PreservedInsect"},{"floor":47,"key":"Oddly Smooth Stone"}],"event_choices":[{"damage_healed":0,"gold_gain":75,"player_choice":"Gather Gold","damage_taken":11,"max_hp_gain":0,"max_hp_loss":0,"event_name":"World of Goop","floor":2,"gold_loss":0},{"damage_healed":0,"gold_gain":0,"player_choice":"Damaged","damage_taken":7,"max_hp_gain":0,"max_hp_loss":0,"event_name":"Wheel of Change","floor":4,"gold_loss":0},{"damage_healed":0,"gold_gain":0,"player_choice":"Rummage","damage_taken":0,"relics_obtained":["WarpedTongs"],"max_hp_gain":0,"max_hp_loss":0,"event_name":"Accursed Blacksmith","floor":13,"gold_loss":0,"cards_obtained":["Pain"]},{"damage_healed":0,"gold_gain":0,"player_choice":"Ignored","damage_taken":0,"max_hp_gain":0,"max_hp_loss":0,"event_name":"Ghosts","floor":19,"gold_loss":0},{"damage_healed":0,"gold_gain":0,"player_choice":"Upgraded","damage_taken":0,"max_hp_gain":0,"max_hp_loss":0,"event_name":"Upgrade Shrine","floor":20,"gold_loss":0,"cards_upgraded":["Gash"]},{"damage_healed":0,"gold_gain":0,"player_choice":"Read","damage_taken":0,"max_hp_gain":0,"max_hp_loss":0,"event_name":"The Library","floor":23,"gold_loss":0,"cards_obtained":["Go for the Eyes"]},{"damage_healed":0,"gold_gain":0,"player_choice":"Ignored","damage_taken":0,"max_hp_gain":0,"max_hp_loss":0,"event_name":"Tomb of Lord Red Mask","floor":36,"gold_loss":0},{"damage_healed":0,"gold_gain":0,"player_choice":"Fight","damage_taken":0,"max_hp_gain":0,"max_hp_loss":0,"event_name":"MindBloom","floor":39,"gold_loss":0},{"damage_healed":0,"gold_gain":0,"player_choice":"Max HP","damage_taken":0,"max_hp_gain":0,"max_hp_loss":4,"event_name":"Winding Halls","floor":41,"gold_loss":0},{"damage_healed":0,"gold_gain":300,"player_choice":"Gold","damage_taken":0,"max_hp_gain":0,"max_hp_loss":0,"event_name":"Wheel of Change","floor":42,"gold_loss":0},{"damage_healed":0,"gold_gain":0,"player_choice":"Memory 1","damage_taken":0,"max_hp_gain":0,"max_hp_loss":0,"event_name":"SensoryStone","floor":44,"gold_loss":0}],"is_beta":false,"boss_relics":[{"not_picked":["Velvet Choker","SacredBark"],"picked":"Philosopher\u0027s Stone"},{"not_picked":["Astrolabe","Empty Cage"],"picked":"Cursed Key"}],"items_purged_floors":[14],"is_endless":false,"potions_floor_spawned":[1,5,6,12,21,25,27,29,38],"ascension_level":8}}