{"host":"xr8r2flpb2i2fv48","time":1611950394,"event":{"mods":["2.2 Compatiblity","Act Like it!","Arknights The Spire","BaseMod","Better Note","Better Third Choice","Downfall","Gensokyo","Hallownest","Hermit","Lobotomy","LobotomyExtend","Marisa????????","Minty Spire (QoL Compilation)","Reimu??????","Replay The Spire","StSLib","The Bug Knight","The Cursed","The Gatherer","The Marked","The Runesmith","The Spell Scribe","TheSwordswoman","TheVacant","egg"],"gold_per_floor":[115,115,10,10,28,56,69,89,89,103,103,103,103,121,121,216,216,216,16,33,33,47,47,47],"floor_reached":23,"language":"ENG","playtime":2264,"items_purged":["ats:Strike S"],"score":216,"play_id":"2eaaaca1-a065-44b4-bf18-019718209cd1","local_time":"20210129205954","is_ascension_mode":false,"campfire_choices":[{"data":"ats:Roar Of Ursus","floor":11,"key":"SMITH"},{"data":"ats:Blood Oath","floor":13,"key":"SMITH"},{"data":"ats:Leaping Hammer","floor":15,"key":"SMITH"}],"circlet_count":0,"master_deck":["ats:Strike C","ats:Strike G","ats:Strike V","ats:Armor Crushing Shot","ats:Defend","ats:Defend","ats:Defend","ats:Defend","ats:Emotion Absorption+1","ats:Leaping Hammer+1","ats:Red Shift","ats:Absolute Focus","ats:Hammer On","ats:Blood Oath+1","ats:Roar Of Ursus+1","Slimebound:PrepareCrush","ats:Counter Healing Mode","ats:Curse Doll","GreenStem+1"],"relics":["ats:Sanity","NeowsBlessing","LetterFromLob","ats:Originium","Replay:Rubber Ducky","Ancient Tea Set","PrismaticShard","Sozu","Golden Egg"],"acts_visited":["Exordium","TheCity"],"potions_floor_usage":[3,16,23],"damage_taken":[{"damage":0,"enemies":"Jaw Worm","floor":1,"turns":1},{"damage":0,"enemies":"Small Slimes","floor":5,"turns":1},{"damage":0,"enemies":"3 Sentries","floor":6,"turns":2},{"damage":1,"enemies":"2 Louse","floor":7,"turns":2},{"damage":13,"enemies":"Red Slaver","floor":8,"turns":3},{"damage":0,"enemies":"2 Fungi Beasts","floor":10,"turns":2},{"damage":5,"enemies":"Looter","floor":14,"turns":2},{"damage":47,"enemies":"Fading Forest","floor":16,"turns":11},{"damage":25,"enemies":"2 Thieves","floor":20,"turns":4},{"damage":21,"enemies":"3 Byrds","floor":22,"turns":5},{"damage":48,"enemies":"Replay:Snechameleon","floor":23,"turns":6}],"seed_played":"8571361464930196907","potions_obtained":[{"floor":5,"key":"Toxic Potion"},{"floor":8,"key":"bronze:BurnAndBuffPotion"},{"floor":10,"key":"Energy Potion"},{"floor":16,"key":"Adrenaline Potion"}],"is_trial":false,"path_per_floor":["M","?","$","?","M","E","M","M","T","M","R","?","R","M","R","B",null,"M","$","M","?","M","E"],"character_chosen":"DOCTOR_CLASS","items_purchased":["Fruit Juice","ats:Counter Healing Mode","ats:Curse Doll"],"campfire_rested":0,"item_purchase_floors":[3,19,19],"current_hp_per_floor":[72,72,77,77,77,77,76,63,63,63,63,63,63,63,63,52,77,77,77,57,57,41,0,0],"gold":47,"neow_bonus":"THREE_ENEMY_KILL","is_daily":false,"chose_seed":false,"campfire_upgraded":3,"win_rate":0.0,"timestamp":1611950394,"path_taken":["M","?","$","?","M","E","M","M","T","M","R","?","R","M","R","BOSS","M","$","M","?","M","E"],"items_purchased_type":["Potion","Card","Card"],"build_version":"2020-12-22","purchased_purges":1,"victory":false,"max_hp_per_floor":[72,72,77,77,77,77,77,77,77,77,77,77,77,77,77,77,77,77,77,77,77,77,77,77],"card_choices":[{"not_picked":["ats:Guard Mode","ats:Composite Medical Shells"],"picked":"ats:Leaping Hammer","floor":1},{"not_picked":["ats:Literary Storm","ats:Counter Healing Mode"],"picked":"ats:Red Shift","floor":5},{"not_picked":["ats:True Silver Slash","ats:Explosion Area Strengthen"],"picked":"ats:Absolute Focus","floor":6},{"not_picked":["ats:Closed Bolt Burst Fire","ats:Directed Diagnosis"],"picked":"ats:Hammer On","floor":7},{"not_picked":["ats:Hammer On","ats:Closed Bolt Burst Fire"],"picked":"ats:Blood Oath","floor":8},{"not_picked":["ats:Neurotoxin","ats:Closed Bolt Burst Fire"],"picked":"ats:Roar Of Ursus","floor":10},{"not_picked":["hexamod:GhostShield","hexamod:HauntingEcho","6A"],"picked":"SKIP","floor":14},{"not_picked":["Thinking Ahead","sneckomod:Restock"],"picked":"Slimebound:PrepareCrush","floor":16},{"not_picked":["Clothesline","theVacant:Fling","Gatherer:TreeGrowth"],"picked":"SKIP","floor":20},{"not_picked":["Slimebound:FinishingTackle","Massacre+1"],"picked":"GreenStem+1","floor":22}],"player_experience":1796706,"relics_obtained":[{"floor":1,"key":"LetterFromLob"},{"floor":6,"key":"ats:Originium"},{"floor":6,"key":"Replay:Rubber Ducky"},{"floor":9,"key":"Ancient Tea Set"}],"event_choices":[{"damage_healed":0,"gold_gain":0,"player_choice":"Grow","damage_taken":0,"max_hp_gain":0,"max_hp_loss":0,"event_name":"Living Wall","floor":2,"gold_loss":0,"cards_upgraded":["ats:Emotion Absorption"]},{"damage_healed":0,"gold_gain":0,"player_choice":"Gave Potion","damage_taken":0,"relics_obtained":["Golden Egg"],"max_hp_gain":0,"max_hp_loss":0,"event_name":"WeMeetAgain","floor":21,"gold_loss":0}],"is_beta":false,"boss_relics":[{"not_picked":["Painkiller Herb","Snecko Eye"],"picked":"Sozu"}],"items_purged_floors":[19],"is_endless":false,"potions_floor_spawned":[5,8,10,16],"killed_by":"Replay:Snechameleon","ascension_level":0}}