{"host":"juoup3p5tvzzktl5","time":1611893901,"event":{"mods":["ATMod(∞¢Ë™Mod)","Aspiration","BaseMod","Better Vampires","BetterRewards","Colored Map","Colored Powertips","Friendly Minions","GifTheSpireLib","Hermit","Hubris","Infinite Spire","KinomotoSakuraMod(ƒæ÷Æ±æ”£)","Koishi","KomeijiMod","Marisa£®ÏF”Í°°ƒß¿Ì…≥£©","Minty Spire (QoL Compilation)","Quick Restart","Reimu£®≤©¿ˆ¡È√Œ£©","Relic Filter Mod","Reliquary","Replay The Spire","Shop Mod","StSLib","The Administrix","The Alterego","The Bug Knight","The Construct","The Cursed","The Jungle","The Mystic","The Runesmith","The Senshi","Youmu£®ªÍ∆«—˝√Œ£©","Yuyuko"],"gold_per_floor":[117,131,131,146,166,193,243,260,260,287,116,116,116],"floor_reached":12,"language":"ZHS","playtime":384,"items_purged":["Defend_R"],"score":230,"play_id":"6ea1544b-a319-4c9a-aacb-ef2db4b5c026","local_time":"20210129131821","is_ascension_mode":true,"campfire_choices":[],"circlet_count":0,"master_deck":["AscendersBane","Strike_R","Strike_R","Strike_R","Strike_R","Strike_R","Defend_R","Defend_R","Defend_R","Bash","AT_PowerWithin","Perfected Strike","Fire Breathing","Flex","Inflame"],"relics":["Burning Blood","AT_ATBox","HandDrill","HollowMod:PaleOreRelic","Pear","ThirstyCross","Replay:Towering Pillar of Hats","Replay:Wax Seal","Replay:Bottled Flurry","AT_BladeRuinedKing"],"acts_visited":["Exordium"],"potions_floor_usage":[],"damage_taken":[{"damage":6.0,"enemies":"2 Louse","floor":1.0,"turns":2.0},{"damage":2.0,"enemies":"Cultist","floor":2.0,"turns":2.0},{"damage":11.0,"enemies":"Jaw Worm","floor":4.0,"turns":2.0},{"damage":16.0,"enemies":"Exordium Wildlife","floor":5.0,"turns":3.0},{"damage":3.0,"enemies":"Gremlin Nob","floor":6.0,"turns":2.0},{"damage":12.0,"enemies":"3 Louse","floor":8.0,"turns":2.0},{"damage":23.0,"enemies":"Lagavulin","floor":10.0,"turns":4.0},{"damage":8,"enemies":"3 Sentries","floor":12,"turns":2}],"seed_played":"459747062293243364","potions_obtained":[{"floor":4.0,"key":"SpeedPotion"},{"floor":5.0,"key":"SteroidPotion"},{"floor":8.0,"key":"GamblersBrew"}],"is_trial":false,"path_per_floor":["M","M","?","M","M","E","?","M","T","E","$","E"],"character_chosen":"IRONCLAD","items_purchased":["HandDrill","HollowMod:PaleOreRelic","Pear","AT_BladeRuinedKing"],"campfire_rested":0,"item_purchase_floors":[0,0,0,11],"current_hp_per_floor":[40,44,44,39,29,32,32,26,26,9,9,1,1],"gold":116,"neow_bonus":"","is_daily":false,"chose_seed":false,"campfire_upgraded":0,"win_rate":0.0,"timestamp":1611893901,"path_taken":["M","M","?","M","M","E","?","M","T","E","?","E"],"items_purchased_type":["Relic","Relic","Relic","Relic"],"build_version":"2020-12-22","purchased_purges":1,"victory":false,"max_hp_per_floor":[85,85,85,85,85,85,85,85,85,85,85,85,85],"card_choices":[{"not_picked":["Warcry","Power Through","Body Slam"],"picked":"SKIP","floor":1.0},{"not_picked":["AT_IchimonjiDouble","Sword Boomerang","Twin Strike"],"picked":"SKIP","floor":2.0},{"not_picked":["Replay:Undeath\u0027s Touch","Iron Wave","Infernal Blade"],"picked":"SKIP","floor":4.0},{"not_picked":["True Grit","Searing Blow"],"picked":"Perfected Strike","floor":5.0},{"not_picked":["AT_DiedThrough","Iron Wave"],"picked":"Fire Breathing","floor":6.0},{"not_picked":["Iron Wave","Replay:Undeath\u0027s Touch"],"picked":"Flex","floor":8.0},{"not_picked":["AT_Dispersion","Warcry"],"picked":"Inflame","floor":10}],"player_experience":1089209,"relics_obtained":[{"floor":6.0,"key":"Replay:Towering Pillar of Hats"},{"floor":9.0,"key":"Replay:Wax Seal"},{"floor":10,"key":"Replay:Bottled Flurry"}],"event_choices":[{"damage_healed":0.0,"max_hp_gain":0.0,"max_hp_loss":0.0,"gold_gain":50.0,"event_name":"Golden Shrine","player_choice":"Pray","floor":7.0,"gold_loss":0.0,"damage_taken":0.0}],"is_beta":false,"boss_relics":[],"items_purged_floors":[0],"is_endless":false,"potions_floor_spawned":[4,5,8],"killed_by":"3 Sentries","ascension_level":20}}