{"host":"2brg86hfzr3u5cix","time":1611944944,"event":{"mods":["AchievementEnabler","Ascension Unlocker","BaseMod","CapriCore","DeckTracker","Highlight Path","Keyboard Shortcuts","Minty Spire (QoL Compilation)","Permanent Neow","Relic Stats","StSLib","Twitch Utils","Uncapped","UnlockEverythingMod"],"gold_per_floor":[119,130,145,13,13,13,13,57,57,57,57,57,73,73,73,73,73],"floor_reached":16,"language":"KOR","playtime":442,"items_purged":["Strike_R"],"score":196,"play_id":"d217eeaf-3bac-49b5-b200-05b6b352ee4b","local_time":"20210130032904","is_ascension_mode":true,"campfire_choices":[{"data":"Havoc","floor":6.0,"key":"SMITH"},{"data":"True Grit","floor":10.0,"key":"SMITH"},{"data":"Carnage","floor":12.0,"key":"SMITH"},{"floor":15.0,"key":"REST"}],"circlet_count":0,"master_deck":["AscendersBane","Strike_R","Strike_R","Strike_R","Strike_R","Defend_R","Defend_R","Defend_R","Defend_R","Bash","Anger","Shrug It Off","Inflame","Carnage+1","Havoc+1","True Grit+1","Whirlwind"],"relics":["Burning Blood","HornCleat","Golden Idol","Gremlin Horn","Frozen Egg 2"],"acts_visited":["Exordium"],"potions_floor_usage":[16],"damage_taken":[{"damage":4.0,"enemies":"2 Louse","floor":1.0,"turns":4.0},{"damage":1.0,"enemies":"Small Slimes","floor":2.0,"turns":3.0},{"damage":7.0,"enemies":"Jaw Worm","floor":3.0,"turns":4.0},{"damage":48.0,"enemies":"Gremlin Nob","floor":8.0,"turns":5.0},{"damage":6.0,"enemies":"Gremlin Gang","floor":13.0,"turns":4.0},{"damage":43,"enemies":"The Guardian","floor":16,"turns":10}],"seed_played":"-8759421659617019150","potions_obtained":[{"floor":8.0,"key":"LiquidBronze"}],"is_trial":false,"path_per_floor":["M","M","M","$","?","R","?","E","T","R","$","R","M","?","R","B"],"character_chosen":"IRONCLAD","items_purchased":["Havoc"],"campfire_rested":1,"item_purchase_floors":[4],"current_hp_per_floor":[70,75,74,74,63,63,63,21,21,21,21,21,21,21,41,0,0],"gold":73,"neow_bonus":"THREE_CARDS","is_daily":false,"chose_seed":false,"campfire_upgraded":3,"win_rate":0.0,"timestamp":1611944944,"path_taken":["M","M","M","$","?","R","?","E","T","R","$","R","M","?","R","BOSS"],"items_purchased_type":["Card"],"build_version":"2020-12-22","purchased_purges":1,"victory":false,"max_hp_per_floor":[75,75,75,75,75,75,68,68,68,68,68,68,68,68,68,68,68],"relic_stats":{"Gremlin Horn":[3,3],"counters":[6,30],"Golden Idol":12,"obtain_stats":[{"HornCleat":5,"Gremlin Horn":8,"Golden Idol":7,"Frozen Egg 2":9,"Burning Blood":0},{"HornCleat":3,"Gremlin Horn":4,"Golden Idol":3,"Frozen Egg 2":4,"Burning Blood":0},{"HornCleat":11,"Gremlin Horn":16,"Golden Idol":11,"Frozen Egg 2":16,"Burning Blood":0}],"Burning Blood":30},"card_choices":[{"not_picked":["Intimidate","Cleave"],"picked":"Anger","floor":0.0},{"not_picked":["Pommel Strike","Sword Boomerang"],"picked":"Shrug It Off","floor":1.0},{"not_picked":["Feel No Pain","Bloodletting"],"picked":"Inflame","floor":2.0},{"not_picked":["Rupture","Wild Strike"],"picked":"Carnage","floor":3.0},{"not_picked":["Thunderclap","Sever Soul"],"picked":"True Grit","floor":8.0},{"not_picked":["Flex","Disarm"],"picked":"Whirlwind","floor":13.0}],"player_experience":337324,"relics_obtained":[{"floor":8.0,"key":"Gremlin Horn"},{"floor":9.0,"key":"Frozen Egg 2"}],"event_choices":[{"damage_healed":0.0,"max_hp_gain":0.0,"max_hp_loss":0.0,"gold_gain":0.0,"event_name":"Scrap Ooze","player_choice":"Success","floor":5.0,"gold_loss":0.0,"damage_taken":11.0,"relics_obtained":["HornCleat"]},{"damage_healed":0.0,"max_hp_gain":0.0,"max_hp_loss":7.0,"gold_gain":0.0,"event_name":"Golden Idol","player_choice":"Lose Max HP","floor":7.0,"gold_loss":0.0,"damage_taken":0.0,"relics_obtained":["Golden Idol"]},{"damage_healed":0.0,"max_hp_gain":0.0,"max_hp_loss":0.0,"gold_gain":0.0,"event_name":"Dead Adventurer","player_choice":"Searched \u00270\u0027 times","floor":14.0,"gold_loss":0.0,"damage_taken":0.0}],"is_beta":false,"boss_relics":[],"items_purged_floors":[4],"is_endless":false,"potions_floor_spawned":[8],"killed_by":"The Guardian","ascension_level":20}}