{"host":"Tylorde","time":1611957676,"event":{"mods":["BaseMod","Minty Spire (QoL Compilation)","Weighted Paths"],"gold_per_floor":[117,117,132,132,132,132,164,181,204,237,237,237,257,290,290,393,393,408,421,441,451,89,89,108,108,108,121,121,148,178,178,178,282,282,298,298,298,298,298],"floor_reached":38,"language":"ENG","playtime":3763,"items_purged":["Strike_G"],"score":670,"play_id":"1083ef1b-c38c-4b38-af92-78702ff28af8","local_time":"20210129140116","is_ascension_mode":true,"campfire_choices":[{"data":"Neutralize","floor":6,"key":"SMITH"},{"floor":15,"key":"REST"},{"data":"Adrenaline","floor":23,"key":"SMITH"},{"data":"Dash","floor":25,"key":"SMITH"},{"data":"Calculated Gamble","floor":28,"key":"SMITH"},{"data":"Prepared","floor":32,"key":"SMITH"}],"circlet_count":0,"master_deck":["AscendersBane","Strike_G","Strike_G+1","Strike_G","Defend_G","Defend_G","Defend_G","Defend_G","Defend_G","Survivor+1","Neutralize+1","Noxious Fumes+1","Prepared+1","Calculated Gamble+1","Reflex","Quick Slash","PiercingWail","Dash+1","Adrenaline+1","Poisoned Stab","Backstab","Prepared+1","Deadly Poison","Quick Slash+1","Heel Hook","Envenom","Catalyst","Finesse"],"relics":["SacredBark","Toy Ornithopter","Bag of Marbles","Peace Pipe","Sundial","Runic Pyramid","Membership Card","WingedGreaves","Paper Crane","Question Card","MealTicket","Coffee Dripper"],"acts_visited":["Exordium","TheCity","TheBeyond"],"potions_floor_usage":[10,20,21,27,29,30],"damage_taken":[{"damage":3,"enemies":"Jaw Worm","floor":1,"turns":6},{"damage":1,"enemies":"Cultist","floor":3,"turns":4},{"damage":3,"enemies":"Lagavulin","floor":7,"turns":9},{"damage":0,"enemies":"Small Slimes","floor":8,"turns":4},{"damage":15,"enemies":"3 Sentries","floor":10,"turns":5},{"damage":0,"enemies":"Blue Slaver","floor":13,"turns":4},{"damage":6,"enemies":"Lagavulin","floor":14,"turns":7},{"damage":13,"enemies":"The Guardian","floor":16,"turns":12},{"damage":4,"enemies":"3 Byrds","floor":18,"turns":6},{"damage":0,"enemies":"Chosen","floor":19,"turns":5},{"damage":10,"enemies":"Snecko","floor":20,"turns":7},{"damage":1,"enemies":"Cultist and Chosen","floor":21,"turns":8},{"damage":11,"enemies":"Sentry and Sphere","floor":24,"turns":6},{"damage":0,"enemies":"Shelled Parasite and Fungi","floor":27,"turns":6},{"damage":20,"enemies":"Gremlin Leader","floor":29,"turns":9},{"damage":3,"enemies":"Slavers","floor":30,"turns":6},{"damage":26,"enemies":"Automaton","floor":33,"turns":13},{"damage":25,"enemies":"3 Darklings","floor":35,"turns":7},{"damage":37,"enemies":"2 Orb Walkers","floor":38,"turns":3}],"seed_played":"-536527678913541164","potions_obtained":[{"floor":7,"key":"Explosive Potion"},{"floor":10,"key":"Block Potion"},{"floor":12,"key":"Swift Potion"},{"floor":18,"key":"PowerPotion"},{"floor":21,"key":"ColorlessPotion"},{"floor":27,"key":"Fire Potion"},{"floor":35,"key":"FearPotion"}],"is_trial":false,"path_per_floor":["M","?","M","?","?","R","E","M","T","E","?","?","M","E","R","B",null,"M","M","M","M","$","R","M","R","T","M","R","E","E","?","R","B",null,"M","?","?","?"],"character_chosen":"THE_SILENT","items_purchased":["Membership Card","Dexterity Potion","WingedGreaves"],"campfire_rested":1,"item_purchase_floors":[22,22,22],"current_hp_per_floor":[60,60,59,52,38,38,35,35,35,25,25,25,25,19,40,27,59,55,55,50,54,54,54,43,43,43,48,48,33,35,58,58,32,61,36,31,31,0,0],"gold":298,"neow_bonus":"BOSS_RELIC","is_daily":false,"chose_seed":false,"campfire_upgraded":5,"win_rate":0.0,"timestamp":1611957676,"path_taken":["M","?","?","?","?","R","E","M","T","E","?","?","M","E","R","BOSS","M","M","M","?","$","R","M","R","T","M","R","E","E","?","R","BOSS","M","?","?","?"],"items_purchased_type":["Relic","Potion","Relic"],"build_version":"2020-12-18","purchased_purges":1,"victory":false,"max_hp_per_floor":[70,70,70,70,70,70,70,70,70,70,70,70,70,70,70,70,70,70,70,70,70,70,70,70,70,70,70,70,70,70,70,70,70,70,70,70,70,70,70],"card_choices":[{"not_picked":["Blade Dance","Caltrops"],"picked":"Noxious Fumes","floor":1},{"not_picked":["Deadly Poison","Acrobatics"],"picked":"Prepared","floor":3},{"not_picked":["Backflip","Caltrops"],"picked":"Calculated Gamble","floor":7},{"not_picked":["Blur","Acrobatics"],"picked":"Reflex","floor":8},{"not_picked":["Choke","Night Terror"],"picked":"Quick Slash","floor":10},{"not_picked":["Poisoned Stab","Flying Knee"],"picked":"PiercingWail","floor":13},{"not_picked":["Outmaneuver","Well Laid Plans"],"picked":"Dash","floor":14},{"not_picked":["Tools of the Trade","A Thousand Cuts"],"picked":"Adrenaline","floor":16},{"not_picked":["All Out Attack","Prepared"],"picked":"Poisoned Stab","floor":18},{"not_picked":["Deadly Poison","Expertise","Reflex+1"],"picked":"SKIP","floor":19},{"not_picked":["Sucker Punch","Leg Sweep+1"],"picked":"Backstab","floor":20},{"not_picked":["Finisher","Reflex"],"picked":"Prepared","floor":21},{"not_picked":["Quick Slash","All Out Attack"],"picked":"Deadly Poison","floor":24},{"not_picked":["Phantasmal Killer","Riddle With Holes+1"],"picked":"Quick Slash+1","floor":27},{"not_picked":["Blade Dance","Slice"],"picked":"Heel Hook","floor":29},{"not_picked":["Quick Slash+1","Backstab","Poisoned Stab","Bouncing Flask"],"picked":"SKIP","floor":30},{"not_picked":["Wraith Form v2","Malaise","Glass Knife"],"picked":"Envenom","floor":33},{"not_picked":["Dagger Throw","Blade Dance","Underhanded Strike+1"],"picked":"Catalyst","floor":35},{"not_picked":["Impatience","Forethought","Magnetism"],"picked":"Finesse","floor":36},{"not_picked":["The Bomb","PanicButton","Discovery"],"picked":"Swift Strike","floor":36}],"player_experience":856066,"relics_obtained":[{"floor":7,"key":"Toy Ornithopter"},{"floor":9,"key":"Bag of Marbles"},{"floor":10,"key":"Peace Pipe"},{"floor":14,"key":"Sundial"},{"floor":26,"key":"Paper Crane"},{"floor":29,"key":"Question Card"},{"floor":30,"key":"MealTicket"}],"event_choices":[{"damage_healed":0,"gold_gain":0,"player_choice":"Forge","damage_taken":0,"max_hp_gain":0,"max_hp_loss":0,"event_name":"Accursed Blacksmith","floor":2,"gold_loss":0,"cards_upgraded":["Noxious Fumes"]},{"cards_removed":["Strike_G"],"damage_healed":0,"gold_gain":0,"player_choice":"Card Removal","damage_taken":7,"max_hp_gain":0,"max_hp_loss":0,"event_name":"Golden Wing","floor":4,"gold_loss":0},{"damage_healed":0,"gold_gain":0,"player_choice":"Entered Light","damage_taken":14,"max_hp_gain":0,"max_hp_loss":0,"event_name":"Shining Light","floor":5,"gold_loss":0,"cards_upgraded":["Strike_G","Survivor"]},{"damage_healed":0,"gold_gain":0,"player_choice":"Grow","damage_taken":0,"max_hp_gain":0,"max_hp_loss":0,"event_name":"Living Wall","floor":11,"gold_loss":0,"cards_upgraded":["Prepared"]},{"damage_healed":0,"gold_gain":0,"player_choice":"Got Potions","damage_taken":0,"max_hp_gain":0,"max_hp_loss":0,"event_name":"Lab","floor":12,"gold_loss":0},{"damage_healed":23,"gold_gain":0,"player_choice":"Heal","damage_taken":0,"max_hp_gain":0,"max_hp_loss":0,"event_name":"The Library","floor":31,"gold_loss":0},{"damage_healed":0,"gold_gain":0,"player_choice":"Memory 2","damage_taken":5,"max_hp_gain":0,"max_hp_loss":0,"event_name":"SensoryStone","floor":36,"gold_loss":0},{"cards_removed":["Swift Strike"],"damage_healed":0,"gold_gain":0,"player_choice":"Removed Attack","damage_taken":0,"max_hp_gain":0,"max_hp_loss":0,"event_name":"Falling","floor":37,"gold_loss":0},{"damage_healed":0,"gold_gain":0,"player_choice":"Fight","damage_taken":0,"max_hp_gain":0,"max_hp_loss":0,"event_name":"Mysterious Sphere","floor":38,"gold_loss":0}],"is_beta":true,"boss_relics":[{"not_picked":["Pandora\u0027s Box","Velvet Choker"],"picked":"Runic Pyramid"},{"not_picked":["Fusion Hammer","Calling Bell"],"picked":"Coffee Dripper"}],"items_purged_floors":[22],"is_endless":false,"potions_floor_spawned":[7,10,13,18,19,21,27,35],"killed_by":"2 Orb Walkers","ascension_level":11}}