{"host":"36nosutyzulbwemu","time":1611921824,"event":{"mods":["BaseMod","Marisa£®ÏF”Í°°ƒß¿Ì…≥£©","Minty Spire (QoL Compilation)","Reliquary","Replay The Spire","Shop Mod","StSLib","The Bug Knight","The Servant 0.9.4"],"gold_per_floor":[109,121,133,144,156,184,197,197,197,16,91,137,168,168,168],"floor_reached":14,"language":"ZHS","playtime":5963,"items_purged":[],"score":94,"play_id":"b77676dc-02a8-4b70-a5ee-f8ff55d6ca21","local_time":"20210129200344","is_ascension_mode":false,"campfire_choices":[{"floor":8,"key":"REST"}],"circlet_count":0,"master_deck":["Strike_S","Strike_S","Strike_S","Strike_S","Defend_S","Defend_S","Defend_S","Defend_S","KidneyShot","Exchange","SilverBlades","Revamp","TheWorld+1","Sabotage","DualDimension","Foresight","Contraction+1","Starlight","HandOfGreed","Impatience","Replay:Bootleg Shield Generator","FastForward"],"relics":["Uniform","White Beast Statue","Chameleon Ring","ReplayTheSpireMod:ShopPack","reliquary:Buckler"],"acts_visited":["Exordium"],"potions_floor_usage":[6,6,13,14],"damage_taken":[{"damage":0,"enemies":"Cultist","floor":1,"turns":4},{"damage":1,"enemies":"2 Louse","floor":2,"turns":3},{"damage":4,"enemies":"Jaw Worm","floor":3,"turns":6},{"damage":16,"enemies":"Lots of Slimes","floor":4,"turns":7},{"damage":3,"enemies":"Looter","floor":5,"turns":4},{"damage":17,"enemies":"Lagavulin","floor":6,"turns":6},{"damage":7,"enemies":"2 Fungi Beasts","floor":7,"turns":5},{"damage":14,"enemies":"Gremlin Gang","floor":13,"turns":5},{"damage":11,"enemies":"Gremlin Nob","floor":14,"turns":4}],"seed_played":"-3465810292864668960","potions_obtained":[{"floor":1,"key":"Fire Potion"},{"floor":3,"key":"Fire Potion"},{"floor":7,"key":"SteroidPotion"},{"floor":13,"key":"Languid Potion"}],"is_trial":false,"path_per_floor":["M","M","M","M","M","E","M","R","T","$","?","T","M","E"],"character_chosen":"THE_SERVANT","items_purchased":["ReplayTheSpireMod:ShopPack","Starlight"],"campfire_rested":1,"item_purchase_floors":[10,10],"current_hp_per_floor":[71,70,66,50,47,30,23,44,44,44,33,33,19,8,8],"gold":168,"neow_bonus":"TEN_PERCENT_HP_BONUS","is_daily":false,"chose_seed":false,"campfire_upgraded":0,"win_rate":0.0,"timestamp":1611921824,"path_taken":["M","M","M","M","M","E","M","R","T","?","?","?","?","E"],"items_purchased_type":["Relic","Card"],"build_version":"2020-12-22","purchased_purges":0,"victory":false,"max_hp_per_floor":[71,71,71,71,71,71,71,71,71,71,71,71,71,71,71],"card_choices":[{"not_picked":["Barrier","DualDimension"],"picked":"SilverBlades","floor":1},{"not_picked":["DualDimension","Potential"],"picked":"Revamp","floor":2},{"not_picked":["BottledTime","Rewind"],"picked":"TheWorld","floor":3},{"not_picked":["Snipe","Rearm"],"picked":"Sabotage","floor":4},{"not_picked":["Collapse","Unruled"],"picked":"DualDimension","floor":5},{"not_picked":["Revamp","Ricochet"],"picked":"Foresight","floor":6},{"not_picked":["Alleviate","FastForward"],"picked":"Contraction","floor":7},{"not_picked":["ReplayTheSpireMod:Brewmster","Secret Weapon"],"picked":"HandOfGreed","floor":10},{"not_picked":["Specialist","Mind Blast"],"picked":"Impatience","floor":10},{"not_picked":["Survey Options","Metamorphosis"],"picked":"Replay:Bootleg Shield Generator","floor":10},{"not_picked":["DoubleEdge","Spin"],"picked":"FastForward","floor":13}],"player_experience":483961,"relics_obtained":[{"floor":6,"key":"White Beast Statue"},{"floor":9,"key":"Chameleon Ring"},{"floor":12,"key":"reliquary:Buckler"}],"event_choices":[{"damage_healed":0,"gold_gain":75,"player_choice":"Gather Gold","damage_taken":11,"max_hp_gain":0,"max_hp_loss":0,"event_name":"World of Goop","floor":11,"gold_loss":0}],"is_beta":false,"boss_relics":[],"items_purged_floors":[],"is_endless":false,"potions_floor_spawned":[1,3,7,13],"killed_by":"Gremlin Nob","ascension_level":0}}