{"host":"f9ntswufr8mq3t4y","time":1611957462,"event":{"mods":["AchievementEnabler","BaseMod","Best Route Mod","Block Reminder","Colored Map","Colored Powertips","Curses Come First","DeckTracker","Displayed Cursed Tome","Highlight Path","Minty Spire (QoL Compilation)","Permanent Neow","Quick Restart","Slay-I","StSLib"],"gold_per_floor":[112,287,287,303,25,25,60,60,60,60,60,77,77,87,87,182,182,199,199,199,199,219,219,232,232,278,292,318,318,336,354,354,354,354],"floor_reached":33,"language":"ENG","playtime":1380,"items_purged":["Doubt"],"score":356,"play_id":"9f1af88a-77c6-4875-9f91-e18b6f99893d","local_time":"20210130005742","is_ascension_mode":true,"campfire_choices":[{"data":"Bash","floor":6.0,"key":"SMITH"},{"floor":8.0,"key":"REST"},{"floor":11.0,"key":"REST"},{"data":"Armaments","floor":15.0,"key":"SMITH"},{"data":"Dropkick","floor":23.0,"key":"SMITH"},{"floor":25.0,"key":"REST"},{"floor":29.0,"key":"REST"},{"floor":32.0,"key":"REST"}],"circlet_count":0,"master_deck":["Strike_R","Strike_R","Strike_R+1","Strike_R","Defend_R","Defend_R","Defend_R+1","Defend_R+1","Bash+1","Clash+1","Anger","Dropkick+1","Clash","Armaments+1","Anger+1","Inflame+1","True Grit+1"],"relics":["Burning Blood","Strawberry","Omamori","Meat on the Bone","Calling Bell","Bag of Preparation","Blue Candle","Prayer Wheel","Lantern","War Paint","Self Forming Clay"],"acts_visited":["Exordium","TheCity"],"potions_floor_usage":[33,33],"damage_taken":[{"damage":2.0,"enemies":"Small Slimes","floor":1.0,"turns":4.0},{"damage":17.0,"enemies":"2 Louse","floor":4.0,"turns":6.0},{"damage":56.0,"enemies":"Lagavulin","floor":7.0,"turns":9.0},{"damage":1.0,"enemies":"Cultist","floor":12.0,"turns":4.0},{"damage":1.0,"enemies":"Exordium Wildlife","floor":14.0,"turns":2.0},{"damage":55.0,"enemies":"Hexaghost","floor":16.0,"turns":9.0},{"damage":16.0,"enemies":"Spheric Guardian","floor":18.0,"turns":4.0},{"damage":7.0,"enemies":"Shell Parasite","floor":22.0,"turns":4.0},{"damage":15.0,"enemies":"Snake Plant","floor":24.0,"turns":3.0},{"damage":30.0,"enemies":"Centurion and Healer","floor":27.0,"turns":4.0},{"damage":63.0,"enemies":"Book of Stabbing","floor":28.0,"turns":6.0},{"damage":13.0,"enemies":"Shelled Parasite and Fungi","floor":30.0,"turns":4.0},{"damage":23.0,"enemies":"Snecko","floor":31.0,"turns":4.0},{"damage":106,"enemies":"Champ","floor":33,"turns":9}],"seed_played":"5668258846027067917","potions_obtained":[{"floor":4.0,"key":"BlessingOfTheForge"},{"floor":14.0,"key":"SpeedPotion"},{"floor":16.0,"key":"Dexterity Potion"}],"is_trial":false,"path_per_floor":["M","?","?","M","$","R","E","R","T","?","R","M","$","M","R","B",null,"M","?","?","$","M","R","M","R","T","M","E","R","M","M","R","B"],"character_chosen":"IRONCLAD","items_purchased":["Strawberry","PowerPotion"],"campfire_rested":5,"item_purchase_floors":[5,5],"current_hp_per_floor":[96,96,77,66,73,73,23,53,53,53,83,88,88,93,93,56,91,81,81,81,81,80,80,71,101,101,77,32,62,67,62,92,0,0],"gold":354,"neow_bonus":"TWENTY_PERCENT_HP_BONUS","is_daily":false,"chose_seed":false,"campfire_upgraded":3,"win_rate":0.0,"timestamp":1611957462,"path_taken":["M","?","?","M","$","R","E","R","T","?","R","M","$","?","R","BOSS","M","?","?","$","M","R","M","R","T","?","E","R","M","?","R","BOSS"],"items_purchased_type":["Relic","Potion"],"build_version":"2020-12-22","purchased_purges":1,"victory":false,"max_hp_per_floor":[96,96,96,96,103,103,103,103,103,103,103,103,103,103,103,103,103,103,103,103,103,103,103,103,103,103,103,103,103,103,103,103,103,103],"card_choices":[{"not_picked":["Rampage","Uppercut"],"picked":"Clash","floor":1.0},{"not_picked":["Shrug It Off","Heavy Blade"],"picked":"Anger","floor":4.0},{"not_picked":["True Grit","Burning Pact","Power Through"],"picked":"SKIP","floor":7.0},{"not_picked":["Anger","Clothesline"],"picked":"Clash","floor":12.0},{"not_picked":["Fire Breathing","True Grit"],"picked":"Armaments","floor":14.0},{"not_picked":["Seeing Red","Wild Strike"],"picked":"Anger+1","floor":18.0},{"not_picked":["Cleave","Thunderclap","Havoc+1"],"picked":"SKIP","floor":18.0},{"not_picked":["Perfected Strike","Body Slam"],"picked":"Inflame+1","floor":22.0},{"not_picked":["Hemokinesis+1","Dropkick","Perfected Strike"],"picked":"SKIP","floor":22.0},{"not_picked":["Sever Soul","Seeing Red","Flex"],"picked":"SKIP","floor":24.0},{"not_picked":["Rage","Havoc+1","Barricade"],"picked":"SKIP","floor":24.0},{"not_picked":["Warcry+1","Dropkick","Thunderclap"],"picked":"SKIP","floor":27.0},{"not_picked":["Clothesline+1","Headbutt","Pommel Strike"],"picked":"SKIP","floor":27.0},{"not_picked":["Dual Wield","Cleave","Brutality"],"picked":"SKIP","floor":28.0},{"not_picked":["Reckless Charge","Havoc+1","Anger"],"picked":"SKIP","floor":30.0},{"not_picked":["Headbutt","Seeing Red","Flex"],"picked":"SKIP","floor":30.0},{"not_picked":["Power Through","Fire Breathing+1"],"picked":"True Grit+1","floor":31.0},{"not_picked":["Iron Wave","Pommel Strike","Cleave"],"picked":"SKIP","floor":31.0}],"player_experience":369335,"relics_obtained":[{"floor":7.0,"key":"Omamori"},{"floor":9.0,"key":"Meat on the Bone"},{"floor":17.0,"key":"Bag of Preparation"},{"floor":17.0,"key":"Blue Candle"},{"floor":17.0,"key":"Prayer Wheel"},{"floor":26.0,"key":"War Paint"},{"floor":28.0,"key":"Self Forming Clay"}],"event_choices":[{"damage_healed":0.0,"max_hp_gain":0.0,"max_hp_loss":0.0,"gold_gain":175.0,"event_name":"Liars Game","player_choice":"AGREE","floor":2.0,"gold_loss":0.0,"damage_taken":0.0,"cards_obtained":["Doubt"]},{"damage_healed":0.0,"max_hp_gain":0.0,"max_hp_loss":0.0,"gold_gain":0.0,"event_name":"Shining Light","player_choice":"Entered Light","floor":3.0,"gold_loss":0.0,"damage_taken":19.0,"cards_upgraded":["Clash","Strike_R"]},{"damage_healed":0.0,"max_hp_gain":0.0,"max_hp_loss":0.0,"gold_gain":0.0,"cards_transformed":["Strike_R"],"event_name":"Transmorgrifier","player_choice":"Transformed","floor":10.0,"gold_loss":0.0,"damage_taken":0.0,"cards_obtained":["Dropkick"]},{"damage_healed":0.0,"max_hp_gain":0.0,"max_hp_loss":0.0,"gold_gain":0.0,"event_name":"The Mausoleum","player_choice":"Opened","floor":19.0,"gold_loss":0.0,"damage_taken":0.0,"relics_obtained":["Lantern"],"cards_obtained":["Writhe"]},{"cards_removed":["Injury"],"damage_healed":0.0,"max_hp_gain":0.0,"max_hp_loss":0.0,"gold_gain":0.0,"event_name":"Purifier","player_choice":"Purged","floor":20.0,"gold_loss":0.0,"damage_taken":0.0}],"is_beta":false,"boss_relics":[{"not_picked":["Runic Dome","Sozu"],"picked":"Calling Bell"}],"items_purged_floors":[5],"is_endless":false,"potions_floor_spawned":[4,14,16,18,22],"killed_by":"Champ","ascension_level":5}}