{"host":"hixkpep13ay54y5b","time":1611949762,"event":{"mods":["AchievementEnabler","BaseMod","BetterRewards","Colored Map","Hubris","Infinite Spire","Minty Spire (QoL Compilation)","Quick Restart","Replay The Spire","Shop Mod","StSLib","SuperFastMode"],"gold_per_floor":[119,119,119,119,119,152,152,170,194,194,31,42,9,9,9],"floor_reached":14,"language":"ENG","playtime":185,"items_purged":[],"score":111,"play_id":"7eb906a9-650e-418e-9a43-5af9559b9a03","local_time":"20210129144922","is_ascension_mode":false,"campfire_choices":[{"data":"Buffer","floor":10.0,"key":"SMITH"}],"circlet_count":0,"master_deck":["Strike_B","Strike_B","Strike_B","Strike_B","Defend_B","Defend_B","Defend_B","Defend_B","Zap","Dualcast","Blizzard+1","Buffer+1","Coolheaded","Coolheaded"],"relics":["NeowsBlessing","hubris:Towel","infinitespire:Freezer","infinitespire:Broken Mirror","MerchantsRug","DataDisk"],"acts_visited":["Exordium"],"potions_floor_usage":[],"damage_taken":[{"damage":0.0,"enemies":"Small Slimes","floor":1.0,"turns":1.0},{"damage":0.0,"enemies":"3 Sentries","floor":6.0,"turns":1.0},{"damage":0.0,"enemies":"2 Louse","floor":8.0,"turns":1.0},{"damage":0,"enemies":"Cultist","floor":12,"turns":4},{"damage":19,"enemies":"Gremlin Nob","floor":14,"turns":5}],"seed_played":"-7558814645671671570","potions_obtained":[{"floor":6.0,"key":"Block Potion"},{"floor":8.0,"key":"FearPotion"},{"floor":12,"key":"Fire Potion"}],"is_trial":false,"path_per_floor":["M","?","?","?","?","E","T","M","T","R","$","M","$","E"],"character_chosen":"DEFECT","items_purchased":["MerchantsRug","DataDisk","Coolheaded","Coolheaded"],"campfire_rested":0,"item_purchase_floors":[11,11,11,13],"current_hp_per_floor":[75,72,72,72,72,72,72,72,72,72,72,72,72,53,53],"gold":9,"neow_bonus":"THREE_ENEMY_KILL","is_daily":false,"chose_seed":false,"campfire_upgraded":1,"win_rate":0.0,"timestamp":1611949762,"path_taken":["M","?","?","?","?","E","?","M","T","R","$","M","?","E"],"items_purchased_type":["Relic","Relic","Card","Card"],"build_version":"2020-12-22","purchased_purges":0,"victory":false,"max_hp_per_floor":[75,75,75,75,75,75,75,75,75,75,75,75,75,75,75],"card_choices":[{"not_picked":["Streamline","Rip and Tear"],"picked":"Blizzard","floor":1.0},{"not_picked":["Force Field","Mirror Shield"],"picked":"Buffer","floor":6.0},{"not_picked":["Stack","Leap","Barrage"],"picked":"SKIP","floor":8.0},{"not_picked":["Rebound","Redo","Beam Cell"],"picked":"SKIP","floor":12}],"player_experience":162137,"relics_obtained":[{"floor":6.0,"key":"infinitespire:Freezer"},{"floor":7.0,"key":"infinitespire:Broken Mirror"},{"floor":9.0,"key":"infinitespire:Beetle Shell"}],"event_choices":[{"damage_healed":0.0,"max_hp_gain":0.0,"max_hp_loss":0.0,"gold_gain":0.0,"event_name":"Scrap Ooze","player_choice":"Success","floor":2.0,"gold_loss":0.0,"damage_taken":3.0,"relics_obtained":["Juzu Bracelet"]},{"damage_healed":0.0,"max_hp_gain":0.0,"max_hp_loss":0.0,"gold_gain":0.0,"event_name":"Match and Keep!","player_choice":"0 cards matched","floor":4.0,"gold_loss":0.0,"damage_taken":0.0,"cards_obtained":[]}],"is_beta":false,"boss_relics":[],"items_purged_floors":[],"is_endless":false,"potions_floor_spawned":[6,8,12],"killed_by":"Gremlin Nob","ascension_level":0}}