{"host":"8ps61jsaamsawqze","time":1611936283,"event":{"mods":["Act Like it!","BaseMod","BetterRewards","Block Reminder","Card Forge","Colored Powertips","Downfall","Energized Spire","Friendly Minions","GifTheSpireLib","Halation","KomeijiMod","Marisa????????","Mimic Mod","Minty Spire (QoL Compilation)","Railgun Mod","Random Character Button","Rare Cards Sparkle","Relic Stats","Shedinja","Shop Mod","StSLib","The Blue Laboratory","The Construct","The Cursed","The Gatherer","The Jungle","The Necromancer","The Poker Player","Uncapped","Waifu the Spire","Yohane!"],"gold_per_floor":[109,125,145,159,159,159,188,188,188,188,201,231,6,16,16,16,16],"floor_reached":16,"language":"ENG","playtime":558,"items_purged":[],"score":204,"play_id":"0758cd56-dda2-4b4f-9b88-cd93a5d9ab4c","local_time":"20210129110443","is_ascension_mode":true,"campfire_choices":[{"floor":6,"key":"REST"},{"data":"Yohane:Schwarz_Sechs","floor":10,"key":"SMITH"},{"floor":15,"key":"REST"}],"circlet_count":0,"master_deck":["AscendersBane","Yohane:Strike_Grey","Yohane:Strike_Grey","Yohane:Strike_Grey","Yohane:Strike_Grey+1","Yohane:Defend_Grey+1","Yohane:Defend_Grey","Yohane:Defend_Grey","Yohane:Defend_Grey","Yohane:Little_Demon_Lily+1","Yohane:Well_Laid_Ambush","Yohane:Little_Demon_Ruby","Yohane:Little_Demon_Recruit","Yohane:Little_Demon_Chika","Yohane:Schwarz_Sechs+1","Burn","Burn","Burn","Yohane:Little_Demon_Ruby"],"relics":["Yohane:AngelWings","Hammer of Thor","Seething Fire","Anvil of the Gods","Juzu Bracelet","ThirstyCross","Bottled Flame","MealTicket"],"acts_visited":["Exordium"],"potions_floor_usage":[7],"damage_taken":[{"damage":6,"enemies":"Cultist","floor":1,"turns":4},{"damage":7,"enemies":"2 Louse","floor":2,"turns":3},{"damage":11,"enemies":"Small Slimes","floor":3,"turns":3},{"damage":11,"enemies":"Looter","floor":4,"turns":3},{"damage":8,"enemies":"Gremlin Nob","floor":7,"turns":3},{"damage":0,"enemies":"2 Fungi Beasts","floor":11,"turns":3},{"damage":20,"enemies":"Exordium Wildlife","floor":14,"turns":4},{"damage":26,"enemies":"The Guardian","floor":16,"turns":2}],"seed_played":"5228692532277276463","potions_obtained":[{"floor":4,"key":"AttackPotion"},{"floor":11,"key":"SpeedPotion"}],"is_trial":false,"path_per_floor":["M","M","M","M","?","R","E","?","T","R","M","?","$","M","R","B"],"character_chosen":"FallenAngel","items_purchased":["Yohane:Little_Demon_Ruby","MealTicket"],"campfire_rested":2,"item_purchase_floors":[13,13],"current_hp_per_floor":[44,37,26,15,15,31,23,23,23,23,23,23,23,3,19,0,0],"gold":16,"neow_bonus":"UPGRADE_CARD","is_daily":false,"chose_seed":false,"campfire_upgraded":1,"win_rate":0.0,"timestamp":1611936283,"path_taken":["M","?","?","M","?","R","E","?","T","R","M","?","$","M","R","BOSS"],"items_purchased_type":["Card","Relic"],"build_version":"2020-12-22","purchased_purges":0,"victory":false,"max_hp_per_floor":[55,55,55,55,55,55,55,55,55,55,55,55,55,55,55,55,55],"relic_stats":{"counters":[8,25],"MealTicket":0,"Juzu Bracelet":0,"obtain_stats":[{"ThirstyCross":8,"Bottled Flame":9,"Anvil of the Gods":0,"MealTicket":13,"Hammer of Thor":0,"Juzu Bracelet":7,"Yohane:AngelWings":0,"Seething Fire":0},{"ThirstyCross":5,"Bottled Flame":5,"Anvil of the Gods":0,"MealTicket":6,"Hammer of Thor":0,"Juzu Bracelet":5,"Yohane:AngelWings":0,"Seething Fire":0},{"ThirstyCross":16,"Bottled Flame":16,"Anvil of the Gods":0,"MealTicket":19,"Hammer of Thor":0,"Juzu Bracelet":16,"Yohane:AngelWings":0,"Seething Fire":0}]},"card_choices":[{"not_picked":["Yohane:Dark_Shield","Yohane:Gluttony"],"picked":"Yohane:Little_Demon_Ruby","floor":1},{"not_picked":["Yohane:Gluttony","Yohane:Envious"],"picked":"Yohane:Little_Demon_Recruit","floor":2},{"not_picked":["Yohane:Inspiration","Yohane:Little_Demon_Hanamaru"],"picked":"Yohane:Little_Demon_Chika","floor":3},{"not_picked":["Yohane:Misfortune","Yohane:Livestream_Donation"],"picked":"Yohane:Schwarz_Sechs","floor":4},{"not_picked":["Yohane:Miracle_Wave","Yohane:Ice_Cream_Assault","Yohane:Lailapse"],"picked":"SKIP","floor":7},{"not_picked":["Yohane:Modore","Yohane:Witch_Trick","Yohane:Miracle_Wave"],"picked":"SKIP","floor":11},{"not_picked":["Yohane:Runaway_Umbrella","Yohane:Adept_Technology","Yohane:Accelerator"],"picked":"SKIP","floor":14}],"player_experience":212994,"relics_obtained":[{"floor":7,"key":"Juzu Bracelet"},{"floor":9,"key":"Bottled Flame"}],"event_choices":[{"damage_healed":0,"gold_gain":30,"player_choice":"Searched \u00272\u0027 times","damage_taken":0,"max_hp_gain":0,"max_hp_loss":0,"event_name":"Dead Adventurer","floor":12,"gold_loss":0}],"is_beta":false,"boss_relics":[],"items_purged_floors":[],"is_endless":false,"potions_floor_spawned":[4,11],"killed_by":"The Guardian","ascension_level":20}}