{"host":"na09lpbrez4gbfiz","time":1611908050,"event":{"mods":["Act Like it!","BaseMod","BetterRewards","Colored Map","Colored Powertips","DeckTracker","Googly Eyes","Highlight Path","Minty Spire (QoL Compilation)","Quick Restart","Spicy Shops","StSLib","SuperFastMode","Synergy Search"],"gold_per_floor":[19,19,19,19,33,33,64,64,117,144,144,69,83,101,101,203,253,273,98,98,98,122,122,147,147,147,159,171,183,220,331,343,355,355],"floor_reached":33,"language":"ENG","playtime":835,"items_purged":["Pain","Strike_B"],"score":342,"play_id":"d8d685bf-13be-41b2-a94e-23e5491e088e","local_time":"20210129091410","is_ascension_mode":true,"campfire_choices":[{"data":"1","floor":6,"key":"LIFT"},{"data":"2","floor":8,"key":"LIFT"},{"data":"3","floor":11,"key":"LIFT"},{"floor":15,"key":"REST"},{"floor":23,"key":"REST"},{"floor":25,"key":"REST"},{"floor":27,"key":"REST"},{"floor":32,"key":"REST"}],"circlet_count":0,"master_deck":["Strike_B","Strike_B+1","Strike_B","Defend_B","Defend_B","Defend_B","Defend_B+1","Zap+1","Dualcast+1","Coolheaded","Streamline","Seek","Capacitor","Necronomicurse","Conserve Battery+1","Self Repair","Streamline","Rebound+1"],"relics":["Cracked Core","Girya","WarpedTongs","Dream Catcher","War Paint","Kunai","Tiny House","ClockworkSouvenir","Necronomicon","Bag of Preparation","PreservedInsect","MawBank","Art of War"],"acts_visited":["Exordium","TheCity"],"potions_floor_usage":[7,24,24],"damage_taken":[{"damage":0,"enemies":"Cultist","floor":1,"turns":3},{"damage":5,"enemies":"Small Slimes","floor":5,"turns":3},{"damage":23,"enemies":"3 Sentries","floor":7,"turns":7},{"damage":10,"enemies":"Lagavulin","floor":10,"turns":7},{"damage":2,"enemies":"Jaw Worm","floor":13,"turns":2},{"damage":0,"enemies":"3 Louse","floor":14,"turns":3},{"damage":20,"enemies":"The Guardian","floor":16,"turns":11},{"damage":24,"enemies":"Shell Parasite","floor":18,"turns":6},{"damage":40,"enemies":"Slavers","floor":24,"turns":6},{"damage":46,"enemies":"Book of Stabbing","floor":30,"turns":5},{"damage":52,"enemies":"Automaton","floor":33,"turns":4}],"seed_played":"3452264332862032261","potions_obtained":[{"floor":5,"key":"BlessingOfTheForge"},{"floor":16,"key":"LiquidMemories"},{"floor":17,"key":"EssenceOfSteel"},{"floor":18,"key":"PotionOfCapacity"}],"is_trial":false,"path_per_floor":["M","?","$","?","M","R","E","R","T","E","R","$","M","M","R","B",null,"M","$","?","?","T","R","E","R","T","R","?","$","E","?","R","B"],"character_chosen":"DEFECT","items_purchased":["ClockworkSouvenir"],"campfire_rested":5,"item_purchase_floors":[19],"current_hp_per_floor":[75,75,75,75,70,70,47,47,47,37,37,37,35,35,57,37,80,56,56,40,25,25,50,10,35,35,60,60,60,24,24,49,0,0],"gold":355,"neow_bonus":"ONE_RARE_RELIC","is_daily":false,"chose_seed":false,"campfire_upgraded":0,"win_rate":0.0,"timestamp":1611908050,"path_taken":["M","?","?","?","M","R","E","R","T","E","R","$","M","?","R","BOSS","M","$","?","?","?","R","E","R","T","R","?","?","E","?","R","BOSS"],"items_purchased_type":["Relic"],"build_version":"2020-12-22","purchased_purges":2,"victory":false,"max_hp_per_floor":[75,75,75,75,75,75,75,75,75,75,75,75,75,75,75,75,80,80,80,80,85,85,85,85,85,85,85,85,85,85,85,85,85,85],"card_choices":[{"not_picked":["White Noise","Auto Shields"],"picked":"Coolheaded","floor":1},{"not_picked":["Stack","Barrage","Ball Lightning"],"picked":"SKIP","floor":5},{"not_picked":["Sweeping Beam","Hello World","Recycle"],"picked":"SKIP","floor":7},{"not_picked":["Turbo","Compile Driver","Meteor Strike"],"picked":"SKIP","floor":10},{"not_picked":["Auto Shields","Reinforced Body"],"picked":"Streamline","floor":13},{"not_picked":["Stack","Coolheaded","Beam Cell"],"picked":"SKIP","floor":14},{"not_picked":["Creative AI","Multi-Cast"],"picked":"Seek","floor":16},{"not_picked":["Steam Power","Turbo"],"picked":"Capacitor","floor":17},{"not_picked":["Undo","Hologram","Steam+1"],"picked":"SKIP","floor":18},{"not_picked":["Cold Snap+1","Sweeping Beam"],"picked":"Conserve Battery+1","floor":24},{"not_picked":["Rebound","Multi-Cast"],"picked":"Self Repair","floor":25},{"not_picked":["Redo+1","Blizzard"],"picked":"Streamline","floor":27},{"not_picked":["Reinforced Body","Turbo+1","White Noise"],"picked":"SKIP","floor":30},{"not_picked":["Turbo","Redo+1"],"picked":"Rebound+1","floor":32}],"player_experience":203213,"relics_obtained":[{"floor":7,"key":"Dream Catcher"},{"floor":9,"key":"War Paint"},{"floor":10,"key":"Kunai"},{"floor":20,"key":"Necronomicon"},{"floor":22,"key":"Bag of Preparation"},{"floor":24,"key":"PreservedInsect"},{"floor":26,"key":"MawBank"},{"floor":30,"key":"Art of War"}],"event_choices":[{"damage_healed":0,"gold_gain":0,"player_choice":"Rummage","damage_taken":0,"relics_obtained":["WarpedTongs"],"max_hp_gain":0,"max_hp_loss":0,"event_name":"Accursed Blacksmith","floor":2,"gold_loss":0,"cards_obtained":["Pain"]},{"damage_healed":0,"gold_gain":0,"player_choice":"Upgraded","damage_taken":0,"max_hp_gain":0,"max_hp_loss":0,"event_name":"Upgrade Shrine","floor":4,"gold_loss":0,"cards_upgraded":["Zap"]},{"damage_healed":0,"gold_gain":0,"player_choice":"Obtained Book","damage_taken":16,"max_hp_gain":0,"max_hp_loss":0,"event_name":"Cursed Tome","floor":20,"gold_loss":0},{"damage_healed":0,"gold_gain":0,"player_choice":"Shed Blood","damage_taken":20,"max_hp_gain":5,"max_hp_loss":0,"event_name":"Forgotten Altar","floor":21,"gold_loss":0},{"damage_healed":0,"gold_gain":0,"player_choice":"Ignored","damage_taken":0,"max_hp_gain":0,"max_hp_loss":0,"event_name":"Vampires","floor":28,"gold_loss":0},{"damage_healed":0,"gold_gain":99,"player_choice":"Stole From Cult","damage_taken":0,"max_hp_gain":0,"max_hp_loss":0,"event_name":"Nest","floor":31,"gold_loss":0}],"is_beta":false,"boss_relics":[{"not_picked":["SacredBark","Coffee Dripper"],"picked":"Tiny House"}],"items_purged_floors":[12,19],"is_endless":false,"potions_floor_spawned":[5,13,16,18],"killed_by":"Automaton","ascension_level":4}}