{"host":"yvb207ks1sg3cxef","time":1611912382,"event":{"mods":["2.2 Compatiblity","BaseMod","Bestiary","Colored Powertips","Minty Spire (QoL Compilation)","Permanent Neow","Quick Restart","Relic Stats","StSLib"],"gold_per_floor":[118,78,95,108,108,108,126,157,180,18,46,46,77,96,96,96,96],"floor_reached":16,"language":"ENG","playtime":2428,"items_purged":[],"score":240,"play_id":"83b58ddb-409e-42e4-834d-118f5e74b269","local_time":"20210129145622","is_ascension_mode":true,"campfire_choices":[{"data":"Dash","floor":6.0,"key":"SMITH"},{"data":"Footwork","floor":15,"key":"SMITH"}],"circlet_count":0,"master_deck":["AscendersBane","Strike_G","Strike_G","Strike_G","Strike_G","Strike_G","Defend_G","Defend_G","Defend_G","Defend_G","Defend_G","Survivor","Neutralize","Footwork+1","Quick Slash","Dash+1","Venomology","Blur","Blur","Blur","Dodge and Roll"],"relics":["Ring of the Snake","Potion Belt","Centennial Puzzle","Dream Catcher","Lee\u0027s Waffle","Pen Nib","Kunai"],"acts_visited":["Exordium"],"potions_floor_usage":[11,13,14,16,16],"damage_taken":[{"damage":8.0,"enemies":"Jaw Worm","floor":1.0,"turns":6.0},{"damage":2.0,"enemies":"Cultist","floor":3.0,"turns":6.0},{"damage":5.0,"enemies":"Small Slimes","floor":4.0,"turns":4.0},{"damage":0.0,"enemies":"2 Fungi Beasts","floor":7.0,"turns":6.0},{"damage":8.0,"enemies":"Lagavulin","floor":8.0,"turns":7.0},{"damage":3,"enemies":"3 Sentries","floor":11,"turns":16},{"damage":27,"enemies":"Gremlin Nob","floor":13,"turns":6},{"damage":8,"enemies":"Lots of Slimes","floor":14,"turns":8},{"damage":50,"enemies":"Hexaghost","floor":16,"turns":16}],"seed_played":"5447881917157950371","potions_obtained":[{"floor":1.0,"key":"PowerPotion"},{"floor":2.0,"key":"FairyPotion"},{"floor":2.0,"key":"SpeedPotion"},{"floor":2.0,"key":"SmokeBomb"},{"floor":3.0,"key":"LiquidBronze"},{"floor":11,"key":"Explosive Potion"},{"floor":12,"key":"LiquidBronze"},{"floor":12,"key":"Block Potion"}],"is_trial":false,"path_per_floor":["M","?","M","M","?","R","M","E","T","$","E","?","E","M","R","B"],"character_chosen":"THE_SILENT","items_purchased":["Lee\u0027s Waffle"],"campfire_rested":0,"item_purchase_floors":[10],"current_hp_per_floor":[51,51,49,44,44,44,44,36,36,73,70,70,43,50,50,0,0],"gold":96,"neow_bonus":"RANDOM_COMMON_RELIC","is_daily":false,"chose_seed":false,"campfire_upgraded":2,"win_rate":0.0,"timestamp":1611912382,"path_taken":["M","?","?","M","?","R","M","E","T","$","E","?","E","M","R","BOSS"],"items_purchased_type":["Relic"],"build_version":"2020-12-22","purchased_purges":0,"victory":false,"max_hp_per_floor":[66,66,66,66,66,66,66,66,66,73,73,73,73,73,73,73,73],"relic_stats":{"Centennial Puzzle":[12],"Dream Catcher":0,"Lee\u0027s Waffle":37,"counters":[9,75],"Pen Nib":[4],"Kunai":[3],"obtain_stats":[{"Potion Belt":0,"Centennial Puzzle":8,"Dream Catcher":9,"Lee\u0027s Waffle":10,"Pen Nib":11,"Kunai":13,"Ring of the Snake":0},{"Potion Belt":0,"Centennial Puzzle":5,"Dream Catcher":5,"Lee\u0027s Waffle":5,"Pen Nib":6,"Kunai":7,"Ring of the Snake":0},{"Potion Belt":0,"Centennial Puzzle":29,"Dream Catcher":29,"Lee\u0027s Waffle":29,"Pen Nib":45,"Kunai":51,"Ring of the Snake":0}],"Ring of the Snake":[18]},"card_choices":[{"not_picked":["Outmaneuver","Backflip"],"picked":"Footwork","floor":1.0},{"not_picked":["Flying Knee","Deflect"],"picked":"Quick Slash","floor":3.0},{"not_picked":["Acrobatics","Cloak And Dagger"],"picked":"Dash","floor":4.0},{"not_picked":["PiercingWail","Footwork"],"picked":"Venomology","floor":7.0},{"not_picked":["Calculated Gamble","Infinite Blades"],"picked":"Blur","floor":8.0},{"not_picked":["Dagger Spray","Cloak And Dagger"],"picked":"Blur","floor":11},{"not_picked":["Dash","Poisoned Stab"],"picked":"Blur","floor":13},{"not_picked":["Setup","Riddle With Holes"],"picked":"Dodge and Roll","floor":14}],"player_experience":497703,"relics_obtained":[{"floor":8.0,"key":"Centennial Puzzle"},{"floor":9.0,"key":"Dream Catcher"},{"floor":11,"key":"Pen Nib"},{"floor":13,"key":"Kunai"}],"event_choices":[{"damage_healed":0.0,"max_hp_gain":0.0,"max_hp_loss":0.0,"gold_gain":0.0,"event_name":"The Woman in Blue","player_choice":"Bought 3 Potions","floor":2.0,"gold_loss":0.0,"damage_taken":0.0},{"damage_healed":0.0,"max_hp_gain":0.0,"max_hp_loss":0.0,"gold_gain":0.0,"event_name":"Liars Game","player_choice":"Ignored","floor":5.0,"gold_loss":0.0,"damage_taken":0.0},{"damage_healed":0,"gold_gain":0,"player_choice":"Got Potions","damage_taken":0,"max_hp_gain":0,"max_hp_loss":0,"event_name":"Lab","floor":12,"gold_loss":0}],"is_beta":false,"boss_relics":[],"items_purged_floors":[],"is_endless":false,"potions_floor_spawned":[1,3,11],"killed_by":"Hexaghost","ascension_level":20}}