{"host":"Sylvester","time":1611897430,"event":{"mods":["BaseMod","Colored Map","Lobotomy","Minty Spire (QoL Compilation)","Replay The Spire","StSLib"],"gold_per_floor":[109,134,146,146,158,183,183,58,112,112,130,130,130],"floor_reached":12,"language":"ENG","playtime":479,"items_purged":["Strike_G"],"score":78,"play_id":"979a9fe2-c5d7-4ca4-a5a0-691649e9c971","local_time":"20210128211710","is_ascension_mode":false,"campfire_choices":[{"data":"A Thousand Cuts","floor":7,"key":"SMITH"},{"data":"Dagger Spray","floor":10,"key":"SMITH"}],"circlet_count":0,"master_deck":["Strike_G","Strike_G","Strike_G","Strike_G","Defend_G+1","Defend_G","Defend_G","Defend_G","Defend_G","Survivor+1","Neutralize","CrumblingArmor","Blade Dance","OldLady","Dagger Spray+1","Bloodbath","Flying Knee","A Thousand Cuts+1","PiercingWail","ReplayTheSpireMod:Speed Training"],"relics":["Ring of the Snake","CogitoBucket","War Paint","Happy Flower"],"acts_visited":["Exordium"],"potions_floor_usage":[3,12],"damage_taken":[{"damage":1,"enemies":"Cultist","floor":1,"turns":4},{"damage":1,"enemies":"2 Louse","floor":3,"turns":2},{"damage":8,"enemies":"Jaw Worm","floor":5,"turns":3},{"damage":20,"enemies":"3 Sentries","floor":6,"turns":5},{"damage":1,"enemies":"Blue Slaver","floor":11,"turns":5},{"damage":37,"enemies":"Gremlin Nob","floor":12,"turns":5}],"seed_played":"-7302798454499118187","potions_obtained":[{"floor":1,"key":"Dexterity Potion"},{"floor":3,"key":"Fruit Juice"},{"floor":5,"key":"Energy Potion"}],"is_trial":false,"path_per_floor":["M","T","M","?","M","E","R","$","T","R","M","E"],"character_chosen":"THE_SILENT","items_purchased":["PiercingWail"],"campfire_rested":0,"item_purchase_floors":[8],"current_hp_per_floor":[69,69,73,73,65,46,46,46,46,46,47,0,0],"gold":130,"neow_bonus":"","is_daily":false,"chose_seed":false,"campfire_upgraded":2,"win_rate":0.0,"timestamp":1611897430,"path_taken":["M","?","?","?","M","E","R","$","T","R","M","E"],"items_purchased_type":["Card"],"build_version":"2020-11-17","purchased_purges":1,"victory":false,"max_hp_per_floor":[70,70,75,75,75,75,75,75,75,75,75,75,75],"card_choices":[{"not_picked":["UniverseFragment","SpiderBud"],"picked":"CrumblingArmor","floor":1},{"not_picked":["Sucker Punch","Deadly Poison"],"picked":"Blade Dance","floor":1},{"not_picked":["Funeral","SpiderBud"],"picked":"OldLady","floor":3},{"not_picked":["Blade Dance","Flying Knee"],"picked":"Dagger Spray","floor":3},{"not_picked":["UniverseFragment","BeautyBeast"],"picked":"Bloodbath","floor":5},{"not_picked":["Backflip","Underhanded Strike"],"picked":"Flying Knee","floor":5},{"not_picked":["Murderer","SpiderBud","BeautyBeast"],"picked":"Singing Bowl","floor":6},{"not_picked":["HeroicMonk","SingingMachine"],"picked":"Yin","floor":6},{"not_picked":["Outmaneuver","Dodge and Roll"],"picked":"A Thousand Cuts","floor":6},{"not_picked":["Eviscerate","Sneak Up"],"picked":"ReplayTheSpireMod:Speed Training","floor":11}],"player_experience":157234,"relics_obtained":[{"floor":6,"key":"War Paint"},{"floor":9,"key":"Happy Flower"}],"event_choices":[{"damage_healed":0,"gold_gain":0,"player_choice":"Ignored","damage_taken":0,"max_hp_gain":0,"max_hp_loss":0,"event_name":"Liars Game","floor":4,"gold_loss":0}],"is_beta":true,"boss_relics":[],"items_purged_floors":[8],"is_endless":false,"potions_floor_spawned":[1,3,5],"killed_by":"Gremlin Nob","ascension_level":0}}