{"host":"och2iitg9ibgz06n","time":1611951765,"event":{"mods":["Abigail Mod","AchievementEnabler","Aspiration","BaseMod","Colored Powertips","Dio Mod","Hubris","Hyrulean Relics","Infinite Spire","Minty Spire (QoL Compilation)","Replay The Spire","Small Relic Pack","StSLib","The Animator","The Bug Knight","The Hierophant","The Jungle","The Saiyan","TheHero","Wandering Minibosses","everything is the same but u backflip on backflip","slay the spire mod where everything is the same but ironclad has a cowboy hat"],"gold_per_floor":[113,113,129,146,164,164,176,190,190,190,365,398,408,408,408,513,513,529,454,469,480,480,480,492,522,545,545,459,489,489,489,489,489,489,601,601,635,661,723,723,0,0,0,20,66,109,184,184,184,271,271,283,283,283,134,170,190],"floor_reached":58,"language":"ENG","playtime":2298,"items_purged":[],"score":1262,"play_id":"2629bafa-f34d-40d7-8166-440e6af8a78d","local_time":"20210129142245","is_ascension_mode":false,"campfire_choices":[{"data":"dioMod:Freeze","floor":6,"key":"SMITH"},{"data":"dioMod:HeavyLifting","floor":10,"key":"SMITH"},{"data":"dioMod:TripleThreat","floor":15,"key":"SMITH"},{"floor":23,"key":"REST"},{"data":"dioMod:DoubleTime","floor":30,"key":"SMITH"},{"floor":34,"key":"RECALL"},{"data":"dioMod:ZaWarudo","floor":42,"key":"SMITH"},{"data":"Blind","floor":49,"key":"SMITH"},{"data":"dioMod:SadisticLaugh","floor":51,"key":"SMITH"},{"data":"dioMod:Pluck","floor":54,"key":"SMITH"}],"circlet_count":0,"master_deck":["dioMod:Strike","dioMod:Strike","dioMod:Strike","dioMod:Strike","Bite+1","dioMod:Defend","dioMod:Defend","dioMod:Defend","dioMod:Defend","dioMod:Hiss","dioMod:Hiss","dioMod:TheWalk","dioMod:Freeze+1","dioMod:TripleThreat+1","dioMod:HeavyLifting+1","dioMod:DominatingPresence+1","dioMod:TripleThreat","dioMod:Pluck+1","dioMod:BlendIn+1","dioMod:GoldVial","dioMod:DoubleTime+1","dioMod:SadisticLaugh+1","dioMod:TripleThreat","Blind+1","dioMod:ZaWarudo+1","dioMod:Donut","dioMod:BloodTransfusion","dioMod:BloodSuck+1","dioMod:RoadRoller","dioMod:CutDeep+1","dioMod:Despair"],"relics":["dioMod:VampireBlood","Replay:Mystery Machine","hubris:Backtick","Shuriken","Replay:Bandana","Dream Catcher","MutagenicStrength","relicPack:KazumaCape","hubris:CuriousFeather","Red Mask","Centennial Puzzle","Replay:WaspNest","wanderingMiniBosses:CarrionFlame","hubris:SlimyHat","Oddly Smooth Stone","Akabeko"],"acts_visited":["Exordium","TheCity","TheBeyond","TheEnding"],"potions_floor_usage":[5,13,16,25,56,57],"damage_taken":[{"damage":8,"enemies":"2 Louse","floor":1,"turns":3},{"damage":1,"enemies":"Cultist","floor":3,"turns":3},{"damage":8,"enemies":"Jaw Worm","floor":4,"turns":3},{"damage":32,"enemies":"Large Slime","floor":5,"turns":6},{"damage":21,"enemies":"Exordium Thugs","floor":7,"turns":6},{"damage":0,"enemies":"Exordium Wildlife","floor":8,"turns":3},{"damage":28,"enemies":"Gremlin Nob","floor":12,"turns":4},{"damage":0,"enemies":"3 Louse","floor":13,"turns":1},{"damage":66,"enemies":"Fading Forest","floor":16,"turns":11},{"damage":20,"enemies":"3 Byrds","floor":18,"turns":6},{"damage":30,"enemies":"Spheric Guardian","floor":20,"turns":4},{"damage":29,"enemies":"Snake Plant","floor":21,"turns":5},{"damage":18,"enemies":"Snecko","floor":24,"turns":6},{"damage":38,"enemies":"Book of Stabbing","floor":25,"turns":6},{"damage":17,"enemies":"3 Cultists","floor":29,"turns":6},{"damage":68,"enemies":"hubris:MusketHawk","floor":35,"turns":7},{"damage":26,"enemies":"3 Darklings","floor":37,"turns":6},{"damage":11,"enemies":"Orb Walker","floor":38,"turns":2},{"damage":28,"enemies":"Mind Bloom Boss Battle","floor":39,"turns":8},{"damage":60,"enemies":"Writhing Mass","floor":44,"turns":9},{"damage":16,"enemies":"Giant Head","floor":46,"turns":6},{"damage":40,"enemies":"Jaw Worm Horde","floor":47,"turns":5},{"damage":45,"enemies":"Nemesis","floor":50,"turns":8},{"damage":75,"enemies":"Donu and Deca","floor":52,"turns":8},{"damage":51,"enemies":"Shield and Spear","floor":56,"turns":7},{"damage":96,"enemies":"The Heart","floor":57,"turns":6}],"seed_played":"-5910360169534426596","potions_obtained":[{"floor":3,"key":"Energy Potion"},{"floor":7,"key":"Explosive Potion"},{"floor":8,"key":"FearPotion"},{"floor":16,"key":"Fire Potion"},{"floor":21,"key":"Reflective Coating"},{"floor":24,"key":"dioMod:HumanBlood"},{"floor":39,"key":"FairyPotion"}],"is_trial":false,"path_per_floor":["M","$","M","M","M","R","M","M","T","R","?","E","M","?","R","B",null,"M","?","M","M","?","R","M","E","T","?","$","M","R","PTL","PTL","?","R","B",null,"M","M","?","$","?","R","?","M","T","E","M","?","R","E","R","B",null,"R","$","E","B",null],"character_chosen":"THE_DEFAULT","items_purchased":["Blind","Oddly Smooth Stone"],"campfire_rested":1,"item_purchase_floors":[28,55],"current_hp_per_floor":[75,75,75,74,49,49,43,52,52,52,52,33,42,42,42,20,75,67,67,46,32,32,54,51,33,33,33,33,43,43,43,43,68,68,24,75,64,59,62,62,62,62,85,54,54,78,67,70,70,79,79,79,88,88,88,72,35],"gold":190,"neow_bonus":"UPGRADE_CARD","is_daily":false,"chose_seed":false,"campfire_upgraded":8,"win_rate":0.0,"timestamp":1611951765,"path_taken":["M","$","M","M","M","R","M","M","T","R","?","E","M","?","R","BOSS","M","?","M","M","?","R","M","E","T","?","$","M","R","PTL","PTL","?","R","BOSS","M","M","?","$","?","R","?","?","T","E","M","?","R","E","R","BOSS","R","$","E","BOSS"],"items_purchased_type":["Card","Relic"],"build_version":"2020-12-22","purchased_purges":0,"victory":true,"max_hp_per_floor":[75,75,75,75,75,75,75,75,75,75,75,75,75,75,75,75,75,75,75,75,75,75,75,75,75,75,75,75,75,75,75,75,75,75,75,75,75,75,75,75,75,75,85,85,85,85,85,88,88,88,88,88,88,88,88,88,88],"card_choices":[{"not_picked":["dioMod:HeavyLifting","dioMod:SecretPlan"],"picked":"dioMod:Hiss","floor":1},{"not_picked":["dioMod:SlashThroughTime","dioMod:SecretPlan"],"picked":"dioMod:Hiss","floor":3},{"not_picked":["dioMod:SlashThroughTime","dioMod:Hiss"],"picked":"dioMod:TheWalk","floor":4},{"not_picked":["dioMod:DoubleTime","dioMod:StreetSign"],"picked":"dioMod:Freeze","floor":5},{"not_picked":["dioMod:FlyAway","dioMod:BlendIn"],"picked":"dioMod:TripleThreat","floor":7},{"not_picked":["dioMod:StreetSign","dioMod:GoodbyeJojo"],"picked":"dioMod:HeavyLifting","floor":8},{"not_picked":["dioMod:KonoDioDa","dioMod:TripleThreat"],"picked":"dioMod:DominatingPresence","floor":12},{"not_picked":["dioMod:Refresh","dioMod:BloodShield"],"picked":"dioMod:TripleThreat","floor":13},{"not_picked":["dioMod:UltimateSacrifice","dioMod:SevenPageMuda"],"picked":"dioMod:Pluck","floor":16},{"not_picked":["dioMod:ComboFever","dioMod:TripleThreat"],"picked":"dioMod:BlendIn+1","floor":18},{"not_picked":["dioMod:Roundabout","dioMod:BloodSplash"],"picked":"dioMod:GoldVial","floor":20},{"not_picked":["dioMod:WRYYY","dioMod:FlyAway"],"picked":"dioMod:DoubleTime","floor":21},{"not_picked":["dioMod:BloodSplash","dioMod:LaserVision"],"picked":"dioMod:SadisticLaugh","floor":24},{"not_picked":["dioMod:Hiss","dioMod:StreetSign"],"picked":"dioMod:TripleThreat","floor":25},{"not_picked":["dioMod:CautiousMuda","dioMod:Hiss"],"picked":"dioMod:PhantomBlood","floor":29},{"not_picked":["dioMod:PhantomBlood","dioMod:RoadRoller"],"picked":"dioMod:ZaWarudo","floor":35},{"not_picked":["dioMod:BloodShield+1","dioMod:TripleThreat+1"],"picked":"dioMod:Donut","floor":37},{"not_picked":["dioMod:TripleThreat","dioMod:StreetSign+1"],"picked":"dioMod:BloodTransfusion","floor":38},{"not_picked":["dioMod:Hiss","dioMod:Roundabout+1"],"picked":"dioMod:BloodSuck+1","floor":39},{"not_picked":["dioMod:Donut+1","dioMod:CautiousMuda","dioMod:Roundabout+1"],"picked":"SKIP","floor":44},{"not_picked":["dioMod:CautiousMuda+1","dioMod:LaserVision","dioMod:FlyAway"],"picked":"SKIP","floor":46},{"not_picked":["dioMod:DoubleTime","dioMod:VengefulMuda"],"picked":"dioMod:RoadRoller","floor":47},{"not_picked":["dioMod:StreetSign+1","dioMod:ComposedMuda+1"],"picked":"dioMod:CutDeep+1","floor":50},{"not_picked":["dioMod:BloodShield","dioMod:DaggerToss+1"],"picked":"dioMod:Despair","floor":56}],"player_experience":496055,"relics_obtained":[{"floor":12,"key":"Replay:Mystery Machine"},{"floor":25,"key":"Replay:Bandana"},{"floor":26,"key":"Dream Catcher"},{"floor":39,"key":"hubris:CuriousFeather"},{"floor":45,"key":"Centennial Puzzle"},{"floor":46,"key":"Replay:WaspNest"},{"floor":47,"key":"wanderingMiniBosses:CarrionFlame"},{"floor":50,"key":"hubris:SlimyHat"},{"floor":56,"key":"Akabeko"}],"event_choices":[{"damage_healed":0,"gold_gain":175,"player_choice":"AGREE","damage_taken":0,"max_hp_gain":0,"max_hp_loss":0,"event_name":"Liars Game","floor":11,"gold_loss":0,"cards_obtained":["Doubt"]},{"damage_healed":0,"gold_gain":0,"player_choice":"Forge","damage_taken":0,"max_hp_gain":0,"max_hp_loss":0,"event_name":"Accursed Blacksmith","floor":14,"gold_loss":0,"cards_upgraded":["dioMod:DominatingPresence"]},{"cards_removed":["Doubt"],"damage_healed":0,"gold_gain":0,"player_choice":"Gave Gold","damage_taken":0,"max_hp_gain":0,"max_hp_loss":0,"event_name":"Beggar","floor":19,"gold_loss":75},{"damage_healed":0,"gold_gain":0,"player_choice":"Inject Mutagens","damage_taken":0,"relics_obtained":["MutagenicStrength"],"max_hp_gain":0,"max_hp_loss":0,"event_name":"Drug Dealer","floor":27,"gold_loss":0},{"damage_healed":25,"gold_gain":0,"player_choice":"Heal","damage_taken":0,"max_hp_gain":0,"max_hp_loss":0,"event_name":"The Library","floor":33,"gold_loss":0},{"damage_healed":0,"gold_gain":0,"player_choice":"Fight","damage_taken":0,"max_hp_gain":0,"max_hp_loss":0,"event_name":"MindBloom","floor":39,"gold_loss":0},{"damage_healed":0,"gold_gain":0,"player_choice":"Paid","damage_taken":0,"relics_obtained":["Red Mask"],"max_hp_gain":0,"max_hp_loss":0,"event_name":"Tomb of Lord Red Mask","floor":41,"gold_loss":723},{"cards_removed":["dioMod:PhantomBlood"],"damage_healed":13,"gold_gain":0,"player_choice":"Offered Rare","damage_taken":0,"max_hp_gain":10,"max_hp_loss":0,"event_name":"Bonfire Elementals","floor":43,"gold_loss":0}],"is_beta":false,"boss_relics":[{"not_picked":["Velvet Choker","hubris:TerracottaHorce"],"picked":"hubris:Backtick"},{"not_picked":["Fusion Hammer","relicPack:ShieldShield"],"picked":"relicPack:KazumaCape"}],"items_purged_floors":[],"is_endless":false,"potions_floor_spawned":[3,7,8,16,21,24,37,39,44],"ascension_level":0}}