{"host":"q8mjpf3krl0t4p3x","time":1611928188,"event":{"mods":["BaseMod","Colored Map","Colored Powertips","Googly Eyes","Minty Spire (QoL Compilation)","Quick Restart","StSLib","everything is the same but u backflip on backflip","slay the spire mod where everything is the same but ironclad has a cowboy hat"],"gold_per_floor":[119,133,133,143,143,143,175,175,175,189,204,7,27,44,44,143,143,153,78,11,11,31,31,31,31],"floor_reached":24,"language":"ENG","playtime":917,"items_purged":["Strike_B"],"score":298,"play_id":"2c1c7c7e-84c5-4cc5-a579-02d3598e9bec","local_time":"20210129054948","is_ascension_mode":true,"campfire_choices":[{"data":"Streamline","floor":6,"key":"SMITH"},{"floor":8,"key":"REST"},{"floor":15,"key":"REST"},{"data":"Loop","floor":23,"key":"SMITH"}],"circlet_count":0,"master_deck":["Strike_B","Strike_B+1","Defend_B","Defend_B+1","Defend_B","Defend_B","Zap","Dualcast","Streamline+1","Lockon","Conserve Battery","Sweeping Beam","Leap","Self Repair","Amplify","CurseOfTheBell","Ball Lightning","Loop+1"],"relics":["Cracked Core","Bag of Preparation","Darkstone Periapt","Ice Cream","InkBottle","Membership Card","Calling Bell","Lantern","Meat on the Bone","Du-Vu Doll"],"acts_visited":["Exordium","TheCity"],"potions_floor_usage":[16,16,16,22,24],"damage_taken":[{"damage":2,"enemies":"2 Louse","floor":1,"turns":2},{"damage":1,"enemies":"Cultist","floor":2,"turns":3},{"damage":0,"enemies":"Small Slimes","floor":4,"turns":2},{"damage":28,"enemies":"3 Sentries","floor":7,"turns":6},{"damage":20,"enemies":"Exordium Wildlife","floor":10,"turns":4},{"damage":11,"enemies":"Looter","floor":11,"turns":2},{"damage":7,"enemies":"Exordium Thugs","floor":13,"turns":3},{"damage":0,"enemies":"Large Slime","floor":14,"turns":2},{"damage":0,"enemies":"The Guardian","floor":16,"turns":10},{"damage":20,"enemies":"Shell Parasite","floor":18,"turns":7},{"damage":30,"enemies":"3 Byrds","floor":22,"turns":4},{"damage":43,"enemies":"Gremlin Leader","floor":24,"turns":7}],"seed_played":"5816355416132646719","potions_obtained":[{"floor":2,"key":"SkillPotion"},{"floor":10,"key":"Fire Potion"},{"floor":14,"key":"Dexterity Potion"},{"floor":16,"key":"LiquidBronze"}],"is_trial":false,"path_per_floor":["M","M","?","M","?","R","E","R","T","M","M","$","M","M","R","B",null,"M","?","$","?","M","R","E"],"character_chosen":"DEFECT","items_purchased":["Membership Card","Leap","Loop","Fire Potion"],"campfire_rested":2,"item_purchase_floors":[12,12,20,20],"current_hp_per_floor":[73,72,57,57,57,57,29,51,51,31,20,20,13,13,35,42,81,68,68,68,53,42,42,0,0],"gold":31,"neow_bonus":"RANDOM_COMMON_RELIC","is_daily":false,"chose_seed":false,"campfire_upgraded":2,"win_rate":0.0,"timestamp":1611928188,"path_taken":["M","M","?","M","?","R","E","R","T","M","M","$","?","M","R","BOSS","M","?","$","?","M","R","E"],"items_purchased_type":["Relic","Card","Card","Potion"],"build_version":"2020-12-22","purchased_purges":1,"victory":false,"max_hp_per_floor":[75,75,75,75,75,75,75,75,75,75,75,75,75,75,75,75,81,81,81,81,86,86,86,86,86],"card_choices":[{"not_picked":["Gash","Scrape"],"picked":"Streamline","floor":1},{"not_picked":["Darkness","Barrage"],"picked":"Lockon","floor":2},{"not_picked":["Turbo","Beam Cell"],"picked":"Conserve Battery","floor":4},{"not_picked":["Barrage","Aggregate"],"picked":"Sweeping Beam","floor":7},{"not_picked":["Cold Snap","Thunder Strike","Gash"],"picked":"SKIP","floor":10},{"not_picked":["Rebound","Cold Snap","FTL"],"picked":"SKIP","floor":11},{"not_picked":["Stack","Leap","Sweeping Beam"],"picked":"SKIP","floor":13},{"not_picked":["White Noise","Rebound"],"picked":"Self Repair","floor":14},{"not_picked":["Thunder Strike","Biased Cognition"],"picked":"Amplify","floor":16},{"not_picked":["Sweeping Beam","Compile Driver+1"],"picked":"Ball Lightning","floor":18},{"not_picked":["Reinforced Body","Barrage","Stack"],"picked":"SKIP","floor":22}],"player_experience":312945,"relics_obtained":[{"floor":5,"key":"Darkstone Periapt"},{"floor":7,"key":"Ice Cream"},{"floor":9,"key":"InkBottle"},{"floor":17,"key":"Lantern"},{"floor":17,"key":"Meat on the Bone"},{"floor":17,"key":"Du-Vu Doll"}],"event_choices":[{"damage_healed":0,"gold_gain":0,"player_choice":"Entered Light","damage_taken":15,"max_hp_gain":0,"max_hp_loss":0,"event_name":"Shining Light","floor":3,"gold_loss":0,"cards_upgraded":["Defend_B","Strike_B"]},{"damage_healed":0,"gold_gain":0,"player_choice":"Relic","damage_taken":0,"max_hp_gain":0,"max_hp_loss":0,"event_name":"Wheel of Change","floor":5,"gold_loss":0},{"cards_removed":["Strike_B"],"damage_healed":0,"gold_gain":0,"player_choice":"Gave Gold","damage_taken":0,"max_hp_gain":0,"max_hp_loss":0,"event_name":"Beggar","floor":19,"gold_loss":75},{"damage_healed":0,"gold_gain":0,"player_choice":"Shed Blood","damage_taken":20,"max_hp_gain":5,"max_hp_loss":0,"event_name":"Forgotten Altar","floor":21,"gold_loss":0}],"is_beta":false,"boss_relics":[{"not_picked":["Philosopher\u0027s Stone","Runic Pyramid"],"picked":"Calling Bell"}],"items_purged_floors":[12],"is_endless":false,"potions_floor_spawned":[2,10,14,16],"killed_by":"Gremlin Leader","ascension_level":4}}