{"host":"r9v0g0iwbsx9dzwu","time":1611905815,"event":{"mods":["100% Spire Juice","ATMod(阿瑾Mod)","Aspiration","BaseMod","Minty Spire (QoL Compilation)","MostiFishMod","Reliquary","Replay The Spire","RumiaBox-露米娅的神秘盒子","StSLib","TestMod","[IsaacMod]以撒尖塔","【功能Mod】聪明的最终Boss","【遗物卡牌】REMEMod"],"gold_per_floor":[114,125,125,141,158,158,99,99,99,99,125,125,125],"floor_reached":12,"language":"ZHS","playtime":337,"items_purged":[],"score":210,"play_id":"bf3c890e-b540-4ede-b1d6-c1ca77c7c3f3","local_time":"20210129153655","is_ascension_mode":true,"campfire_choices":[{"data":"AT_OneInchPunch","floor":6.0,"key":"SMITH"},{"data":"MostiFishMod:Prepare","floor":8.0,"key":"SMITH"}],"circlet_count":0,"master_deck":["AscendersBane","Strike_B","Strike_B","Strike_B","Strike_B","Defend_B","Defend_B","Defend_B","Defend_B","Zap","Dualcast","BettingIsNotGood","Escape Plan","AT_OneInchPunch+1","REME_SelfUpgrade+1","Recycle+1","Madness","Coolheaded+1","AT_OneInchPunch+1","MostiFishMod:Prepare+1","Coolheaded"],"relics":["Cracked Core","AT_ATBox","DaveBox","testmod-TestBox","HushsDoor","REME_ComplimentaryCards","PokeGo","testmod-AscensionHeart","DaCapo","NeowsBlessing","Baka2","reliquary:TridentHead","MoneyPower"],"acts_visited":["Exordium"],"potions_floor_usage":[],"damage_taken":[{"damage":0.0,"enemies":"Jaw Worm","floor":1.0,"turns":1.0},{"damage":0.0,"enemies":"Cultist","floor":2.0,"turns":1.0},{"damage":0.0,"enemies":"Small Slimes","floor":4.0,"turns":1.0},{"damage":9.0,"enemies":"Red Slaver","floor":5.0,"turns":4.0},{"damage":3.0,"enemies":"Lagavulin","floor":7.0,"turns":6.0},{"damage":8,"enemies":"Lots of Slimes","floor":11,"turns":2},{"damage":0,"enemies":"3 Sentries","floor":12,"turns":2}],"seed_played":"-6376861543568858391","potions_obtained":[{"floor":1.0,"key":"SpeedPotion"},{"floor":5.0,"key":"PotionOfCapacity"}],"is_trial":false,"path_per_floor":["M","M","?","M","M","R","E","R","T","T","M","E"],"character_chosen":"DEFECT","items_purchased":[],"campfire_rested":0,"item_purchase_floors":[],"current_hp_per_floor":[65,66,66,67,64,64,63,63,63,63,63,64,64],"gold":125,"neow_bonus":"THREE_ENEMY_KILL","is_daily":false,"chose_seed":false,"campfire_upgraded":2,"win_rate":0.0,"timestamp":1611905815,"path_taken":["M","M","?","M","?","R","E","R","T","?","M","E"],"items_purchased_type":[],"build_version":"2020-12-22","purchased_purges":0,"victory":false,"max_hp_per_floor":[71,71,71,71,71,71,72,72,72,72,72,72,72],"card_choices":[{"not_picked":[],"picked":"BettingIsNotGood","floor":0.0},{"not_picked":["Leap","Auto Shields"],"picked":"REME_SelfUpgrade","floor":1.0},{"not_picked":["Turbo","Auto Shields"],"picked":"Recycle","floor":2.0},{"not_picked":["Time Bomb","Cold Snap","Steam","ReplayTheSpireMod:GoodbyeWorld"],"picked":"Coolheaded","floor":4.0},{"not_picked":["Panic Button","AT_ThreeBodyProblem","Sweeping Beam","REME_DataAnalysis","Loop"],"picked":"SKIP","floor":5.0},{"not_picked":["MostiFishMod:Exploitation","MostiFishMod:Hijack","Creative AI","Machine Learning","MostiFishMod:StarOceanB"],"picked":"MostiFishMod:Prepare","floor":7.0},{"not_picked":["Sunder","Streamline"],"picked":"Coolheaded","floor":11}],"player_experience":34847,"relics_obtained":[{"floor":1.0,"key":"Baka"},{"floor":2.0,"key":"Baka2"},{"floor":7.0,"key":"reliquary:TridentHead"},{"floor":9.0,"key":"MoneyPower"}],"event_choices":[],"is_beta":false,"boss_relics":[],"items_purged_floors":[],"is_endless":false,"potions_floor_spawned":[1,5,7],"killed_by":"3 Sentries","ascension_level":20}}