{"host":"15ff3ltgpietarej","time":1611917948,"event":{"mods":["BaseMod","Bestiary","Downfall","Highlight Path","Minty Spire (QoL Compilation)","Relic Stats","StSLib"],"gold_per_floor":[0,14,32,51,51,67,67,92,92,122,70,90,103,116,136,136,136,136],"floor_reached":16,"language":"ENG","playtime":1078,"items_purged":[],"score":197,"play_id":"0240e442-8767-468f-a91e-361b711a8874","local_time":"20210129115908","is_ascension_mode":true,"campfire_choices":[{"data":"Secret Weapon","floor":1.0,"key":"SMITH"},{"floor":9.0,"key":"REST"}],"circlet_count":0,"master_deck":["Guardian:Strike_Guardian","Guardian:Strike_Guardian","Guardian:Strike_Guardian","Guardian:Strike_Guardian","Guardian:Defend_Guardian","Guardian:Defend_Guardian","Guardian:Defend_Guardian","Guardian:Defend_Guardian","Guardian:CurlUp","Guardian:TwinSlam","Secret Weapon+1","Guardian:RefractedBeam","Guardian:FuturePlans","Guardian:Gem_Red","Guardian:Recover","Guardian:ConstructionForm","Guardian:Gem_Purple","Guardian:VentSteam","Guardian:FloatingOrbs","Guardian:DonusPower"],"relics":["Guardian:ModeShifter","FossilizedHelix","Question Card"],"acts_visited":["Exordium"],"potions_floor_usage":[16],"damage_taken":[{"damage":11.0,"enemies":"Small Slimes","floor":2.0,"turns":5.0},{"damage":4.0,"enemies":"Cultist","floor":3.0,"turns":5.0},{"damage":13.0,"enemies":"Jaw Worm","floor":4.0,"turns":4.0},{"damage":9.0,"enemies":"Gremlin Gang","floor":6.0,"turns":7.0},{"damage":20.0,"enemies":"3 Sentries","floor":8.0,"turns":9.0},{"damage":0.0,"enemies":"Lagavulin","floor":10.0,"turns":6.0},{"damage":0.0,"enemies":"downfall:FleeingMerchant","floor":11.0,"turns":4.0},{"damage":0.0,"enemies":"3 Louse","floor":12.0,"turns":5.0},{"damage":0.0,"enemies":"Large Slime","floor":13.0,"turns":5.0},{"damage":0.0,"enemies":"2 Fungi Beasts","floor":14.0,"turns":2.0},{"damage":11.0,"enemies":"3 Louse","floor":15.0,"turns":4.0},{"damage":28,"enemies":"IC_STATUS_ARCHETYPE","floor":16,"turns":8}],"seed_played":"-2352888779705490487","potions_obtained":[{"floor":3.0,"key":"Swift Potion"},{"floor":10.0,"key":"Explosive Potion"},{"floor":12.0,"key":"Swift Potion"},{"floor":13.0,"key":"FearPotion"}],"is_trial":false,"path_per_floor":["R","M","M","M","?","M","T","E","R","E","$","M","M","M","M","B"],"character_chosen":"GUARDIAN","items_purchased":["Guardian:FloatingOrbs"],"campfire_rested":1,"item_purchase_floors":[11],"current_hp_per_floor":[72,61,57,44,44,35,35,15,39,39,39,39,39,39,28,0,0,0],"gold":136,"neow_bonus":"RANDOM_COLORLESS_2","is_daily":false,"chose_seed":false,"campfire_upgraded":1,"win_rate":0.0,"timestamp":1611917948,"path_taken":["R","M","M","M","?","M","T","E","R","E","?","M","?","?","M","BOSS"],"items_purchased_type":["Card"],"build_version":"2020-12-22","purchased_purges":0,"victory":false,"max_hp_per_floor":[80,80,80,80,80,80,80,80,80,80,80,80,80,80,80,80,80,80],"relic_stats":{"counters":[12,64],"Question Card":5,"obtain_stats":[{"Guardian:ModeShifter":0,"Question Card":10,"FossilizedHelix":8},{"Guardian:ModeShifter":0,"Question Card":6,"FossilizedHelix":5},{"Guardian:ModeShifter":0,"Question Card":36,"FossilizedHelix":30}]},"card_choices":[{"not_picked":["Transmutation","Secret Technique"],"picked":"Secret Weapon","floor":0.0},{"not_picked":["Guardian:CrystalBeam","Guardian:VentSteam"],"picked":"Guardian:RefractedBeam","floor":2.0},{"not_picked":["Guardian:Planning","Guardian:Preprogram"],"picked":"Guardian:FuturePlans","floor":3.0},{"not_picked":["Guardian:Gem_Lightblue","Guardian:ChargeCore"],"picked":"Guardian:Gem_Red","floor":4.0},{"not_picked":["Guardian:MultiBeam","Guardian:TemporalStrike"],"picked":"Guardian:Recover","floor":6.0},{"not_picked":["Guardian:EvasiveProtocol","Guardian:TimeCapacitor"],"picked":"Guardian:ConstructionForm","floor":8.0},{"not_picked":["Guardian:Planning","Guardian:Suspension"],"picked":"Guardian:Gem_Purple","floor":10.0},{"not_picked":["Guardian:ShieldCharger","Guardian:Gem_Red","Guardian:Harden"],"picked":"Guardian:VentSteam","floor":11.0},{"not_picked":["Guardian:ChargeCore","Guardian:TemporalStrike","Guardian:PrimingBeam","Guardian:Harden"],"picked":"SKIP","floor":12.0},{"not_picked":["Guardian:PrimingBeam","Guardian:EvasiveProtocol","Guardian:Gem_Lightblue","Guardian:ArmoredProtocol"],"picked":"SKIP","floor":13.0},{"not_picked":["Guardian:Suspension","Guardian:MultiBeam","Guardian:GuardianWhirl"],"picked":"Guardian:DonusPower","floor":14.0},{"not_picked":["Guardian:ExploitGems","Guardian:TemporalStrike","Guardian:CrystalBeam","Guardian:RollAttack"],"picked":"SKIP","floor":15.0}],"player_experience":445330,"relics_obtained":[{"floor":8.0,"key":"FossilizedHelix"},{"floor":10.0,"key":"Question Card"}],"event_choices":[{"damage_healed":0.0,"max_hp_gain":0.0,"max_hp_loss":0.0,"gold_gain":0.0,"event_name":"FaceTrader","player_choice":"Leave","floor":5.0,"gold_loss":0.0,"damage_taken":0.0}],"is_beta":false,"boss_relics":[],"items_purged_floors":[],"is_endless":false,"potions_floor_spawned":[3,10,12,13],"killed_by":"IC_STATUS_ARCHETYPE","ascension_level":8}}