{"host":"5ddwedapke4fsx0r","time":1611878864,"event":{"mods":["BaseMod","ChefMod","Downfall","Hermit","Infinite Spire","Minty Spire (QoL Compilation)","Shade Mod","StSLib","The Cursed","The Dragon Tamer","The Marked","The Servant 0.9.4"],"gold_per_floor":[99,119,139,139,139,139,139,150,150,166,66,99,99,117,130,228,228,128,147,167,167,184,198,245,145,48,48,48,48],"floor_reached":28,"language":"ENG","playtime":1101,"items_purged":[],"score":220,"play_id":"61f43247-83c3-4bd2-83cd-16fa4a516dc5","local_time":"20210129010744","is_ascension_mode":false,"campfire_choices":[{"data":"Shade:AnimateDead","floor":1,"key":"SMITH"},{"floor":9,"key":"RECALL"},{"data":"Shade:ClawBack","floor":11,"key":"SMITH"},{"data":"Shade:ExtraLimbs","floor":18,"key":"SMITH"},{"data":"RitualDagger","floor":25,"key":"SMITH"},{"data":"Shade:TouchOfTheGrave","floor":27,"key":"SMITH"}],"circlet_count":0,"master_deck":["Shade:Strike_Shade","Shade:Strike_Shade","Shade:Strike_Shade","Shade:Defend_Shade","Shade:Defend_Shade","Shade:Defend_Shade","Shade:AnimateDead+1","Shade:CarefulCut+1","Shade:ClawBack+1","Shade:AblativeArmor","Shade:ExtraLimbs+1","Shade:FleshLikeOak","Shade:SoulPierce","Shade:GreyBargain","RitualDagger+1","Shade:StitchTogether+1","Injury","Shade:TouchOfTheGrave+1"],"relics":["Busted Crown","Letter Opener","downfall:HeartBlessingRed","Vajra","Cursed Key","downfall:HeartBlessingGreen","downfall:HeartBlessingBlue"],"acts_visited":["Exordium","TheCity"],"potions_floor_usage":[12,16],"damage_taken":[{"damage":0,"enemies":"2 Louse","floor":2,"turns":2},{"damage":0,"enemies":"Small Slimes","floor":3,"turns":2},{"damage":0,"enemies":"Cultist","floor":8,"turns":3},{"damage":3,"enemies":"Gremlin Gang","floor":10,"turns":3},{"damage":8,"enemies":"Gremlin Nob","floor":12,"turns":3},{"damage":1,"enemies":"Exordium Wildlife","floor":14,"turns":3},{"damage":0,"enemies":"Blue Slaver","floor":15,"turns":2},{"damage":4,"enemies":"WA_ARCHETYPE_RETAIN","floor":16,"turns":5},{"damage":0,"enemies":"Spheric Guardian","floor":19,"turns":3},{"damage":10,"enemies":"Chosen","floor":20,"turns":3},{"damage":0,"enemies":"Snecko","floor":22,"turns":4},{"damage":18,"enemies":"3 Cultists","floor":23,"turns":6},{"damage":0,"enemies":"downfall:FleeingMerchant","floor":26,"turns":4},{"damage":59,"enemies":"Nightmare","floor":28,"turns":7}],"seed_played":"8030766635795147029","potions_obtained":[{"floor":2,"key":"EssenceOfSteel"},{"floor":3,"key":"Block Potion"},{"floor":16,"key":"sneckomod:MuddlingPotion"},{"floor":19,"key":"champ:CounterPotion"}],"is_trial":false,"path_per_floor":["R","M","M","?","?","?","T","M","R","M","R","E","?","M","M","B",null,"R","M","M","?","M","M","T","R","$","R","NM"],"character_chosen":"SHADE","items_purchased":["Shade:TouchOfTheGrave"],"campfire_rested":0,"item_purchase_floors":[26],"current_hp_per_floor":[65,65,65,65,65,65,65,65,65,62,62,54,54,53,53,49,65,65,65,55,49,49,31,31,41,41,41,0,0],"gold":48,"neow_bonus":"BOSS_RELIC","is_daily":false,"chose_seed":false,"campfire_upgraded":5,"win_rate":0.0,"timestamp":1611878864,"path_taken":["R","M","M","?","?","?","T","M","R","M","R","E","?","?","M","BOSS","R","M","?","?","M","M","T","R","$","R","NM"],"items_purchased_type":["Card"],"build_version":"2020-12-22","purchased_purges":0,"victory":false,"max_hp_per_floor":[65,65,65,65,65,65,65,65,65,65,65,65,65,65,65,65,65,65,65,65,65,65,65,65,75,75,75,75,75],"card_choices":[{"not_picked":["Shade:CallWraith"],"picked":"SKIP","floor":2},{"not_picked":["Shade:GraveStillness"],"picked":"SKIP","floor":3},{"not_picked":[],"picked":"Shade:ClawBack","floor":8},{"not_picked":["Shade:FeralStrike"],"picked":"SKIP","floor":10},{"not_picked":[],"picked":"Shade:AblativeArmor","floor":12},{"not_picked":[],"picked":"Shade:FleshLikeOak","floor":14},{"not_picked":["Shade:CallWraith"],"picked":"SKIP","floor":15},{"not_picked":[],"picked":"Shade:SoulPierce","floor":16},{"not_picked":[],"picked":"Shade:GreyBargain","floor":19},{"not_picked":["Shade:AncientSpear"],"picked":"SKIP","floor":20},{"not_picked":[],"picked":"Shade:StitchTogether+1","floor":22},{"not_picked":["Shade:FeralStrike"],"picked":"SKIP","floor":23},{"not_picked":["Shade:SpontaneousRitual"],"picked":"SKIP","floor":26}],"player_experience":506998,"relics_obtained":[{"floor":7,"key":"Letter Opener"},{"floor":12,"key":"Vajra"}],"event_choices":[{"damage_healed":0,"gold_gain":0,"player_choice":"Grow","damage_taken":0,"max_hp_gain":0,"max_hp_loss":0,"event_name":"Living Wall","floor":5,"gold_loss":0,"cards_upgraded":["Shade:CarefulCut"]},{"cards_removed":["Shade:Defend_Shade"],"damage_healed":0,"gold_gain":0,"player_choice":"Card Removal","damage_taken":0,"max_hp_gain":0,"max_hp_loss":0,"event_name":"The Cleric","floor":6,"gold_loss":0}],"is_beta":false,"boss_relics":[{"not_picked":["Velvet Choker","Calling Bell"],"picked":"Cursed Key"}],"items_purged_floors":[],"is_endless":false,"potions_floor_spawned":[2,3,16,19],"killed_by":"Nightmare","ascension_level":0}}