{"host":"6xsbn6ynqlzwllfm","time":1611948218,"event":{"mods":["2.2 Compatiblity","BaseMod","Bestiary","Colored Map","Colored Powertips","Curses Come First","Highlight Path","Keyboard Shortcuts","Minty Spire (QoL Compilation)","Relic Stats","Slay the Relics Exporter","StSLib","SuperFastMode"],"gold_per_floor":[110,110,136,67,87,87,114,140,140,174,174,174,174],"floor_reached":12,"language":"ENG","playtime":982,"items_purged":[],"score":130,"play_id":"568d742a-5835-413a-8527-80f2e3ab2330","local_time":"20210129142338","is_ascension_mode":true,"campfire_choices":[{"data":"SandsOfTime","floor":6,"key":"SMITH"}],"circlet_count":0,"master_deck":["AscendersBane","Strike_P","Strike_P","Strike_P","Strike_P","Defend_P","Defend_P","Defend_P","Defend_P","Eruption","Vigilance","DevaForm","ThirdEye","SandsOfTime+1","Swivel","CutThroughFate","Nirvana","Establishment+1"],"relics":["PureWater","Tiny Chest","Regal Pillow","Odd Mushroom","Frozen Egg 2","Dream Catcher","Golden Idol"],"acts_visited":[],"potions_floor_usage":[8,12],"damage_taken":[{"damage":3,"enemies":"Cultist","floor":1,"turns":6},{"damage":0,"enemies":"Jaw Worm","floor":5,"turns":4},{"damage":37,"enemies":"Gremlin Nob","floor":7,"turns":5},{"damage":7,"enemies":"The Mushroom Lair","floor":8,"turns":5},{"damage":18,"enemies":"Lagavulin","floor":10,"turns":9},{"damage":5,"enemies":"3 Sentries","floor":12,"turns":3}],"seed_played":"-167337381131363364","potions_obtained":[{"floor":5,"key":"Explosive Potion"},{"floor":8,"key":"SkillPotion"}],"is_trial":false,"path_per_floor":["M","?","T","$","M","R","E","?","T","E","?","E"],"character_chosen":"WATCHER","items_purchased":["SandsOfTime"],"campfire_rested":0,"item_purchase_floors":[4],"current_hp_per_floor":[62,67,67,67,67,67,30,23,23,5,5,0,0],"gold":174,"neow_bonus":"ONE_RANDOM_RARE_CARD","is_daily":false,"chose_seed":false,"campfire_upgraded":1,"win_rate":0.0,"timestamp":1611948218,"path_taken":["M","?","?","$","?","R","E","?","T","E","?","E"],"items_purchased_type":["Card"],"build_version":"2020-12-22","purchased_purges":0,"victory":false,"max_hp_per_floor":[72,77,77,77,77,77,77,77,77,77,71,71,71],"relic_stats":{"Regal Pillow":0,"Dream Catcher":0,"counters":[6,32],"Golden Idol":0,"Tiny Chest":0,"obtain_stats":[{"Regal Pillow":7,"Dream Catcher":10,"Golden Idol":11,"Tiny Chest":3,"PureWater":0,"Odd Mushroom":8,"Frozen Egg 2":9},{"Regal Pillow":3,"Dream Catcher":5,"Golden Idol":5,"Tiny Chest":1,"PureWater":0,"Odd Mushroom":4,"Frozen Egg 2":4},{"Regal Pillow":15,"Dream Catcher":29,"Golden Idol":29,"Tiny Chest":6,"PureWater":0,"Odd Mushroom":20,"Frozen Egg 2":20}]},"card_choices":[{"not_picked":["Evaluate","Worship"],"picked":"ThirdEye","floor":1},{"not_picked":["Evaluate","Crescendo"],"picked":"Swivel","floor":5},{"not_picked":["EmptyBody","Prostrate"],"picked":"CutThroughFate","floor":7},{"not_picked":["BowlingBash","Collect"],"picked":"Nirvana","floor":8},{"not_picked":["SashWhip","WreathOfFlame"],"picked":"Establishment+1","floor":10}],"player_experience":1220176,"relics_obtained":[{"floor":3,"key":"Tiny Chest"},{"floor":7,"key":"Regal Pillow"},{"floor":8,"key":"Odd Mushroom"},{"floor":9,"key":"Frozen Egg 2"},{"floor":10,"key":"Dream Catcher"}],"event_choices":[{"damage_healed":0,"gold_gain":0,"player_choice":"Donut","damage_taken":0,"max_hp_gain":5,"max_hp_loss":0,"event_name":"Big Fish","floor":2,"gold_loss":0},{"damage_healed":0,"gold_gain":0,"player_choice":"Fought Mushrooms","damage_taken":0,"max_hp_gain":0,"max_hp_loss":0,"event_name":"Mushrooms","floor":8,"gold_loss":0},{"damage_healed":0,"gold_gain":0,"player_choice":"Lose Max HP","damage_taken":0,"relics_obtained":["Golden Idol"],"max_hp_gain":0,"max_hp_loss":6,"event_name":"Golden Idol","floor":11,"gold_loss":0}],"is_beta":false,"boss_relics":[],"items_purged_floors":[],"is_endless":false,"potions_floor_spawned":[5,8],"killed_by":"3 Sentries","ascension_level":11}}