{"host":"9t9d7hfl1boncmil","time":1611942715,"event":{"mods":["AchievementEnabler","BaseMod","Keyboard Shortcuts","Minty Spire (QoL Compilation)","SuperFastMode"],"gold_per_floor":[113,113,113,113,127,127,156,156,156,173,173,203,90,90,90,186,186,201,216,234,234,16,16,57,76,76,112,135,170,170,205,205,298,298,317,317,335,356,372,416,416,451,451,492,561,561,577,306,306,306,306,306,11,42,42],"floor_reached":56,"language":"KOR","playtime":1891,"items_purged":["Strike_R","Strike_R","Strike_R","Defend_R"],"score":2312,"play_id":"230a1a27-ae51-4fa4-8760-26130d03a240","local_time":"20210130025155","is_ascension_mode":true,"campfire_choices":[{"data":"Bash","floor":6.0,"key":"SMITH"},{"data":"Shrug It Off","floor":8.0,"key":"SMITH"},{"data":"Reckless Charge","floor":11.0,"key":"SMITH"},{"data":"Fire Breathing","floor":15,"key":"SMITH"},{"data":"Battle Trance","floor":23,"key":"SMITH"},{"data":"Fire Breathing","floor":32,"key":"SMITH"},{"data":"Evolve","floor":41,"key":"SMITH"},{"floor":49,"key":"RECALL"},{"data":"Barricade","floor":52,"key":"SMITH"}],"circlet_count":0,"master_deck":["AscendersBane","Defend_R","Bash+1","Reckless Charge+1","Shrug It Off+1","Wild Strike+1","Fire Breathing+1","Fiend Fire+1","Shrug It Off","Feel No Pain","Battle Trance+1","Fire Breathing+1","Exhume","Barricade+1","Evolve+1","Offering","Dark Embrace+1","Power Through+1","Body Slam+1","Fiend Fire+1"],"relics":["Burning Blood","NeowsBlessing","Molten Egg 2","Singing Bowl","Orichalcum","Golden Idol","Coffee Dripper","Blood Vial","Bird Faced Urn","Eternal Feather","Dead Branch","Bottled Flame","Mark of Pain","Du-Vu Doll","Ornamental Fan","FossilizedHelix","Omamori","Incense Burner","Orrery","Chemical X","Mummified Hand"],"acts_visited":["Exordium","TheCity","TheBeyond","TheEnding"],"potions_floor_usage":[16,19],"damage_taken":[{"damage":0.0,"enemies":"Jaw Worm","floor":1.0,"turns":1.0},{"damage":0.0,"enemies":"Small Slimes","floor":5.0,"turns":1.0},{"damage":0.0,"enemies":"3 Sentries","floor":7.0,"turns":2.0},{"damage":1.0,"enemies":"Cultist","floor":10.0,"turns":3.0},{"damage":26.0,"enemies":"Gremlin Nob","floor":12.0,"turns":4.0},{"damage":21,"enemies":"The Guardian","floor":16,"turns":9},{"damage":0,"enemies":"Spheric Guardian","floor":18,"turns":3},{"damage":13,"enemies":"3 Byrds","floor":19,"turns":4},{"damage":39,"enemies":"Shelled Parasite and Fungi","floor":20,"turns":5},{"damage":5,"enemies":"Gremlin Leader","floor":24,"turns":5},{"damage":1,"enemies":"3 Cultists","floor":25,"turns":4},{"damage":25,"enemies":"Slavers","floor":27,"turns":4},{"damage":1,"enemies":"Snecko","floor":28,"turns":4},{"damage":12,"enemies":"Gremlin Leader","floor":29,"turns":4},{"damage":21,"enemies":"Book of Stabbing","floor":31,"turns":3},{"damage":65,"enemies":"Automaton","floor":33,"turns":9},{"damage":15,"enemies":"3 Shapes","floor":35,"turns":3},{"damage":5,"enemies":"Orb Walker","floor":37,"turns":3},{"damage":25,"enemies":"Jaw Worm Horde","floor":38,"turns":3},{"damage":10,"enemies":"3 Darklings","floor":39,"turns":3},{"damage":12,"enemies":"Nemesis","floor":40,"turns":3},{"damage":12,"enemies":"Giant Head","floor":42,"turns":6},{"damage":0,"enemies":"Nemesis","floor":44,"turns":5},{"damage":6,"enemies":"2 Orb Walkers","floor":45,"turns":4},{"damage":9,"enemies":"Maw","floor":47,"turns":4},{"damage":20,"enemies":"Awakened One","floor":50,"turns":7},{"damage":0,"enemies":"Shield and Spear","floor":54,"turns":3},{"damage":41,"enemies":"The Heart","floor":55,"turns":5}],"seed_played":"-8408963508089877975","potions_obtained":[{"floor":7.0,"key":"Fire Potion"},{"floor":10.0,"key":"ColorlessPotion"},{"floor":18,"key":"SkillPotion"},{"floor":19,"key":"Fruit Juice"},{"floor":28,"key":"Explosive Potion"},{"floor":31,"key":"Energy Potion"},{"floor":35,"key":"Dexterity Potion"},{"floor":42,"key":"FearPotion"}],"is_trial":false,"path_per_floor":["M","?","?","?","M","R","E","R","T","M","R","E","$","?","R","B",null,"M","M","M","?","$","R","E","M","T","E","M","E","?","E","R","B",null,"M","?","M","M","M","E","R","E","T","E","?","?","M","$","R","B",null,"R","$","E","B",null],"character_chosen":"IRONCLAD","items_purchased":["Fire Breathing","Feel No Pain","Battle Trance","Orrery","Chemical X"],"campfire_rested":0,"item_purchase_floors":[13,22,22,48,53],"current_hp_per_floor":[74,74,74,74,75,75,75,75,75,77,77,59,59,32,32,17,64,72,72,39,39,39,39,42,51,51,40,53,55,55,54,63,16,78,81,81,94,87,95,100,106,108,108,108,108,108,110,114,114,100,111,114,114,116,93],"gold":42,"neow_bonus":"THREE_ENEMY_KILL","is_daily":false,"chose_seed":false,"campfire_upgraded":8,"win_rate":0.0,"timestamp":1611942715,"path_taken":["M","?","?","?","?","R","E","R","T","M","R","E","$","?","R","BOSS","M","M","M","?","$","R","E","M","T","E","M","E","?","E","R","BOSS","M","?","?","M","M","E","R","E","T","E","?","?","M","$","R","BOSS","R","$","E","BOSS"],"items_purchased_type":["Card","Card","Card","Relic","Relic"],"build_version":"2020-12-22","purchased_purges":4,"victory":true,"max_hp_per_floor":[75,75,75,75,75,75,75,75,75,77,77,79,79,79,79,79,79,81,88,88,88,88,88,90,92,92,94,96,98,98,98,98,98,98,98,98,100,102,104,106,106,108,108,108,108,108,110,114,114,114,114,114,114,116,116],"card_choices":[{"not_picked":["True Grit","Warcry"],"picked":"Reckless Charge","floor":1.0},{"not_picked":["Anger","Body Slam"],"picked":"Shrug It Off","floor":5.0},{"not_picked":["Flame Barrier","Clothesline+1"],"picked":"Wild Strike+1","floor":7.0},{"not_picked":["Bloodletting","Flex","Clash+1"],"picked":"Singing Bowl","floor":10.0},{"not_picked":["Uppercut+1","Flame Barrier","Perfected Strike+1"],"picked":"Singing Bowl","floor":12.0},{"not_picked":["Impervious","Brutality"],"picked":"Fiend Fire+1","floor":16},{"not_picked":["Perfected Strike+1","Sword Boomerang+1","Headbutt+1"],"picked":"Singing Bowl","floor":18},{"not_picked":["Thunderclap+1","Armaments","Warcry"],"picked":"Singing Bowl","floor":19},{"not_picked":["Rupture+1","Brutality"],"picked":"Shrug It Off","floor":20},{"not_picked":["Heavy Blade+1","Dual Wield+1","Blood for Blood+1"],"picked":"Singing Bowl","floor":24},{"not_picked":["Intimidate","Pummel+1","Uppercut+1"],"picked":"Singing Bowl","floor":25},{"not_picked":["Flex","Sword Boomerang+1","Clash+1"],"picked":"Singing Bowl","floor":27},{"not_picked":["Iron Wave+1","Headbutt+1","Rupture+1"],"picked":"Singing Bowl","floor":28},{"not_picked":["Pommel Strike+1","Clash+1","Battle Trance"],"picked":"Singing Bowl","floor":29},{"not_picked":["Whirlwind+1","True Grit"],"picked":"Exhume","floor":31},{"not_picked":["Double Tap","Exhume"],"picked":"Barricade","floor":33},{"not_picked":["Wild Strike+1","Cleave+1"],"picked":"Evolve","floor":35},{"not_picked":["Shrug It Off","Pummel+1","Headbutt+1"],"picked":"Singing Bowl","floor":37},{"not_picked":["Wild Strike+1","Metallicize","Clash+1"],"picked":"Singing Bowl","floor":38},{"not_picked":["Uppercut+1","Anger+1","Clash+1"],"picked":"Singing Bowl","floor":39},{"not_picked":["True Grit","Intimidate+1","Spot Weakness"],"picked":"Singing Bowl","floor":40},{"not_picked":["Dual Wield","Rage+1","Seeing Red"],"picked":"Singing Bowl","floor":42},{"not_picked":["Fire Breathing","Perfected Strike+1"],"picked":"Offering","floor":44},{"not_picked":["Shrug It Off","Flame Barrier+1"],"picked":"Dark Embrace+1","floor":45},{"not_picked":["Intimidate","True Grit","Feel No Pain"],"picked":"Singing Bowl","floor":47},{"not_picked":["Bludgeon+1","Bloodletting"],"picked":"Power Through+1","floor":48},{"not_picked":["Combust","Feed+1","Sword Boomerang+1"],"picked":"Singing Bowl","floor":48},{"not_picked":["Flex","Spot Weakness"],"picked":"Body Slam+1","floor":48},{"not_picked":["Clash+1","Rage","Perfected Strike+1"],"picked":"Singing Bowl","floor":48},{"not_picked":["Pommel Strike+1","Wild Strike+1"],"picked":"Fiend Fire+1","floor":48},{"not_picked":["Armaments+1","Berserk","Rampage+1"],"picked":"Singing Bowl","floor":54}],"player_experience":647509,"relics_obtained":[{"floor":7.0,"key":"Molten Egg 2"},{"floor":9.0,"key":"Singing Bowl"},{"floor":12.0,"key":"Orichalcum"},{"floor":24,"key":"Blood Vial"},{"floor":26,"key":"Bird Faced Urn"},{"floor":27,"key":"Eternal Feather"},{"floor":29,"key":"Dead Branch"},{"floor":31,"key":"Bottled Flame"},{"floor":40,"key":"Ornamental Fan"},{"floor":42,"key":"FossilizedHelix"},{"floor":44,"key":"Omamori"},{"floor":45,"key":"Incense Burner"},{"floor":54,"key":"Mummified Hand"}],"event_choices":[{"cards_removed":["Strike_R"],"damage_healed":0.0,"max_hp_gain":0.0,"max_hp_loss":0.0,"gold_gain":0.0,"event_name":"Living Wall","player_choice":"Forget","floor":2.0,"gold_loss":0.0,"damage_taken":0.0},{"damage_healed":0.0,"max_hp_gain":0.0,"max_hp_loss":0.0,"gold_gain":0.0,"event_name":"Liars Game","player_choice":"Ignored","floor":3.0,"gold_loss":0.0,"damage_taken":0.0},{"cards_removed":["Defend_R"],"damage_healed":0.0,"max_hp_gain":0.0,"max_hp_loss":0.0,"gold_gain":0.0,"event_name":"Bonfire Elementals","player_choice":"Offered Basic","floor":4.0,"gold_loss":0.0,"damage_taken":0.0},{"damage_healed":0,"gold_gain":0,"player_choice":"Take Damage","damage_taken":27,"relics_obtained":["Golden Idol"],"max_hp_gain":0,"max_hp_loss":0,"event_name":"Golden Idol","floor":14,"gold_loss":0},{"cards_removed":["Defend_R"],"damage_healed":0,"gold_gain":0,"player_choice":"Elegance","damage_taken":0,"max_hp_gain":0,"max_hp_loss":0,"event_name":"Back to Basics","floor":21,"gold_loss":0},{"damage_healed":0,"gold_gain":0,"player_choice":"Read","damage_taken":0,"max_hp_gain":0,"max_hp_loss":0,"event_name":"The Library","floor":30,"gold_loss":0,"cards_obtained":["Fire Breathing"]},{"damage_healed":0,"gold_gain":0,"player_choice":"Gave Potion","damage_taken":0,"relics_obtained":["Du-Vu Doll"],"max_hp_gain":0,"max_hp_loss":0,"event_name":"WeMeetAgain","floor":36,"gold_loss":0},{"damage_healed":0,"gold_gain":0,"player_choice":"Fight","damage_taken":0,"max_hp_gain":0,"max_hp_loss":0,"event_name":"Mysterious Sphere","floor":45,"gold_loss":0},{"cards_removed":["Strike_R"],"damage_healed":0,"gold_gain":0,"player_choice":"Removed Attack","damage_taken":0,"max_hp_gain":0,"max_hp_loss":0,"event_name":"Falling","floor":46,"gold_loss":0}],"is_beta":false,"boss_relics":[{"not_picked":["SacredBark","Runic Dome"],"picked":"Coffee Dripper"},{"not_picked":["SlaversCollar","Snecko Eye"],"picked":"Mark of Pain"}],"items_purged_floors":[13,22,48,53],"is_endless":false,"potions_floor_spawned":[7,10,18,19,28,31,35,42,44,47,54],"ascension_level":15}}