{"host":"4amcrcg6ktw8dbzk","time":1611924961,"event":{"mods":["ATMod(°¢èªMod)","BaseMod","Dota2Spire","Minty Spire (QoL Compilation)","MostiFishMod","Spicy Shops","StSLib","Waifu the Spire","¡¾ÒÅÎï¿¨ÅÆ¡¿REMEMod"],"gold_per_floor":[111,124,124,104,120,120,140,173,173,98,711,711,739,322,322,400,400,414,424,424,434,460,495,508,423,423,455,125,125,141,141,141,212,212,225,275,291,10,45,101,101,144,167,254,895,895,950,1028,1028,1058,1058,1058,1058,504,566,566],"floor_reached":57,"language":"ZHS","playtime":3565,"items_purged":["Defend_P","Strike_P","Strike_P"],"score":3255,"play_id":"ff697c2d-97ea-444e-9b93-c48f17e6c25f","local_time":"20210129205601","is_ascension_mode":true,"campfire_choices":[{"data":"AT_FamilyPortrait","floor":6.0,"key":"SMITH"},{"data":"Prostrate","floor":12.0,"key":"SMITH"},{"data":"Eruption","floor":15.0,"key":"SMITH"},{"data":"MostiFishMod:FlowState","floor":29.0,"key":"SMITH"},{"data":"Pray","floor":32.0,"key":"SMITH"},{"data":"Wish","floor":41.0,"key":"SMITH"},{"floor":49,"key":"RECALL"},{"data":"EmptyBody","floor":53,"key":"SMITH"}],"circlet_count":0,"master_deck":["AscendersBane","Strike_P","Defend_P","Defend_P","Defend_P","Eruption+1","Vigilance","Vault","AT_FamilyPortrait+1","MostiFishMod:LegendTransform","EmptyBody+1","MostiFishMod:FlowState+1","Pray+1","FlurryOfBlows","Prostrate+1","Conclude","MostiFishMod:StarWish","SandsOfTime","Vault","Adaptation","MostiFishMod:Speedup+1","Scrawl","MostiFishMod:Unraveling","Wish+1","MostiFishMod:PathToVictory+1","Fasting2+1","MostiFishMod:PathToVictory","Thinking Ahead","InnerPeace"],"relics":["PureWater","DaveBox","REME_ComplimentaryCards","AT_ATBox","DianPoetry","SynthV:TestCard","Dota2Spire:PowerTreads","Incense Burner","Prayer Wheel","AT_TrinityForce","Kunai","REME_HandOfSuture","Dota2Spire:MonkeyKingBar","Mercury Hourglass","AT_BladeRuinedKing","Dota2Spire:BladeMail","Anchor","Potion Belt","Nilry\u0027s Codex","Busted Crown","ArrowTower","AT_BellowingDragoncrestRing","BionicSphere","Regal Pillow","AT_ArchangelStaff","Dota2Spire:LotusOrb","Dota2Spire:Satanic","OrangePellets","AT_ForceNature","Dota2Spire:ShadowBlade"],"acts_visited":["Exordium","TheCity","TheBeyond","TheEnding"],"potions_floor_usage":[56],"damage_taken":[{"damage":0.0,"enemies":"2 Louse","floor":1.0,"turns":2.0},{"damage":2.0,"enemies":"Jaw Worm","floor":2.0,"turns":3.0},{"damage":0.0,"enemies":"Cultist","floor":5.0,"turns":4.0},{"damage":8.0,"enemies":"2 Fungi Beasts","floor":7.0,"turns":4.0},{"damage":9.0,"enemies":"Lagavulin","floor":8.0,"turns":5.0},{"damage":6.0,"enemies":"Exordium Thugs","floor":11.0,"turns":3.0},{"damage":6.0,"enemies":"3 Sentries","floor":13.0,"turns":4.0},{"damage":17.0,"enemies":"Hexaghost","floor":16.0,"turns":5.0},{"damage":0.0,"enemies":"2 Thieves","floor":18.0,"turns":3.0},{"damage":10.0,"enemies":"Shell Parasite","floor":19.0,"turns":3.0},{"damage":0.0,"enemies":"Snecko","floor":21.0,"turns":3.0},{"damage":15.0,"enemies":"Book of Stabbing","floor":23.0,"turns":6.0},{"damage":0.0,"enemies":"Cultist and Chosen","floor":24.0,"turns":4.0},{"damage":0.0,"enemies":"Gremlin Leader","floor":27.0,"turns":3.0},{"damage":0.0,"enemies":"Centurion and Healer","floor":30.0,"turns":3.0},{"damage":21.0,"enemies":"Champ","floor":33.0,"turns":4.0},{"damage":0.0,"enemies":"Orb Walker","floor":35.0,"turns":2.0},{"damage":0.0,"enemies":"Mind Bloom Boss Battle","floor":36.0,"turns":2.0},{"damage":6.0,"enemies":"3 Shapes","floor":37.0,"turns":2.0},{"damage":1.0,"enemies":"3 Darklings","floor":39.0,"turns":3.0},{"damage":0.0,"enemies":"Nemesis","floor":40.0,"turns":5.0},{"damage":0.0,"enemies":"Jaw Worm Horde","floor":42.0,"turns":4.0},{"damage":0.0,"enemies":"Reptomancer","floor":44.0,"turns":4.0},{"damage":0.0,"enemies":"Writhing Mass","floor":45.0,"turns":3.0},{"damage":35,"enemies":"Nemesis","floor":47,"turns":3},{"damage":34,"enemies":"2 Orb Walkers","floor":48,"turns":2},{"damage":0,"enemies":"Awakened One","floor":50,"turns":5},{"damage":0,"enemies":"Time Eater","floor":51,"turns":2},{"damage":0,"enemies":"Shield and Spear","floor":55,"turns":4},{"damage":6,"enemies":"The Heart","floor":56,"turns":7}],"seed_played":"-2783293439002829664","potions_obtained":[{"floor":1.0,"key":"EssenceOfSteel"},{"floor":4.0,"key":"FearPotion"},{"floor":16.0,"key":"DistilledChaos"},{"floor":21.0,"key":"Block Potion"},{"floor":30.0,"key":"REME_GoldPotion"},{"floor":33.0,"key":"FearPotion"},{"floor":37.0,"key":"AttackPotion"},{"floor":39.0,"key":"Energy Potion"},{"floor":42.0,"key":"Energy Potion"}],"is_trial":false,"path_per_floor":["M","M","?","?","M","R","M","E","T","$","M","R","E","$","R","B",null,"M","M","?","M","T","E","M","?","T","E","$","R","M","?","R","B",null,"M","?","M","$","M","E","R","M","T","E","M","?","E","?","R","B","B",null,"R","$","E","B",null],"character_chosen":"WATCHER","items_purchased":["Prayer Wheel","Anchor","Potion Belt","AT_BellowingDragoncrestRing","OrangePellets","AT_ForceNature"],"campfire_rested":0,"item_purchase_floors":[14,28,28,38,54,54],"current_hp_per_floor":[67,65,65,65,65,65,57,48,48,48,42,42,36,36,36,23,61,61,51,51,51,51,59,59,59,59,59,59,59,59,38,38,74,74,74,74,68,68,67,67,67,67,67,67,67,67,40,6,6,6,6,57,57,57,57,51],"gold":566,"neow_bonus":"TEN_PERCENT_HP_BONUS","is_daily":false,"chose_seed":false,"campfire_upgraded":7,"win_rate":0.0,"timestamp":1611924961,"path_taken":["M","M","?","?","?","R","M","E","T","$","M","R","E","$","R","BOSS","M","M","?","?","?","E","M","?","T","E","$","R","M","?","R","BOSS","M","?","M","$","M","E","R","M","T","E","M","?","E","?","R","BOSS","BOSS","R","$","E","BOSS"],"items_purchased_type":["Relic","Relic","Relic","Relic","Relic","Relic"],"build_version":"2020-12-22","purchased_purges":3,"victory":true,"max_hp_per_floor":[74,74,74,74,74,74,74,74,74,74,74,74,74,74,74,74,74,74,74,74,74,74,74,74,74,74,74,74,74,74,74,74,74,74,74,74,74,74,74,74,74,74,74,74,74,74,74,74,74,74,74,74,74,74,74,74],"card_choices":[{"not_picked":["CrushJoints","MostiFishMod:Speedup"],"picked":"MostiFishMod:LegendTransform","floor":1.0},{"not_picked":["EmptyFist","REME_Repentance","Indignation","FlyingSleeves"],"picked":"EmptyBody","floor":2.0},{"not_picked":["Evaluate","ClearTheMind","JustLucky","Blasphemy","REME_MusicOfDeath"],"picked":"Pray","floor":5.0},{"not_picked":["ThirdEye","EmptyBody","Nirvana","REME_Repentance"],"picked":"FlurryOfBlows","floor":7.0},{"not_picked":["FlurryOfBlows","WreathOfFlame","EmptyFist","MostiFishMod:Clarity","AT_SoftenMuscles"],"picked":"SKIP","floor":8.0},{"not_picked":["Consecrate","Collect","FlyingSleeves","Weave"],"picked":"Prostrate","floor":11.0},{"not_picked":["ThirdEye","MostiFishMod:StarHerder","Prostrate","Protect"],"picked":"Conclude","floor":13.0},{"not_picked":["MostiFishMod:OutWit","Judgement","MostiFishMod:Minus","AT_MachinaRedman"],"picked":"MostiFishMod:StarWish","floor":16.0},{"not_picked":["REME_Repentance","Crescendo","PathToVictory","Halt"],"picked":"SandsOfTime","floor":18.0},{"not_picked":["WaveOfTheHand","EmptyBody","Consecrate","REME_Repentance","ThirdEye"],"picked":"SKIP","floor":18.0},{"not_picked":["REME_Repentance","Wireheading","Protect+1","WreathOfFlame"],"picked":"Vault","floor":19.0},{"not_picked":["ClearTheMind","PathToVictory","EmptyBody","BowlingBash","FollowUp"],"picked":"SKIP","floor":19.0},{"not_picked":["CutThroughFate","Evaluate","Collect","ThirdEye","Worship"],"picked":"SKIP","floor":21.0},{"not_picked":["AT_SoftenMuscles","Halt","SashWhip","AT_DivineConfetti+1","REME_MusicOfDeath"],"picked":"SKIP","floor":21.0},{"not_picked":["REME_Repentance","Evaluate","ClearTheMind","BattleHymn"],"picked":"Adaptation","floor":23.0},{"not_picked":["PathToVictory","CrushJoints","FollowUp","Evaluate"],"picked":"MostiFishMod:Speedup+1","floor":24.0},{"not_picked":["FollowUp","SashWhip+1","REME_Repentance","JustLucky+1"],"picked":"Scrawl","floor":24.0},{"not_picked":["Halt","CarveReality","FlurryOfBlows","DeceiveReality","Weave"],"picked":"SKIP","floor":27.0},{"not_picked":["FlurryOfBlows+1","MostiFishMod:LegendTransform","Vengeance","Meditate"],"picked":"MostiFishMod:Unraveling","floor":30.0},{"not_picked":["PathToVictory+1","Crescendo","EmptyBody","ThirdEye+1","FlurryOfBlows"],"picked":"SKIP","floor":30.0},{"not_picked":["REME_EmptyShield","ConjureBlade","LessonLearned","MostiFishMod:StarLaLaLa"],"picked":"Wish","floor":33.0},{"not_picked":["Prostrate+1","Worship","EmptyBody"],"picked":"SKIP","floor":35.0},{"not_picked":["Conclude","EmptyBody","Protect"],"picked":"SKIP","floor":35.0},{"not_picked":["WheelKick","Consecrate+1"],"picked":"MostiFishMod:PathToVictory+1","floor":37.0},{"not_picked":["Vengeance","CrushJoints"],"picked":"Fasting2+1","floor":37.0},{"not_picked":["LikeWater","EmptyBody","MostiFishMod:ScryFuture","REME_Repentance","Crescendo"],"picked":"SKIP","floor":39.0},{"not_picked":["Evaluate","JustLucky","ThirdEye+1","EmptyFist","FlyingSleeves"],"picked":"SKIP","floor":39.0},{"not_picked":["EmptyFist","Worship","Study+1"],"picked":"SKIP","floor":40.0},{"not_picked":["ReachHeaven","SignatureMove","FlurryOfBlows"],"picked":"SKIP","floor":42.0},{"not_picked":["Study","REME_Repentance","SpiritShield"],"picked":"SKIP","floor":42.0},{"not_picked":["CutThroughFate+1","MostiFishMod:Dust","CarveReality"],"picked":"SKIP","floor":44.0},{"not_picked":["Crescendo","MostiFishMod:FlowState"],"picked":"MostiFishMod:PathToVictory","floor":45.0},{"not_picked":["SashWhip","Crescendo","PathToVictory"],"picked":"SKIP","floor":45.0},{"not_picked":["Impatience","PanicButton"],"picked":"Thinking Ahead","floor":46.0},{"not_picked":["Crescendo","FlurryOfBlows","Perseverance"],"picked":"SKIP","floor":47},{"not_picked":["Worship","SignatureMove"],"picked":"InnerPeace","floor":55}],"player_experience":394142,"relics_obtained":[{"floor":1.0,"key":"SynthV:TestCard"},{"floor":8.0,"key":"Dota2Spire:PowerTreads"},{"floor":13.0,"key":"Incense Burner"},{"floor":22.0,"key":"REME_HandOfSuture"},{"floor":23.0,"key":"Dota2Spire:MonkeyKingBar"},{"floor":26.0,"key":"AT_BladeRuinedKing"},{"floor":27.0,"key":"Dota2Spire:BladeMail"},{"floor":31.0,"key":"Nilry\u0027s Codex"},{"floor":36.0,"key":"ArrowTower"},{"floor":40.0,"key":"BionicSphere"},{"floor":43.0,"key":"Regal Pillow"},{"floor":44.0,"key":"AT_ArchangelStaff"},{"floor":47,"key":"Dota2Spire:LotusOrb"},{"floor":48,"key":"Dota2Spire:Satanic"},{"floor":55,"key":"Dota2Spire:ShadowBlade"}],"event_choices":[{"damage_healed":0.0,"max_hp_gain":0.0,"max_hp_loss":0.0,"gold_gain":0.0,"cards_transformed":["Strike_P"],"event_name":"Living Wall","player_choice":"Change","floor":3.0,"gold_loss":0.0,"damage_taken":0.0,"cards_obtained":["MostiFishMod:FlowState"]},{"damage_healed":0.0,"max_hp_gain":0.0,"max_hp_loss":0.0,"gold_gain":0.0,"event_name":"The Woman in Blue","player_choice":"Bought 1 Potion","floor":4.0,"gold_loss":0.0,"damage_taken":0.0},{"damage_healed":0.0,"max_hp_gain":0.0,"max_hp_loss":0.0,"gold_gain":0.0,"event_name":"WeMeetAgain","player_choice":"Gave Potion","floor":20.0,"gold_loss":0.0,"damage_taken":0.0,"relics_obtained":["Kunai"]},{"damage_healed":0.0,"max_hp_gain":0.0,"max_hp_loss":0.0,"gold_gain":0.0,"event_name":"Addict","player_choice":"Obtained Relic","floor":25.0,"gold_loss":85.0,"damage_taken":0.0,"relics_obtained":["Mercury Hourglass"]},{"damage_healed":0.0,"max_hp_gain":0.0,"max_hp_loss":0.0,"gold_gain":0.0,"event_name":"Cursed Tome","player_choice":"Obtained Book","floor":31.0,"gold_loss":0.0,"damage_taken":21.0},{"damage_healed":0.0,"max_hp_gain":0.0,"max_hp_loss":0.0,"gold_gain":0.0,"event_name":"MindBloom","player_choice":"Fight","floor":36.0,"gold_loss":0.0,"damage_taken":0.0},{"damage_healed":0.0,"max_hp_gain":0.0,"max_hp_loss":0.0,"gold_gain":0.0,"event_name":"SensoryStone","player_choice":"Memory 1","floor":46.0,"gold_loss":0.0,"damage_taken":0.0},{"damage_healed":0,"gold_gain":0,"player_choice":"Fight","damage_taken":0,"max_hp_gain":0,"max_hp_loss":0,"event_name":"Mysterious Sphere","floor":48,"gold_loss":0}],"is_beta":false,"boss_relics":[{"not_picked":["SlaversCollar","Tiny House"],"picked":"AT_TrinityForce"},{"not_picked":["Calling Bell","Snecko Eye"],"picked":"Busted Crown"}],"items_purged_floors":[10,14,54],"is_endless":false,"potions_floor_spawned":[1,11,16,18,21,30,33,36,37,39,42,48],"ascension_level":20}}