{"host":"inrqn0jglgjaorlx","time":1611936786,"event":{"mods":["100% Spire Juice","2.2 Compatiblity","AchievementEnabler","Act Like it!","BaseMod","Minty Spire (QoL Compilation)","StSLib"],"gold_per_floor":[117,7,7,7,26,66,66,105,159,83,99,99,24,60,60,191,71,89,107,122,122,145,145,180,180,227,262,262,298,298,341,341,462,462,486,386,409,430,451,451,491,491,491,525,550,550,563,347,347,347,347],"floor_reached":50,"language":"ENG","playtime":3626,"items_purged":["Moonworks:Strike","Writhe"],"score":889,"play_id":"621b145e-a4bd-425c-bbbe-a58c9b1eaf45","local_time":"20210129161306","is_ascension_mode":true,"campfire_choices":[{"data":"Moonworks:RedAndBlue","floor":7,"key":"SMITH"},{"data":"Moonworks:Accelerator","floor":12,"key":"SMITH"},{"data":"Moonworks:EvilSpyWorkPreparation","floor":15,"key":"SMITH"},{"data":"Moonworks:OutOfAmmo","floor":23,"key":"SMITH"},{"data":"Moonworks:WindyEnchantment","floor":25,"key":"SMITH"},{"data":"Moonworks:EvilSpyWorkPreparation","floor":32,"key":"SMITH"},{"data":"Moonworks:EvilSpyWorkPreparation","floor":40,"key":"SMITH"},{"data":"Moonworks:AngelHand","floor":42,"key":"SMITH"},{"floor":49,"key":"REST"}],"circlet_count":0,"master_deck":["Moonworks:Defend","Moonworks:Defend","Moonworks:Defend","Moonworks:Ambush+1","Moonworks:LongDistanceShot+1","Moonworks:RedAndBlue+1","Moonworks:EvilSpyWorkPreparation+1","Moonworks:NicePresent","Moonworks:Dash","Moonworks:Accelerator+1","Moonworks:OutOfAmmo+1","Moonworks:GoAway","Moonworks:AngelHand+1","Moonworks:WindyEnchantment+1","Moonworks:EvilSpyWorkPreparation+1","Moonworks:EvilSpyWorkPreparation+1","Moonworks:ReflectiveShell","Moonworks:StiffCrystal+1","Moonworks:NicePresent","Moonworks:NicePresent+1","Moonworks:ShieldCounter","Moonworks:NicePresent","Moonworks:LulusLuckyEgg+1","Moonworks:Poppoformation+1","Moonworks:Flamethrower+1"],"relics":["Moonworks:BrokenBomb","Moonworks:Homemark","Golden Idol","Singing Bowl","Orichalcum","Boot","Nunchaku","Odd Mushroom","Empty Cage","Prayer Wheel","Akabeko","Meat on the Bone","White Beast Statue","Blue Candle","Matryoshka","SlaversCollar","Thread and Needle","Whetstone","Toxic Egg 2","Bottled Lightning"],"acts_visited":["Exordium","TheCity","TheBeyond"],"potions_floor_usage":[8,16,22,24,24,29,29,37,50,50,50],"damage_taken":[{"damage":1,"enemies":"Jaw Worm","floor":1,"turns":4},{"damage":0,"enemies":"Cultist","floor":2,"turns":3},{"damage":0,"enemies":"Small Slimes","floor":5,"turns":3},{"damage":8,"enemies":"3 Sentries","floor":6,"turns":5},{"damage":0,"enemies":"Gremlin Nob","floor":8,"turns":4},{"damage":0,"enemies":"3 Sentries","floor":10,"turns":3},{"damage":0,"enemies":"2 Fungi Beasts","floor":11,"turns":3},{"damage":0,"enemies":"The Mushroom Lair","floor":14,"turns":2},{"damage":0,"enemies":"Hexaghost","floor":16,"turns":6},{"damage":0,"enemies":"Chosen","floor":18,"turns":3},{"damage":0,"enemies":"3 Byrds","floor":19,"turns":3},{"damage":0,"enemies":"Sentry and Sphere","floor":20,"turns":2},{"damage":0,"enemies":"3 Cultists","floor":22,"turns":2},{"damage":4,"enemies":"Gremlin Leader","floor":24,"turns":4},{"damage":6,"enemies":"Book of Stabbing","floor":27,"turns":4},{"damage":0,"enemies":"Slavers","floor":29,"turns":2},{"damage":14,"enemies":"Book of Stabbing","floor":31,"turns":5},{"damage":9,"enemies":"Automaton","floor":33,"turns":4},{"damage":34,"enemies":"3 Shapes","floor":35,"turns":3},{"damage":8,"enemies":"3 Darklings","floor":37,"turns":4},{"damage":0,"enemies":"Transient","floor":38,"turns":5},{"damage":14,"enemies":"Jaw Worm Horde","floor":39,"turns":2},{"damage":0,"enemies":"Reptomancer","floor":41,"turns":5},{"damage":4,"enemies":"Nemesis","floor":44,"turns":3},{"damage":0,"enemies":"Maw","floor":45,"turns":5},{"damage":0,"enemies":"3 Darklings","floor":47,"turns":2},{"damage":0,"enemies":"Jaw Worm Horde","floor":48,"turns":3},{"damage":84,"enemies":"Time Eater","floor":50,"turns":8}],"seed_played":"3986084042975068833","potions_obtained":[{"floor":2,"key":"Weak Potion"},{"floor":6,"key":"Energy Potion"},{"floor":11,"key":"EssenceOfSteel"},{"floor":16,"key":"BlessingOfTheForge"},{"floor":20,"key":"Swift Potion"},{"floor":24,"key":"AttackPotion"},{"floor":27,"key":"SkillPotion"},{"floor":29,"key":"Weak Potion"},{"floor":31,"key":"LiquidBronze"},{"floor":33,"key":"PowerPotion"},{"floor":35,"key":"LiquidBronze"},{"floor":37,"key":"FearPotion"}],"is_trial":false,"path_per_floor":["M","M","?","?","M","E","R","E","T","E","M","R","$","?","R","B",null,"M","M","M","?","M","R","E","R","T","E","?","E","?","E","R","B",null,"M","$","M","M","M","R","E","R","T","E","M","?","M","M","R","B"],"character_chosen":"THE_STARBREAKER","items_purchased":[],"campfire_rested":1,"item_purchase_floors":[],"current_hp_per_floor":[65,65,61,61,61,55,55,57,57,57,57,57,57,59,59,59,67,69,69,71,71,71,71,67,67,67,61,61,61,61,49,49,40,73,41,41,47,49,49,49,49,49,49,47,49,49,51,53,79,0,0],"gold":347,"neow_bonus":"TEN_PERCENT_HP_BONUS","is_daily":false,"chose_seed":false,"campfire_upgraded":8,"win_rate":0.0,"timestamp":1611936786,"path_taken":["M","M","?","?","?","E","R","E","T","E","M","R","$","?","R","BOSS","M","M","M","?","M","R","E","R","T","E","?","E","?","E","R","BOSS","M","$","M","M","M","R","E","R","T","E","M","?","M","?","R","BOSS"],"items_purchased_type":[],"build_version":"2020-12-22","purchased_purges":2,"victory":false,"max_hp_per_floor":[66,66,61,61,61,63,63,65,65,65,65,65,65,67,67,67,67,69,69,71,71,71,71,71,71,71,71,71,71,71,73,73,73,73,75,75,77,79,81,81,81,81,81,83,85,85,87,89,89,89,89],"card_choices":[{"not_picked":["Moonworks:DeployBits","Moonworks:ImOnFire"],"picked":"Moonworks:RedAndBlue","floor":1},{"not_picked":["Moonworks:LulusLuckyEgg","Moonworks:Assault"],"picked":"Moonworks:EvilSpyWorkPreparation","floor":2},{"not_picked":["Moonworks:CookingTime","Moonworks:SakisCookie"],"picked":"Moonworks:NicePresent","floor":5},{"not_picked":["Moonworks:EvilSpyWorkPreparation","Moonworks:DeployBits","Moonworks:SakisCookie"],"picked":"Singing Bowl","floor":6},{"not_picked":["Moonworks:ExtendedPhotonRifle","Moonworks:Assault","Moonworks:IndiscriminateFireSupport"],"picked":"Singing Bowl","floor":8},{"not_picked":["Moonworks:ImOnFire","Moonworks:BindingChains"],"picked":"Moonworks:Dash","floor":10},{"not_picked":["Moonworks:BackdoorTrade","Moonworks:CloudOfSeagulls"],"picked":"Moonworks:Accelerator","floor":11},{"not_picked":["Moonworks:Bloodlust","Moonworks:LulusLuckyEgg","Moonworks:SakisCookie"],"picked":"Singing Bowl","floor":14},{"not_picked":["Moonworks:Accelerator","Moonworks:FinalBattle"],"picked":"Moonworks:OutOfAmmo","floor":16},{"not_picked":["Moonworks:BigMagnum+1","Moonworks:ImOnFire+1","Moonworks:DeployBits+1"],"picked":"Singing Bowl","floor":18},{"not_picked":["Moonworks:JonathanRush","Moonworks:SakisCookie"],"picked":"Moonworks:GoAway","floor":19},{"not_picked":["Moonworks:IndiscriminateFireSupport","Moonworks:LulusLuckyEgg+1","Moonworks:JonathanRush"],"picked":"Singing Bowl","floor":20},{"not_picked":["Moonworks:BigMagnum+1","Moonworks:IndiscriminateFireSupport+1"],"picked":"Moonworks:AngelHand","floor":22},{"not_picked":["Moonworks:ReflectiveShell","Moonworks:Assault"],"picked":"Moonworks:WindyEnchantment","floor":24},{"not_picked":["Moonworks:BigMagnum+1","Moonworks:BindingChains"],"picked":"Moonworks:EvilSpyWorkPreparation","floor":27},{"not_picked":["Moonworks:CloudOfSeagulls+1","Moonworks:BigBangBell"],"picked":"Moonworks:EvilSpyWorkPreparation","floor":29},{"not_picked":["Moonworks:FinalSurgery+1","Moonworks:JonathanRush","Moonworks:Assault"],"picked":"Singing Bowl","floor":31},{"not_picked":["Moonworks:EvilMastermind","Moonworks:RocketCannon"],"picked":"Moonworks:ReflectiveShell","floor":33},{"not_picked":["Moonworks:MixPhenomenon+1","Moonworks:LuckyCharm","Moonworks:JonathanRush+1"],"picked":"Singing Bowl","floor":35},{"not_picked":["Moonworks:Poppoformation","Moonworks:Assault+1"],"picked":"Moonworks:StiffCrystal+1","floor":35},{"not_picked":["Moonworks:TreasureThief","Moonworks:LulusLuckyEgg+1"],"picked":"Moonworks:NicePresent","floor":37},{"not_picked":["Moonworks:EvilSpyWorkPreparation+1","Moonworks:SakisCookie+1","Moonworks:JonathanRush+1"],"picked":"Singing Bowl","floor":37},{"not_picked":["Moonworks:JonathanRush","Moonworks:EvilSpyWorkPreparation+1"],"picked":"Moonworks:NicePresent+1","floor":38},{"not_picked":["Moonworks:SweetBattle","Moonworks:BeyondHell+1","Moonworks:ReproductionOfRecords+1"],"picked":"Singing Bowl","floor":38},{"not_picked":["Moonworks:DevilHand+1","Moonworks:ForcedRevival","Moonworks:BindingChains"],"picked":"Singing Bowl","floor":39},{"not_picked":["Moonworks:IntelligenceOfficer","Moonworks:WindyEnchantment"],"picked":"Moonworks:ShieldCounter","floor":39},{"not_picked":["Moonworks:SakisCookie+1","Moonworks:CloudOfSeagulls"],"picked":"Moonworks:NicePresent","floor":41},{"not_picked":["Moonworks:Dinner+1","Moonworks:BigMagnum+1","Moonworks:CastOff+1"],"picked":"Singing Bowl","floor":44},{"not_picked":["Moonworks:Assault","Moonworks:UnluckyCharm+1","Moonworks:IndiscriminateFireSupport+1"],"picked":"Singing Bowl","floor":45},{"not_picked":["Moonworks:CloudOfSeagulls+1","Moonworks:JonathanRush+1"],"picked":"Moonworks:LulusLuckyEgg+1","floor":45},{"not_picked":["Moonworks:IndiscriminateFireSupport","Moonworks:EvilSpyWorkPreparation+1","Moonworks:MiracleWalker+1"],"picked":"Singing Bowl","floor":47},{"not_picked":["Moonworks:ReflectiveShell","Moonworks:IndiscriminateFireSupport+1"],"picked":"Moonworks:Poppoformation+1","floor":47},{"not_picked":["Moonworks:BackdoorTrade+1","Moonworks:Dinner+1"],"picked":"Moonworks:Flamethrower+1","floor":48},{"not_picked":["Moonworks:SakisCookie+1","Moonworks:SweetBattle+1","Moonworks:IndiscriminateFireSupport+1"],"picked":"Singing Bowl","floor":48}],"player_experience":122016,"relics_obtained":[{"floor":6,"key":"Singing Bowl"},{"floor":8,"key":"Orichalcum"},{"floor":9,"key":"Boot"},{"floor":10,"key":"Nunchaku"},{"floor":14,"key":"Odd Mushroom"},{"floor":24,"key":"Prayer Wheel"},{"floor":26,"key":"Akabeko"},{"floor":27,"key":"Meat on the Bone"},{"floor":29,"key":"Blue Candle"},{"floor":31,"key":"Matryoshka"},{"floor":41,"key":"Thread and Needle"},{"floor":43,"key":"Whetstone"},{"floor":43,"key":"Toxic Egg 2"},{"floor":44,"key":"Bottled Lightning"}],"event_choices":[{"damage_healed":0,"gold_gain":0,"player_choice":"Lose Max HP","damage_taken":0,"relics_obtained":["Golden Idol"],"max_hp_gain":0,"max_hp_loss":5,"event_name":"Golden Idol","floor":3,"gold_loss":0},{"cards_removed":["Moonworks:Strike"],"damage_healed":0,"gold_gain":0,"player_choice":"Offered Basic","damage_taken":0,"max_hp_gain":0,"max_hp_loss":0,"event_name":"Bonfire Elementals","floor":4,"gold_loss":0},{"damage_healed":0,"gold_gain":0,"player_choice":"Fought Mushrooms","damage_taken":0,"max_hp_gain":0,"max_hp_loss":0,"event_name":"Mushrooms","floor":14,"gold_loss":0},{"damage_healed":0,"gold_gain":0,"player_choice":"Ignored","damage_taken":0,"max_hp_gain":0,"max_hp_loss":0,"event_name":"Cursed Tome","floor":21,"gold_loss":0},{"damage_healed":0,"gold_gain":0,"player_choice":"Opened","damage_taken":0,"relics_obtained":["White Beast Statue"],"max_hp_gain":0,"max_hp_loss":0,"event_name":"The Mausoleum","floor":28,"gold_loss":0,"cards_obtained":["Writhe"]},{"damage_healed":0,"gold_gain":0,"player_choice":"Ignored","damage_taken":0,"max_hp_gain":0,"max_hp_loss":0,"event_name":"Vampires","floor":30,"gold_loss":0},{"cards_removed":["Moonworks:Defend"],"damage_healed":0,"gold_gain":0,"player_choice":"Purged","damage_taken":0,"max_hp_gain":0,"max_hp_loss":0,"event_name":"Purifier","floor":46,"gold_loss":0}],"is_beta":false,"boss_relics":[{"not_picked":["Calling Bell","Pandora\u0027s Box"],"picked":"Empty Cage"},{"not_picked":["Black Star","Tiny House"],"picked":"SlaversCollar"}],"items_purged_floors":[13,36],"is_endless":false,"potions_floor_spawned":[2,6,11,16,20,24,27,29,31,33,35,37,38,39,41,44,45,47,48],"killed_by":"Time Eater","ascension_level":1}}