{"host":"5jyeqch4fosnsiz2","time":1611949529,"event":{"mods":["BaseMod","Bestiary","Colored Map","Colored Powertips","Filter the Spire","Minty Spire (QoL Compilation)","Relic Stats","StSLib","Waifu the Spire","ojb\u0027s Better Paths Mod","ojb\u0027s Info Mod"],"gold_per_floor":[117,117,131,150,169,169,179,214,240,240,24,24,24,40,40,40,40],"floor_reached":16,"language":"ENG","playtime":355,"items_purged":["Strike_R"],"score":102,"play_id":"ee85bc37-a839-4307-82da-32b965afb6d7","local_time":"20210129144529","is_ascension_mode":false,"campfire_choices":[{"floor":6,"key":"DIG"},{"floor":12,"key":"RECALL"},{"floor":15,"key":"DIG"}],"circlet_count":0,"master_deck":["Strike_R","Strike_R","Strike_R","Strike_R+1","Defend_R","Defend_R","Defend_R+1","Defend_R","Bash","Body Slam","Cleave","Uppercut","True Grit","Shockwave","Impervious","Flame Barrier"],"relics":["Burning Blood","Shovel","Torii","Ancient Tea Set","Blood Vial","CultistMask","Omamori"],"acts_visited":["Exordium"],"potions_floor_usage":[5,8],"damage_taken":[{"damage":14,"enemies":"Jaw Worm","floor":1,"turns":4},{"damage":7,"enemies":"2 Louse","floor":3,"turns":3},{"damage":5,"enemies":"Cultist","floor":4,"turns":4},{"damage":21,"enemies":"Red Slaver","floor":5,"turns":3},{"damage":18,"enemies":"2 Fungi Beasts","floor":7,"turns":4},{"damage":15,"enemies":"Gremlin Nob","floor":8,"turns":4},{"damage":3,"enemies":"Blue Slaver","floor":14,"turns":5},{"damage":29,"enemies":"Slime Boss","floor":16,"turns":6}],"seed_played":"-2124757674904852649","potions_obtained":[{"floor":4,"key":"FearPotion"},{"floor":7,"key":"Strength Potion"}],"is_trial":false,"path_per_floor":["M","?","M","M","M","R","M","E","T","?","$","R","?","M","R","B"],"character_chosen":"IRONCLAD","items_purchased":["Impervious"],"campfire_rested":0,"item_purchase_floors":[11],"current_hp_per_floor":[72,72,71,72,57,57,45,36,36,20,20,20,20,25,25,0,0],"gold":40,"neow_bonus":"ONE_RARE_RELIC","is_daily":false,"chose_seed":false,"campfire_upgraded":0,"win_rate":0.0,"timestamp":1611949529,"path_taken":["M","?","M","M","M","R","M","E","T","?","$","R","?","?","R","BOSS"],"items_purchased_type":["Card"],"build_version":"2020-12-22","purchased_purges":1,"victory":false,"max_hp_per_floor":[80,80,80,80,80,80,80,80,80,80,80,80,80,80,80,80,80],"relic_stats":{"Blood Vial":4,"Shovel":2,"Torii":7,"counters":[8,33],"obtain_stats":[{"Blood Vial":9,"Shovel":0,"Torii":6,"CultistMask":13,"Omamori":15,"Ancient Tea Set":8,"Burning Blood":0},{"Blood Vial":6,"Shovel":0,"Torii":4,"CultistMask":6,"Omamori":7,"Ancient Tea Set":6,"Burning Blood":0},{"Blood Vial":22,"Shovel":0,"Torii":14,"CultistMask":22,"Omamori":27,"Ancient Tea Set":22,"Burning Blood":0}],"Burning Blood":42},"card_choices":[{"not_picked":["Perfected Strike","Wild Strike"],"picked":"Body Slam","floor":1},{"not_picked":["Pommel Strike","Thunderclap"],"picked":"Cleave","floor":3},{"not_picked":["Iron Wave","Warcry","Brutality"],"picked":"SKIP","floor":4},{"not_picked":["Clash","Cleave"],"picked":"Uppercut","floor":5},{"not_picked":["Warcry","Thunderclap"],"picked":"True Grit","floor":7},{"not_picked":["Clash","Perfected Strike"],"picked":"Shockwave","floor":8},{"not_picked":["Armaments","Pommel Strike"],"picked":"Flame Barrier","floor":14}],"player_experience":335826,"relics_obtained":[{"floor":6,"key":"Torii"},{"floor":8,"key":"Ancient Tea Set"},{"floor":9,"key":"Blood Vial"},{"floor":15,"key":"Omamori"}],"event_choices":[{"cards_removed":["Injury"],"damage_healed":0,"gold_gain":0,"player_choice":"Forget","damage_taken":0,"max_hp_gain":0,"max_hp_loss":0,"event_name":"Living Wall","floor":2,"gold_loss":0},{"damage_healed":0,"gold_gain":0,"player_choice":"Entered Light","damage_taken":16,"max_hp_gain":0,"max_hp_loss":0,"event_name":"Shining Light","floor":10,"gold_loss":0,"cards_upgraded":["Defend_R","Strike_R"]},{"damage_healed":0,"gold_gain":0,"player_choice":"Trade","damage_taken":0,"relics_obtained":["CultistMask"],"max_hp_gain":0,"max_hp_loss":0,"event_name":"FaceTrader","floor":13,"gold_loss":0}],"is_beta":false,"boss_relics":[],"items_purged_floors":[11],"is_endless":false,"potions_floor_spawned":[4,7],"killed_by":"Slime Boss","ascension_level":0}}