{"host":"r5cycnjhcbwgkpkf","time":1611949149,"event":{"mods":["2.2 Compatiblity","AchievementEnabler","BaseMod","Bestiary","Better Altar","Better Match","Better Note","Better Skull","Better Third Choice","BetterRewards","Colored Map","Colored Powertips","Infinite Spire","Minty Spire (QoL Compilation)","Reliquary","Replay The Spire","Spicy Shops","StSLib"],"gold_per_floor":[113,130,50,50,150,150,164,164,188,188,200,232,232,261,261,340,340,352,352,18,29,29,57,57,84,109,109,127,127,80,95,95,166,166,178,192,82,97,107,107,117,117,168,168,11,11,54,86,86,126,126],"floor_reached":50,"language":"ENG","playtime":2311,"items_purged":["Strike_R"],"score":1330,"play_id":"10d900f7-3089-48cd-9247-aa2ddf02a11a","local_time":"20210129113909","is_ascension_mode":true,"campfire_choices":[{"data":"Bash","floor":6.0,"key":"SMITH"},{"data":"Flex","floor":8.0,"key":"SMITH"},{"floor":10.0,"key":"REST"},{"floor":15.0,"key":"REST"},{"floor":24,"key":"REST"},{"floor":32,"key":"REST"},{"floor":40,"key":"REST"},{"floor":42,"key":"REST"},{"data":"J.A.X.","floor":44,"key":"SMITH"},{"floor":49,"key":"REST"}],"circlet_count":0,"master_deck":["AscendersBane","Strike_R","Strike_R","Strike_R","Strike_R","Defend_R+1","Defend_R+1","Defend_R","Bash+1","Combust+1","Bloodletting+1","Bloodletting+1","Cleave+1","Inflame+1","Flex+1","Pommel Strike+1","ReplaySolidLightProjector","Double Tap+1","Replay:Undeath\u0027s Touch+1","J.A.X.+1","Pummel+1","Decay","J.A.X.+1","Replay:Undeath\u0027s Touch+1","Replay:Undeath\u0027s Touch+1","Immolate+1"],"relics":["Burning Blood","Golden Egg","Replay:Ringing Soul","infinitespire:BottledMercury","War Paint","reliquary:WeakTea","reliquary:Stiletto","Mirror","reliquary:SharkskinSheath","Durian","Black Star","Toolbox","Orichalcum","Bag of Preparation","Blue Doll","reliquary:TuningFork","reliquary:Buckler","Pen Nib","reliquary:WritOfMandamus","Replay:Bandana","Bag of Marbles","reliquary:RoseTintedGlasses"],"acts_visited":["Exordium","TheCity","TheBeyond"],"potions_floor_usage":[23,39,50],"damage_taken":[{"damage":6.0,"enemies":"Jaw Worm","floor":1.0,"turns":3.0},{"damage":6.0,"enemies":"Small Slimes","floor":2.0,"turns":3.0},{"damage":2.0,"enemies":"Cultist","floor":7.0,"turns":2.0},{"damage":14.0,"enemies":"Large Slime","floor":11.0,"turns":3.0},{"damage":21.0,"enemies":"3 Sentries","floor":12.0,"turns":4.0},{"damage":14.0,"enemies":"Lagavulin","floor":14.0,"turns":3.0},{"damage":54.0,"enemies":"Slime Boss","floor":16.0,"turns":8.0},{"damage":45.0,"enemies":"2 Thieves","floor":18.0,"turns":4.0},{"damage":1,"enemies":"Spheric Guardian","floor":21,"turns":2},{"damage":23,"enemies":"Slavers","floor":23,"turns":5},{"damage":28,"enemies":"Gremlin Leader","floor":25,"turns":4},{"damage":45,"enemies":"Shelled Parasite and Fungi","floor":28,"turns":4},{"damage":3,"enemies":"Snake Plant","floor":31,"turns":1},{"damage":26,"enemies":"Champ","floor":33,"turns":5},{"damage":40,"enemies":"3 Shapes","floor":35,"turns":2},{"damage":12,"enemies":"3 Darklings","floor":36,"turns":3},{"damage":17,"enemies":"Jaw Worm Horde","floor":38,"turns":3},{"damage":30,"enemies":"4 Shapes","floor":39,"turns":2},{"damage":0,"enemies":"Spire Growth","floor":41,"turns":2},{"damage":30,"enemies":"Writhing Mass","floor":47,"turns":4},{"damage":25,"enemies":"Sphere and 2 Shapes","floor":48,"turns":1},{"damage":124,"enemies":"Awakened One","floor":50,"turns":6}],"seed_played":"1826794835856676079","potions_obtained":[{"floor":7.0,"key":"Adrenaline Potion"},{"floor":11.0,"key":"Block Potion"},{"floor":16.0,"key":"BloodPotion"},{"floor":21,"key":"FearPotion"},{"floor":23,"key":"EssenceOfSteel"},{"floor":28,"key":"LiquidMemories"},{"floor":38,"key":"AttackPotion"},{"floor":41,"key":"SmokeBomb"}],"is_trial":false,"path_per_floor":["M","M","$","?","?","R","M","R","T","R","M","E","?","E","R","B",null,"M","?","$","M","?","E","R","E","T","?","M","?","$","M","R","B",null,"M","M","?","M","M","R","M","R","T","R","$","AVR","M","M","R","B"],"character_chosen":"IRONCLAD","items_purchased":["Golden Egg","Combust","Replay:Ringing Soul","infinitespire:BottledMercury","Bloodletting","Cleave","Inflame","War Paint","reliquary:WeakTea","Toolbox","Orichalcum","Replay:Undeath\u0027s Touch","Bag of Marbles"],"campfire_rested":7,"item_purchase_floors":[0,0,0,0,0,0,0,0,3,20,20,30,45],"current_hp_per_floor":[39,42,42,47,47,47,51,51,51,76,68,56,47,44,73,28,82,66,66,66,71,74,60,92,70,70,73,34,37,40,43,78,61,106,72,66,66,55,31,67,73,109,109,109,109,109,85,66,102,0,0],"gold":126,"neow_bonus":"","is_daily":false,"chose_seed":false,"campfire_upgraded":3,"win_rate":0.0,"timestamp":1611949149,"path_taken":["M","M","$","?","?","R","?","R","T","R","M","E","?","E","R","BOSS","M","?","$","M","?","E","R","E","T","?","M","?","$","?","R","BOSS","M","M","?","M","?","R","M","R","T","R","?","AVR","M","M","R","BOSS"],"items_purchased_type":["Relic","Card","Relic","Relic","Card","Card","Card","Relic","Relic","Relic","Relic","Card","Relic"],"build_version":"2020-12-22","purchased_purges":1,"victory":false,"max_hp_per_floor":[78,81,81,86,86,86,86,86,86,86,86,89,92,97,97,100,100,103,103,103,103,106,109,109,109,109,112,112,115,118,118,118,121,121,121,121,121,121,121,121,121,121,121,121,121,121,121,121,121,121,121],"card_choices":[{"not_picked":["Anger","Wild Strike","Sentinel"],"picked":"SKIP","floor":1.0},{"not_picked":["Body Slam","Wild Strike"],"picked":"Flex","floor":2.0},{"not_picked":["Iron Wave","Armaments","Replay:Undeath\u0027s Touch"],"picked":"SKIP","floor":7.0},{"not_picked":["Dual Wield","Anger","Warcry"],"picked":"SKIP","floor":11.0},{"not_picked":["Impervious","Power Through"],"picked":"Pommel Strike","floor":12.0},{"not_picked":["Flex","Heavy Blade","Perfected Strike"],"picked":"SKIP","floor":14.0},{"not_picked":["Bludgeon","Corruption"],"picked":"Double Tap","floor":16.0},{"not_picked":["Thunderclap","Run Through"],"picked":"Replay:Undeath\u0027s Touch+1","floor":18.0},{"not_picked":["Flex","Anger","Perfected Strike+1"],"picked":"SKIP","floor":21},{"not_picked":["Clash","Twin Strike"],"picked":"Pummel","floor":23},{"not_picked":["Burning Pact","Inflame","Massacre"],"picked":"SKIP","floor":25},{"not_picked":["Run Through","Clothesline","infinitespire:OneForAll"],"picked":"SKIP","floor":28},{"not_picked":["Whirlwind","Sword Boomerang","Combust"],"picked":"SKIP","floor":31},{"not_picked":["Bludgeon","Feed"],"picked":"Immolate","floor":33},{"not_picked":["Thunderclap","Wild Strike","Replay:Undeath\u0027s Touch"],"picked":"SKIP","floor":35},{"not_picked":["Perfected Strike+1","Dual Wield","Cleave"],"picked":"SKIP","floor":36},{"not_picked":["Combust","Burning Pact","ReplayTheSpireMod:Muscle Training"],"picked":"SKIP","floor":38},{"not_picked":["Sword Boomerang","Clothesline+1","Inflame"],"picked":"SKIP","floor":39},{"not_picked":["Perfected Strike","Thunderclap","Berserk"],"picked":"SKIP","floor":41},{"not_picked":["Power Through","Warcry+1","Clothesline+1"],"picked":"SKIP","floor":47},{"not_picked":["Flex","Sentinel","Cleave"],"picked":"SKIP","floor":48}],"player_experience":393698,"relics_obtained":[{"floor":9.0,"key":"reliquary:Stiletto"},{"floor":12.0,"key":"Mirror"},{"floor":14.0,"key":"Durian"},{"floor":23,"key":"Bag of Preparation"},{"floor":23,"key":"Blue Doll"},{"floor":25,"key":"reliquary:TuningFork"},{"floor":25,"key":"reliquary:Buckler"},{"floor":26,"key":"Pen Nib"},{"floor":43,"key":"Replay:Bandana"}],"event_choices":[{"damage_healed":0.0,"max_hp_gain":5.0,"max_hp_loss":0.0,"gold_gain":0.0,"event_name":"Big Fish","player_choice":"Donut","floor":4.0,"gold_loss":0.0,"damage_taken":0.0},{"damage_healed":0.0,"max_hp_gain":0.0,"max_hp_loss":0.0,"gold_gain":100.0,"event_name":"Wheel of Change","player_choice":"Gold","floor":5.0,"gold_loss":0.0,"damage_taken":0.0},{"damage_healed":0,"gold_gain":0,"player_choice":"Ignored","damage_taken":0,"max_hp_gain":0,"max_hp_loss":0,"event_name":"The Mausoleum","floor":19,"gold_loss":0},{"damage_healed":0,"gold_gain":0,"player_choice":"Obtain J.A.X.","damage_taken":0,"max_hp_gain":0,"max_hp_loss":0,"event_name":"Drug Dealer","floor":22,"gold_loss":0,"cards_obtained":["J.A.X."]},{"damage_healed":0,"gold_gain":0,"player_choice":" Defy","damage_taken":0,"max_hp_gain":0,"max_hp_loss":0,"event_name":"betterAltar:BetterAltar","floor":27,"gold_loss":0,"cards_obtained":["Decay"]},{"damage_healed":0,"gold_gain":0,"player_choice":"Copied","damage_taken":0,"max_hp_gain":0,"max_hp_loss":0,"event_name":"Duplicator","floor":29,"gold_loss":0,"cards_obtained":["J.A.X."]},{"cards_removed":["Defend_R"],"damage_healed":0,"gold_gain":0,"player_choice":"Upgrade and Remove","damage_taken":0,"max_hp_gain":0,"max_hp_loss":0,"event_name":"Designer","floor":37,"gold_loss":110,"cards_upgraded":["J.A.X."]}],"is_beta":false,"boss_relics":[{"not_picked":["Empty Cage","Busted Crown"],"picked":"Black Star"},{"not_picked":["ReplayTheSpireMod:SealedPack","Electric Blood"],"picked":"reliquary:WritOfMandamus"}],"items_purged_floors":[0],"is_endless":false,"potions_floor_spawned":[7,11,12,16,21,23,28,38,41,48],"killed_by":"Awakened One","ascension_level":20}}