{"host":"d744ndivyohnro60","time":1611886388,"event":{"mods":["BaseMod","Bestiary","Colored Powertips","Minty Spire (QoL Compilation)","Relic Stats"],"gold_per_floor":[110,31,31,31,7,34,34,34,34,61,61,92,111,129,129,230,230,245,263,263,263,277,309,319,349,349,367,385,385,404,424,424,522,522,535,545,645,665,278,278,307,307,354,354,354],"floor_reached":44,"language":"ENG","playtime":1870,"items_purged":["Defend_B"],"score":745,"play_id":"c7689cdb-bace-4c03-894a-802a65803e42","local_time":"20210128211308","is_ascension_mode":true,"campfire_choices":[{"data":"Genetic Algorithm","floor":7,"key":"SMITH"},{"data":"Stack","floor":11,"key":"SMITH"},{"data":"Sunder","floor":15,"key":"SMITH"},{"data":"Defragment","floor":29,"key":"SMITH"},{"floor":32,"key":"REST"},{"data":"Turbo","floor":40,"key":"SMITH"},{"floor":42,"key":"REST"}],"circlet_count":0,"master_deck":["Strike_B","Strike_B","Strike_B","Strike_B","Defend_B","Defend_B","Defend_B","Zap","Dualcast","Sunder+1","Genetic Algorithm+1","Stack+1","BootSequence","Leap","Beam Cell","Loop","Electrodynamics","Sweeping Beam","Sweeping Beam","Echo Form","Turbo+1","Conserve Battery+1","Defragment+1","Hologram","Capacitor","Cold Snap+1","Melter","Buffer","Sweeping Beam","Force Field+1","Leap+1","Conserve Battery+1"],"relics":["Cracked Core","NeowsBlessing","Eternal Feather","PreservedInsect","Akabeko","Cables","Nuclear Battery","Oddly Smooth Stone","Letter Opener","Pantograph","InkBottle","SlaversCollar","Incense Burner","Pen Nib","Bronze Scales"],"acts_visited":["Exordium","TheCity","TheBeyond"],"potions_floor_usage":[16,18,23,24,25,35,38,44],"damage_taken":[{"damage":0,"enemies":"2 Louse","floor":1,"turns":1},{"damage":0,"enemies":"Gremlin Nob","floor":6,"turns":1},{"damage":0,"enemies":"3 Sentries","floor":10,"turns":1},{"damage":16,"enemies":"Gremlin Nob","floor":12,"turns":3},{"damage":0,"enemies":"Cultist","floor":13,"turns":2},{"damage":0,"enemies":"Small Slimes","floor":14,"turns":2},{"damage":0,"enemies":"Slime Boss","floor":16,"turns":4},{"damage":3,"enemies":"2 Thieves","floor":18,"turns":3},{"damage":8,"enemies":"Shell Parasite","floor":19,"turns":4},{"damage":12,"enemies":"3 Cultists","floor":22,"turns":4},{"damage":0,"enemies":"Gremlin Leader","floor":23,"turns":6},{"damage":0,"enemies":"Snecko","floor":24,"turns":4},{"damage":0,"enemies":"Slavers","floor":25,"turns":2},{"damage":13,"enemies":"Snake Plant","floor":27,"turns":2},{"damage":0,"enemies":"3 Cultists","floor":28,"turns":4},{"damage":17,"enemies":"Centurion and Healer","floor":30,"turns":6},{"damage":10,"enemies":"Snecko","floor":31,"turns":4},{"damage":17,"enemies":"Automaton","floor":33,"turns":11},{"damage":0,"enemies":"3 Shapes","floor":35,"turns":3},{"damage":26,"enemies":"3 Darklings","floor":36,"turns":6},{"damage":6,"enemies":"Maw","floor":38,"turns":9},{"damage":56,"enemies":"Reptomancer","floor":41,"turns":5},{"damage":70,"enemies":"Nemesis","floor":44,"turns":5}],"seed_played":"-6205816690304162492","potions_obtained":[{"floor":10,"key":"FocusPotion"},{"floor":14,"key":"Weak Potion"},{"floor":16,"key":"Explosive Potion"},{"floor":18,"key":"Strength Potion"},{"floor":22,"key":"Strength Potion"},{"floor":24,"key":"BlessingOfTheForge"},{"floor":27,"key":"PotionOfCapacity"},{"floor":33,"key":"BlessingOfTheForge"},{"floor":41,"key":"Regen Potion"}],"is_trial":false,"path_per_floor":["M","$","?","$","$","E","R","?","T","E","R","E","M","M","R","B",null,"M","M","?","T","M","E","M","E","T","M","M","R","M","M","R","B",null,"M","M","?","M","$","R","E","R","T","E"],"character_chosen":"DEFECT","items_purchased":["Genetic Algorithm","Stack","Incense Burner"],"campfire_rested":2,"item_purchase_floors":[2,5,39],"current_hp_per_floor":[75,75,68,68,68,68,74,79,79,79,80,64,64,64,73,73,80,77,69,69,69,57,57,57,57,57,44,44,59,42,32,71,63,80,80,54,54,48,48,66,10,52,52,0,0],"gold":354,"neow_bonus":"THREE_ENEMY_KILL","is_daily":false,"chose_seed":false,"campfire_upgraded":5,"win_rate":0.0,"timestamp":1611886388,"path_taken":["M","$","?","?","$","E","R","?","T","E","R","E","M","M","R","BOSS","M","M","?","?","M","E","?","E","T","M","M","R","M","M","R","BOSS","M","M","?","M","?","R","E","R","T","E"],"items_purchased_type":["Card","Card","Relic"],"build_version":"2020-12-22","purchased_purges":1,"victory":false,"max_hp_per_floor":[75,75,75,75,75,75,75,80,80,80,80,80,80,80,80,80,80,80,80,80,80,80,80,80,80,80,80,80,80,80,80,80,80,80,80,80,80,80,80,80,80,80,80,80,80],"relic_stats":{"counters":[23,91],"Pantograph":9,"Bronze Scales":[13],"Eternal Feather":82,"PreservedInsect":215,"Pen Nib":[0],"Letter Opener":[55],"obtain_stats":[{"NeowsBlessing":0,"Oddly Smooth Stone":21,"Eternal Feather":6,"PreservedInsect":9,"Pen Nib":41,"Incense Burner":39,"Letter Opener":23,"Akabeko":10,"Cables":12,"Nuclear Battery":17,"SlaversCollar":34,"Pantograph":25,"Bronze Scales":43,"Cracked Core":0,"InkBottle":26},{"NeowsBlessing":0,"Oddly Smooth Stone":9,"Eternal Feather":2,"PreservedInsect":2,"Pen Nib":22,"Incense Burner":21,"Letter Opener":11,"Akabeko":3,"Cables":4,"Nuclear Battery":7,"SlaversCollar":18,"Pantograph":13,"Bronze Scales":22,"Cracked Core":0,"InkBottle":13},{"NeowsBlessing":0,"Oddly Smooth Stone":21,"Eternal Feather":2,"PreservedInsect":2,"Pen Nib":86,"Incense Burner":81,"Letter Opener":31,"Akabeko":3,"Cables":6,"Nuclear Battery":14,"SlaversCollar":63,"Pantograph":37,"Bronze Scales":86,"Cracked Core":0,"InkBottle":37}],"InkBottle":[20],"Cables":[73,53,3,0,17]},"card_choices":[{"not_picked":["Steam","Coolheaded"],"picked":"Sunder","floor":1},{"not_picked":["Leap","White Noise"],"picked":"BootSequence","floor":6},{"not_picked":["Compile Driver","Steam Power"],"picked":"Leap","floor":10},{"not_picked":["Tempest","Leap"],"picked":"Beam Cell","floor":12},{"not_picked":["Barrage","Heatsinks","BootSequence"],"picked":"SKIP","floor":13},{"not_picked":["Leap","Cold Snap"],"picked":"Loop","floor":14},{"not_picked":["Machine Learning","Rainbow"],"picked":"Electrodynamics","floor":16},{"not_picked":["Genetic Algorithm","Blizzard"],"picked":"Sweeping Beam","floor":18},{"not_picked":["Beam Cell","Gash"],"picked":"Sweeping Beam","floor":19},{"not_picked":["Aggregate+1","Compile Driver"],"picked":"Turbo","floor":22},{"not_picked":["Auto Shields","Static Discharge"],"picked":"Conserve Battery+1","floor":23},{"not_picked":["Beam Cell","Streamline","Consume"],"picked":"SKIP","floor":24},{"not_picked":["Sweeping Beam+1","Redo+1"],"picked":"Defragment","floor":25},{"not_picked":["Rainbow","Conserve Battery"],"picked":"Hologram","floor":27},{"not_picked":["Streamline","Storm"],"picked":"Capacitor","floor":28},{"not_picked":["Genetic Algorithm","Sunder"],"picked":"Cold Snap+1","floor":30},{"not_picked":["Sunder","Hello World"],"picked":"Melter","floor":31},{"not_picked":["Fission","Thunder Strike"],"picked":"Buffer","floor":33},{"not_picked":["Turbo+1","Redo"],"picked":"Sweeping Beam","floor":35},{"not_picked":["Barrage+1","Sweeping Beam+1"],"picked":"Force Field+1","floor":36},{"not_picked":["Cold Snap","Stack"],"picked":"Leap+1","floor":38},{"not_picked":["Storm","Gash+1"],"picked":"Conserve Battery+1","floor":41}],"player_experience":159134,"relics_obtained":[{"floor":6,"key":"Eternal Feather"},{"floor":9,"key":"PreservedInsect"},{"floor":10,"key":"Akabeko"},{"floor":12,"key":"Cables"},{"floor":21,"key":"Oddly Smooth Stone"},{"floor":23,"key":"Letter Opener"},{"floor":25,"key":"Pantograph"},{"floor":26,"key":"InkBottle"},{"floor":41,"key":"Pen Nib"},{"floor":43,"key":"Bronze Scales"}],"event_choices":[{"damage_healed":0,"gold_gain":0,"player_choice":"Damaged","damage_taken":7,"max_hp_gain":0,"max_hp_loss":0,"event_name":"Wheel of Change","floor":3,"gold_loss":0},{"damage_healed":0,"gold_gain":0,"player_choice":"Donut","damage_taken":0,"max_hp_gain":5,"max_hp_loss":0,"event_name":"Big Fish","floor":8,"gold_loss":0},{"damage_healed":0,"gold_gain":0,"player_choice":"Read","damage_taken":0,"max_hp_gain":0,"max_hp_loss":0,"event_name":"The Library","floor":20,"gold_loss":0,"cards_obtained":["Echo Form"]},{"damage_healed":0,"gold_gain":100,"player_choice":"Pray","damage_taken":0,"max_hp_gain":0,"max_hp_loss":0,"event_name":"Golden Shrine","floor":37,"gold_loss":0}],"is_beta":false,"boss_relics":[{"not_picked":["Busted Crown","Black Star"],"picked":"Nuclear Battery"},{"not_picked":["Tiny House","Snecko Eye"],"picked":"SlaversCollar"}],"items_purged_floors":[39],"is_endless":false,"potions_floor_spawned":[10,14,16,18,22,24,27,33,41],"killed_by":"Nemesis","ascension_level":3}}