{"host":"nnt34ungdh9fkcmy","time":1611948344,"event":{"mods":["BaseMod","Downfall","Minty Spire (QoL Compilation)","StSLib","SuperFastMode"],"gold_per_floor":[199,218,235,93,193,7,7,7,7,41,41,52,78,98,109,209,209,109,119,119,119,119,119,119,135,135,146,172,1,1,28,47,145,145,45,59,72,72,72,98,152,372,392,240,259,159,159,192,210,210,210,210],"floor_reached":50,"language":"ENG","playtime":3148,"items_purged":["hexamod:Strike","hexamod:Defend","hexamod:Defend"],"score":678,"play_id":"a733f46e-ec19-4817-be22-ab7587f66170","local_time":"20210129122544","is_ascension_mode":true,"campfire_choices":[{"data":"hexamod:Float","floor":1,"key":"SMITH"},{"data":"hexamod:GhostflameBarrier","floor":8,"key":"SMITH"},{"data":"hexamod:SwordOfDarkness","floor":11,"key":"SMITH"},{"data":"hexamod:FlameSwitch","floor":18,"key":"SMITH"},{"data":"hexamod:GhostOfSpirePresent","floor":23,"key":"SMITH"},{"floor":26,"key":"RECALL"},{"data":"hexamod:NecessarySacrifice","floor":30,"key":"SMITH"},{"data":"hexamod:HexaLevel","floor":35,"key":"SMITH"},{"data":"hexamod:PhantomCloak","floor":46,"key":"SMITH"}],"circlet_count":0,"master_deck":["hexamod:Defend","hexamod:Sear","hexamod:Float+1","hexamod:SwordOfDarkness+1","hexamod:HauntingEcho","hexamod:InspiringFlames","hexamod:ThermalTransfer","hexamod:GhostShield","hexamod:GhostflameBarrier+1","hexamod:GhostOfSpirePast","hexamod:ChargedBarrage","hexamod:ShieldOfDarkness","hexamod:FlameSwitch+1","hexamod:SwordOfDarkness+1","hexamod:NecessarySacrifice+1","hexamod:GhostOfSpirePresent+1","hexamod:RainOfEmbers","hexamod:StepThrough+1","hexamod:Hexaguard+1","hexamod:PhantomCloak+1","hexamod:HexaLevel+1","hexamod:PhantomCloak+1","hexamod:BacktrackSmack+1","expansioncontent:GuardianWhirl","hexamod:PowerFromBeyond+1","Parasite"],"relics":["hexamod:SpiritBrand","Toy Ornithopter","Pantograph","Bottled Tornado","Empty Cage","downfall:HeartBlessingBlue","Blue Candle","Akabeko","Centennial Puzzle","hexamod:JarOfFuel","Incense Burner","Runic Pyramid","downfall:HeartBlessingRed","Strawberry","Vajra","Happy Flower","downfall:HeartBlessingGreen","Ornamental Fan","Orichalcum"],"acts_visited":["Exordium","TheCity","TheBeyond"],"potions_floor_usage":[10,13,16,28,28,33,48,50],"damage_taken":[{"damage":0,"enemies":"Small Slimes","floor":2,"turns":4},{"damage":0,"enemies":"Cultist","floor":3,"turns":3},{"damage":0,"enemies":"downfall:FleeingMerchant","floor":4,"turns":4},{"damage":36,"enemies":"downfall:LadyInBlue","floor":5,"turns":11},{"damage":0,"enemies":"downfall:FleeingMerchant","floor":6,"turns":4},{"damage":0,"enemies":"Lagavulin","floor":10,"turns":4},{"damage":1,"enemies":"2 Louse","floor":12,"turns":2},{"damage":15,"enemies":"3 Sentries","floor":13,"turns":6},{"damage":0,"enemies":"2 Fungi Beasts","floor":14,"turns":4},{"damage":8,"enemies":"Exordium Wildlife","floor":15,"turns":4},{"damage":28,"enemies":"DF_ARCHETYPE_STREAMLINE","floor":16,"turns":12},{"damage":0,"enemies":"Chosen","floor":19,"turns":6},{"damage":0,"enemies":"Centurion and Healer","floor":25,"turns":6},{"damage":4,"enemies":"3 Cultists","floor":27,"turns":6},{"damage":45,"enemies":"Gremlin Leader","floor":28,"turns":7},{"damage":4,"enemies":"downfall:FleeingMerchant","floor":29,"turns":4},{"damage":2,"enemies":"Slavers","floor":31,"turns":4},{"damage":0,"enemies":"Snake Plant","floor":32,"turns":2},{"damage":30,"enemies":"SI_MIRROR_ARCHETYPE","floor":33,"turns":9},{"damage":9,"enemies":"3 Darklings","floor":36,"turns":8},{"damage":2,"enemies":"3 Shapes","floor":37,"turns":5},{"damage":0,"enemies":"Reptomancer","floor":40,"turns":8},{"damage":4,"enemies":"downfall:FleeingMerchant","floor":42,"turns":3},{"damage":0,"enemies":"Sphere and 2 Shapes","floor":43,"turns":4},{"damage":9,"enemies":"Maw","floor":45,"turns":7},{"damage":28,"enemies":"Giant Head","floor":48,"turns":9},{"damage":13,"enemies":"Writhing Mass","floor":49,"turns":6},{"damage":64,"enemies":"WA_ARCHETYPE_DIVINITY","floor":50,"turns":9}],"seed_played":"-6488802518175925022","potions_obtained":[{"floor":5,"key":"AttackPotion"},{"floor":5,"key":"LiquidMemories"},{"floor":10,"key":"DuplicationPotion"},{"floor":13,"key":"Energy Potion"},{"floor":16,"key":"Regen Potion"},{"floor":31,"key":"Weak Potion"},{"floor":33,"key":"FearPotion"},{"floor":36,"key":"Explosive Potion"},{"floor":49,"key":"CultistPotion"}],"is_trial":false,"path_per_floor":["R","M","M","$","?","$","T","R","?","E","R","M","E","M","M","B",null,"R","M","?","?","?","R","T","M","R","M","E","$","R","E","M","B",null,"R","M","M","?","?","E","T","?","M","$","M","R","T","E","M","B"],"character_chosen":"THE_SPIRIT","items_purchased":["PowerPotion","hexamod:GhostflameBarrier","hexamod:JarOfFuel","Happy Flower"],"campfire_rested":0,"item_purchase_floors":[4,6,29,44],"current_hp_per_floor":[70,70,70,70,34,34,34,34,57,62,62,61,51,51,43,42,70,80,80,80,75,75,75,75,75,75,71,50,46,46,44,44,44,80,80,71,69,69,69,76,76,72,72,72,63,63,63,40,27,0,0,0],"gold":210,"neow_bonus":"HUNDRED_GOLD","is_daily":false,"chose_seed":false,"campfire_upgraded":8,"win_rate":0.0,"timestamp":1611948344,"path_taken":["R","M","M","$","?","?","T","R","?","E","R","M","E","M","M","BOSS","R","M","?","?","?","R","T","M","R","M","E","$","R","E","M","BOSS","R","M","M","?","?","E","T","?","M","$","?","R","?","E","M","BOSS"],"items_purchased_type":["Potion","Card","Relic","Relic"],"build_version":"2020-12-22","purchased_purges":3,"victory":false,"max_hp_per_floor":[70,70,70,70,70,70,70,70,70,70,70,70,70,70,70,70,70,80,80,80,80,80,80,80,80,80,80,80,80,80,80,80,80,80,80,80,80,80,80,87,87,87,87,87,87,87,87,87,87,87,87,87],"card_choices":[{"not_picked":["hexamod:GhostLash","hexamod:HeatShield"],"picked":"hexamod:SwordOfDarkness","floor":2},{"not_picked":["hexamod:Again","hexamod:AdvancingGuard"],"picked":"hexamod:HauntingEcho","floor":3},{"not_picked":["hexamod:HauntingEcho","hexamod:FirstSeal"],"picked":"hexamod:InspiringFlames","floor":4},{"not_picked":["hexamod:Toasty","hexamod:FirstSeal"],"picked":"hexamod:ThermalTransfer","floor":5},{"not_picked":["hexamod:BacktrackSmack","hexamod:SwordOfDarkness"],"picked":"hexamod:GhostShield","floor":6},{"not_picked":["hexamod:Again","hexamod:BacktrackSmack"],"picked":"hexamod:GhostOfSpirePast","floor":10},{"not_picked":["hexamod:InspiringFlames","hexamod:PhantomCloak"],"picked":"hexamod:ChargedBarrage","floor":12},{"not_picked":["hexamod:ChargedBarrage","hexamod:ThirdSeal","hexamod:TimeWarp"],"picked":"SKIP","floor":13},{"not_picked":["hexamod:HeatMetal","hexamod:SwordOfDarkness","hexamod:Firestarter"],"picked":"SKIP","floor":14},{"not_picked":["hexamod:PhantomCloak","hexamod:NightmareStrike"],"picked":"hexamod:ShieldOfDarkness","floor":15},{"not_picked":["hexamod:Toasty","hexamod:TimeWarp"],"picked":"hexamod:FlameSwitch","floor":16},{"not_picked":["hexamod:GhostShield","hexamod:SpectersWail"],"picked":"hexamod:SwordOfDarkness+1","floor":19},{"not_picked":["hexamod:GhostLash","hexamod:SkipABeat+1","hexamod:ThermalTransfer"],"picked":"SKIP","floor":25},{"not_picked":["hexamod:GhostLash","hexamod:SkipABeat+1","hexamod:ThermalTransfer"],"picked":"SKIP","floor":25},{"not_picked":["hexamod:GhostShield+1","hexamod:SpectralAdrenaline"],"picked":"hexamod:RainOfEmbers","floor":27},{"not_picked":["hexamod:FlamesFromBeyond","hexamod:BurningTouch"],"picked":"hexamod:StepThrough+1","floor":28},{"not_picked":["hexamod:PhantomFireball","hexamod:HeatShield","hexamod:FlamesFromBeyond"],"picked":"SKIP","floor":29},{"not_picked":["hexamod:ShieldOfDarkness","hexamod:BurningTouch"],"picked":"hexamod:Hexaguard+1","floor":31},{"not_picked":["hexamod:SecondSeal","hexamod:PhantomCloak","hexamod:FirstSeal"],"picked":"SKIP","floor":32},{"not_picked":["hexamod:SecondSeal","hexamod:FirstSeal"],"picked":"hexamod:PhantomCloak","floor":32},{"not_picked":["hexamod:TimeWarp","hexamod:GhostflameInferno"],"picked":"hexamod:HexaLevel","floor":33},{"not_picked":["hexamod:HeatShield","hexamod:Rewind"],"picked":"hexamod:PhantomCloak+1","floor":36},{"not_picked":["hexamod:GhostShield","hexamod:HeatCrush+1"],"picked":"hexamod:BacktrackSmack+1","floor":37},{"not_picked":["expansioncontent:PrepareCrush","expansioncontent:InvincibleStrength"],"picked":"expansioncontent:GuardianWhirl","floor":39},{"not_picked":["hexamod:NightmareGuise+1","hexamod:RetreatToShadows","hexamod:SwordOfDarkness"],"picked":"SKIP","floor":40},{"not_picked":["hexamod:NightmareStrike","hexamod:TimeWarp","hexamod:Hexaguard"],"picked":"SKIP","floor":42},{"not_picked":["hexamod:SpectralSpark","hexamod:HeatMetal","hexamod:PhantomFireball+1"],"picked":"SKIP","floor":43},{"not_picked":["hexamod:HeatMetal+1","hexamod:FlamesFromBeyond","hexamod:FastForward"],"picked":"SKIP","floor":45},{"not_picked":["hexamod:SecondSeal","hexamod:SwordOfDarkness"],"picked":"hexamod:PowerFromBeyond+1","floor":48},{"not_picked":["hexamod:NightmareStrike+1","hexamod:Rewind","hexamod:HeatShield+1"],"picked":"SKIP","floor":49}],"player_experience":281641,"relics_obtained":[{"floor":5,"key":"Toy Ornithopter"},{"floor":10,"key":"Pantograph"},{"floor":13,"key":"Bottled Tornado"},{"floor":24,"key":"Akabeko"},{"floor":28,"key":"Centennial Puzzle"},{"floor":31,"key":"Incense Burner"},{"floor":40,"key":"Strawberry"},{"floor":41,"key":"Vajra"},{"floor":47,"key":"Ornamental Fan"},{"floor":48,"key":"Orichalcum"}],"event_choices":[{"damage_healed":23,"gold_gain":0,"player_choice":"Banana","damage_taken":0,"max_hp_gain":0,"max_hp_loss":0,"event_name":"Big Fish","floor":9,"gold_loss":0},{"damage_healed":0,"gold_gain":0,"cards_transformed":["hexamod:Strike","hexamod:Strike"],"player_choice":"Became Test Subject","damage_taken":0,"max_hp_gain":0,"max_hp_loss":0,"event_name":"Drug Dealer","floor":20,"gold_loss":0,"cards_obtained":["hexamod:NecessarySacrifice","hexamod:GhostOfSpirePresent"]}],"is_beta":false,"boss_relics":[{"not_picked":["Tiny House","SlaversCollar"],"picked":"Empty Cage"},{"not_picked":["expansioncontent:StudyCardRelic","hexamod:UnbrokenSoul"],"picked":"Runic Pyramid"}],"items_purged_floors":[4,6,42],"is_endless":false,"potions_floor_spawned":[10,13,14,15,16,19,31,33,36,40,49],"killed_by":"WA_ARCHETYPE_DIVINITY","ascension_level":1}}