{"host":"2brg86hfzr3u5cix","time":1611945734,"event":{"mods":["AchievementEnabler","Ascension Unlocker","BaseMod","CapriCore","DeckTracker","Highlight Path","Keyboard Shortcuts","Minty Spire (QoL Compilation)","Permanent Neow","Relic Stats","StSLib","Twitch Utils","Uncapped","UnlockEverythingMod"],"gold_per_floor":[118,131,131,2,152,185,185,195,218,76,76,106,106,134,146,158,158],"floor_reached":16,"language":"KOR","playtime":579,"items_purged":["Strike_R","Doubt"],"score":332,"play_id":"4ba2d5d1-f923-4b08-b12c-40be04b5e182","local_time":"20210130034214","is_ascension_mode":true,"campfire_choices":[{"data":"Corruption","floor":7.0,"key":"SMITH"},{"data":"Dark Embrace","floor":11.0,"key":"SMITH"},{"data":"True Grit","floor":13.0,"key":"SMITH"},{"data":"Exhume","floor":15.0,"key":"SMITH"}],"circlet_count":0,"master_deck":["AscendersBane","Strike_R","Strike_R","Strike_R","Strike_R","Defend_R","Defend_R","Defend_R","Defend_R","Bash","Dark Embrace+1","Havoc","Corruption+1","Battle Trance","True Grit+1","Rage","Shrug It Off","Shockwave","Exhume+1","Exhume"],"relics":["Burning Blood","NeowsBlessing","PreservedInsect","Potion Belt","Bag of Preparation","MawBank"],"acts_visited":["Exordium"],"potions_floor_usage":[16],"damage_taken":[{"damage":0.0,"enemies":"Jaw Worm","floor":1.0,"turns":1.0},{"damage":0.0,"enemies":"Cultist","floor":2.0,"turns":1.0},{"damage":0.0,"enemies":"3 Sentries","floor":6.0,"turns":2.0},{"damage":2.0,"enemies":"Small Slimes","floor":8.0,"turns":5.0},{"damage":0.0,"enemies":"Lagavulin","floor":12.0,"turns":6.0},{"damage":2.0,"enemies":"3 Sentries","floor":14.0,"turns":6.0},{"damage":78,"enemies":"Hexaghost","floor":16,"turns":9}],"seed_played":"-419029560617385883","potions_obtained":[{"floor":6.0,"key":"Swift Potion"},{"floor":12.0,"key":"GamblersBrew"},{"floor":14.0,"key":"SneckoOil"}],"is_trial":false,"path_per_floor":["M","M","?","$","?","E","R","M","T","$","R","E","R","E","R","B"],"character_chosen":"IRONCLAD","items_purchased":["True Grit","Shockwave"],"campfire_rested":0,"item_purchase_floors":[4,10],"current_hp_per_floor":[74,75,75,75,75,75,75,75,75,75,75,75,75,75,75,0,0],"gold":158,"neow_bonus":"THREE_ENEMY_KILL","is_daily":false,"chose_seed":false,"campfire_upgraded":4,"win_rate":0.0,"timestamp":1611945734,"path_taken":["M","M","?","?","?","E","R","M","T","?","R","E","R","E","R","BOSS"],"items_purchased_type":["Card","Card"],"build_version":"2020-12-22","purchased_purges":2,"victory":false,"max_hp_per_floor":[75,75,75,75,75,75,75,75,75,75,75,75,75,75,75,75,75],"relic_stats":{"counters":[7,30],"PreservedInsect":61,"Bag of Preparation":[4],"MawBank":24,"obtain_stats":[{"Potion Belt":9,"NeowsBlessing":0,"PreservedInsect":6,"Bag of Preparation":12,"MawBank":14,"Burning Blood":0},{"Potion Belt":4,"NeowsBlessing":0,"PreservedInsect":3,"Bag of Preparation":5,"MawBank":6,"Burning Blood":0},{"Potion Belt":9,"NeowsBlessing":0,"PreservedInsect":4,"Bag of Preparation":15,"MawBank":21,"Burning Blood":0}],"Burning Blood":11},"card_choices":[{"not_picked":["Flex","Shockwave"],"picked":"Dark Embrace","floor":1.0},{"not_picked":["Sword Boomerang","Body Slam"],"picked":"Havoc","floor":2.0},{"not_picked":["Iron Wave","Dropkick"],"picked":"Rage","floor":6.0},{"not_picked":["Perfected Strike","Pommel Strike"],"picked":"Shrug It Off","floor":8.0},{"not_picked":["Warcry","Pommel Strike"],"picked":"Exhume","floor":12.0},{"not_picked":["Rage","Cleave"],"picked":"Exhume","floor":14.0}],"player_experience":337766,"relics_obtained":[{"floor":6.0,"key":"PreservedInsect"},{"floor":9.0,"key":"Potion Belt"},{"floor":12.0,"key":"Bag of Preparation"},{"floor":14.0,"key":"MawBank"}],"event_choices":[{"damage_healed":0.0,"max_hp_gain":0.0,"max_hp_loss":0.0,"gold_gain":0.0,"event_name":"Match and Keep!","player_choice":"2 cards matched","floor":3.0,"gold_loss":0.0,"damage_taken":0.0,"cards_obtained":["Corruption","Battle Trance"]},{"damage_healed":0.0,"max_hp_gain":0.0,"max_hp_loss":0.0,"gold_gain":150.0,"event_name":"Liars Game","player_choice":"AGREE","floor":5.0,"gold_loss":0.0,"damage_taken":0.0,"cards_obtained":["Doubt"]}],"is_beta":false,"boss_relics":[],"items_purged_floors":[4,10],"is_endless":false,"potions_floor_spawned":[6,12,14],"killed_by":"Hexaghost","ascension_level":20}}