{"host":"jqln3q8z91cyrmpl","time":1611913671,"event":{"mods":["AchievementEnabler","BaseMod","Colored Map","DeckTracker","Keyboard Shortcuts","Minty Spire (QoL Compilation)","SuperFastMode"],"gold_per_floor":[110,185,199,43,43,68,84,114,114,114,133,164,181,191,191,294,294,309,159,84,183,183,183,210,210,210,17,31,58,69,87,87,191,191,206,222,222,159,173,207,226,276,321,356,356,391,391,417,417,417,417,417,14,42,42],"floor_reached":56,"language":"KOR","playtime":2633,"items_purged":["Strike_B","Strike_B","Beam Cell","Thunder Strike"],"score":1909,"play_id":"4da7d964-7169-43f7-b03c-356e08b4755f","local_time":"20210129184751","is_ascension_mode":true,"campfire_choices":[{"data":"Defragment","floor":10.0,"key":"SMITH"},{"data":"Capacitor","floor":15.0,"key":"SMITH"},{"floor":23.0,"key":"REST"},{"floor":25.0,"key":"RECALL"},{"floor":32.0,"key":"REST"},{"floor":45,"key":"REST"},{"floor":47,"key":"REST"},{"floor":49,"key":"REST"},{"floor":52,"key":"REST"}],"circlet_count":0,"master_deck":["Zap","Dualcast","Ball Lightning","Defragment+1","Reboot","Sweeping Beam","Coolheaded+1","Leap+1","Cold Snap","Conserve Battery+1","Capacitor+1","Multi-Cast+1","Redo+1","Self Repair","Darkness+1","Reboot+1","Coolheaded+1","Skim+1","Amplify+1","FTL","Buffer","Rainbow+1","Chill+1","Compile Driver","Double Energy+1","Recycle+1","Barrage","Apotheosis+1"],"relics":["Cracked Core","NeowsBlessing","Runic Capacitor","Emotion Chip","Toxic Egg 2","Shuriken","Bronze Scales","Fusion Hammer","Ancient Tea Set","Tiny Chest","Membership Card","Bottled Flame","Pandora\u0027s Box","Anchor","Vajra","Cables","FossilizedHelix","Orichalcum","Medical Kit","InkBottle","Symbiotic Virus"],"acts_visited":["Exordium","TheCity","TheBeyond","TheEnding"],"potions_floor_usage":[39,50,50,50,55],"damage_taken":[{"damage":0.0,"enemies":"Cultist","floor":1.0,"turns":1.0},{"damage":0.0,"enemies":"Jaw Worm","floor":3.0,"turns":1.0},{"damage":0.0,"enemies":"Lagavulin","floor":6.0,"turns":1.0},{"damage":0.0,"enemies":"Small Slimes","floor":7.0,"turns":2.0},{"damage":26.0,"enemies":"Gremlin Nob","floor":8.0,"turns":4.0},{"damage":3.0,"enemies":"Looter","floor":11.0,"turns":3.0},{"damage":8.0,"enemies":"3 Sentries","floor":12.0,"turns":4.0},{"damage":5.0,"enemies":"Exordium Thugs","floor":13.0,"turns":3.0},{"damage":14.0,"enemies":"Red Slaver","floor":14.0,"turns":2.0},{"damage":0.0,"enemies":"Hexaghost","floor":16.0,"turns":8.0},{"damage":3.0,"enemies":"Chosen","floor":18.0,"turns":5.0},{"damage":12.0,"enemies":"Gremlin Leader","floor":24.0,"turns":5.0},{"damage":7.0,"enemies":"Shell Parasite","floor":28.0,"turns":4.0},{"damage":11.0,"enemies":"Slavers","floor":29.0,"turns":2.0},{"damage":11.0,"enemies":"Chosen and Byrds","floor":30.0,"turns":6.0},{"damage":10.0,"enemies":"Sentry and Sphere","floor":31.0,"turns":4.0},{"damage":47.0,"enemies":"Collector","floor":33.0,"turns":7.0},{"damage":9.0,"enemies":"Orb Walker","floor":35.0,"turns":4.0},{"damage":0.0,"enemies":"3 Shapes","floor":36.0,"turns":4.0},{"damage":17,"enemies":"Writhing Mass","floor":39,"turns":6},{"damage":29,"enemies":"Reptomancer","floor":40,"turns":6},{"damage":0,"enemies":"Sphere and 2 Shapes","floor":41,"turns":5},{"damage":39,"enemies":"Nemesis","floor":44,"turns":7},{"damage":0,"enemies":"Reptomancer","floor":46,"turns":6},{"damage":0,"enemies":"Nemesis","floor":48,"turns":5},{"damage":8,"enemies":"Awakened One","floor":50,"turns":8},{"damage":0,"enemies":"Shield and Spear","floor":54,"turns":4},{"damage":72,"enemies":"The Heart","floor":55,"turns":6}],"seed_played":"-6551364563900725797","potions_obtained":[{"floor":3.0,"key":"Fruit Juice"},{"floor":8.0,"key":"Dexterity Potion"},{"floor":11.0,"key":"LiquidMemories"},{"floor":16.0,"key":"EssenceOfSteel"},{"floor":18.0,"key":"Ancient Potion"},{"floor":24.0,"key":"PowerPotion"},{"floor":30.0,"key":"FocusPotion"},{"floor":35.0,"key":"Weak Potion"},{"floor":37.0,"key":"FocusPotion"},{"floor":37.0,"key":"EssenceOfSteel"},{"floor":40,"key":"FearPotion"},{"floor":41,"key":"ColorlessPotion"},{"floor":44,"key":"Block Potion"}],"is_trial":false,"path_per_floor":["M","?","M","$","?","E","M","E","T","R","M","E","M","M","R","B",null,"M","$","?","?","?","R","E","R","T","$","M","E","M","M","R","B",null,"M","M","?","$","M","E","M","T","T","E","R","E","R","E","R","B",null,"R","$","E","B",null],"character_chosen":"DEFECT","items_purchased":["Runic Capacitor","Self Repair","Membership Card","Apotheosis+1","Medical Kit","InkBottle","FocusPotion"],"campfire_rested":6,"item_purchase_floors":[4,19,27,53,53,53,53],"current_hp_per_floor":[68,57,62,62,62,62,62,36,36,36,33,25,20,6,6,6,62,59,59,59,59,53,77,72,72,72,72,72,61,57,47,71,31,68,66,73,73,73,63,41,48,48,48,16,40,47,71,78,80,72,78,80,80,80,18],"gold":42,"neow_bonus":"THREE_ENEMY_KILL","is_daily":false,"chose_seed":false,"campfire_upgraded":2,"win_rate":0.0,"timestamp":1611913671,"path_taken":["M","?","M","$","?","E","M","E","T","R","M","E","M","M","R","BOSS","M","$","?","?","?","R","E","R","T","$","M","E","M","?","R","BOSS","M","M","?","$","M","E","?","?","T","E","R","E","R","E","R","BOSS","R","$","E","BOSS"],"items_purchased_type":["Relic","Card","Relic","Card","Relic","Relic","Potion"],"build_version":"2020-12-22","purchased_purges":4,"victory":true,"max_hp_per_floor":[75,75,80,80,80,80,80,80,80,80,80,80,80,80,80,80,80,80,80,80,80,80,80,80,80,80,80,80,80,80,80,80,80,80,80,80,80,80,80,80,80,80,80,80,80,80,80,80,80,80,80,80,80,80,80],"card_choices":[{"not_picked":["Hologram","Aggregate"],"picked":"Ball Lightning","floor":1.0},{"not_picked":["Steam","Sweeping Beam"],"picked":"Defragment","floor":3.0},{"not_picked":["Sweeping Beam","Streamline"],"picked":"Reboot","floor":6.0},{"not_picked":["Leap","Stack"],"picked":"Sweeping Beam","floor":7.0},{"not_picked":["Lockon","Ball Lightning"],"picked":"Coolheaded+1","floor":8.0},{"not_picked":["Rebound","Hyperbeam"],"picked":"Leap+1","floor":11.0},{"not_picked":["Scrape","Turbo+1"],"picked":"Cold Snap","floor":12.0},{"not_picked":["Streamline","Storm"],"picked":"Conserve Battery+1","floor":13.0},{"not_picked":["Rebound","Steam+1"],"picked":"Capacitor","floor":14.0},{"not_picked":["Echo Form","Meteor Strike"],"picked":"Multi-Cast+1","floor":16.0},{"not_picked":["Ball Lightning","Stack+1"],"picked":"Redo+1","floor":18.0},{"not_picked":["Hello World","Stack+1"],"picked":"Darkness+1","floor":24.0},{"not_picked":["Rebound","Conserve Battery+1","Storm"],"picked":"SKIP","floor":28.0},{"not_picked":["Hyperbeam","Reboot+1","Storm"],"picked":"SKIP","floor":29.0},{"not_picked":["Hyperbeam","Storm"],"picked":"Reboot+1","floor":29.0},{"not_picked":["Leap+1","Go for the Eyes"],"picked":"Coolheaded+1","floor":30.0},{"not_picked":["BootSequence+1","Hologram+1"],"picked":"Skim+1","floor":31.0},{"not_picked":["Buffer","Hyperbeam"],"picked":"Amplify+1","floor":33.0},{"not_picked":["Scrape+1","FTL"],"picked":"Chill+1","floor":35.0},{"not_picked":["Redo+1","Turbo+1"],"picked":"Compile Driver","floor":36.0},{"not_picked":["Scrape","Sweeping Beam"],"picked":"Double Energy+1","floor":39},{"not_picked":["Turbo+1","Beam Cell"],"picked":"Recycle+1","floor":40},{"not_picked":["Heatsinks","Beam Cell+1","Turbo+1"],"picked":"SKIP","floor":41},{"not_picked":["Rebound+1","Heatsinks","Conserve Battery+1"],"picked":"SKIP","floor":44},{"not_picked":["Rainbow+1","Storm"],"picked":"Barrage","floor":46},{"not_picked":["Scrape","Gash+1","Reboot+1"],"picked":"SKIP","floor":48},{"not_picked":["Beam Cell+1","Coolheaded+1","Steam+1"],"picked":"SKIP","floor":54}],"player_experience":388753,"relics_obtained":[{"floor":6.0,"key":"Emotion Chip"},{"floor":8.0,"key":"Toxic Egg 2"},{"floor":9.0,"key":"Shuriken"},{"floor":12.0,"key":"Bronze Scales"},{"floor":24.0,"key":"Ancient Tea Set"},{"floor":26.0,"key":"Tiny Chest"},{"floor":29.0,"key":"Bottled Flame"},{"floor":40,"key":"Anchor"},{"floor":43,"key":"Vajra"},{"floor":44,"key":"Cables"},{"floor":46,"key":"FossilizedHelix"},{"floor":48,"key":"Orichalcum"},{"floor":54,"key":"Symbiotic Virus"}],"event_choices":[{"damage_healed":0.0,"max_hp_gain":0.0,"max_hp_loss":0.0,"gold_gain":75.0,"event_name":"World of Goop","player_choice":"Gather Gold","floor":2.0,"gold_loss":0.0,"damage_taken":11.0},{"damage_healed":0.0,"max_hp_gain":0.0,"max_hp_loss":0.0,"gold_gain":0.0,"event_name":"The Cleric","player_choice":"Leave","floor":5.0,"gold_loss":0.0,"damage_taken":0.0},{"cards_removed":["Strike_B"],"damage_healed":0.0,"max_hp_gain":0.0,"max_hp_loss":0.0,"gold_gain":0.0,"event_name":"Beggar","player_choice":"Gave Gold","floor":20.0,"gold_loss":75.0,"damage_taken":0.0},{"damage_healed":0.0,"max_hp_gain":0.0,"max_hp_loss":0.0,"gold_gain":99.0,"event_name":"Nest","player_choice":"Stole From Cult","floor":21.0,"gold_loss":0.0,"damage_taken":0.0},{"damage_healed":0.0,"max_hp_gain":0.0,"max_hp_loss":0.0,"gold_gain":0.0,"event_name":"Knowing Skull","player_choice":"","floor":22.0,"potions_obtained":[],"gold_loss":0.0,"damage_taken":6.0,"cards_obtained":[]},{"damage_healed":0.0,"max_hp_gain":0.0,"max_hp_loss":0.0,"gold_gain":0.0,"event_name":"Lab","player_choice":"Got Potions","floor":37.0,"gold_loss":0.0,"damage_taken":0.0}],"is_beta":false,"boss_relics":[{"not_picked":["Coffee Dripper","Philosopher\u0027s Stone"],"picked":"Fusion Hammer"},{"not_picked":["Calling Bell","SlaversCollar"],"picked":"Pandora\u0027s Box"}],"items_purged_floors":[19,27,38,53],"is_endless":false,"potions_floor_spawned":[3,8,11,16,18,24,30,35,40,41,44,46],"ascension_level":7}}