{"host":"1c17lcvl7acx821p","time":1611915379,"event":{"mods":["AchievementEnabler","BaseMod","Colored Map","Minty Spire (QoL Compilation)","Quick Restart","Relic Sorter","StSLib"],"gold_per_floor":[168,168,186,186,205,232,232,267,267,267,300,315,334,334,334,411,411,425,435,435,447,447,11,22,22,52,64,64,64],"floor_reached":28,"language":"ENG","playtime":1823,"items_purged":["Strike_R"],"score":454,"play_id":"a65ba1bb-b474-41c2-b09e-b22fd9f64cd8","local_time":"20210129121619","is_ascension_mode":true,"campfire_choices":[{"data":"Uppercut","floor":7.0,"key":"SMITH"},{"data":"Pommel Strike","floor":10.0,"key":"SMITH"},{"floor":15.0,"key":"REST"},{"data":"Barricade","floor":25.0,"key":"SMITH"}],"circlet_count":0,"master_deck":["AscendersBane","Strike_R","Strike_R","Strike_R+1","Defend_R","Defend_R","Defend_R","Defend_R","Bash","Pommel Strike+1","Wild Strike","Regret","Second Wind+1","Flame Barrier","Uppercut+1","Shrug It Off","Offering","Shrug It Off","Shrug It Off","Barricade+1","Evolve","RitualDagger","Rampage","Impervious+1","True Grit+1","Master of Strategy+1","Wild Strike","Power Through+1"],"relics":["Tiny House","Self Forming Clay","Pen Nib","Pear","Mango","Mark of Pain","Toxic Egg 2","Paper Frog"],"acts_visited":["Exordium","TheCity"],"potions_floor_usage":[],"damage_taken":[{"damage":8.0,"enemies":"Small Slimes","floor":1.0,"turns":4.0},{"damage":5.0,"enemies":"Jaw Worm","floor":3.0,"turns":3.0},{"damage":4.0,"enemies":"Cultist","floor":5.0,"turns":3.0},{"damage":18.0,"enemies":"Gremlin Nob","floor":6.0,"turns":4.0},{"damage":24.0,"enemies":"Lagavulin","floor":8.0,"turns":8.0},{"damage":29.0,"enemies":"3 Sentries","floor":11.0,"turns":8.0},{"damage":17.0,"enemies":"Exordium Wildlife","floor":12.0,"turns":4.0},{"damage":3.0,"enemies":"Blue Slaver","floor":13.0,"turns":3.0},{"damage":8.0,"enemies":"Slime Boss","floor":16.0,"turns":10.0},{"damage":12.0,"enemies":"Spheric Guardian","floor":18.0,"turns":6.0},{"damage":6.0,"enemies":"Chosen","floor":19.0,"turns":6.0},{"damage":30.0,"enemies":"Shelled Parasite and Fungi","floor":21.0,"turns":10.0},{"damage":4.0,"enemies":"Sentry and Sphere","floor":24.0,"turns":17.0},{"damage":31.0,"enemies":"Book of Stabbing","floor":26.0,"turns":7.0},{"damage":7.0,"enemies":"Cultist and Chosen","floor":27.0,"turns":10.0},{"damage":21,"enemies":"Centurion and Healer","floor":28,"turns":1}],"seed_played":"-2008346480784370708","potions_obtained":[{"floor":0.0,"key":"Swift Potion"},{"floor":1.0,"key":"Swift Potion"},{"floor":3.0,"key":"Regen Potion"},{"floor":12.0,"key":"ElixirPotion"},{"floor":13.0,"key":"BlessingOfTheForge"},{"floor":16.0,"key":"CultistPotion"},{"floor":19.0,"key":"BloodPotion"},{"floor":21.0,"key":"BlessingOfTheForge"}],"is_trial":false,"path_per_floor":["M","?","M","?","M","E","R","E","T","R","E","M","M","?","R","B",null,"M","M","?","M","T","$","M","R","E","M","M"],"character_chosen":"IRONCLAD","items_purchased":["Impervious+1","True Grit+1","Master of Strategy+1"],"campfire_rested":1,"item_purchase_floors":[23,23,23],"current_hp_per_floor":[69,69,64,64,60,54,54,30,40,40,25,8,5,5,37,29,89,77,71,65,56,56,56,52,52,21,14,0,0],"gold":64,"neow_bonus":"BOSS_RELIC","is_daily":false,"chose_seed":false,"campfire_upgraded":3,"win_rate":0.0,"timestamp":1611915379,"path_taken":["M","?","M","?","M","E","R","E","T","R","E","?","M","?","R","BOSS","M","M","?","M","?","?","M","R","E","?","M"],"items_purchased_type":["Card","Card","Card"],"build_version":"2020-12-22","purchased_purges":1,"victory":false,"max_hp_per_floor":[85,85,85,85,85,85,85,85,95,95,109,109,109,109,109,109,109,109,109,109,109,109,109,109,109,109,109,109,109],"card_choices":[{"not_picked":["Thunderclap","True Grit"],"picked":"Pommel Strike","floor":0.0},{"not_picked":["Perfected Strike","Iron Wave"],"picked":"Wild Strike","floor":1.0},{"not_picked":["Havoc","Flex"],"picked":"Second Wind","floor":3.0},{"not_picked":["Entrench","Anger"],"picked":"Uppercut","floor":5.0},{"not_picked":["Sword Boomerang","Flex"],"picked":"Shrug It Off","floor":6.0},{"not_picked":["Uppercut","Anger","Iron Wave"],"picked":"SKIP","floor":8.0},{"not_picked":["Clash","Anger"],"picked":"Offering","floor":11.0},{"not_picked":["Pommel Strike","Havoc"],"picked":"Shrug It Off","floor":12.0},{"not_picked":["Warcry","Pummel"],"picked":"Shrug It Off","floor":13.0},{"not_picked":["Bludgeon","Double Tap"],"picked":"Barricade","floor":16.0},{"not_picked":["Sentinel","Body Slam"],"picked":"Evolve","floor":18.0},{"not_picked":["Clothesline","Havoc","Cleave"],"picked":"SKIP","floor":19.0},{"not_picked":["Armaments","Shockwave+1"],"picked":"Rampage","floor":21.0},{"not_picked":["Havoc+1","Clash+1"],"picked":"Wild Strike","floor":24.0},{"not_picked":["Burning Pact+1","Twin Strike+1"],"picked":"Power Through+1","floor":26.0},{"not_picked":["Thunderclap","Sword Boomerang","Anger"],"picked":"SKIP","floor":27.0}],"player_experience":237830,"relics_obtained":[{"floor":8.0,"key":"Pen Nib"},{"floor":9.0,"key":"Pear"},{"floor":11.0,"key":"Mango"},{"floor":22.0,"key":"Toxic Egg 2"},{"floor":26.0,"key":"Paper Frog"}],"event_choices":[{"damage_healed":0.0,"max_hp_gain":0.0,"max_hp_loss":0.0,"gold_gain":0.0,"event_name":"Big Fish","player_choice":"Box","floor":2.0,"gold_loss":0.0,"damage_taken":0.0,"relics_obtained":["Self Forming Clay"],"cards_obtained":["Regret"]},{"damage_healed":0.0,"max_hp_gain":0.0,"max_hp_loss":0.0,"gold_gain":0.0,"cards_transformed":["Strike_R"],"event_name":"Transmorgrifier","player_choice":"Transformed","floor":4.0,"gold_loss":0.0,"damage_taken":0.0,"cards_obtained":["Flame Barrier"]},{"damage_healed":0.0,"max_hp_gain":0.0,"max_hp_loss":0.0,"gold_gain":0.0,"event_name":"Living Wall","player_choice":"Grow","floor":14.0,"gold_loss":0.0,"damage_taken":0.0,"cards_upgraded":["Second Wind"]},{"damage_healed":0.0,"max_hp_gain":0.0,"max_hp_loss":0.0,"gold_gain":0.0,"event_name":"Nest","player_choice":"Joined the Cult","floor":20.0,"gold_loss":0.0,"damage_taken":6.0,"cards_obtained":["RitualDagger"]}],"is_beta":false,"boss_relics":[{"not_picked":["Ectoplasm","Busted Crown"],"picked":"Mark of Pain"}],"items_purged_floors":[23],"is_endless":false,"potions_floor_spawned":[1,3,12,13,16,19,21],"killed_by":"Centurion and Healer","ascension_level":13}}