{"host":"qekv59dthhdg54sz","time":1611920499,"event":{"mods":["AchievementEnabler","BaseMod","Colored Map","DeckTracker","KOR Keyword Fix","Minty Spire (QoL Compilation)","Rare Cards Sparkle","StSLib","SuperFastMode"],"gold_per_floor":[117,40,40,51,63,63,79,97,97,107,184,184,184],"floor_reached":12,"language":"KOR","playtime":207,"items_purged":[],"score":137,"play_id":"04781745-d662-48bc-a7dd-67806265dd00","local_time":"20210129204139","is_ascension_mode":true,"campfire_choices":[{"data":"Rampage","floor":6.0,"key":"SMITH"}],"circlet_count":0,"master_deck":["AscendersBane","Strike_R","Strike_R","Strike_R","Strike_R","Strike_R","Defend_R","Defend_R","Defend_R","Bash","Impervious","Power Through","Rampage+1","Fire Breathing","Second Wind","Barricade","Body Slam"],"relics":["Burning Blood","Strawberry","Darkstone Periapt"],"acts_visited":["Exordium"],"potions_floor_usage":[7,12],"damage_taken":[{"damage":3.0,"enemies":"2 Louse","floor":1.0,"turns":3.0},{"damage":11.0,"enemies":"Cultist","floor":4.0,"turns":4.0},{"damage":10.0,"enemies":"Small Slimes","floor":5.0,"turns":4.0},{"damage":40,"enemies":"Gremlin Gang","floor":7,"turns":6},{"damage":11,"enemies":"3 Louse","floor":8,"turns":4},{"damage":13,"enemies":"Blue Slaver","floor":10,"turns":3},{"damage":21,"enemies":"Gremlin Nob","floor":12,"turns":4}],"seed_played":"2117816567638914086","potions_obtained":[{"floor":4.0,"key":"PowerPotion"},{"floor":5.0,"key":"Regen Potion"},{"floor":7,"key":"SpeedPotion"}],"is_trial":false,"path_per_floor":["M","$","?","M","M","R","M","M","T","M","T","E"],"character_chosen":"IRONCLAD","items_purchased":["Power Through"],"campfire_rested":0,"item_purchase_floors":[2],"current_hp_per_floor":[71,71,71,66,62,62,28,23,30,23,23,14,14],"gold":184,"neow_bonus":"ONE_RANDOM_RARE_CARD","is_daily":false,"chose_seed":false,"campfire_upgraded":1,"win_rate":0.0,"timestamp":1611920499,"path_taken":["M","$","?","M","?","R","M","M","T","M","?","E"],"items_purchased_type":["Card"],"build_version":"2020-12-22","purchased_purges":0,"victory":false,"max_hp_per_floor":[75,75,75,75,75,75,75,75,82,82,82,82,82],"card_choices":[{"not_picked":["Body Slam","Infernal Blade","Warcry"],"picked":"SKIP","floor":1.0},{"not_picked":["Shrug It Off","Whirlwind"],"picked":"Fire Breathing","floor":4.0},{"not_picked":["Clothesline","Twin Strike"],"picked":"Second Wind","floor":5.0},{"not_picked":["Dual Wield","Flex"],"picked":"Barricade","floor":7},{"not_picked":["Sword Boomerang","Pommel Strike"],"picked":"Body Slam","floor":8},{"not_picked":["Body Slam","Heavy Blade","Sever Soul"],"picked":"SKIP","floor":10}],"player_experience":871435,"relics_obtained":[{"floor":9,"key":"Strawberry"},{"floor":11,"key":"Darkstone Periapt"}],"event_choices":[{"damage_healed":0.0,"max_hp_gain":0.0,"max_hp_loss":0.0,"gold_gain":0.0,"cards_transformed":["Defend_R"],"event_name":"Transmorgrifier","player_choice":"Transformed","floor":3.0,"gold_loss":0.0,"damage_taken":0.0,"cards_obtained":["Rampage"]}],"is_beta":false,"boss_relics":[],"items_purged_floors":[],"is_endless":false,"potions_floor_spawned":[4,5,7,10],"killed_by":"Gremlin Nob","ascension_level":18}}