{"host":"v0n6ky7dmveherv3","time":1611882218,"event":{"mods":["BaseMod","Better Third Choice","Downfall","Minty Spire (QoL Compilation)","StSLib"],"gold_per_floor":[99,118,137,152,152,180,266,278,321,333,345,20,20,38,52,150,150,150,166,176,36,53,63,131,131,145,145,164,182,215,215,230,335,335,235,253,303,303,323,337,337,371,371,104,130,130,162,176,193,193],"floor_reached":51,"language":"ENG","playtime":2904,"items_purged":["bronze:Strike"],"score":938,"play_id":"965fc07f-8939-42d2-8743-358d10a8af46","local_time":"20210128180338","is_ascension_mode":true,"campfire_choices":[{"data":"bronze:Goto","floor":1.0,"key":"SMITH"},{"data":"bronze:OilSpill","floor":8.0,"key":"SMITH"},{"data":"bronze:OilSpill","floor":10.0,"key":"SMITH"},{"data":"bronze:FindAndReplace","floor":13.0,"key":"SMITH"},{"data":"bronze:Terminator","floor":18.0,"key":"SMITH"},{"data":"bronze:Replicate","floor":25.0,"key":"SMITH"},{"data":"bronze:TinkerersToolbox","floor":27.0,"key":"SMITH"},{"data":"bronze:SpaghettiCode","floor":35,"key":"SMITH"},{"data":"bronze:Format","floor":43,"key":"SMITH"},{"data":"bronze:OilSpill","floor":46,"key":"SMITH"}],"circlet_count":0,"master_deck":["bronze:Replicate+1","bronze:Goto+1","bronze:FindAndReplace+1","bronze:ItsAFeature+1","bronze:HardenedForm+1","bronze:MaxOutput+1","bronze:ClassDefault+1","bronze:TinkerersToolbox+1","bronze:MaxOutput+1","bronze:FineTuning","bronze:BronzeOrb","bronze:Format+1","bronze:InfiniteBeams+1","bronze:SpaghettiCode+1","bronze:FunctionCard","bronze:FunctionCard","bronze:OilSpill","bronze:Overload","bronze:ForceShield+1","bronze:InfiniteBeams+1","bronze:OilSpill+1"],"relics":["bronze:BronzeCore","FossilizedHelix","MawBank","Gremlin Horn","White Beast Statue","Regal Pillow","Frozen Egg 2","Busted Crown","Orichalcum","Eternal Feather","WingedGreaves","Pandora\u0027s Box","downfall:HeartBlessingGreen","StoneCalendar","Bronze Scales","Anchor","Toolbox","InkBottle","Dream Catcher"],"acts_visited":["Exordium","TheCity","TheBeyond"],"potions_floor_usage":[],"damage_taken":[{"damage":0.0,"enemies":"Jaw Worm","floor":2.0,"turns":4.0},{"damage":0.0,"enemies":"2 Louse","floor":3.0,"turns":3.0},{"damage":0.0,"enemies":"Small Slimes","floor":4.0,"turns":2.0},{"damage":17.0,"enemies":"Gremlin Nob","floor":6.0,"turns":4.0},{"damage":8.0,"enemies":"3 Sentries","floor":9.0,"turns":6.0},{"damage":8.0,"enemies":"downfall:FleeingMerchant","floor":12.0,"turns":4.0},{"damage":0.0,"enemies":"Blue Slaver","floor":14.0,"turns":3.0},{"damage":0.0,"enemies":"Exordium Wildlife","floor":15.0,"turns":3.0},{"damage":30.0,"enemies":"WA_ARCHETYPE_RETAIN","floor":16.0,"turns":5.0},{"damage":0.0,"enemies":"3 Byrds","floor":19.0,"turns":4.0},{"damage":2.0,"enemies":"Shell Parasite","floor":20.0,"turns":4.0},{"damage":6.0,"enemies":"downfall:FleeingMerchant","floor":21.0,"turns":4.0},{"damage":0.0,"enemies":"Cultist and Chosen","floor":22.0,"turns":5.0},{"damage":0.0,"enemies":"Chosen and Byrds","floor":23.0,"turns":3.0},{"damage":17.0,"enemies":"Snake Plant","floor":26.0,"turns":3.0},{"damage":8.0,"enemies":"Centurion and Healer","floor":28.0,"turns":4.0},{"damage":0.0,"enemies":"Chosen and Byrds","floor":29.0,"turns":3.0},{"damage":12.0,"enemies":"Gremlin Leader","floor":30.0,"turns":3.0},{"damage":14.0,"enemies":"Snake Plant","floor":32.0,"turns":2.0},{"damage":39.0,"enemies":"DF_ARCHETYPE_CLAW","floor":33.0,"turns":5.0},{"damage":14,"enemies":"3 Shapes","floor":36,"turns":7},{"damage":0,"enemies":"3 Shapes","floor":37,"turns":4},{"damage":0,"enemies":"Orb Walker","floor":39,"turns":2},{"damage":0,"enemies":"Spire Growth","floor":40,"turns":3},{"damage":0,"enemies":"Reptomancer","floor":42,"turns":3},{"damage":0,"enemies":"Giant Head","floor":45,"turns":4},{"damage":0,"enemies":"Reptomancer","floor":47,"turns":3},{"damage":0,"enemies":"3 Darklings","floor":48,"turns":3},{"damage":0,"enemies":"Maw","floor":49,"turns":4},{"damage":27,"enemies":"SI_POISON_ARCHETYPE","floor":50,"turns":5}],"seed_played":"-180996980671913675","potions_obtained":[{"floor":2.0,"key":"Fruit Juice"},{"floor":9.0,"key":"Dexterity Potion"},{"floor":12.0,"key":"champ:CounterPotion"},{"floor":16.0,"key":"FearPotion"},{"floor":19.0,"key":"FairyPotion"},{"floor":22.0,"key":"LiquidMemories"},{"floor":28.0,"key":"DistilledChaos"},{"floor":30.0,"key":"Dexterity Potion"},{"floor":33.0,"key":"bronze:FreeFunctionsPotion"},{"floor":36,"key":"Weak Potion"},{"floor":39,"key":"FairyPotion"}],"is_trial":false,"path_per_floor":["R","M","M","M","?","E","T","R","E","R","?","$","R","M","M","B",null,"R","M","M","$","M","M","T","R","M","R","M","M","E","?","M","B",null,"R","M","?","?","M","M","T","E","R","$","E","R","E","M","M","B",null],"character_chosen":"THE_AUTOMATON","items_purchased":["Frozen Egg 2","bronze:ItsAFeature+1","bronze:ClassDefault+1","Orichalcum","bronze:TinkerersToolbox","bronze:InfiniteBeams+1","bronze:OilSpill","Toolbox"],"campfire_rested":0,"item_purchase_floors":[12,12,21,21,21,44,44,44],"current_hp_per_floor":[63,63,63,63,68,51,51,51,43,43,40,32,32,32,32,7,73,73,73,71,65,65,65,65,73,56,65,57,57,45,45,31,13,73,73,59,59,59,59,59,59,59,68,68,68,73,73,73,73,46],"gold":193,"neow_bonus":"ONE_RARE_RELIC","is_daily":false,"chose_seed":false,"campfire_upgraded":10,"win_rate":0.0,"timestamp":1611882218,"path_taken":["R","M","M","M","?","E","T","R","E","R","?","$","R","M","M","BOSS","R","M","M","$","M","M","T","R","M","R","M","M","E","?","M","BOSS","R","M","?","?","M","?","T","E","R","$","E","R","E","M","M","BOSS"],"items_purchased_type":["Relic","Card","Card","Relic","Card","Card","Card","Relic"],"build_version":"2020-12-22","purchased_purges":1,"victory":true,"max_hp_per_floor":[63,63,63,63,68,68,68,68,68,68,68,68,68,68,68,73,73,73,73,73,73,73,73,73,73,73,73,73,73,73,73,73,73,73,73,73,73,73,73,73,73,73,73,73,73,73,73,73,73,73],"card_choices":[{"not_picked":["bronze:Shield","bronze:CutThrough"],"picked":"bronze:OilSpill","floor":2.0},{"not_picked":["bronze:Iterate","bronze:Turbo"],"picked":"bronze:OilSpill","floor":3.0},{"not_picked":["bronze:DelayedGuard","bronze:Invalidate","bronze:BitShift"],"picked":"SKIP","floor":4.0},{"not_picked":["bronze:Philosophize","bronze:DelayedGuard"],"picked":"bronze:FindAndReplace","floor":6.0},{"not_picked":["bronze:GetLatest","bronze:Repair"],"picked":"bronze:Terminator","floor":9.0},{"not_picked":["bronze:Shell","bronze:Repair","bronze:Safeguard"],"picked":"SKIP","floor":12.0},{"not_picked":["bronze:Invalidate","bronze:Repair","bronze:Iterate"],"picked":"SKIP","floor":14.0},{"not_picked":["bronze:Return","bronze:Shell","bronze:BugBarrage"],"picked":"SKIP","floor":15.0},{"not_picked":["bronze:InfiniteLoop","bronze:Assembly"],"picked":"bronze:HardenedForm+1","floor":16.0},{"not_picked":["bronze:Flail"],"picked":"SKIP","floor":19.0},{"not_picked":[],"picked":"bronze:MaxOutput+1","floor":20.0},{"not_picked":["bronze:Overheat"],"picked":"SKIP","floor":21.0},{"not_picked":["bronze:Overheat"],"picked":"SKIP","floor":22.0},{"not_picked":["bronze:Branch"],"picked":"SKIP","floor":23.0},{"not_picked":[],"picked":"bronze:MaxOutput+1","floor":26.0},{"not_picked":["bronze:Shield"],"picked":"SKIP","floor":28.0},{"not_picked":["bronze:DelayedSlice+1"],"picked":"SKIP","floor":29.0},{"not_picked":["bronze:Backtrace"],"picked":"SKIP","floor":30.0},{"not_picked":[],"picked":"bronze:FineTuning","floor":32.0},{"not_picked":[],"picked":"bronze:Hardcode+1","floor":33.0},{"not_picked":[],"picked":"bronze:OilSpill","floor":36},{"not_picked":[],"picked":"bronze:Overload","floor":37},{"not_picked":["bronze:Refactor"],"picked":"SKIP","floor":39},{"not_picked":[],"picked":"bronze:ForceShield+1","floor":40},{"not_picked":["bronze:Turbo"],"picked":"SKIP","floor":42},{"not_picked":["bronze:BuggyMess+1"],"picked":"SKIP","floor":45},{"not_picked":["bronze:Turbo"],"picked":"SKIP","floor":47},{"not_picked":["bronze:DelayedSlice"],"picked":"SKIP","floor":48},{"not_picked":["bronze:BuggyMess+1"],"picked":"SKIP","floor":49}],"player_experience":131737,"relics_obtained":[{"floor":6.0,"key":"MawBank"},{"floor":7.0,"key":"Gremlin Horn"},{"floor":9.0,"key":"White Beast Statue"},{"floor":24.0,"key":"Eternal Feather"},{"floor":30.0,"key":"WingedGreaves"},{"floor":37,"key":"StoneCalendar"},{"floor":41,"key":"Bronze Scales"},{"floor":42,"key":"Anchor"},{"floor":45,"key":"InkBottle"},{"floor":47,"key":"Dream Catcher"}],"event_choices":[{"damage_healed":0.0,"max_hp_gain":5.0,"max_hp_loss":0.0,"gold_gain":0.0,"event_name":"Big Fish","player_choice":"Donut","floor":5.0,"gold_loss":0.0,"damage_taken":0.0},{"damage_healed":0.0,"max_hp_gain":0.0,"max_hp_loss":0.0,"gold_gain":0.0,"event_name":"betterThird:BetterScrap","player_choice":"Relic ","floor":11.0,"gold_loss":0.0,"damage_taken":3.0,"cards_obtained":["Infinite Blades"]},{"damage_healed":0.0,"max_hp_gain":0.0,"max_hp_loss":0.0,"gold_gain":0.0,"event_name":"Vampires","player_choice":"Ignored","floor":31.0,"gold_loss":0.0,"damage_taken":0.0}],"is_beta":false,"boss_relics":[{"not_picked":["Snecko Eye","Tiny House"],"picked":"Busted Crown"},{"not_picked":["Astrolabe","Philosopher\u0027s Stone"],"picked":"Pandora\u0027s Box"}],"items_purged_floors":[21],"is_endless":false,"potions_floor_spawned":[2,9,12,14,15,16,19,20,21,22,23,26,28,29,30,32,33,36,37,39,40,42,45,47,48,49],"ascension_level":1}}