{"host":"nlowmoq7gy18n72d","time":1611929775,"event":{"mods":["BaseMod","Colored Powertips","Conspire","Downfall","Hermit","Highlight Path","Infinite Spire","Jorbs\u0027s Wanderer Trilogy","Minty Spire (QoL Compilation)","Rare Cards Sparkle","Replay The Spire","StSLib","The Cursed","The Hierophant"],"gold_per_floor":[124,148,160,172,184,196,251,286,366,378,421,433,445,480,492,504,504],"floor_reached":16,"language":"ENG","playtime":524,"items_purged":[],"score":113,"play_id":"962a26aa-0bb5-48d4-a599-35c6c4a1af32","local_time":"20210129171615","is_ascension_mode":true,"campfire_choices":[{"data":"hermit:Snipe","floor":6,"key":"SMITH"},{"floor":10,"key":"REST"},{"data":"hermit:Headshot","floor":15,"key":"SMITH"}],"circlet_count":0,"master_deck":["hermit:Strike_Hermit","hermit:Strike_Hermit","hermit:Strike_Hermit","hermit:Strike_Hermit","hermit:Defend_Hermit","hermit:Defend_Hermit","hermit:Defend_Hermit","hermit:Defend_Hermit","hermit:Snapshot+1","hermit:Covet","Regret","hermit:TakeCover","hermit:Snipe+1","hermit:Headshot+1","hermit:Reprieve","hermit:HighNoon+1","Injury","hermit:Malice"],"relics":["hermit:Momento","MawBank","Golden Idol","ReplayFunnel","Frozen Egg 2","Bag of Preparation"],"acts_visited":["Exordium"],"potions_floor_usage":[7,11,14,16],"damage_taken":[{"damage":4,"enemies":"Jaw Worm","floor":1,"turns":4},{"damage":2,"enemies":"conspire:RoseBush","floor":2,"turns":3},{"damage":25,"enemies":"Lagavulin","floor":7,"turns":8},{"damage":5,"enemies":"Small Slimes","floor":8,"turns":3},{"damage":25,"enemies":"Gremlin Nob","floor":11,"turns":5},{"damage":1,"enemies":"3 Louse","floor":14,"turns":3},{"damage":2,"enemies":"Fading Forest","floor":16,"turns":7}],"seed_played":"6010128286803075333","potions_obtained":[{"floor":1,"key":"infinitespire:BlackPotion"},{"floor":2,"key":"Weak Potion"},{"floor":11,"key":"Energy Potion"},{"floor":14,"key":"DistilledChaos"}],"is_trial":false,"path_per_floor":["M","M","?","?","?","R","E","M","T","R","E","?","?","M","R","B"],"character_chosen":"HERMIT","items_purchased":[],"campfire_rested":1,"item_purchase_floors":[],"current_hp_per_floor":[71,69,69,69,51,51,26,21,21,43,22,22,22,21,21,33,33],"gold":504,"neow_bonus":"RANDOM_EVENT","is_daily":false,"chose_seed":false,"campfire_upgraded":2,"win_rate":0.0,"timestamp":1611929775,"path_taken":["M","M","?","?","?","R","E","M","T","R","E","?","?","M","R","BOSS"],"items_purchased_type":[],"build_version":"2020-12-22","purchased_purges":0,"victory":false,"max_hp_per_floor":[75,75,75,75,75,75,75,75,75,75,75,75,75,75,75,75,75],"card_choices":[{"not_picked":["hermit:Headshot","hermit:Ricochet"],"picked":"hermit:TakeCover","floor":1},{"not_picked":["hermit:Dive","hermit:Misfire"],"picked":"hermit:Snipe","floor":2},{"not_picked":["hermit:Roulette","hermit:LoneWolf"],"picked":"hermit:Headshot","floor":7},{"not_picked":["hermit:Headshot","hermit:SprayPray"],"picked":"hermit:Reprieve","floor":8},{"not_picked":["hermit:Ricochet","hermit:DeadMansHand"],"picked":"hermit:HighNoon+1","floor":11},{"not_picked":["hermit:TakeAim+1","hermit:Feint"],"picked":"hermit:Malice","floor":14}],"player_experience":736443,"relics_obtained":[{"floor":7,"key":"ReplayFunnel"},{"floor":9,"key":"Frozen Egg 2"},{"floor":11,"key":"Bag of Preparation"}],"event_choices":[{"damage_healed":0,"gold_gain":0,"player_choice":"Box","damage_taken":0,"relics_obtained":["MawBank"],"max_hp_gain":0,"max_hp_loss":0,"event_name":"Big Fish","floor":0,"gold_loss":0,"cards_obtained":["Regret"]},{"damage_healed":0,"gold_gain":0,"player_choice":"Grow","damage_taken":0,"max_hp_gain":0,"max_hp_loss":0,"event_name":"Living Wall","floor":3,"gold_loss":0,"cards_upgraded":["hermit:Snapshot"]},{"damage_healed":0,"gold_gain":0,"player_choice":"Take Damage","damage_taken":18,"relics_obtained":["Golden Idol"],"max_hp_gain":0,"max_hp_loss":0,"event_name":"Golden Idol","floor":5,"gold_loss":0},{"damage_healed":0,"gold_gain":0,"player_choice":"Leave","damage_taken":0,"max_hp_gain":0,"max_hp_loss":0,"event_name":"conspire:Investor","floor":12,"gold_loss":0}],"is_beta":false,"boss_relics":[],"items_purged_floors":[],"is_endless":false,"potions_floor_spawned":[1,2,11,14],"killed_by":"Fading Forest","ascension_level":1}}