{"host":"zsnmfqgcm92hlreo","time":1611911274,"event":{"mods":["AchievementEnabler","BaseMod","Bestiary","Block Reminder","Colored Powertips","Minty Spire (QoL Compilation)","Permanent Neow","Quick Restart","Relic Stats","Weighted Paths"],"gold_per_floor":[114,126,141,158,158,186,186,206,206,222,34,34,34,73,73,164,164,164,79,79,79,79,79,79,79,79,79,79,79,79,79,79,79,79,79,79,79,79,79,79,79,79,79,79,79,79,4,4,4,4,4],"floor_reached":52,"language":"ENG","playtime":2786,"items_purged":["Writhe"],"score":2188,"play_id":"e3773747-f1dc-489e-861a-38aa27ede470","local_time":"20210129030754","is_ascension_mode":true,"campfire_choices":[{"floor":7.0,"key":"REST"},{"floor":12.0,"key":"REST"},{"data":"Caltrops","floor":15.0,"key":"SMITH"},{"data":"Wraith Form v2","floor":23.0,"key":"SMITH"},{"data":"Cloak And Dagger","floor":29.0,"key":"SMITH"},{"data":"Leg Sweep","floor":32.0,"key":"SMITH"},{"floor":41.0,"key":"REST"},{"floor":49,"key":"DIG"}],"circlet_count":0,"master_deck":["AscendersBane","Survivor","Neutralize","Deflect","Noxious Fumes","All Out Attack+1","Tools of the Trade","Catalyst","Sucker Punch","Quick Slash+1","Outmaneuver","Crippling Poison","Glass Knife","Deadly Poison","Blade Dance","Glass Knife","Cloak And Dagger+1","Heel Hook","Cloak And Dagger+1","Blade Dance","Caltrops+1","Leg Sweep+1","Poisoned Stab","Terror","Wraith Form v2+1","Dagger Spray","Backflip","Endless Agony","Footwork","Blade Dance","Cloak And Dagger+1","Ghostly","Ghostly","Ghostly","PiercingWail","Corpse Explosion","Accuracy","Finisher","Leg Sweep","Endless Agony","PiercingWail","Caltrops","Accuracy","Accuracy"],"relics":["Pandora\u0027s Box","Matryoshka","Nunchaku","Shuriken","Golden Idol","InkBottle","Ectoplasm","Orichalcum","War Paint","TungstenRod","Pen Nib","Gremlin Horn","Oddly Smooth Stone","MutagenicStrength","Runic Pyramid","CeramicFish","Molten Egg 2","Shovel","Mercury Hourglass","Pantograph"],"acts_visited":["Exordium","TheCity","TheBeyond"],"potions_floor_usage":[50],"damage_taken":[{"damage":0.0,"enemies":"Cultist","floor":1.0,"turns":3.0},{"damage":0.0,"enemies":"2 Louse","floor":2.0,"turns":2.0},{"damage":1.0,"enemies":"Jaw Worm","floor":3.0,"turns":2.0},{"damage":8.0,"enemies":"Looter","floor":4.0,"turns":3.0},{"damage":8.0,"enemies":"Lagavulin","floor":6.0,"turns":5.0},{"damage":3.0,"enemies":"Exordium Wildlife","floor":8.0,"turns":4.0},{"damage":15.0,"enemies":"Exordium Thugs","floor":10.0,"turns":3.0},{"damage":6.0,"enemies":"Gremlin Nob","floor":14.0,"turns":3.0},{"damage":0.0,"enemies":"Slime Boss","floor":16.0,"turns":6.0},{"damage":6.0,"enemies":"3 Byrds","floor":18.0,"turns":2.0},{"damage":0.0,"enemies":"Chosen","floor":20.0,"turns":5.0},{"damage":7.0,"enemies":"Sentry and Sphere","floor":22.0,"turns":3.0},{"damage":15.0,"enemies":"Gremlin Leader","floor":24.0,"turns":4.0},{"damage":0.0,"enemies":"Snake Plant","floor":25.0,"turns":4.0},{"damage":0.0,"enemies":"Slavers","floor":27.0,"turns":3.0},{"damage":0.0,"enemies":"Shelled Parasite and Fungi","floor":30.0,"turns":4.0},{"damage":7.0,"enemies":"Automaton","floor":33.0,"turns":6.0},{"damage":0.0,"enemies":"3 Darklings","floor":35.0,"turns":5.0},{"damage":0.0,"enemies":"3 Shapes","floor":36.0,"turns":2.0},{"damage":0.0,"enemies":"Maw","floor":38.0,"turns":7.0},{"damage":5.0,"enemies":"Reptomancer","floor":40.0,"turns":5.0},{"damage":0.0,"enemies":"Nemesis","floor":42.0,"turns":3.0},{"damage":6.0,"enemies":"Writhing Mass","floor":44.0,"turns":7.0},{"damage":0.0,"enemies":"Giant Head","floor":45.0,"turns":7.0},{"damage":0.0,"enemies":"Sphere and 2 Shapes","floor":46.0,"turns":3.0},{"damage":0,"enemies":"Jaw Worm Horde","floor":48,"turns":2},{"damage":17,"enemies":"Time Eater","floor":50,"turns":11},{"damage":24,"enemies":"Awakened One","floor":51,"turns":9}],"seed_played":"-5156895297995434666","potions_obtained":[{"floor":2.0,"key":"EntropicBrew"},{"floor":18.0,"key":"Poison Potion"},{"floor":24.0,"key":"FairyPotion"},{"floor":30.0,"key":"BlessingOfTheForge"},{"floor":33.0,"key":"DuplicationPotion"}],"is_trial":false,"path_per_floor":["M","M","M","M","?","E","R","M","T","M","$","R","?","E","R","B",null,"M","?","M","?","M","R","E","M","T","E","?","R","M","?","R","B",null,"M","M","?","M","?","E","R","E","T","M","E","M","$","M","R","B","B",null],"character_chosen":"THE_SILENT","items_purchased":["Caltrops","Leg Sweep","Poisoned Stab"],"campfire_rested":3,"item_purchase_floors":[11,11,11],"current_hp_per_floor":[59,59,58,50,30,22,41,38,38,23,23,42,42,36,36,36,54,48,48,48,48,41,41,26,26,26,26,26,26,26,26,26,19,27,27,27,27,27,27,22,28,28,28,22,22,22,22,22,22,11,4],"gold":4,"neow_bonus":"BOSS_RELIC","is_daily":false,"chose_seed":false,"campfire_upgraded":4,"win_rate":0.0,"timestamp":1611911274,"path_taken":["M","M","?","?","?","E","R","M","T","M","$","R","?","E","R","BOSS","BOSS","M","?","M","?","?","R","E","M","T","E","?","R","M","?","R","BOSS","M","M","?","M","?","E","R","E","T","M","E","M","$","?","R","BOSS","BOSS"],"items_purchased_type":["Card","Card","Card"],"build_version":"2020-12-22","purchased_purges":1,"victory":true,"max_hp_per_floor":[66,66,66,66,66,66,66,66,66,66,66,66,60,60,60,60,60,60,60,60,60,60,60,60,60,60,60,30,30,30,30,30,30,30,30,30,28,28,28,28,28,28,28,28,28,28,28,28,28,28,28],"relic_stats":{"Gremlin Horn":[20,19],"counters":[28,123],"Golden Idol":186,"CeramicFish":0,"Pen Nib":[26],"Orichalcum":[210],"War Paint":["Cloak And Dagger","Cloak And Dagger"],"Mercury Hourglass":[69],"Nunchaku":[35],"Shovel":1,"Shuriken":[85],"Pantograph":23,"Pandora\u0027s Box":["Deflect","Noxious Fumes","All Out Attack","Tools of the Trade","Catalyst","Sucker Punch","Quick Slash","Outmaneuver","Crippling Poison","Glass Knife"],"Ectoplasm":593,"obtain_stats":[{"Gremlin Horn":26,"Golden Idol":13,"CeramicFish":40,"Oddly Smooth Stone":27,"Pen Nib":26,"Orichalcum":19,"War Paint":21,"Mercury Hourglass":45,"Nunchaku":9,"Matryoshka":6,"Shovel":43,"Shuriken":9,"MutagenicStrength":31,"Pantograph":49,"Pandora\u0027s Box":0,"Molten Egg 2":42,"Ectoplasm":17,"InkBottle":14,"TungstenRod":24,"Ring of the Snake":0,"Runic Pyramid":34},{"Gremlin Horn":14,"Golden Idol":7,"CeramicFish":21,"Oddly Smooth Stone":15,"Pen Nib":14,"Orichalcum":10,"War Paint":11,"Mercury Hourglass":24,"Nunchaku":6,"Matryoshka":5,"Shovel":22,"Shuriken":6,"MutagenicStrength":16,"Pantograph":26,"Pandora\u0027s Box":0,"Molten Egg 2":22,"Ectoplasm":9,"InkBottle":8,"TungstenRod":13,"Ring of the Snake":0,"Runic Pyramid":17},{"Gremlin Horn":49,"Golden Idol":22,"CeramicFish":81,"Oddly Smooth Stone":52,"Pen Nib":49,"Orichalcum":33,"War Paint":38,"Mercury Hourglass":98,"Nunchaku":19,"Matryoshka":15,"Shovel":84,"Shuriken":19,"MutagenicStrength":56,"Pantograph":103,"Pandora\u0027s Box":0,"Molten Egg 2":84,"Ectoplasm":31,"InkBottle":25,"TungstenRod":45,"Ring of the Snake":0,"Runic Pyramid":62}],"InkBottle":[57],"TungstenRod":7},"card_choices":[{"not_picked":["Flying Knee","Predator"],"picked":"Deadly Poison","floor":1.0},{"not_picked":["Setup","Sucker Punch"],"picked":"Blade Dance","floor":2.0},{"not_picked":["Riddle With Holes","Flying Knee"],"picked":"Glass Knife","floor":3.0},{"not_picked":["Quick Slash","Blade Dance"],"picked":"Cloak And Dagger","floor":4.0},{"not_picked":["Dagger Throw","Flying Knee"],"picked":"Heel Hook","floor":6.0},{"not_picked":["Endless Agony","Burst"],"picked":"Cloak And Dagger","floor":8.0},{"not_picked":["Cloak And Dagger","Underhanded Strike"],"picked":"Blade Dance","floor":10.0},{"not_picked":["Acrobatics","Poisoned Stab"],"picked":"Terror","floor":14.0},{"not_picked":["Grand Finale","Phantasmal Killer"],"picked":"Wraith Form v2","floor":16.0},{"not_picked":["Distraction","Quick Slash"],"picked":"Dagger Spray","floor":18.0},{"not_picked":["Crippling Poison","Flying Knee"],"picked":"Backflip","floor":20.0},{"not_picked":["Heel Hook","Poisoned Stab"],"picked":"Endless Agony","floor":22.0},{"not_picked":["Quick Slash","Doppelganger"],"picked":"Footwork","floor":24.0},{"not_picked":["Dagger Spray","Dodge and Roll"],"picked":"Blade Dance","floor":25.0},{"not_picked":["Predator","Quick Slash"],"picked":"Cloak And Dagger","floor":27.0},{"not_picked":["Backflip","Underhanded Strike"],"picked":"PiercingWail","floor":30.0},{"not_picked":["Storm of Steel","Adrenaline"],"picked":"Corpse Explosion","floor":33.0},{"not_picked":["Flechettes","Blade Dance"],"picked":"Accuracy","floor":35.0},{"not_picked":["Prepared+1","Infinite Blades"],"picked":"Finisher","floor":36.0},{"not_picked":["Acrobatics","Quick Slash"],"picked":"Leg Sweep","floor":38.0},{"not_picked":["Poisoned Stab","Masterful Stab"],"picked":"Endless Agony","floor":40.0},{"not_picked":["Blade Dance+1","Deadly Poison+1"],"picked":"PiercingWail","floor":42.0},{"not_picked":["Outmaneuver+1","Dagger Throw+1"],"picked":"Caltrops","floor":44.0},{"not_picked":["Backflip+1","Sucker Punch+1"],"picked":"Accuracy","floor":45.0},{"not_picked":["Distraction","Masterful Stab+1"],"picked":"Accuracy","floor":46},{"not_picked":["Reflex","Dodge and Roll+1","Setup"],"picked":"SKIP","floor":48}],"player_experience":934584,"relics_obtained":[{"floor":6.0,"key":"Matryoshka"},{"floor":9.0,"key":"Nunchaku"},{"floor":9.0,"key":"Shuriken"},{"floor":14.0,"key":"InkBottle"},{"floor":24.0,"key":"TungstenRod"},{"floor":26.0,"key":"Pen Nib"},{"floor":26.0,"key":"Gremlin Horn"},{"floor":27.0,"key":"Oddly Smooth Stone"},{"floor":40.0,"key":"CeramicFish"},{"floor":42.0,"key":"Molten Egg 2"},{"floor":43.0,"key":"Shovel"},{"floor":45.0,"key":"Mercury Hourglass"},{"floor":49,"key":"Pantograph"}],"event_choices":[{"damage_healed":0.0,"max_hp_gain":0.0,"max_hp_loss":0.0,"gold_gain":0.0,"event_name":"Shining Light","player_choice":"Entered Light","floor":5.0,"gold_loss":0.0,"damage_taken":20.0,"cards_upgraded":["Quick Slash","All Out Attack"]},{"damage_healed":0.0,"max_hp_gain":0.0,"max_hp_loss":6.0,"gold_gain":0.0,"event_name":"Golden Idol","player_choice":"Lose Max HP","floor":13.0,"gold_loss":0.0,"damage_taken":0.0,"relics_obtained":["Golden Idol"]},{"damage_healed":0.0,"max_hp_gain":0.0,"max_hp_loss":0.0,"gold_gain":0.0,"event_name":"Addict","player_choice":"Obtained Relic","floor":19.0,"gold_loss":85.0,"damage_taken":0.0,"relics_obtained":["Orichalcum"]},{"damage_healed":0.0,"max_hp_gain":0.0,"max_hp_loss":0.0,"gold_gain":0.0,"event_name":"The Mausoleum","player_choice":"Opened","floor":21.0,"gold_loss":0.0,"damage_taken":0.0,"relics_obtained":["War Paint"],"cards_obtained":["Writhe"]},{"damage_healed":0.0,"max_hp_gain":0.0,"max_hp_loss":30.0,"gold_gain":0.0,"event_name":"Ghosts","player_choice":"Became a Ghost","floor":28.0,"gold_loss":0.0,"damage_taken":0.0,"cards_obtained":["Ghostly","Ghostly","Ghostly"]},{"damage_healed":0.0,"max_hp_gain":0.0,"max_hp_loss":0.0,"gold_gain":0.0,"event_name":"Drug Dealer","player_choice":"Inject Mutagens","floor":31.0,"gold_loss":0.0,"damage_taken":0.0,"relics_obtained":["MutagenicStrength"]},{"damage_healed":0.0,"max_hp_gain":0.0,"max_hp_loss":2.0,"gold_gain":0.0,"event_name":"Winding Halls","player_choice":"Max HP","floor":37.0,"gold_loss":0.0,"damage_taken":0.0},{"damage_healed":0.0,"max_hp_gain":0.0,"max_hp_loss":0.0,"gold_gain":50.0,"event_name":"Golden Shrine","player_choice":"Pray","floor":39.0,"gold_loss":0.0,"damage_taken":0.0}],"is_beta":false,"boss_relics":[{"not_picked":["Black Star","Runic Dome"],"picked":"Ectoplasm"},{"not_picked":["HoveringKite","Velvet Choker"],"picked":"Runic Pyramid"}],"items_purged_floors":[47],"is_endless":false,"potions_floor_spawned":[2,4,6,14,18,24,30,33,36,38,42,48],"ascension_level":20}}