{"host":"dscols65uipasqd2","time":1611904070,"event":{"mods":["2.2 Compatiblity","AchievementEnabler","Aspiration","BaseMod","Colored Powertips","Downfall","Energized Spire","GifTheSpireLib","Hermit","Hubris","Infinite Spire","JesterMod","Jorbs\u0027s Wanderer Trilogy","Magitek Elite","Marisa????????","Minty Spire (QoL Compilation)","Rare Cards Sparkle","Replay The Spire","StSLib","Stuff the Spire","The Cursed","The Disciple","The Hierophant","The Judge","The Jungle","TheFirefly"],"gold_per_floor":[99,119,137,137,587,599,625,625,625,660,97,97,97,114,129,129,129,129],"floor_reached":16,"language":"ENG","playtime":904,"items_purged":[],"score":200,"play_id":"0924ca59-e1a2-4b3b-93cb-8097f34918e7","local_time":"20210129020750","is_ascension_mode":false,"campfire_choices":[{"data":"hexamod:Sear","floor":1,"key":"SMITH"},{"floor":9,"key":"REST"},{"floor":13,"key":"REST"}],"circlet_count":0,"master_deck":["hexamod:Strike","hexamod:Strike","hexamod:Strike","hexamod:Strike","hexamod:Defend","hexamod:Defend","hexamod:Defend","hexamod:Defend","hexamod:Sear+1","hexamod:Float","hexamod:StepThrough","hexamod:InspiringFlames","hubris:Disease","hubris:Sloth","Replay:Fractal Strike","downfall:Icky","downfall:Icky","downfall:Icky","hexamod:PhantomCloak","Regret","hexamod:BurningTouch","hexamod:ExtraCrispy","expansioncontent:DashGenerateEvil","hexamod:HeatMetal","hexamod:SpectersWail","bronze:Turbo","hexamod:HauntingEcho"],"relics":["hexamod:SpiritBrand","StuffTheSpire:ForceGauntlet","Incense Burner","Vajra","aspiration:Nostalgia","m_BronzeBlood"],"acts_visited":["Exordium"],"potions_floor_usage":[10,16],"damage_taken":[{"damage":3,"enemies":"Small Slimes","floor":2,"turns":3},{"damage":13,"enemies":"2 Louse","floor":3,"turns":3},{"damage":8,"enemies":"Jaw Worm","floor":6,"turns":5},{"damage":61,"enemies":"3 Sentries","floor":10,"turns":17},{"damage":4,"enemies":"downfall:FleeingMerchant","floor":11,"turns":4},{"damage":26,"enemies":"Large Slime","floor":14,"turns":7},{"damage":12,"enemies":"Exordium Thugs","floor":15,"turns":4},{"damage":46,"enemies":"WA_ARCHETYPE_RETAIN","floor":16,"turns":6}],"seed_played":"-4633398487684930897","potions_obtained":[{"floor":2,"key":"Block Potion"},{"floor":14,"key":"Milkshake"},{"floor":15,"key":"Languid Potion"}],"is_trial":false,"path_per_floor":["R","M","M","?","?","M","T","?","R","E","$","?","R","M","M","B"],"character_chosen":"THE_SPIRIT","items_purchased":["Vajra","aspiration:Nostalgia","expansioncontent:DashGenerateEvil","hexamod:HeatMetal","hexamod:SpectersWail"],"campfire_rested":2,"item_purchase_floors":[11,11,11,11,11],"current_hp_per_floor":[77,74,61,61,61,53,53,53,76,15,11,34,57,37,31,0,0,0],"gold":129,"neow_bonus":"TEN_PERCENT_HP_BONUS","is_daily":false,"chose_seed":false,"campfire_upgraded":1,"win_rate":0.0,"timestamp":1611904070,"path_taken":["R","M","M","?","?","M","T","?","R","E","$","?","R","M","M","BOSS"],"items_purchased_type":["Relic","Relic","Card","Card","Card"],"build_version":"2020-12-22","purchased_purges":0,"victory":false,"max_hp_per_floor":[77,77,77,77,77,77,77,77,77,77,77,77,77,77,77,77,77,77],"card_choices":[{"not_picked":["hexamod:ShieldOfDarkness","hexamod:AdvancingGuard"],"picked":"hexamod:StepThrough","floor":2},{"not_picked":["hexamod:HeatCrush","hexamod:GhostShield"],"picked":"hexamod:InspiringFlames","floor":3},{"not_picked":["infinitespire:TheBestDefense","infinitespire:NeuralNetwork"],"picked":"Replay:Fractal Strike","floor":4},{"not_picked":["hexamod:GhostLash","hexamod:GhostflameBarrier"],"picked":"hexamod:PhantomCloak","floor":6},{"not_picked":["hexamod:GhostShield","hexamod:NightmareStrike"],"picked":"hexamod:BurningTouch","floor":10},{"not_picked":["hexamod:DynamicBlow","hexamod:Again"],"picked":"hexamod:ExtraCrispy","floor":11},{"not_picked":["hexamod:HexaLevel","hexamod:GhostOfSpireFuture"],"picked":"bronze:Turbo","floor":14},{"not_picked":["bronze:Turbo","hexamod:NightmareStrike"],"picked":"hexamod:HauntingEcho","floor":15}],"player_experience":492753,"relics_obtained":[{"floor":10,"key":"Incense Burner"}],"event_choices":[{"damage_healed":0,"gold_gain":0,"player_choice":"Box","damage_taken":0,"relics_obtained":["StuffTheSpire:ForceGauntlet"],"max_hp_gain":0,"max_hp_loss":0,"event_name":"Big Fish","floor":8,"gold_loss":0,"cards_obtained":["Regret"]}],"is_beta":false,"boss_relics":[],"items_purged_floors":[],"is_endless":false,"potions_floor_spawned":[2,14,15],"killed_by":"WA_ARCHETYPE_RETAIN","ascension_level":0}}