{"host":"q0qnzbgdx8oqogg9","time":1611953374,"event":{"mods":["BaseMod","Minty Spire (QoL Compilation)","StSLib"],"gold_per_floor":[365,17,30,50,125,136,165,181,181,181,181,259,279,31,31,126,126,149,168,168,186,61,61,86,86,86,86,8,32,70,84,84,84,84],"floor_reached":33,"language":"ENG","playtime":1274,"items_purged":["Strike_G","Strike_G","Strike_G"],"score":444,"play_id":"54252918-525a-4a9e-9094-5e72bb5f83c7","local_time":"20210129154934","is_ascension_mode":true,"campfire_choices":[{"floor":10.0,"key":"REST"},{"floor":15.0,"key":"REST"},{"floor":23.0,"key":"REST"},{"floor":25.0,"key":"REST"},{"floor":32,"key":"REST"}],"circlet_count":0,"master_deck":["AscendersBane","Strike_G","Strike_G+1","Defend_G","Defend_G+1","Defend_G","Defend_G+1","Defend_G","Survivor+1","Neutralize","Blade Dance","Noxious Fumes","Blade Dance","Dagger Throw","Footwork","Predator","Backflip","Deadly Poison+1","Dash","LessonLearned","Body Slam","Spot Weakness","Footwork","Leap","Thinking Ahead"],"relics":["Ring of the Snake","Snake Skull","Happy Flower","CaptainsWheel","Golden Idol","Question Card","PrismaticShard","Sozu","Pocketwatch","Paper Crane","Art of War"],"acts_visited":["Exordium","TheCity"],"potions_floor_usage":[],"damage_taken":[{"damage":11.0,"enemies":"Jaw Worm","floor":1.0,"turns":7.0},{"damage":0.0,"enemies":"Small Slimes","floor":3.0,"turns":3.0},{"damage":0.0,"enemies":"Cultist","floor":4.0,"turns":3.0},{"damage":0.0,"enemies":"2 Fungi Beasts","floor":6.0,"turns":3.0},{"damage":21.0,"enemies":"Gremlin Nob","floor":7.0,"turns":4.0},{"damage":0.0,"enemies":"Red Slaver","floor":8.0,"turns":4.0},{"damage":8.0,"enemies":"Lagavulin Event","floor":12.0,"turns":6.0},{"damage":0.0,"enemies":"Large Slime","floor":13.0,"turns":4.0},{"damage":6.0,"enemies":"Slime Boss","floor":16.0,"turns":7.0},{"damage":17.0,"enemies":"2 Thieves","floor":18.0,"turns":5.0},{"damage":0.0,"enemies":"Chosen","floor":19.0,"turns":4.0},{"damage":20.0,"enemies":"Shelled Parasite and Fungi","floor":21.0,"turns":4.0},{"damage":14.0,"enemies":"Centurion and Healer","floor":24.0,"turns":6.0},{"damage":17.0,"enemies":"3 Cultists","floor":29.0,"turns":6.0},{"damage":12,"enemies":"Gremlin Leader","floor":30,"turns":6},{"damage":0,"enemies":"Chosen and Byrds","floor":31,"turns":7},{"damage":34,"enemies":"Champ","floor":33,"turns":10}],"seed_played":"-409992252868405937","potions_obtained":[{"floor":3.0,"key":"Weak Potion"},{"floor":7.0,"key":"BlessingOfTheForge"},{"floor":12.0,"key":"LiquidMemories"},{"floor":16.0,"key":"CunningPotion"}],"is_trial":false,"path_per_floor":["M","$","M","M","?","M","E","M","T","R","?","?","M","$","R","B",null,"M","M","?","M","$","R","M","R","T","?","$","M","E","M","R","B"],"character_chosen":"THE_SILENT","items_purchased":["Snake Skull","Noxious Fumes","Blade Dance","PrismaticShard","Footwork"],"campfire_rested":5,"item_purchase_floors":[2,2,2,14,28],"current_hp_per_floor":[34,34,34,34,23,23,2,2,2,23,23,15,15,15,34,28,56,39,39,39,19,19,38,24,43,43,43,43,26,14,14,33,0,0],"gold":84,"neow_bonus":"TWO_FIFTY_GOLD","is_daily":false,"chose_seed":false,"campfire_upgraded":0,"win_rate":0.0,"timestamp":1611953374,"path_taken":["M","$","M","M","?","M","E","M","T","R","?","?","M","$","R","BOSS","M","M","?","M","?","R","M","R","T","?","$","M","E","?","R","BOSS"],"items_purchased_type":["Relic","Card","Card","Relic","Card"],"build_version":"2020-12-22","purchased_purges":3,"victory":false,"max_hp_per_floor":[70,70,70,70,70,70,70,70,70,70,65,65,65,65,65,65,65,65,65,65,65,65,65,65,65,65,65,65,65,65,65,65,65,65],"card_choices":[{"not_picked":["Leg Sweep","Outmaneuver"],"picked":"Blade Dance","floor":1.0},{"not_picked":["Slice","Underhanded Strike"],"picked":"Dagger Throw","floor":3.0},{"not_picked":["Backflip","Prepared"],"picked":"Footwork","floor":4.0},{"not_picked":["Deflect","All Out Attack"],"picked":"Predator","floor":6.0},{"not_picked":["Heel Hook","Tactician"],"picked":"Backflip","floor":7.0},{"not_picked":["Unload","Terror"],"picked":"Deadly Poison","floor":8.0},{"not_picked":["Deflect","Underhanded Strike","Blade Dance"],"picked":"Dash","floor":13.0},{"not_picked":["Juggernaut","Storm of Steel","Grand Finale"],"picked":"LessonLearned","floor":16.0},{"not_picked":["Rip and Tear","Beam Cell","Reckless Charge"],"picked":"Body Slam","floor":18.0},{"not_picked":["Hello World","Steam","Heavy Blade"],"picked":"Spot Weakness","floor":19.0},{"not_picked":["Thunder Strike","Fusion","Backflip","Wireheading"],"picked":"SKIP","floor":21.0},{"not_picked":["Wild Strike","Deep Breath","Backstab","Blind"],"picked":"SKIP","floor":24.0},{"not_picked":["Flying Knee","Turbo","Acrobatics"],"picked":"Leap","floor":29.0},{"not_picked":["Prostrate","Crescendo","Perfected Strike","Fire Breathing"],"picked":"SKIP","floor":30},{"not_picked":["Burning Pact","Dark Shackles","Sever Soul+1"],"picked":"Thinking Ahead","floor":31}],"player_experience":315169,"relics_obtained":[{"floor":7.0,"key":"Happy Flower"},{"floor":9.0,"key":"CaptainsWheel"},{"floor":12.0,"key":"Question Card"},{"floor":20.0,"key":"Pocketwatch"},{"floor":26.0,"key":"Paper Crane"},{"floor":30,"key":"Art of War"}],"event_choices":[{"damage_healed":0.0,"max_hp_gain":0.0,"max_hp_loss":0.0,"gold_gain":75.0,"event_name":"World of Goop","player_choice":"Gather Gold","floor":5.0,"gold_loss":0.0,"damage_taken":11.0},{"damage_healed":0.0,"max_hp_gain":0.0,"max_hp_loss":5.0,"gold_gain":0.0,"event_name":"Golden Idol","player_choice":"Lose Max HP","floor":11.0,"gold_loss":0.0,"damage_taken":0.0,"relics_obtained":["Golden Idol"]},{"damage_healed":0.0,"max_hp_gain":0.0,"max_hp_loss":0.0,"gold_gain":0.0,"event_name":"Dead Adventurer","player_choice":"Searched \u00271\u0027 times","floor":12.0,"gold_loss":0.0,"damage_taken":0.0},{"damage_healed":0.0,"max_hp_gain":0.0,"max_hp_loss":0.0,"gold_gain":0.0,"event_name":"Wheel of Change","player_choice":"Relic","floor":20.0,"gold_loss":0.0,"damage_taken":0.0},{"damage_healed":0.0,"max_hp_gain":0.0,"max_hp_loss":0.0,"gold_gain":0.0,"event_name":"The Woman in Blue","player_choice":"Bought 0 Potions","floor":27.0,"gold_loss":0.0,"damage_taken":0.0}],"is_beta":false,"boss_relics":[{"not_picked":["Philosopher\u0027s Stone","SlaversCollar"],"picked":"Sozu"}],"items_purged_floors":[2,14,22],"is_endless":false,"potions_floor_spawned":[3,7,12,16,21,29,31],"killed_by":"Champ","ascension_level":13}}