{"host":"sav7uxregyirlf69","time":1611935075,"event":{"mods":["AchievementEnabler","BaseMod","Colored Map","DeckTracker","Keyboard Shortcuts","Minty Spire (QoL Compilation)","READ ME - Guardian Mod","StSLib","SuperFastMode"],"gold_per_floor":[113,125,175,191,206,206,206],"floor_reached":6,"language":"KOR","playtime":130,"items_purged":[],"score":76,"play_id":"60c091e5-59e9-45d2-baa0-7154bfe4524d","local_time":"20210130004435","is_ascension_mode":true,"campfire_choices":[],"circlet_count":0,"master_deck":["AscendersBane","Strike_G","Strike_G","Strike_G","Strike_G","Strike_G","Defend_G","Defend_G","Defend_G","Defend_G","Defend_G","Survivor","Neutralize","Phantasmal Killer","Flying Knee","Cloak And Dagger","Footwork"],"relics":["Ring of the Snake"],"acts_visited":["Exordium"],"potions_floor_usage":[6],"damage_taken":[{"damage":6,"enemies":"Cultist","floor":1,"turns":3},{"damage":2,"enemies":"Jaw Worm","floor":2,"turns":4},{"damage":3,"enemies":"Small Slimes","floor":4,"turns":5},{"damage":1,"enemies":"Looter","floor":5,"turns":4},{"damage":55,"enemies":"Lagavulin","floor":6,"turns":10}],"seed_played":"8078723218211943256","potions_obtained":[{"floor":2,"key":"DuplicationPotion"},{"floor":5,"key":"FairyPotion"}],"is_trial":false,"path_per_floor":["M","M","?","M","M","E"],"character_chosen":"THE_SILENT","items_purchased":[],"campfire_rested":0,"item_purchase_floors":[],"current_hp_per_floor":[38,36,36,33,32,0,0],"gold":206,"neow_bonus":"THREE_RARE_CARDS","is_daily":false,"chose_seed":false,"campfire_upgraded":0,"win_rate":0.0,"timestamp":1611935075,"path_taken":["M","?","?","?","M","E"],"items_purchased_type":[],"build_version":"2020-12-22","purchased_purges":0,"victory":false,"max_hp_per_floor":[66,66,66,66,66,66,66],"card_choices":[{"not_picked":["Adrenaline","Bullet Time"],"picked":"Phantasmal Killer","floor":0},{"not_picked":["Underhanded Strike","Acrobatics"],"picked":"Flying Knee","floor":1},{"not_picked":["Bouncing Flask","Backflip"],"picked":"Cloak And Dagger","floor":2},{"not_picked":["Blur","Riddle With Holes"],"picked":"Footwork","floor":4},{"not_picked":["Slice","Caltrops","Backflip"],"picked":"SKIP","floor":5}],"player_experience":1431884,"relics_obtained":[],"event_choices":[{"damage_healed":0,"gold_gain":50,"player_choice":"Pray","damage_taken":0,"max_hp_gain":0,"max_hp_loss":0,"event_name":"Golden Shrine","floor":3,"gold_loss":0}],"is_beta":false,"boss_relics":[],"items_purged_floors":[],"is_endless":false,"potions_floor_spawned":[2,5],"killed_by":"Lagavulin","ascension_level":20}}