{"host":"8is2j71l4wmybkoi","time":1611920863,"event":{"mods":["AchievementEnabler","BaseMod","Colored Map","Minty Spire (QoL Compilation)","Rare Cards Sparkle","StSLib","SuperFastMode"],"gold_per_floor":[114,128,141,141,12,12,31,31,58,68,68,84,104,132,132,132,132],"floor_reached":16,"language":"KOR","playtime":4737,"items_purged":["Strike_B"],"score":182,"play_id":"a9791171-5844-4f3a-9294-8f2e115ba821","local_time":"20210129204743","is_ascension_mode":true,"campfire_choices":[{"data":"Zap","floor":6,"key":"SMITH"},{"data":"Dualcast","floor":8,"key":"SMITH"},{"floor":15,"key":"REST"}],"circlet_count":0,"master_deck":["AscendersBane","Strike_B","Strike_B","Strike_B","Defend_B","Defend_B","Defend_B","Defend_B","Zap+1","Dualcast+1","Steam","Ball Lightning","Chill","Gash","FTL","Decay","Compile Driver","Hologram"],"relics":["Cracked Core","Boot","Art of War","Orichalcum","Tiny Chest"],"acts_visited":["Exordium"],"potions_floor_usage":[13,14],"damage_taken":[{"damage":0,"enemies":"Small Slimes","floor":1,"turns":3},{"damage":0,"enemies":"Cultist","floor":2,"turns":4},{"damage":7,"enemies":"Jaw Worm","floor":3,"turns":3},{"damage":6,"enemies":"3 Louse","floor":7,"turns":4},{"damage":0,"enemies":"Blue Slaver","floor":10,"turns":3},{"damage":12,"enemies":"Looter","floor":12,"turns":3},{"damage":4,"enemies":"3 Louse","floor":13,"turns":2},{"damage":14,"enemies":"Gremlin Nob","floor":14,"turns":4},{"damage":8,"enemies":"The Guardian","floor":16,"turns":5}],"seed_played":"1318288239843650333","potions_obtained":[{"floor":1,"key":"SteroidPotion"},{"floor":7,"key":"Ancient Potion"}],"is_trial":false,"path_per_floor":["M","M","M","?","$","R","M","R","T","M","?","M","M","E","R","B"],"character_chosen":"DEFECT","items_purchased":["Gash"],"campfire_rested":1,"item_purchase_floors":[5],"current_hp_per_floor":[64,64,57,39,39,39,33,33,33,33,33,21,17,3,24,16,16],"gold":132,"neow_bonus":"RANDOM_COMMON_RELIC","is_daily":false,"chose_seed":false,"campfire_upgraded":2,"win_rate":0.0,"timestamp":1611920863,"path_taken":["M","M","M","?","$","R","M","R","T","M","?","?","M","E","R","BOSS"],"items_purchased_type":["Card"],"build_version":"2020-12-22","purchased_purges":1,"victory":false,"max_hp_per_floor":[71,71,71,71,71,71,71,71,71,71,71,71,71,71,71,71,71],"card_choices":[{"not_picked":["Heatsinks","Hologram"],"picked":"Steam","floor":1},{"not_picked":["Aggregate","Turbo"],"picked":"Ball Lightning","floor":2},{"not_picked":["Steam","Reprogram"],"picked":"Chill","floor":3},{"not_picked":["Beam Cell","Rip and Tear"],"picked":"FTL","floor":7},{"not_picked":["Stack","Steam","Consume"],"picked":"SKIP","floor":10},{"not_picked":["Heatsinks","Streamline","Reinforced Body"],"picked":"SKIP","floor":12},{"not_picked":["Barrage","Tempest"],"picked":"Compile Driver","floor":13},{"not_picked":["Scrape","Blizzard"],"picked":"Hologram","floor":14}],"player_experience":832746,"relics_obtained":[{"floor":9,"key":"Orichalcum"},{"floor":14,"key":"Tiny Chest"}],"event_choices":[{"damage_healed":0,"gold_gain":0,"player_choice":"Success","damage_taken":18,"relics_obtained":["Art of War"],"max_hp_gain":0,"max_hp_loss":0,"event_name":"Scrap Ooze","floor":4,"gold_loss":0},{"damage_healed":0,"gold_gain":0,"player_choice":"Cursed","damage_taken":0,"max_hp_gain":0,"max_hp_loss":0,"event_name":"Wheel of Change","floor":11,"gold_loss":0,"cards_obtained":["Decay"]}],"is_beta":false,"boss_relics":[],"items_purged_floors":[5],"is_endless":false,"potions_floor_spawned":[1,7,12],"killed_by":"The Guardian","ascension_level":15}}