{"host":"4kmvpqjeiacgn1pr","time":1611891591,"event":{"mods":["AchievementEnabler","BaseMod","Better Altar","Better Match","Better Note","Better Sensory Stone","Better Skull","Better Third Choice","Colored Map","Colored Powertips","Curses Come First","Downfall","Highlight Path","Hubris","Infinite Spire","Minty Spire (QoL Compilation)","Permanent Neow","Quick Restart","Rare Cards Sparkle","Replay The Spire","Spicy Shops","StSLib"],"gold_per_floor":[0,13,30,49,69,69,141,141,470,10,27,37,53,67,83,185,185,185,197,197,197,212,230,230,248,266,293,310,328,328,428,446,541,541,541,551,569,636,686,748,748,768,779,779,812,823,823,823,834,938,938,938,949,69,169,25,36,36,36,36,86,144,164,230,455,480,583,583,583,601,628,20,202,252,301,351,351,401,301,9,9,59,121,274,274,274,351,551,601,651,701,818,718,718,768,1090,1346,1396,1396,1396],"floor_reached":98,"language":"ENG","playtime":7104,"items_purged":["downfall:Malfunctioning","Slimebound:Defend_Slimebound","Clumsy","Languid","hubris:Disease","Regret","Replay:Hysterical Blindness"],"score":1589,"play_id":"366b5ab5-2f27-4f18-a4ac-8c6c99928d90","local_time":"20210128223951","is_ascension_mode":false,"campfire_choices":[{"data":"Sadistic Nature","floor":8.0,"key":"SMITH"},{"data":"Slimebound:WasteNot","floor":18.0,"key":"SMITH"},{"data":"ReplayTheSpireMod:Echoes of Time","floor":35.0,"key":"SMITH"},{"data":"Sadistic Nature","floor":44.0,"key":"SMITH"},{"data":"Slimebound:LeechLife","floor":47,"key":"SMITH"},{"floor":52,"key":"DIG"},{"data":"Slimebound:OozeBath","floor":59,"key":"SMITH"},{"floor":77,"key":"RECALL"},{"data":"infinitespire:FutureSight","floor":79,"key":"SMITH"},{"data":"Flash of Steel","floor":81,"key":"SMITH"},{"data":"Doubt","floor":86,"key":"PURGE"},{"data":"Pot Of Greed","floor":93,"key":"SMITH"}],"circlet_count":0,"master_deck":["Slimebound:Split","Slimebound:CorrosiveSpit+1","Sadistic Nature+1","Slimebound:RejuvenatingLick","Slimebound:FlameTackle","Slimebound:DisruptingSlam","Slimebound:SamplingLick","Slimebound:SplitMire","Slimebound:LeechEnergy","Slimebound:SamplingLick","Slimebound:SamplingLick","Slimebound:MassFeed","Slimebound:SpikyOuterGoop","Sadistic Nature+1","hubris:EnhanceAbility","Slimebound:LeechEnergy","Slimebound:Equalize","Slimebound:Schlurp","Slimebound:RollThrough","Slimebound:LivingWall","Slimebound:WasteNot+1","Slimebound:LeadByExample","ReplayTheSpireMod:Echoes of Time+1","JustLucky","Slimebound:Replication","Slimebound:LivingWall","Slimebound:GoopSpray","Slimebound:MassRepurpose","Slimebound:TongueLash+1","Slimebound:Nibble","Slimebound:Nibble","Slimebound:ItLooksTasty","Slimebound:LeechingTouch","Slimebound:DuplicatedForm","hubris:Wrath","hexamod:Float","Slimebound:LeechLife+1","hubris:Fate","Slimebound:SplitMire","Slimebound:HauntingLick+1","Slimebound:ProtectTheBoss+1","Slimebound:SamplingLick+1","Slimebound:Gluttony+1","Slimebound:SamplingLick","ReplayTheSpireMod:Echoes of Time","Slimebound:HauntingLick+1","Slimebound:OozeBath+1","Slimebound:RejuvenatingLick","expansioncontent:DashGenerateEvil","Slimebound:MegaLick","Pot Of Greed+1","Pot Of Greed","Pot Of Greed","Pot Of Greed","Pot Of Greed","Sadistic Nature+1","Pot Of Greed","Slimebound:SamplingLick","Slimebound:SlimeTap","Slimebound:Dissolve","Slimebound:LeechLife","Pot Of Greed","Slimebound:GoopSpray+1","Slimebound:SlimeTap","Slimebound:Prepare","Slimebound:ComboTackle","Slimebound:Dissolve","Slimebound:Nibble","Master of Strategy","Blood for Blood","Flash of Steel+1","bronze:FindAndReplace","Clumsy","downfall:Haunted","infinitespire:TheBestDefense","Slimebound:LivingWall+1"],"relics":["Bottled Lightning","ClockworkSouvenir","Replay:M_SmolderingBlood","Tiny House","m_IronCrown","infinitespire:EvilPickle","hubris:FunFungus","ReplayTheSpireMod:Ninjato","FaceOfCleric","infinitespire:MutagenicDexterity","hubris:DisguiseKit","Strawberry","infinitespire:CursedDice","sneckomod:SneckoTalon","hubris:BlackHole","Strange Spoon","Quantum Egg","Question Card","SsserpentHead","infinitespire:Freezer","downfall:TeleportStone","hubris:NiceRug","Replay:PocketPolymizer","OrangePellets","Ring of Shattering","StrikeDummy","Mark of the Bloom","hubris:AstralHammer","TheAbacus","Tingsha","Du-Vu Doll","downfall:KnowingSkull","Cauldron","PureWater","Snecko Scales","Basket Of Snakes","infinitespire:Chaos","Orrery","Juzu Bracelet","Bronze Scales","hubris:BottledHeart","downfall:RedIOU","downfall:HeartBlessingRed","Membership Card","hubris:SphereOfDissonance","Kintsugi","downfall:HeartBlessingBlue","Dream Catcher"],"acts_visited":["Exordium","TheCity","TheBeyond","Exordium","TheCity","TheBeyond"],"potions_floor_usage":[50,50,54,71,72,84,92],"damage_taken":[{"damage":14.0,"enemies":"Small Slimes","floor":2.0,"turns":3.0},{"damage":3.0,"enemies":"2 Louse","floor":3.0,"turns":2.0},{"damage":3.0,"enemies":"Cultist","floor":4.0,"turns":3.0},{"damage":10.0,"enemies":"3 Louse","floor":5.0,"turns":2.0},{"damage":7.0,"enemies":"downfall:FleeingMerchant","floor":10.0,"turns":4.0},{"damage":0.0,"enemies":"Lots of Slimes","floor":11.0,"turns":3.0},{"damage":10.0,"enemies":"Exordium Wildlife","floor":12.0,"turns":2.0},{"damage":0.0,"enemies":"Large Slime","floor":13.0,"turns":5.0},{"damage":7.0,"enemies":"Lots of Slimes","floor":14.0,"turns":3.0},{"damage":0.0,"enemies":"3 Louse","floor":15.0,"turns":2.0},{"damage":0.0,"enemies":"WA_ARCHETYPE_RETAIN","floor":16.0,"turns":6.0},{"damage":7.0,"enemies":"Chosen","floor":19.0,"turns":3.0},{"damage":10.0,"enemies":"Shell Parasite","floor":22.0,"turns":3.0},{"damage":12.0,"enemies":"Centurion and Healer","floor":23.0,"turns":3.0},{"damage":9.0,"enemies":"Chosen and Byrds","floor":25.0,"turns":4.0},{"damage":13.0,"enemies":"3 Cultists","floor":26.0,"turns":4.0},{"damage":6.0,"enemies":"Nightmare","floor":27.0,"turns":3.0},{"damage":11.0,"enemies":"Centurion and Healer","floor":28.0,"turns":5.0},{"damage":1.0,"enemies":"Sentry and Sphere","floor":29.0,"turns":3.0},{"damage":5.0,"enemies":"downfall:FaceTrader","floor":31.0,"turns":4.0},{"damage":9.0,"enemies":"Snake Plant","floor":32.0,"turns":3.0},{"damage":39.0,"enemies":"DF_ARCHETYPE_CLAW","floor":33.0,"turns":7.0},{"damage":1.0,"enemies":"3 Darklings","floor":36.0,"turns":4.0},{"damage":15.0,"enemies":"3 Shapes","floor":37.0,"turns":3.0},{"damage":0.0,"enemies":"Spire Growth","floor":38.0,"turns":3.0},{"damage":24.0,"enemies":"Maw","floor":40.0,"turns":7.0},{"damage":13.0,"enemies":"Transient","floor":42.0,"turns":5.0},{"damage":36.0,"enemies":"Sphere and 2 Shapes","floor":43.0,"turns":4.0},{"damage":35.0,"enemies":"Giant Head","floor":45.0,"turns":4.0},{"damage":15,"enemies":"3 Darklings","floor":46,"turns":3},{"damage":5,"enemies":"Maw","floor":49,"turns":5},{"damage":25,"enemies":"IC_BLOCK_ARCHETYPE","floor":50,"turns":6},{"damage":0,"enemies":"Cultist","floor":53,"turns":3},{"damage":21,"enemies":"downfall:FleeingMerchant","floor":54,"turns":3},{"damage":0,"enemies":"2 Louse","floor":57,"turns":2},{"damage":0,"enemies":"Jaw Worm","floor":63,"turns":1},{"damage":0,"enemies":"Gremlin Gang","floor":64,"turns":1},{"damage":0,"enemies":"Large Slime","floor":66,"turns":3},{"damage":0,"enemies":"Slime Boss","floor":67,"turns":1},{"damage":0,"enemies":"Spheric Guardian","floor":70,"turns":1},{"damage":0,"enemies":"3 Byrds","floor":71,"turns":2},{"damage":12,"enemies":"3 Cultists","floor":73,"turns":1},{"damage":0,"enemies":"Book of Stabbing","floor":75,"turns":2},{"damage":0,"enemies":"Snake Plant","floor":83,"turns":2},{"damage":0,"enemies":"Automaton","floor":84,"turns":3},{"damage":0,"enemies":"Orb Walker","floor":87,"turns":1},{"damage":0,"enemies":"R_Hoarder","floor":92,"turns":4},{"damage":0,"enemies":"3 Darklings","floor":96,"turns":1},{"damage":0,"enemies":"Sphere and 2 Shapes","floor":97,"turns":1}],"seed_played":"1338368944558634315","potions_obtained":[{"floor":4.0,"key":"Ancient Potion"},{"floor":5.0,"key":"Guardian:BlockOnCardUsePotion"},{"floor":11.0,"key":"Languid Potion"},{"floor":12.0,"key":"Block Potion"},{"floor":13.0,"key":"SkillPotion"},{"floor":19.0,"key":"DistilledChaos"},{"floor":25.0,"key":"infinitespire:BlackPotion"},{"floor":26.0,"key":"Strength Potion"},{"floor":27.0,"key":"Slimebound:SlimedPotion"},{"floor":37.0,"key":"Swift Potion"},{"floor":38.0,"key":"Elixir"},{"floor":42.0,"key":"Adrenaline Potion"},{"floor":45.0,"key":"Adrenaline Potion"},{"floor":46,"key":"infinitespire:BlackPotion"},{"floor":49,"key":"DistilledChaos"},{"floor":57,"key":"Flashbang"},{"floor":63,"key":"Block Potion"},{"floor":64,"key":"Strength Potion"},{"floor":71,"key":"SpeedPotion"},{"floor":72,"key":"Fruit Juice"},{"floor":72,"key":"Slimebound:ThreeZeroPotion"},{"floor":96,"key":"Elixir"},{"floor":97,"key":"Swift Potion"}],"is_trial":false,"path_per_floor":["R_BF","M","M","M","M","?","T","R","?","$","M","M","M","M","M","B",null,"R","M","AVR","?","M","M","T","M","M","NM","M","M","?","?","M","B",null,"R","M","M","M","?","M","T","M","M","R","E","M","R","AVR","M","B",null,"R_BF","M","$","?","$","M","T","R","AVR","?","?","M","M","?","M","B",null,"R_BF","M","M","$","M","?","E","?","R","?","R","$","R","?","M","B",null,"R_BF","M","?","?","?","?","E","R","AVR","?","M","M","?"],"character_chosen":"SLIMEBOUND","items_purchased":["Slimebound:SamplingLick","ReplayTheSpireMod:ShopPack","Slimebound:MassFeed","Slimebound:SpikyOuterGoop","expansioncontent:DashGenerateEvil","Slimebound:MegaLick","BargainBundle","Slimebound:MaxSlimesRelic","Grinning Jar","White Beast Statue","DollysMirror","Ancient Tea Set","Slimebound:SamplingLick","Replay:Lucky Slots","infinitespire:Chaos","Orrery","Juzu Bracelet","Regal Pillow","Bronze Scales","Membership Card","hubris:SphereOfDissonance"],"campfire_rested":0,"item_purchase_floors":[10,10,10,10,54,54,54,54,54,54,54,54,54,56,72,72,72,72,72,80,80],"current_hp_per_floor":[65,55,54,53,47,47,47,47,8,7,19,18,32,41,49,57,74,74,74,74,74,68,64,64,57,60,58,55,60,60,67,61,39,76,76,77,67,79,79,73,73,77,54,54,49,43,43,43,47,31,86,86,87,69,69,69,72,72,72,72,72,14,19,20,20,23,24,93,93,94,95,112,100,1,1,1,1,1,1,1,1,1,1,1,1,1,1,1,1,1,1,1,1,1,1,1,1,0,0,0],"gold":1396,"neow_bonus":"RANDOM_COLORLESS_2","is_daily":false,"chose_seed":false,"campfire_upgraded":9,"win_rate":0.0,"timestamp":1611891591,"path_taken":["R_BF","M","M","M","M","?","T","R","?","$","M","M","?","M","M","BOSS","R","M","AVR","?","M","M","T","?","M","NM","M","M","?","?","M","BOSS","R","M","M","?","?","?","T","M","M","R","E","M","R","AVR","M","BOSS","R_BF","M","$","?","$","M","T","R","AVR","?","?","M","?","?","M","BOSS","R_BF","M","M","$","M","?","E","?","R","?","R","$","R","?","M","BOSS","R_BF","M","?","?","?","?","E","R","AVR","?","M","M","?"],"items_purchased_type":["Card","Relic","Card","Card","Card","Card","Relic","Relic","Relic","Relic","Relic","Relic","Card","Relic","Relic","Relic","Relic","Relic","Relic","Relic","Relic"],"build_version":"2020-12-22","purchased_purges":7,"victory":false,"max_hp_per_floor":[65,65,65,65,65,65,65,65,65,65,71,74,74,74,74,74,74,74,74,74,74,74,74,74,74,74,74,74,74,74,74,75,76,76,76,77,78,79,79,80,80,81,82,82,83,84,84,84,85,86,86,86,87,88,88,88,89,89,89,89,89,89,90,91,91,92,93,93,93,94,95,112,113,1,1,1,1,1,1,1,1,1,1,1,1,1,1,1,1,1,1,1,1,1,1,1,1,1,1,1],"card_choices":[{"not_picked":["ReplayTheSpireMod:Brewmster","Metamorphosis"],"picked":"Sadistic Nature","floor":0.0},{"not_picked":["Slimebound:RainOfGoop","Slimebound:LeechEnergy"],"picked":"Slimebound:FlameTackle","floor":2.0},{"not_picked":["Slimebound:ItLooksTasty","Slimebound:SamplingLick"],"picked":"Slimebound:DisruptingSlam","floor":3.0},{"not_picked":["Slimebound:GoopSpray","Slimebound:ItLooksTasty"],"picked":"Slimebound:SamplingLick","floor":4.0},{"not_picked":["Slimebound:RollThrough","Slimebound:HauntingLick"],"picked":"Slimebound:SplitMire","floor":5.0},{"not_picked":["Slimebound:RejuvenatingLick","Slimebound:SplitMire"],"picked":"Slimebound:LeechEnergy","floor":10.0},{"not_picked":["Midas Touch","Poisoned Strike"],"picked":"Sadistic Nature","floor":10.0},{"not_picked":["Enlightenment","Replay:Bootleg Shield Generator"],"picked":"hubris:EnhanceAbility","floor":10.0},{"not_picked":["hubris:Ssssneak","Purity"],"picked":"Replay:Sssssssssshield","floor":10.0},{"not_picked":["Slimebound:SplitMire","Slimebound:SpikyOuterGoop"],"picked":"Slimebound:LeechEnergy","floor":11.0},{"not_picked":["Slimebound:ViciousTackle","Slimebound:GoopTackle"],"picked":"Slimebound:Equalize","floor":12.0},{"not_picked":["Slimebound:ViciousTackle","Slimebound:SplitAcid"],"picked":"Slimebound:Schlurp","floor":13.0},{"not_picked":["Slimebound:LivingWall","Slimebound:SplitAcid"],"picked":"Slimebound:RollThrough","floor":14.0},{"not_picked":["Slimebound:SplitBruiser","Slimebound:GrowthPunch"],"picked":"Slimebound:LivingWall","floor":15.0},{"not_picked":["Slimebound:OneTwoCombo","Slimebound:RallyTheTroops"],"picked":"Slimebound:WasteNot","floor":16.0},{"not_picked":["Slimebound:SplitMire+1","Slimebound:FlameTackle"],"picked":"Slimebound:LeadByExample","floor":19.0},{"not_picked":["Slimebound:GoopTackle","Slimebound:Grow"],"picked":"Slimebound:Replication","floor":22.0},{"not_picked":["Slimebound:BestDefense","Slimebound:ComboTackle"],"picked":"Slimebound:LivingWall","floor":23.0},{"not_picked":["Slimebound:LeechingTouch","Slimebound:ComboTackle"],"picked":"Slimebound:GoopSpray","floor":25.0},{"not_picked":["Slimebound:FormOfPuddle","Slimebound:LeechingTouch"],"picked":"Slimebound:MassRepurpose","floor":26.0},{"not_picked":["Slimebound:AcidTongue","Slimebound:MassRepurpose"],"picked":"Slimebound:TongueLash+1","floor":27.0},{"not_picked":["Slimebound:SlimeSpikes+1","Slimebound:Prepare"],"picked":"Slimebound:Nibble","floor":28.0},{"not_picked":["Slimebound:LevelUp+1","Slimebound:SplitBruiser+1"],"picked":"Slimebound:Nibble","floor":29.0},{"not_picked":["Slimebound:FinishingTackle","Slimebound:ForwardTackle"],"picked":"Slimebound:ItLooksTasty","floor":31.0},{"not_picked":["Slimebound:SlimeSpikes","Slimebound:Prepare"],"picked":"Slimebound:LeechingTouch","floor":32.0},{"not_picked":["Slimebound:Overexert","Slimebound:OneTwoCombo"],"picked":"Slimebound:DuplicatedForm","floor":33.0},{"not_picked":["m_Survivalism","Guardian:TwinSlam"],"picked":"hexamod:Float","floor":34.0},{"not_picked":["Slimebound:MassFeed","Slimebound:PrepareCrush"],"picked":"Slimebound:LeechLife","floor":34.0},{"not_picked":["ReplayTheSpireMod:Trickstab","Swift Strike"],"picked":"Madness","floor":34.0},{"not_picked":["hubris:InfiniteBlow","ReplayTheSpireMod:Haul"],"picked":"hubris:Fate","floor":34.0},{"not_picked":["Slimebound:RollThrough+1","Slimebound:LeechingTouch","Slimebound:PressTheAttack"],"picked":"SKIP","floor":36.0},{"not_picked":["Slimebound:Grow+1","Slimebound:Equalize+1"],"picked":"Slimebound:SplitMire","floor":37.0},{"not_picked":["Slimebound:FirmFortitude","Slimebound:SplitBruiser"],"picked":"Slimebound:HauntingLick+1","floor":38.0},{"not_picked":["Slimebound:Prepare","Slimebound:ItLooksTasty","Slimebound:RollThrough+1"],"picked":"SKIP","floor":40.0},{"not_picked":["Slimebound:SplitMire","Slimebound:Prepare"],"picked":"Slimebound:ProtectTheBoss+1","floor":42.0},{"not_picked":["Slimebound:Grow+1","Slimebound:Equalize"],"picked":"Slimebound:SamplingLick+1","floor":43.0},{"not_picked":["Slimebound:PrepareCrush","Slimebound:RollThrough"],"picked":"Slimebound:Gluttony+1","floor":45.0},{"not_picked":["Slimebound:SplitAcid+1","Slimebound:Prepare"],"picked":"Slimebound:SamplingLick","floor":46},{"not_picked":["Slimebound:GoopTackle","Slimebound:LivingWall+1"],"picked":"Slimebound:HauntingLick+1","floor":49},{"not_picked":["Slimebound:SlimeSlap","Slimebound:DuplicatedForm"],"picked":"Slimebound:OozeBath","floor":50},{"not_picked":["Slimebound:ProtectTheBoss","Slimebound:ItLooksTasty"],"picked":"Slimebound:RejuvenatingLick","floor":53},{"not_picked":["Slimebound:ItLooksTasty","Slimebound:LevelUp","Slimebound:HauntingLick"],"picked":"SKIP","floor":54},{"not_picked":["Slimebound:Grow","Slimebound:FinishingTackle","Slimebound:SamplingLick"],"picked":"SKIP","floor":57},{"not_picked":["Slimebound:ProtectTheBoss+1","Slimebound:SplitAcid"],"picked":"Slimebound:SlimeTap","floor":60},{"not_picked":["Slimebound:FinishingTackle","Slimebound:RollThrough"],"picked":"Slimebound:Dissolve","floor":60},{"not_picked":["Slimebound:FlameTackle","Slimebound:PressTheAttack"],"picked":"Slimebound:LeechLife","floor":60},{"not_picked":["Slimebound:ItLooksTasty","Slimebound:FinishingTackle"],"picked":"Slimebound:FormOfPuddle","floor":60},{"not_picked":["Slimebound:SplitLeeching","Slimebound:SamplingLick","Slimebound:Schlurp"],"picked":"SKIP","floor":63},{"not_picked":["Slimebound:SplitAcid","Slimebound:SplitMire","Slimebound:SpikyOuterGoop+1"],"picked":"SKIP","floor":64},{"not_picked":["Slimebound:Replication","Slimebound:LeechingTouch"],"picked":"Slimebound:GoopSpray","floor":66},{"not_picked":["hubris:InfiniteBlow","infinitespire:SevenWalls"],"picked":"infinitespire:FutureSight","floor":67},{"not_picked":["Slimebound:SamplingLick+1","Slimebound:Grow+1"],"picked":"Slimebound:SlimeTap","floor":70},{"not_picked":["Slimebound:MegaLick","Slimebound:RollThrough+1"],"picked":"Slimebound:Prepare","floor":71},{"not_picked":["EmptyFist","Slimebound:RollThrough","ReachHeaven","bronze:DarkDash"],"picked":"Slimebound:ComboTackle","floor":72},{"not_picked":["Slimebound:SlimeSpikes+1","Slimebound:SamplingLick","champ:BerserkersShout","bronze:BronzeOrb"],"picked":"Slimebound:Dissolve","floor":72},{"not_picked":["Slimebound:GoopSpray","CrushJoints+1","Clash","bronze:Frontload"],"picked":"Slimebound:Nibble","floor":73},{"not_picked":["Slimebound:FirmFortitude","Slimebound:RollThrough","Slimebound:GoopTackle","champ:BerserkersShout","bronze:NullPointer"],"picked":"SKIP","floor":75},{"not_picked":["Slimebound:RollThrough","Slimebound:FlameTackle+1","Slimebound:LevelUp+1","Slimebound:Replication+1","bronze:Deprecate"],"picked":"SKIP","floor":83},{"not_picked":["Hemogenesis","Ragnarok","Slimebound:Overexert","Slimebound:Teamwork"],"picked":"bronze:FindAndReplace","floor":84},{"not_picked":["Slimebound:SlimeBrawl","Slimebound:ComboTackle","Slimebound:SplitLeeching","Slimebound:ProtectTheBoss+1","bronze:CloningBeam"],"picked":"SKIP","floor":87},{"not_picked":["infinitespire:Oblivion","infinitespire:FinalStrike"],"picked":"infinitespire:TheBestDefense","floor":91},{"not_picked":["Slimebound:SplitLeeching","Slimebound:SplitBruiser+1","Slimebound:Gluttony","bronze:DarkDash"],"picked":"Slimebound:LivingWall+1","floor":92},{"not_picked":["Slimebound:SplitLeeching","Slimebound:RainOfGoop","Slimebound:Grow","Slimebound:FlameTackle+1","bronze:BuggyMess"],"picked":"SKIP","floor":96},{"not_picked":["Slimebound:LivingWall","Slimebound:SlimeBarrage","Slimebound:ViciousTackle","Slimebound:GoopTackle","bronze:Boost"],"picked":"SKIP","floor":97}],"player_experience":378401,"relics_obtained":[{"floor":7.0,"key":"Replay:Bottled Flurry"},{"floor":24.0,"key":"Bottled Lightning"},{"floor":27.0,"key":"infinitespire:Broken Mirror"},{"floor":31.0,"key":"downfall:CloakOfManyFaces"},{"floor":45.0,"key":"infinitespire:Golems Mask"},{"floor":52,"key":"Slimebound:AggressiveSlimeRelic"},{"floor":55,"key":"Ring of Peace"},{"floor":55,"key":"Ring of Greed"},{"floor":55,"key":"The Courier"},{"floor":55,"key":"infinitespire:Midas Blood"},{"floor":58,"key":"Frozen Egg 2"}],"event_choices":[{"damage_healed":0.0,"max_hp_gain":0.0,"max_hp_loss":0.0,"gold_gain":329.0,"event_name":"betterSkull:BetterSkull","player_choice":"RE GO GO GO ","floor":9.0,"gold_loss":0.0,"damage_taken":44.0,"cards_upgraded":[],"relics_obtained":["Centennial Puzzle"]},{"cards_removed":["hubris:EnhanceAbility"],"damage_healed":0.0,"max_hp_gain":0.0,"max_hp_loss":0.0,"gold_gain":0.0,"event_name":"betterNote:BetterNote","player_choice":"Take \u0026 Give","floor":21.0,"gold_loss":0.0,"damage_taken":0.0,"cards_obtained":["JustLucky"]},{"cards_removed":["downfall:Bewildered"],"damage_healed":0.0,"max_hp_gain":0.0,"max_hp_loss":0.0,"gold_gain":0.0,"event_name":"Bonfire Elementals","player_choice":"Offered Curse","floor":39.0,"gold_loss":0.0,"damage_taken":0.0,"relics_obtained":["Spirit Poop"]},{"damage_healed":0,"gold_gain":0,"player_choice":"RE RE RE ","damage_taken":64,"relics_obtained":["Pet Ghost","Replay:Wax Seal","Art of War"],"max_hp_gain":0,"max_hp_loss":0,"event_name":"betterSkull:BetterSkull","floor":62,"gold_loss":0,"cards_upgraded":[]},{"damage_healed":0,"gold_gain":0,"player_choice":"Ignored","damage_taken":0,"max_hp_gain":0,"max_hp_loss":0,"event_name":"Vampires","floor":82,"gold_loss":0},{"cards_removed":["infinitespire:SevenWalls"],"damage_healed":5,"gold_gain":0,"player_choice":"Offered Special","damage_taken":0,"max_hp_gain":0,"max_hp_loss":0,"event_name":"Bonfire Elementals","floor":95,"gold_loss":0}],"is_beta":false,"boss_relics":[{"not_picked":["Fusion Hammer","Pandora\u0027s Box"],"picked":"hubris:HollowSoul"},{"not_picked":["Astrolabe","ReplayTheSpireMod:DimensionalGlitch"],"picked":"ReplayTheSpireMod:SealedPack"},{"not_picked":["ChewingGum","Snecko Eye"],"picked":"hubris:ScarierMask"},{"not_picked":["Honey Jar","Astrolabe"],"picked":"Slimebound:AbsorbEndCombatUpgraded"},{"not_picked":["Velvet Choker","Replay:Grab Bag"],"picked":"Kintsugi"}],"items_purged_floors":[10,20,54,60,72,80,94],"is_endless":true,"potions_floor_spawned":[4,5,11,12,13,19,25,26,27,37,38,42,45,46,49,57,63,64,66,67,70,71,96,97],"ascension_level":0}}