{"host":"0rnesvkxrqb3qgnn","time":1611928022,"event":{"mods":["BaseMod","Colored Map","Colored Powertips","Highlight Path","Minty Spire (QoL Compilation)","Relic Stats","StSLib"],"gold_per_floor":[112,62,28,203,213,238,238,270,270,270,282,298,314,342,342,440,440,451,466,376,388,91,91,123,137,161,192,107,107,107,122,122,122,122],"floor_reached":33,"language":"ENG","playtime":1963,"items_purged":["Strike_G"],"score":413,"play_id":"254b512f-711e-4436-8cbf-7bd519111852","local_time":"20210130004702","is_ascension_mode":true,"campfire_choices":[{"data":"Footwork","floor":7,"key":"SMITH"},{"data":"Finisher","floor":15,"key":"SMITH"},{"data":"Neutralize","floor":23,"key":"SMITH"},{"floor":29,"key":"REST"},{"data":"Deadly Poison","floor":32,"key":"SMITH"}],"circlet_count":0,"master_deck":["Strike_G+1","Strike_G","Strike_G","Strike_G","Defend_G","Defend_G","Defend_G","Defend_G","Survivor","Neutralize+1","Cloak And Dagger","Footwork+1","Cloak And Dagger","Deflect","Backstab","Infinite Blades+1","Deadly Poison+1","Blade Dance","Finisher+1","Dagger Spray+1","Deflect","Infinite Blades+1","All Out Attack+1","Cloak And Dagger"],"relics":["Ring of the Snake","NeowsBlessing","Letter Opener","Ornamental Fan","Frozen Egg 2","Ancient Tea Set","Nunchaku","WristBlade","Oddly Smooth Stone","Bronze Scales","Blood Vial","Mercury Hourglass","Potion Belt"],"acts_visited":["Exordium","TheCity"],"potions_floor_usage":[8,16,16,19,19,33,33],"damage_taken":[{"damage":0,"enemies":"Jaw Worm","floor":1,"turns":1},{"damage":0,"enemies":"2 Louse","floor":5,"turns":1},{"damage":0,"enemies":"Lagavulin","floor":6,"turns":1},{"damage":6,"enemies":"3 Sentries","floor":8,"turns":9},{"damage":0,"enemies":"Small Slimes","floor":11,"turns":4},{"damage":3,"enemies":"Exordium Wildlife","floor":12,"turns":5},{"damage":8,"enemies":"Red Slaver","floor":13,"turns":3},{"damage":8,"enemies":"Lagavulin","floor":14,"turns":6},{"damage":4,"enemies":"The Guardian","floor":16,"turns":13},{"damage":0,"enemies":"Spheric Guardian","floor":18,"turns":3},{"damage":9,"enemies":"2 Thieves","floor":19,"turns":4},{"damage":6,"enemies":"Centurion and Healer","floor":21,"turns":3},{"damage":5,"enemies":"Book of Stabbing","floor":24,"turns":4},{"damage":13,"enemies":"Shelled Parasite and Fungi","floor":25,"turns":3},{"damage":16,"enemies":"Slavers","floor":27,"turns":4},{"damage":13,"enemies":"Snake Plant","floor":31,"turns":2},{"damage":14,"enemies":"Champ","floor":33,"turns":6}],"seed_played":"-2986205170837879502","potions_obtained":[{"floor":5,"key":"CultistPotion"},{"floor":8,"key":"SteroidPotion"},{"floor":11,"key":"EssenceOfSteel"},{"floor":16,"key":"EssenceOfSteel"},{"floor":18,"key":"SkillPotion"},{"floor":27,"key":"SpeedPotion"},{"floor":31,"key":"CunningPotion"}],"is_trial":false,"path_per_floor":["M","?","$","?","M","E","R","E","T","?","M","M","M","E","R","B",null,"M","M","?","M","$","R","E","M","T","E","?","R","?","M","R","B"],"character_chosen":"THE_SILENT","items_purchased":["Footwork","Oddly Smooth Stone","Infinite Blades+1"],"campfire_rested":1,"item_purchase_floors":[3,22,22],"current_hp_per_floor":[70,70,70,70,70,70,70,64,64,39,39,36,28,20,20,16,57,57,48,48,42,42,42,37,24,24,10,10,31,18,7,7,0,0],"gold":122,"neow_bonus":"THREE_ENEMY_KILL","is_daily":false,"chose_seed":false,"campfire_upgraded":4,"win_rate":0.0,"timestamp":1611928022,"path_taken":["M","?","$","?","M","E","R","E","T","?","M","?","M","E","R","BOSS","M","M","?","M","$","R","E","?","T","E","?","R","?","M","R","BOSS"],"items_purchased_type":["Card","Relic","Card"],"build_version":"2020-12-22","purchased_purges":1,"victory":false,"max_hp_per_floor":[70,70,70,70,70,70,70,70,70,70,70,70,70,70,70,70,70,70,70,70,70,70,70,70,70,70,70,70,70,75,75,75,75,75],"relic_stats":{"Blood Vial":6,"Nunchaku":[14],"counters":[17,72],"Ornamental Fan":[192],"Bronze Scales":[58],"Letter Opener":[160],"obtain_stats":[{"Potion Belt":28,"NeowsBlessing":0,"Oddly Smooth Stone":22,"Letter Opener":6,"Frozen Egg 2":9,"Ancient Tea Set":10,"Mercury Hourglass":27,"Blood Vial":26,"Nunchaku":14,"WristBlade":17,"Ornamental Fan":8,"Bronze Scales":24,"Ring of the Snake":0},{"Potion Belt":15,"NeowsBlessing":0,"Oddly Smooth Stone":12,"Letter Opener":3,"Frozen Egg 2":4,"Ancient Tea Set":4,"Mercury Hourglass":15,"Blood Vial":14,"Nunchaku":8,"WristBlade":9,"Ornamental Fan":4,"Bronze Scales":13,"Ring of the Snake":0},{"Potion Belt":64,"NeowsBlessing":0,"Oddly Smooth Stone":53,"Letter Opener":3,"Frozen Egg 2":12,"Ancient Tea Set":12,"Mercury Hourglass":64,"Blood Vial":60,"Nunchaku":30,"WristBlade":43,"Ornamental Fan":12,"Bronze Scales":57,"Ring of the Snake":0}],"Ring of the Snake":[34],"Mercury Hourglass":[24]},"card_choices":[{"not_picked":["Acrobatics","Backflip"],"picked":"Cloak And Dagger","floor":1},{"not_picked":["Blur","PiercingWail"],"picked":"Cloak And Dagger","floor":5},{"not_picked":["Backstab","Prepared"],"picked":"Deflect","floor":6},{"not_picked":["Prepared","Dagger Throw"],"picked":"Backstab","floor":8},{"not_picked":["Well Laid Plans+1","Escape Plan"],"picked":"Infinite Blades+1","floor":11},{"not_picked":["Dagger Throw","Deflect"],"picked":"Deadly Poison","floor":12},{"not_picked":["Terror","Cloak And Dagger"],"picked":"Blade Dance","floor":13},{"not_picked":["Adrenaline","Slice"],"picked":"Finisher","floor":14},{"not_picked":["Acrobatics","Setup","PiercingWail"],"picked":"SKIP","floor":18},{"not_picked":["Acrobatics","Flying Knee"],"picked":"Dagger Spray+1","floor":19},{"not_picked":["Adrenaline","Outmaneuver"],"picked":"Deflect","floor":21},{"not_picked":["Acrobatics","Tactician+1","Heel Hook"],"picked":"SKIP","floor":24},{"not_picked":["Flying Knee","Bane","Acrobatics+1"],"picked":"SKIP","floor":25},{"not_picked":["Dagger Spray","Prepared+1"],"picked":"All Out Attack+1","floor":27},{"not_picked":["Deadly Poison","Blur"],"picked":"Cloak And Dagger","floor":31}],"player_experience":148633,"relics_obtained":[{"floor":6,"key":"Letter Opener"},{"floor":8,"key":"Ornamental Fan"},{"floor":9,"key":"Frozen Egg 2"},{"floor":14,"key":"Nunchaku"},{"floor":24,"key":"Bronze Scales"},{"floor":26,"key":"Blood Vial"},{"floor":27,"key":"Mercury Hourglass"}],"event_choices":[{"cards_removed":["Defend_G"],"damage_healed":0,"gold_gain":0,"player_choice":"Card Removal","damage_taken":0,"max_hp_gain":0,"max_hp_loss":0,"event_name":"The Cleric","floor":2,"gold_loss":50},{"damage_healed":0,"gold_gain":175,"player_choice":"AGREE","damage_taken":0,"max_hp_gain":0,"max_hp_loss":0,"event_name":"Liars Game","floor":4,"gold_loss":0,"cards_obtained":["Doubt"]},{"damage_healed":0,"gold_gain":0,"player_choice":"Success","damage_taken":25,"relics_obtained":["Ancient Tea Set"],"max_hp_gain":0,"max_hp_loss":0,"event_name":"Scrap Ooze","floor":10,"gold_loss":0},{"cards_removed":["Doubt"],"damage_healed":0,"gold_gain":0,"player_choice":"Upgrade and Remove","damage_taken":0,"max_hp_gain":0,"max_hp_loss":0,"event_name":"Designer","floor":20,"gold_loss":90,"cards_upgraded":["Strike_G"]},{"damage_healed":0,"gold_gain":0,"player_choice":"Obtained Relic","damage_taken":0,"relics_obtained":["Potion Belt"],"max_hp_gain":0,"max_hp_loss":0,"event_name":"Addict","floor":28,"gold_loss":85},{"damage_healed":0,"gold_gain":0,"player_choice":"Shed Blood","damage_taken":18,"max_hp_gain":5,"max_hp_loss":0,"event_name":"Forgotten Altar","floor":30,"gold_loss":0}],"is_beta":false,"boss_relics":[{"not_picked":["Snecko Eye","Busted Crown"],"picked":"WristBlade"}],"items_purged_floors":[22],"is_endless":false,"potions_floor_spawned":[5,8,11,16,18,27,31],"killed_by":"Champ","ascension_level":5}}