{"host":"w3znmyy6nqoc7418","time":1611906424,"event":{"mods":["BaseMod","Minty Spire (QoL Compilation)","Replay The Spire","Shop Mod","StSLib"],"gold_per_floor":[116,116,131,131,131,169,45,45,45,45,79,100,140,59,123,254,254,254],"floor_reached":17,"language":"ZHS","playtime":472,"items_purged":["Strike_R"],"score":205,"play_id":"3f76ff71-8774-4cd4-9dca-aa970fbfbb89","local_time":"20210129154704","is_ascension_mode":true,"campfire_choices":[{"data":"Body Slam","floor":8,"key":"SMITH"},{"data":"Power Through","floor":10,"key":"SMITH"}],"circlet_count":0,"master_deck":["Strike_R","Strike_R","Strike_R","Strike_R","Defend_R","Defend_R","Defend_R","Defend_R","Bash","Power Through+1","Double Tap","Body Slam+1","Evolve","Fire Breathing","Immolate","Second Wind","Reaper"],"relics":["Burning Blood","NeowsBlessing","Golden Idol","MealTicket","Ring of Peace","Ring of Hypnosis","PreservedInsect","Replay:Bottled Steam","Odd Mushroom","Kunai","Coffee Dripper"],"acts_visited":["Exordium","TheCity"],"potions_floor_usage":[],"damage_taken":[{"damage":0,"enemies":"Jaw Worm","floor":1,"turns":1},{"damage":0,"enemies":"Small Slimes","floor":3,"turns":1},{"damage":0,"enemies":"3 Sentries","floor":6,"turns":2},{"damage":49,"enemies":"The Mushroom Lair","floor":11,"turns":6},{"damage":0,"enemies":"2 Louse","floor":12,"turns":4},{"damage":4,"enemies":"Gremlin Nob","floor":13,"turns":5},{"damage":47,"enemies":"Hexaghost","floor":16,"turns":13}],"seed_played":"-7080962052078161915","potions_obtained":[{"floor":6,"key":"AttackPotion"},{"floor":11,"key":"LifebloodPotion"},{"floor":12,"key":"Weak Potion"}],"is_trial":false,"path_per_floor":["M","?","M","?","?","E","$","R","T","R","?","M","E","$","R","B",null],"character_chosen":"IRONCLAD","items_purchased":["Body Slam","Second Wind"],"campfire_rested":0,"item_purchase_floors":[7,14],"current_hp_per_floor":[80,60,66,63,63,69,80,80,80,80,37,43,45,60,60,19,80,80],"gold":254,"neow_bonus":"THREE_ENEMY_KILL","is_daily":false,"chose_seed":false,"campfire_upgraded":2,"win_rate":0.0,"timestamp":1611906424,"path_taken":["M","?","M","?","?","E","?","R","T","R","?","M","E","$","R","BOSS"],"items_purchased_type":["Card","Card"],"build_version":"2020-12-22","purchased_purges":1,"victory":false,"max_hp_per_floor":[80,80,80,80,80,80,80,80,80,80,80,80,80,80,80,80,80,80],"card_choices":[{"not_picked":["Thunderclap","Warcry"],"picked":"Power Through","floor":1},{"not_picked":["Heavy Blade","Rupture","Anger"],"picked":"SKIP","floor":3},{"not_picked":["ReplayTheSpireMod:LeadingStrike","Disarm"],"picked":"Double Tap","floor":6},{"not_picked":["Flex","ReplayTheSpireMod:Corrosion Curse"],"picked":"Evolve","floor":11},{"not_picked":["Clash","Feel No Pain"],"picked":"Fire Breathing","floor":12},{"not_picked":["ReplayTheSpireMod:Limb From Limb","Whirlwind"],"picked":"Immolate","floor":13},{"not_picked":["Berserk","Feed"],"picked":"Reaper","floor":16}],"player_experience":57523,"relics_obtained":[{"floor":5,"key":"Ring of Peace"},{"floor":5,"key":"Ring of Hypnosis"},{"floor":6,"key":"PreservedInsect"},{"floor":9,"key":"Replay:Bottled Steam"},{"floor":11,"key":"Odd Mushroom"},{"floor":13,"key":"Kunai"}],"event_choices":[{"damage_healed":0,"gold_gain":0,"player_choice":"Take Damage","damage_taken":20,"relics_obtained":["Golden Idol"],"max_hp_gain":0,"max_hp_loss":0,"event_name":"Golden Idol","floor":2,"gold_loss":0},{"damage_healed":0,"gold_gain":0,"player_choice":"Success","damage_taken":3,"relics_obtained":["MealTicket"],"max_hp_gain":0,"max_hp_loss":0,"event_name":"Scrap Ooze","floor":4,"gold_loss":0},{"damage_healed":0,"gold_gain":0,"player_choice":"Fought Mushrooms","damage_taken":0,"max_hp_gain":0,"max_hp_loss":0,"event_name":"Mushrooms","floor":11,"gold_loss":0}],"is_beta":false,"boss_relics":[{"not_picked":["ReplayTheSpireMod:DimensionalGlitch","Tiny House"],"picked":"Coffee Dripper"}],"items_purged_floors":[7],"is_endless":false,"potions_floor_spawned":[6,11,12],"ascension_level":2}}