{"host":"vrsxkkch9ccrec7k","time":1611903745,"event":{"mods":["Act Like it!","BaseMod","Bestiary","Better Altar","Better Match","Better Note","Better Sensory Stone","Better Skull","Better Third Choice","Better Vampires","Downfall","Minty Spire (QoL Compilation)","Permanent Neow","Relic Stats","Spicy Shops","StSLib"],"gold_per_floor":[99,114,125,125,125,125,125,143,173,173,173,183,183,21,55,152,152,152,159,165,192,392,392,392,392,392,425,458,491,391,391,400,497,497,497,519,519,519,103,103,103,103,127,173,194,237,237,39,73,73],"floor_reached":51,"language":"ENG","playtime":4748,"items_purged":["downfall:Malfunctioning","sneckomod:Strike","sneckomod:Strike"],"score":818,"play_id":"d8c8278c-2d1a-415f-b823-a2a8ddc2245a","local_time":"20210129020225","is_ascension_mode":true,"campfire_choices":[{"data":"sneckomod:SnekBite","floor":1,"key":"SMITH"},{"data":"sneckomod:UnknownX","floor":10,"key":"SMITH"},{"floor":13,"key":"REST"},{"data":"sneckomod:SerpentMind","floor":18,"key":"SMITH"},{"floor":23,"key":"REST"},{"floor":25,"key":"REST"},{"data":"sneckomod:SerpentMind","floor":42,"key":"SMITH"},{"floor":47,"key":"REST"}],"circlet_count":0,"master_deck":["sneckomod:Strike+1","sneckomod:Defend","sneckomod:Defend","sneckomod:Defend","sneckomod:TailWhip","sneckomod:SnekBite+1","sneckomod:Unknown+1","sneckomod:Unknown","sneckomod:UnknownUncommonAttack","sneckomod:SoulRoll","sneckomod:UnknownX+1","sneckomod:SoulDraw","sneckomod:UnknownStrength","sneckomod:GlitteringGambit","sneckomod:UnknownX","sneckomod:SerpentMind+1","sneckomod:UnknownBlock","sneckomod:DefensiveFlair","downfall:Haunted","sneckomod:QuickMove+1","sneckomod:TrashToTreasure","Leg Sweep+1","sneckomod:SerpentMind+1","Malaise+1","sneckomod:Nope+1","Enlightenment"],"relics":["sneckomod:SneckoSoul","TungstenRod","Question Card","Boot","Shuriken","Busted Crown","Ginger","downfall:HeartBlessingGreen","Sozu","OrangePellets","Guardian:PocketSentry","PreservedInsect","Singing Bowl"],"acts_visited":["Exordium","TheCity","TheBeyond"],"potions_floor_usage":[9,9,20,21,33,45,49],"damage_taken":[{"damage":3,"enemies":"2 Louse","floor":2,"turns":2},{"damage":6,"enemies":"Jaw Worm","floor":3,"turns":2},{"damage":0,"enemies":"Cultist","floor":6,"turns":1},{"damage":19,"enemies":"Large Slime","floor":8,"turns":5},{"damage":20,"enemies":"3 Sentries","floor":9,"turns":6},{"damage":0,"enemies":"3 Louse","floor":12,"turns":2},{"damage":5,"enemies":"downfall:FleeingMerchant","floor":14,"turns":4},{"damage":2,"enemies":"Blue Slaver","floor":15,"turns":3},{"damage":16,"enemies":"WA_ARCHETYPE_RETAIN","floor":16,"turns":9},{"damage":23,"enemies":"Shell Parasite","floor":19,"turns":4},{"damage":9,"enemies":"Cultist and Chosen","floor":20,"turns":9},{"damage":35,"enemies":"Shelled Parasite and Fungi","floor":21,"turns":5},{"damage":6,"enemies":"3 Cultists","floor":27,"turns":6},{"damage":0,"enemies":"Snecko","floor":28,"turns":6},{"damage":0,"enemies":"Snake Plant","floor":29,"turns":5},{"damage":8,"enemies":"Shelled Parasite and Fungi","floor":32,"turns":8},{"damage":5,"enemies":"IC_MUSHROOM_ARCHETYPE","floor":33,"turns":9},{"damage":11,"enemies":"Orb Walker","floor":36,"turns":5},{"damage":0,"enemies":"downfall:FleeingMerchant","floor":39,"turns":4},{"damage":15,"enemies":"3 Darklings","floor":43,"turns":4},{"damage":14,"enemies":"Giant Head","floor":44,"turns":7},{"damage":9,"enemies":"Sphere and 2 Shapes","floor":45,"turns":9},{"damage":0,"enemies":"Writhing Mass","floor":46,"turns":7},{"damage":2,"enemies":"downfall:FleeingMerchant","floor":48,"turns":4},{"damage":10,"enemies":"Transient","floor":49,"turns":5},{"damage":49,"enemies":"DF_ARCHETYPE_ORBS","floor":50,"turns":13}],"seed_played":"-8955817483801816576","potions_obtained":[{"floor":2,"key":"Fire Potion"},{"floor":3,"key":"PowerPotion"},{"floor":12,"key":"bronze:BurnAndBuffPotion"},{"floor":15,"key":"DuplicationPotion"},{"floor":27,"key":"PowerPotion"},{"floor":29,"key":"DistilledChaos"},{"floor":32,"key":"LiquidMemories"}],"is_trial":false,"path_per_floor":["R","M","M","?","?","M","T","M","E","R","T","M","R","$","M","B",null,"R","M","M","M","?","R","T","R","?","M","M","M","R","?","M","B",null,"R","M","?","?","$","?","T","R","M","E","M","M","R","$","M","B",null],"character_chosen":"THE_SNECKO","items_purchased":["sneckomod:GlitteringGambit","OrangePellets","Guardian:PocketSentry","Enlightenment"],"campfire_rested":4,"item_purchase_floors":[14,39,39,48],"current_hp_per_floor":[81,78,72,72,72,72,72,53,33,33,33,33,57,52,50,34,69,69,46,37,2,2,26,26,50,50,44,44,44,44,44,36,38,70,70,59,59,59,59,59,59,59,44,32,25,27,53,63,55,6],"gold":73,"neow_bonus":"ONE_RARE_RELIC","is_daily":false,"chose_seed":false,"campfire_upgraded":4,"win_rate":0.0,"timestamp":1611903745,"path_taken":["R","M","M","?","?","M","T","M","E","R","?","M","R","$","M","BOSS","R","M","?","M","?","R","T","R","?","M","M","M","R","?","M","BOSS","R","M","?","?","$","?","T","R","M","E","M","M","R","$","M","BOSS"],"items_purchased_type":["Card","Relic","Relic","Card"],"build_version":"2020-12-22","purchased_purges":3,"victory":true,"max_hp_per_floor":[81,81,81,81,81,81,81,81,81,81,81,81,81,81,81,81,81,81,81,81,81,81,81,81,81,81,81,81,81,81,81,81,81,81,81,81,81,81,81,81,81,81,81,83,85,87,87,89,91,91],"relic_stats":{"Sozu":3,"OrangePellets":[0],"Busted Crown":34,"Singing Bowl":10,"counters":[26,144],"Shuriken":[37],"PreservedInsect":125,"Ginger":[20],"Question Card":23,"Boot":[50],"obtain_stats":[{"Singing Bowl":44,"downfall:HeartBlessingGreen":30,"PreservedInsect":41,"Guardian:PocketSentry":39,"Ginger":24,"sneckomod:SneckoSoul":0,"Question Card":7,"Boot":9,"Sozu":34,"OrangePellets":39,"downfall:BrokenWingStatue":5,"Busted Crown":17,"Shuriken":11,"TungstenRod":0},{"Singing Bowl":21,"downfall:HeartBlessingGreen":15,"PreservedInsect":19,"Guardian:PocketSentry":19,"Ginger":12,"sneckomod:SneckoSoul":0,"Question Card":3,"Boot":5,"Sozu":17,"OrangePellets":19,"downfall:BrokenWingStatue":2,"Busted Crown":9,"Shuriken":5,"TungstenRod":0},{"Singing Bowl":106,"downfall:HeartBlessingGreen":69,"PreservedInsect":95,"Guardian:PocketSentry":95,"Ginger":52,"sneckomod:SneckoSoul":0,"Question Card":5,"Boot":16,"Sozu":86,"OrangePellets":95,"downfall:BrokenWingStatue":4,"Busted Crown":34,"Shuriken":16,"TungstenRod":0}],"TungstenRod":62},"card_choices":[{"not_picked":["sneckomod:SoulDraw","sneckomod:ImprovisedGuard"],"picked":"sneckomod:UnknownUncommonAttack","floor":2},{"not_picked":["sneckomod:SnakeSap","sneckomod:QuickMove"],"picked":"sneckomod:WideSting","floor":3},{"not_picked":["sneckomod:UnknownVulnerable","sneckomod:UnknownDexterity","sneckomod:SoulDraw"],"picked":"SKIP","floor":6},{"not_picked":["sneckomod:ImprovisedGuard","sneckomod:UnknownBlock","sneckomod:UnknownCommonAttack"],"picked":"sneckomod:SoulRoll","floor":8},{"not_picked":["sneckomod:UnknownColorless","sneckomod:UnknownBlock","sneckomod:SoulDraw"],"picked":"sneckomod:UnknownX","floor":9},{"not_picked":["sneckomod:MixItUp","sneckomod:DefensiveFlair","sneckomod:WideSting"],"picked":"sneckomod:SoulDraw","floor":12},{"not_picked":["sneckomod:UnendingSupply","sneckomod:IronFang","sneckomod:DiceBoulder"],"picked":"sneckomod:UnknownStrength","floor":14},{"not_picked":["sneckomod:SoulCleanse","sneckomod:QuickBite","sneckomod:Unknown0Cost"],"picked":"sneckomod:UnknownX","floor":15},{"not_picked":["sneckomod:Unknown3Cost","sneckomod:Restock","sneckomod:Cheat"],"picked":"sneckomod:SerpentMind","floor":16},{"not_picked":["sneckomod:WideSting"],"picked":"sneckomod:UnknownBlock","floor":19},{"not_picked":["sneckomod:PureSnecko"],"picked":"sneckomod:UnknownWeak+1","floor":20},{"not_picked":["sneckomod:TrashToTreasure+1"],"picked":"sneckomod:UnknownStrength+1","floor":20},{"not_picked":["sneckomod:WideSting"],"picked":"sneckomod:DefensiveFlair","floor":21},{"not_picked":["sneckomod:UnknownClassGREEN+1"],"picked":"sneckomod:QuickMove+1","floor":27},{"not_picked":["sneckomod:UnknownUncommonPower"],"picked":"sneckomod:TrashToTreasure","floor":28},{"not_picked":["sneckomod:DiceCrush","sneckomod:Unknown0Cost"],"picked":"SKIP","floor":29},{"not_picked":["sneckomod:DiceCrush","sneckomod:UnknownClassHEXA_GHOST_PURPLE"],"picked":"SKIP","floor":32},{"not_picked":["sneckomod:SoulExchange"],"picked":"sneckomod:SerpentMind","floor":33},{"not_picked":["sneckomod:UnknownUncommonAttack+1","sneckomod:DiceCrush+1"],"picked":"SKIP","floor":36},{"not_picked":["sneckomod:DiceBoulder+1","sneckomod:UnknownCommonAttack"],"picked":"SKIP","floor":39},{"not_picked":["sneckomod:QuickBite"],"picked":"sneckomod:Nope+1","floor":43},{"not_picked":["sneckomod:UnknownDraw","sneckomod:UnknownClassGREEN"],"picked":"Singing Bowl","floor":44},{"not_picked":["sneckomod:UnknownCommonSkill+1","sneckomod:MixItUp"],"picked":"Singing Bowl","floor":45},{"not_picked":["sneckomod:DiceBlock+1","sneckomod:UnknownColorless"],"picked":"Singing Bowl","floor":46},{"not_picked":["sneckomod:UnknownRareAttack","sneckomod:WideSting"],"picked":"Singing Bowl","floor":48},{"not_picked":["sneckomod:SnekBeam+1","sneckomod:DiceBlock+1"],"picked":"Singing Bowl","floor":49}],"player_experience":1800678,"relics_obtained":[{"floor":7,"key":"Question Card"},{"floor":9,"key":"Boot"},{"floor":11,"key":"Shuriken"},{"floor":24,"key":"Ginger"},{"floor":41,"key":"PreservedInsect"},{"floor":44,"key":"Singing Bowl"}],"event_choices":[{"damage_healed":0,"gold_gain":0,"player_choice":"Ignored","damage_taken":0,"max_hp_gain":0,"max_hp_loss":0,"event_name":"Mysterious Sphere","floor":37,"gold_loss":0},{"cards_removed":["sneckomod:WideSting"],"damage_healed":0,"gold_gain":0,"player_choice":"Removed Attack","damage_taken":0,"max_hp_gain":0,"max_hp_loss":0,"event_name":"Falling","floor":38,"gold_loss":0}],"is_beta":false,"boss_relics":[{"not_picked":["bronze:MakeshiftBattery","Runic Dome"],"picked":"Busted Crown"},{"not_picked":["Tiny House","Velvet Choker"],"picked":"Sozu"}],"items_purged_floors":[14,39,48],"is_endless":false,"potions_floor_spawned":[2,3,12,15,27,29,32,44,45,46],"ascension_level":5}}