{"host":"2j5d0uw0vihq8b8w","time":1611915566,"event":{"mods":["2.2 Compatiblity","AchievementEnabler","BaseMod","BetterRewards","Colored Map","Colored Powertips","Custom Start","DeckTracker","Minty Spire (QoL Compilation)","Permanent Neow","Quick Restart","Rare Cards Sparkle","StSLib","SuperFastMode"],"gold_per_floor":[118,118,137,62,62,62,62,76,101,101,101,116,150,172,172,270,270,283,283,295,295,295,395,422,422,422,322,322,331,358,381,381,478,541,569,590,640,649,676,707,721,740,740,740,757,777,116,157,157,157],"floor_reached":51,"language":"KOR","playtime":6351,"items_purged":["Strike_R","Decay","Body Slam"],"score":888,"play_id":"c5d31701-6b9a-4333-946e-b1b11663cdd0","local_time":"20210129191926","is_ascension_mode":true,"campfire_choices":[{"data":"Demon Form","floor":6.0,"key":"SMITH"},{"data":"True Grit","floor":11.0,"key":"SMITH"},{"data":"Bash","floor":15.0,"key":"SMITH"},{"data":"Rampage","floor":25.0,"key":"SMITH"},{"data":"Defend_R","floor":28.0,"key":"SMITH"},{"data":"J.A.X.","floor":32.0,"key":"SMITH"},{"floor":49,"key":"REST"}],"circlet_count":0,"master_deck":["Bash+1","Demon Form+1","Sword Boomerang+1","Heavy Blade+1","True Grit+1","Offering+1","Pommel Strike+1","Rampage+1","J.A.X.+1","Sword Boomerang","Power Through","Infernal Blade","Flex","Carnage","Intimidate","Evolve","Rage+1","Burning Pact+1","Offering+1","Anger+1","Metallicize+1"],"relics":["Burning Blood","Regal Pillow","TungstenRod","Odd Mushroom","Cursed Key","CeramicFish","Anchor","Pandora\u0027s Box","Unceasing Top","Pen Nib","Bottled Lightning","Nunchaku","Bottled Flame"],"acts_visited":["Exordium","TheCity","TheBeyond"],"potions_floor_usage":[46],"damage_taken":[{"damage":9.0,"enemies":"2 Louse","floor":1.0,"turns":3.0},{"damage":4.0,"enemies":"Jaw Worm","floor":3.0,"turns":3.0},{"damage":0.0,"enemies":"Small Slimes","floor":8.0,"turns":2.0},{"damage":3.0,"enemies":"Looter","floor":12.0,"turns":3.0},{"damage":0.0,"enemies":"Lagavulin","floor":13.0,"turns":4.0},{"damage":18.0,"enemies":"The Mushroom Lair","floor":14.0,"turns":4.0},{"damage":11.0,"enemies":"The Guardian","floor":16.0,"turns":7.0},{"damage":5.0,"enemies":"Spheric Guardian","floor":18.0,"turns":3.0},{"damage":6.0,"enemies":"Chosen","floor":20.0,"turns":3.0},{"damage":23.0,"enemies":"Snake Plant","floor":24.0,"turns":3.0},{"damage":22.0,"enemies":"Slavers","floor":30.0,"turns":4.0},{"damage":7.0,"enemies":"Shelled Parasite and Fungi","floor":31.0,"turns":3.0},{"damage":21.0,"enemies":"Automaton","floor":33.0,"turns":6.0},{"damage":9.0,"enemies":"3 Shapes","floor":35.0,"turns":2.0},{"damage":7.0,"enemies":"Orb Walker","floor":36.0,"turns":2.0},{"damage":2.0,"enemies":"Mind Bloom Boss Battle","floor":37.0,"turns":4.0},{"damage":16.0,"enemies":"Spire Growth","floor":39.0,"turns":3.0},{"damage":16.0,"enemies":"Nemesis","floor":40.0,"turns":3.0},{"damage":22.0,"enemies":"4 Shapes","floor":41.0,"turns":3.0},{"damage":5.0,"enemies":"Jaw Worm Horde","floor":42.0,"turns":3.0},{"damage":12,"enemies":"3 Darklings","floor":45,"turns":1},{"damage":12,"enemies":"Writhing Mass","floor":46,"turns":3},{"damage":12,"enemies":"Reptomancer","floor":48,"turns":1},{"damage":35,"enemies":"Time Eater","floor":50,"turns":6}],"seed_played":"2161005679588570065","potions_obtained":[{"floor":8.0,"key":"DuplicationPotion"},{"floor":12.0,"key":"ColorlessPotion"},{"floor":13.0,"key":"Fire Potion"},{"floor":20.0,"key":"Strength Potion"},{"floor":35.0,"key":"SteroidPotion"},{"floor":40.0,"key":"Weak Potion"},{"floor":42.0,"key":"BlessingOfTheForge"},{"floor":45,"key":"LiquidMemories"}],"is_trial":false,"path_per_floor":["M","?","M","$","?","R","?","M","T","?","R","M","E","?","R","B",null,"M","?","M","?","T","?","M","R","T","$","R","?","E","M","R","B",null,"M","M","?","?","M","E","M","M","T","$","M","M","$","E","R","B",null],"character_chosen":"IRONCLAD","items_purchased":["Bottled Lightning","Nunchaku","DuplicationPotion","Energy Potion"],"campfire_rested":1,"item_purchase_floors":[47,47,47,47],"current_hp_per_floor":[53,46,48,48,32,32,32,38,38,38,38,41,47,35,35,30,80,80,80,80,80,80,80,63,63,63,63,63,63,47,46,46,31,80,77,76,80,80,70,60,44,45,45,45,39,33,33,27,66,37],"gold":157,"neow_bonus":"THREE_RARE_CARDS","is_daily":false,"chose_seed":false,"campfire_upgraded":6,"win_rate":0.0,"timestamp":1611915566,"path_taken":["M","?","M","$","?","R","?","?","T","?","R","M","E","?","R","BOSS","M","?","?","?","?","?","?","R","T","?","R","?","E","M","R","BOSS","M","M","?","?","M","E","M","M","T","$","?","M","$","E","R","BOSS"],"items_purchased_type":["Relic","Relic","Potion","Potion"],"build_version":"2020-12-22","purchased_purges":3,"victory":true,"max_hp_per_floor":[80,80,80,80,80,80,80,80,80,80,80,80,80,80,80,80,80,80,80,80,80,80,80,80,80,80,80,80,80,80,80,80,80,80,80,80,80,80,80,80,80,80,80,80,80,80,80,80,80,80],"card_choices":[{"not_picked":["Exhume","Limit Break"],"picked":"Demon Form","floor":0.0},{"not_picked":["Twin Strike","Burning Pact"],"picked":"Sword Boomerang","floor":1.0},{"not_picked":["Flex","Pommel Strike"],"picked":"Heavy Blade","floor":3.0},{"not_picked":["Twin Strike","Heavy Blade"],"picked":"True Grit","floor":8.0},{"not_picked":["Twin Strike","Fiend Fire","Clash"],"picked":"SKIP","floor":12.0},{"not_picked":["Perfected Strike","Carnage","Rupture"],"picked":"SKIP","floor":13.0},{"not_picked":["Fiend Fire","Berserk"],"picked":"Offering","floor":16.0},{"not_picked":["Havoc","Anger","Thunderclap"],"picked":"SKIP","floor":18.0},{"not_picked":["Clash","Sword Boomerang"],"picked":"Pommel Strike+1","floor":20.0},{"not_picked":["Bludgeon","Armaments"],"picked":"Rampage","floor":24.0},{"not_picked":["Heavy Blade","Searing Blow+1","Dropkick"],"picked":"SKIP","floor":30.0},{"not_picked":["True Grit","Reckless Charge"],"picked":"Sword Boomerang","floor":31.0},{"not_picked":["Feel No Pain+1","True Grit"],"picked":"Rage+1","floor":35.0},{"not_picked":["True Grit+1","Perfected Strike","Burning Pact+1"],"picked":"SKIP","floor":36.0},{"not_picked":["True Grit+1","Perfected Strike"],"picked":"Burning Pact+1","floor":36.0},{"not_picked":["Burning Pact","Clothesline+1"],"picked":"Anger+1","floor":39.0},{"not_picked":["Heavy Blade","Sword Boomerang+1","Headbutt+1"],"picked":"SKIP","floor":40.0},{"not_picked":["Flame Barrier","Pommel Strike","Fire Breathing+1"],"picked":"SKIP","floor":41.0},{"not_picked":["Carnage","Searing Blow+1","Inflame"],"picked":"SKIP","floor":42.0},{"not_picked":["Intimidate+1","Rampage","Entrench"],"picked":"SKIP","floor":45},{"not_picked":["Fire Breathing","Clash","Carnage"],"picked":"SKIP","floor":46},{"not_picked":["Inflame+1","Reckless Charge+1"],"picked":"Metallicize+1","floor":48}],"player_experience":633180,"relics_obtained":[{"floor":9.0,"key":"Regal Pillow"},{"floor":13.0,"key":"TungstenRod"},{"floor":14.0,"key":"Odd Mushroom"},{"floor":22.0,"key":"CeramicFish"},{"floor":30.0,"key":"Anchor"},{"floor":37.0,"key":"Unceasing Top"},{"floor":40.0,"key":"Pen Nib"},{"floor":48,"key":"Bottled Flame"}],"event_choices":[{"cards_removed":["Strike_R"],"damage_healed":0.0,"max_hp_gain":0.0,"max_hp_loss":0.0,"gold_gain":0.0,"event_name":"Golden Wing","player_choice":"Card Removal","floor":2.0,"gold_loss":0.0,"damage_taken":7.0},{"damage_healed":0.0,"max_hp_gain":0.0,"max_hp_loss":0.0,"gold_gain":0.0,"event_name":"Shining Light","player_choice":"Entered Light","floor":5.0,"gold_loss":0.0,"damage_taken":16.0,"cards_upgraded":["Strike_R","Sword Boomerang"]},{"damage_healed":0.0,"max_hp_gain":0.0,"max_hp_loss":0.0,"gold_gain":0.0,"event_name":"Upgrade Shrine","player_choice":"Upgraded","floor":7.0,"gold_loss":0.0,"damage_taken":0.0,"cards_upgraded":["Heavy Blade"]},{"damage_healed":0.0,"max_hp_gain":0.0,"max_hp_loss":0.0,"gold_gain":0.0,"event_name":"Dead Adventurer","player_choice":"Searched \u00270\u0027 times","floor":10.0,"gold_loss":0.0,"damage_taken":0.0},{"damage_healed":0.0,"max_hp_gain":0.0,"max_hp_loss":0.0,"gold_gain":0.0,"event_name":"Mushrooms","player_choice":"Fought Mushrooms","floor":14.0,"gold_loss":0.0,"damage_taken":0.0},{"damage_healed":0.0,"max_hp_gain":0.0,"max_hp_loss":0.0,"gold_gain":0.0,"event_name":"Upgrade Shrine","player_choice":"Upgraded","floor":19.0,"gold_loss":0.0,"damage_taken":0.0,"cards_upgraded":["Offering"]},{"damage_healed":0.0,"max_hp_gain":0.0,"max_hp_loss":0.0,"gold_gain":0.0,"event_name":"Vampires","player_choice":"Ignored","floor":21.0,"gold_loss":0.0,"damage_taken":0.0},{"damage_healed":0.0,"max_hp_gain":0.0,"max_hp_loss":0.0,"gold_gain":100.0,"event_name":"Golden Shrine","player_choice":"Pray","floor":23.0,"gold_loss":0.0,"damage_taken":0.0},{"damage_healed":0.0,"max_hp_gain":0.0,"max_hp_loss":0.0,"gold_gain":0.0,"event_name":"Drug Dealer","player_choice":"Obtain J.A.X.","floor":29.0,"gold_loss":0.0,"damage_taken":0.0,"cards_obtained":["J.A.X."]},{"damage_healed":0.0,"max_hp_gain":0.0,"max_hp_loss":0.0,"gold_gain":0.0,"event_name":"MindBloom","player_choice":"Fight","floor":37.0,"gold_loss":0.0,"damage_taken":0.0},{"damage_healed":0.0,"max_hp_gain":0.0,"max_hp_loss":0.0,"gold_gain":0.0,"event_name":"Duplicator","player_choice":"Copied","floor":38.0,"gold_loss":0.0,"damage_taken":0.0,"cards_obtained":["Offering"]}],"is_beta":false,"boss_relics":[{"not_picked":["Runic Pyramid","Tiny House"],"picked":"Cursed Key"},{"not_picked":["Runic Dome","Busted Crown"],"picked":"Pandora\u0027s Box"}],"items_purged_floors":[4,27,47],"is_endless":false,"potions_floor_spawned":[8,12,13,16,20,35,40,42,45],"ascension_level":3}}