{"host":"8ef2eyqaps3igadt","time":1611921843,"event":{"mods":["AchievementEnabler","Act Like it!","Aspiration","BaseMod","Better Altar","Better Match","Better Skull","Better Third Choice","Better Vampires","BetterRewards","Conspire","Curses Come First","Defuse TimeMaze Blight","Disable Question Mark Monsters","Displayed Cursed Tome","Energized Spire","Fox Events","GifTheSpireLib","Hallownest","Highlight Path","Hubris","Infinite Spire","Marked Mod","Mimic Mod","Minty Spire (QoL Compilation)","Quick Restart","Replay The Spire","Shop Mod","Spicy Shops","Spikes Relics","StS++","StSLib","Stuff the Spire","SuperFastMode","The Marked","Trackpad","Unceasing Turn Reminder","Virulent Crown","Wandering Minibosses"],"gold_per_floor":[119,119,119,135,135,167,167,201,269,280,280,266,266,248,248,351,351,321,338,357,357,326,326,326],"floor_reached":23,"language":"ENG","playtime":584,"items_purged":[],"score":239,"play_id":"9801e869-4e25-42e1-841c-a9bcf2c966b4","local_time":"20210129130403","is_ascension_mode":true,"campfire_choices":[{"data":"Deadly Poison","floor":7.0,"key":"SMITH"},{"data":"Neutralize","floor":11.0,"key":"SMITH"},{"data":"Draining Mist","floor":13,"key":"SMITH"},{"data":"Bane","floor":15,"key":"SMITH"}],"circlet_count":0,"master_deck":["Strike_G","Strike_G","Strike_G","Strike_G","Strike_G","Defend_G","Defend_G","Defend_G","Defend_G","Defend_G","Survivor","Neutralize+1","Deadly Poison+1","Bane+1","A Thousand Cuts+1","Draining Mist+1","Caltrops+1","Poison Darts","Footwork+1","Footwork+1"],"relics":["Frozen Egg 2","Blood Vial","hubris:Reverence"],"acts_visited":["Exordium","TheCity"],"potions_floor_usage":[],"damage_taken":[{"damage":0.0,"enemies":"Small Slimes","floor":1.0,"turns":1.0},{"damage":0.0,"enemies":"Cultist","floor":4.0,"turns":1.0},{"damage":0.0,"enemies":"Lagavulin","floor":6.0,"turns":1.0},{"damage":10.0,"enemies":"3 Sentries","floor":8.0,"turns":10.0},{"damage":3.0,"enemies":"Jaw Worm","floor":10.0,"turns":4.0},{"damage":12,"enemies":"3 Louse","floor":12,"turns":5},{"damage":10,"enemies":"Blue Slaver","floor":14,"turns":6},{"damage":26,"enemies":"Fading Forest","floor":16,"turns":11},{"damage":23,"enemies":"2 Thieves","floor":18,"turns":5},{"damage":0,"enemies":"Chosen","floor":19,"turns":4},{"damage":9,"enemies":"Snake Plant","floor":20,"turns":4},{"damage":34,"enemies":"Cultist and Chosen","floor":22,"turns":8},{"damage":12,"enemies":"Gremlin Leader","floor":23,"turns":2}],"seed_played":"-5923186719262793242","potions_obtained":[{"floor":1.0,"key":"CultistPotion"},{"floor":6.0,"key":"Dexterity Potion"},{"floor":14,"key":"Reflective Coating"},{"floor":18,"key":"Strength Potion"}],"is_trial":false,"path_per_floor":["M","?","$","M","?","E","R","E","T","M","R","M","R","M","R","B",null,"M","M","M","T","M","E"],"character_chosen":"THE_SILENT","items_purchased":[],"campfire_rested":0,"item_purchase_floors":[],"current_hp_per_floor":[70,70,70,70,70,70,70,60,60,59,59,49,49,41,41,17,70,47,49,42,42,10,0,0],"gold":326,"neow_bonus":"THREE_ENEMY_KILL","is_daily":false,"chose_seed":false,"campfire_upgraded":4,"win_rate":0.0,"timestamp":1611921843,"path_taken":["M","?","$","M","?","E","R","E","T","?","R","?","R","M","R","BOSS","M","?","M","?","?","E"],"items_purchased_type":[],"build_version":"2020-12-22","purchased_purges":0,"victory":false,"max_hp_per_floor":[70,70,70,70,70,70,70,70,70,70,70,70,70,70,70,70,70,70,70,70,70,70,70,70],"card_choices":[{"not_picked":["Outmaneuver","Flying Knee"],"picked":"Deadly Poison","floor":1.0},{"not_picked":["Hidden Blade","ShadowRift","Flying Knee"],"picked":"SKIP","floor":4.0},{"not_picked":["Masterful Stab","Choke"],"picked":"Bane","floor":6.0},{"not_picked":["Hidden Blade","StSpp:Throw"],"picked":"A Thousand Cuts+1","floor":8.0},{"not_picked":["Endless Agony","Underhanded Strike","ReplayTheSpireMod:Speed Training"],"picked":"SKIP","floor":10.0},{"not_picked":["StuffTheSpire:Fury","Catalyst"],"picked":"Draining Mist","floor":12},{"not_picked":["PiercingWail","StSpp:Anticipation"],"picked":"Caltrops+1","floor":14},{"not_picked":["Replay:Bag of Tricks","Malaise"],"picked":"Poison Darts","floor":16},{"not_picked":["hubris:SlightOfHand+1","Backflip","StuffTheSpire:ClusterCrunch"],"picked":"SKIP","floor":18},{"not_picked":["StuffTheSpire:ClusterCrunch","Cloak And Dagger"],"picked":"Footwork+1","floor":19},{"not_picked":["Underhanded Strike","Eviscerate","Flying Knee"],"picked":"SKIP","floor":20},{"not_picked":["Reflex","Poisoned Stab"],"picked":"Footwork+1","floor":22}],"player_experience":19169,"relics_obtained":[{"floor":6.0,"key":"Frozen Egg 2"},{"floor":8.0,"key":"Blood Vial"},{"floor":9.0,"key":"Blue Candle"},{"floor":21,"key":"hubris:Reverence"}],"event_choices":[{"damage_healed":0.0,"max_hp_gain":0.0,"max_hp_loss":0.0,"gold_gain":0.0,"event_name":"conspire:Investor","player_choice":"Leave","floor":2.0,"gold_loss":0.0,"damage_taken":0.0},{"damage_healed":0.0,"max_hp_gain":0.0,"max_hp_loss":0.0,"gold_gain":0.0,"event_name":"Transmorgrifier","player_choice":"Ignored","floor":5.0,"gold_loss":0.0,"damage_taken":0.0}],"is_beta":false,"boss_relics":[{"not_picked":["ReplayTheSpireMod:SealedPack","HoveringKite","Snecko Scales"]}],"items_purged_floors":[],"is_endless":false,"potions_floor_spawned":[1,6,14,18],"killed_by":"Gremlin Leader","ascension_level":1}}