{"host":"2hea6pl5vmah38iy","time":1611919400,"event":{"mods":["AchievementEnabler","BaseMod","Colored Map","DeckTracker","Keyboard Shortcuts","Minty Spire (QoL Compilation)","Rare Cards Sparkle","StSLib","SuperFastMode","everything is the same but u backflip on backflip"],"gold_per_floor":[119,134,151,166,166,200,200,230,230,27,38,53,18,18,18,94,94,114,128,128,138,188,188,220,235,235,101,101,114,114,140,140,219,219,232,245,69,69,85,110,124,135,135,163,174,192,40,75,75,75,75,75,19,54,54],"floor_reached":56,"language":"KOR","playtime":3701,"items_purged":["Pain","Strike_R"],"score":2395,"play_id":"27c03e53-4db3-4d2b-a2da-9b8b252a187a","local_time":"20210129202320","is_ascension_mode":true,"campfire_choices":[{"data":"Disarm","floor":7.0,"key":"SMITH"},{"data":"Feel No Pain","floor":15.0,"key":"SMITH"},{"floor":23.0,"key":"REST"},{"data":"Heavy Blade","floor":28.0,"key":"SMITH"},{"data":"Seeing Red","floor":30.0,"key":"SMITH"},{"data":"Demon Form","floor":32.0,"key":"SMITH"},{"floor":49,"key":"RECALL"},{"data":"Evolve","floor":52,"key":"SMITH"}],"circlet_count":0,"master_deck":["AscendersBane","Strike_R","Defend_R","Defend_R","Bash","Spot Weakness+1","Infernal Blade+1","Twin Strike+1","Seeing Red+1","Disarm+1","Clothesline","Battle Trance","Pummel","Offering","Evolve+1","Feel No Pain+1","Shrug It Off","Exhume","Warcry","Reaper","Burning Pact","Heavy Blade+1","Demon Form+1","Double Tap+1","True Grit+1","Bloodletting+1","Injury","Sentinel+1","Warcry+1","Offering+1","Sentinel+1","Seeing Red+1"],"relics":["Centennial Puzzle","Dead Branch","Ornamental Fan","TheAbacus","Cursed Key","Nloth\u0027s Gift","Darkstone Periapt","Toxic Egg 2","PreservedInsect","SlaversCollar","Vajra","Art of War","Pear"],"acts_visited":["Exordium","TheCity","TheBeyond","TheEnding"],"potions_floor_usage":[54,55],"damage_taken":[{"damage":1.0,"enemies":"2 Louse","floor":1.0,"turns":3.0},{"damage":0.0,"enemies":"Small Slimes","floor":2.0,"turns":2.0},{"damage":0.0,"enemies":"Cultist","floor":3.0,"turns":2.0},{"damage":8.0,"enemies":"Blue Slaver","floor":4.0,"turns":2.0},{"damage":9.0,"enemies":"Gremlin Nob","floor":6.0,"turns":3.0},{"damage":22.0,"enemies":"3 Sentries","floor":8.0,"turns":7.0},{"damage":7.0,"enemies":"Lots of Slimes","floor":11.0,"turns":2.0},{"damage":14.0,"enemies":"Red Slaver","floor":12.0,"turns":2.0},{"damage":6.0,"enemies":"Hexaghost","floor":16.0,"turns":7.0},{"damage":7.0,"enemies":"2 Thieves","floor":18.0,"turns":3.0},{"damage":10.0,"enemies":"3 Byrds","floor":19.0,"turns":2.0},{"damage":15.0,"enemies":"Snecko","floor":21.0,"turns":3.0},{"damage":8.0,"enemies":"Book of Stabbing","floor":24.0,"turns":4.0},{"damage":6.0,"enemies":"Centurion and Healer","floor":25.0,"turns":5.0},{"damage":12.0,"enemies":"Shelled Parasite and Fungi","floor":29.0,"turns":5.0},{"damage":23.0,"enemies":"Slavers","floor":31.0,"turns":3.0},{"damage":24.0,"enemies":"Automaton","floor":33.0,"turns":6.0},{"damage":28.0,"enemies":"3 Darklings","floor":35.0,"turns":4.0},{"damage":12.0,"enemies":"3 Shapes","floor":36.0,"turns":4.0},{"damage":20.0,"enemies":"Jaw Worm Horde","floor":39.0,"turns":3.0},{"damage":6.0,"enemies":"Giant Head","floor":40.0,"turns":4.0},{"damage":18.0,"enemies":"4 Shapes","floor":41.0,"turns":3.0},{"damage":54.0,"enemies":"Spire Growth","floor":42.0,"turns":5.0},{"damage":15.0,"enemies":"Nemesis","floor":44.0,"turns":3.0},{"damage":31.0,"enemies":"Sphere and 2 Shapes","floor":45.0,"turns":5.0},{"damage":15.0,"enemies":"Transient","floor":46.0,"turns":6.0},{"damage":30,"enemies":"Reptomancer","floor":48,"turns":4},{"damage":58,"enemies":"Awakened One","floor":50,"turns":7},{"damage":21,"enemies":"Shield and Spear","floor":54,"turns":4},{"damage":70,"enemies":"The Heart","floor":55,"turns":6}],"seed_played":"-22678069244746408","potions_obtained":[{"floor":1.0,"key":"BlessingOfTheForge"},{"floor":3.0,"key":"Energy Potion"},{"floor":12.0,"key":"Block Potion"},{"floor":16.0,"key":"EntropicBrew"},{"floor":25.0,"key":"Fruit Juice"},{"floor":35.0,"key":"EssenceOfSteel"},{"floor":36.0,"key":"SteroidPotion"},{"floor":44.0,"key":"LiquidBronze"}],"is_trial":false,"path_per_floor":["M","M","M","M","?","E","R","E","T","$","M","M","?","?","R","B",null,"M","M","?","M","?","R","E","M","T","$","R","M","R","E","R","B",null,"M","M","$","T","M","E","M","M","T","E","M","M","$","E","R","B",null,"R","$","E","B",null],"character_chosen":"IRONCLAD","items_purchased":["TheAbacus","Evolve","Heavy Blade","Bloodletting+1","Offering+1","AttackPotion"],"campfire_rested":1,"item_purchase_floors":[10,10,27,37,47,53],"current_hp_per_floor":[67,67,67,59,59,50,50,28,28,28,21,7,25,18,18,12,59,52,42,42,27,27,49,41,42,48,48,48,44,44,45,45,42,71,80,73,73,79,71,83,92,57,57,55,24,36,36,40,40,54,83,83,83,82,12],"gold":54,"neow_bonus":"BOSS_RELIC","is_daily":false,"chose_seed":false,"campfire_upgraded":6,"win_rate":0.0,"timestamp":1611919400,"path_taken":["M","M","M","M","?","E","R","E","T","$","M","M","?","?","R","BOSS","M","M","?","?","?","R","E","M","T","$","R","M","R","E","R","BOSS","M","M","$","?","M","E","M","M","T","E","?","M","$","E","R","BOSS","R","$","E","BOSS"],"items_purchased_type":["Relic","Card","Card","Card","Card","Potion"],"build_version":"2020-12-22","purchased_purges":2,"victory":true,"max_hp_per_floor":[75,75,75,75,75,75,75,75,75,75,75,75,75,75,75,75,75,75,75,75,75,75,75,75,75,81,81,81,81,81,81,81,81,81,81,86,86,92,92,92,92,92,92,92,92,92,92,92,92,92,92,92,92,102,102],"card_choices":[{"not_picked":["Twin Strike","Burning Pact"],"picked":"Seeing Red","floor":1.0},{"not_picked":["Rupture","Headbutt","Cleave"],"picked":"SKIP","floor":2.0},{"not_picked":["Rupture","Headbutt","Cleave"],"picked":"SKIP","floor":2.0},{"not_picked":["Sword Boomerang","Warcry"],"picked":"Disarm","floor":3.0},{"not_picked":["Reckless Charge","Wild Strike"],"picked":"Clothesline","floor":4.0},{"not_picked":["Cleave","Intimidate"],"picked":"Pummel","floor":6.0},{"not_picked":["Rupture","Disarm"],"picked":"Offering","floor":8.0},{"not_picked":["Flex","Twin Strike"],"picked":"Feel No Pain","floor":11.0},{"not_picked":["Body Slam","Thunderclap"],"picked":"Shrug It Off","floor":12.0},{"not_picked":["Barricade","Demon Form"],"picked":"Exhume","floor":16.0},{"not_picked":["Flame Barrier","Headbutt"],"picked":"Warcry","floor":18.0},{"not_picked":["Hemokinesis+1","Clothesline","Flame Barrier"],"picked":"SKIP","floor":19.0},{"not_picked":["Thunderclap","Hemokinesis","True Grit"],"picked":"SKIP","floor":21.0},{"not_picked":["Clash","Brutality"],"picked":"Reaper","floor":24.0},{"not_picked":["True Grit","Flex"],"picked":"Burning Pact","floor":25.0},{"not_picked":["Havoc+1","Clash","Rage+1"],"picked":"SKIP","floor":29.0},{"not_picked":["Havoc+1","Clash","Rage+1"],"picked":"SKIP","floor":29.0},{"not_picked":["Rage+1","Anger"],"picked":"Demon Form","floor":31.0},{"not_picked":["Demon Form","Reaper"],"picked":"Double Tap+1","floor":33.0},{"not_picked":["Body Slam","Sever Soul","Wild Strike"],"picked":"SKIP","floor":35.0},{"not_picked":["Body Slam","Sever Soul","Wild Strike"],"picked":"SKIP","floor":35.0},{"not_picked":["Perfected Strike","Havoc+1"],"picked":"True Grit+1","floor":36.0},{"not_picked":["Cleave","Blood for Blood","Combust"],"picked":"SKIP","floor":39.0},{"not_picked":["Iron Wave","Carnage+1"],"picked":"Sentinel+1","floor":40.0},{"not_picked":["Fire Breathing","Brutality"],"picked":"Warcry+1","floor":41.0},{"not_picked":["Sever Soul+1","Feel No Pain+1","Wild Strike"],"picked":"SKIP","floor":42.0},{"not_picked":["Body Slam+1","Evolve","Twin Strike+1"],"picked":"SKIP","floor":44.0},{"not_picked":["Body Slam+1","Evolve","Twin Strike+1"],"picked":"SKIP","floor":44.0},{"not_picked":["Bloodletting+1","Clothesline","Feel No Pain"],"picked":"SKIP","floor":45.0},{"not_picked":["Thunderclap+1","Wild Strike","Flame Barrier+1"],"picked":"SKIP","floor":46.0},{"not_picked":["Double Tap+1","Shrug It Off+1"],"picked":"Sentinel+1","floor":48},{"not_picked":["Rampage","Bludgeon"],"picked":"Seeing Red+1","floor":54}],"player_experience":538135,"relics_obtained":[{"floor":6.0,"key":"Centennial Puzzle"},{"floor":8.0,"key":"Dead Branch"},{"floor":9.0,"key":"Ornamental Fan"},{"floor":24.0,"key":"Darkstone Periapt"},{"floor":26.0,"key":"Toxic Egg 2"},{"floor":31.0,"key":"PreservedInsect"},{"floor":40.0,"key":"Vajra"},{"floor":44.0,"key":"Art of War"},{"floor":54,"key":"Pear"}],"event_choices":[{"damage_healed":0.0,"max_hp_gain":0.0,"max_hp_loss":0.0,"gold_gain":0.0,"cards_transformed":["Strike_R"],"event_name":"Living Wall","player_choice":"Change","floor":5.0,"gold_loss":0.0,"damage_taken":0.0,"cards_obtained":["Battle Trance"]},{"damage_healed":18.0,"max_hp_gain":0.0,"max_hp_loss":0.0,"gold_gain":0.0,"event_name":"The Cleric","player_choice":"Healed","floor":13.0,"gold_loss":35.0,"damage_taken":0.0},{"cards_removed":["Strike_R"],"damage_healed":0.0,"max_hp_gain":0.0,"max_hp_loss":0.0,"gold_gain":0.0,"event_name":"Golden Wing","player_choice":"Card Removal","floor":14.0,"gold_loss":0.0,"damage_taken":7.0},{"damage_healed":0.0,"max_hp_gain":0.0,"max_hp_loss":0.0,"gold_gain":0.0,"event_name":"N\u0027loth","player_choice":"Traded Relic","floor":20.0,"relics_lost":["Astrolabe"],"gold_loss":0.0,"damage_taken":0.0,"relics_obtained":["Nloth\u0027s Gift"]},{"damage_healed":0.0,"max_hp_gain":0.0,"max_hp_loss":0.0,"gold_gain":50.0,"event_name":"Golden Shrine","player_choice":"Pray","floor":22.0,"gold_loss":0.0,"damage_taken":0.0}],"is_beta":false,"boss_relics":[{"not_picked":["Ectoplasm","Runic Cube"],"picked":"Cursed Key"},{"not_picked":["Tiny House","Empty Cage"],"picked":"SlaversCollar"}],"items_purged_floors":[27,37],"is_endless":false,"potions_floor_spawned":[1,3,4,12,16,19,24,25,35,36,44,45],"ascension_level":18}}