{"host":"2wp95sdfrgw3k439","time":1611964535,"event":{"mods":["BaseMod","Better Altar","Better Skull","Better Third Choice","Curses Come First","Minty Spire (QoL Compilation)","Permanent Neow","StSLib"],"gold_per_floor":[117,127,127,140,156,156,172,172,248,302,302,336,28,44,44,149,149,161,146,171,171,171],"floor_reached":21,"language":"ENG","playtime":878,"items_purged":["Strike_B"],"score":270,"play_id":"67556dd7-f17a-4cc8-a5bb-b0b28d9aaea2","local_time":"20210129165535","is_ascension_mode":true,"campfire_choices":[{"floor":6,"key":"REST"},{"floor":8,"key":"REST"},{"floor":11,"key":"REST"},{"floor":15,"key":"REST"}],"circlet_count":0,"master_deck":["Strike_B","Strike_B","Defend_B","Defend_B","Defend_B","Zap","Dualcast","Go for the Eyes","Sweeping Beam","Conserve Battery","Storm","Core Surge","Undo","Bandage Up","Rainbow","Beam Cell"],"relics":["Cracked Core","Ginger","Bottled Lightning","Bronze Scales","CeramicFish","Anchor","Busted Crown"],"acts_visited":["Exordium","TheCity"],"potions_floor_usage":[10,10,12,14,20,21],"damage_taken":[{"damage":9,"enemies":"Jaw Worm","floor":1,"turns":4},{"damage":1,"enemies":"Cultist","floor":2,"turns":3},{"damage":2,"enemies":"2 Louse","floor":4,"turns":2},{"damage":34,"enemies":"Large Slime","floor":5,"turns":7},{"damage":5,"enemies":"Blue Slaver","floor":7,"turns":4},{"damage":8,"enemies":"3 Sentries","floor":10,"turns":6},{"damage":17,"enemies":"Gremlin Nob","floor":12,"turns":4},{"damage":6,"enemies":"Exordium Thugs","floor":14,"turns":3},{"damage":45,"enemies":"The Guardian","floor":16,"turns":15},{"damage":0,"enemies":"3 Byrds","floor":18,"turns":2},{"damage":12,"enemies":"2 Thieves","floor":19,"turns":4},{"damage":46,"enemies":"Sentry and Sphere","floor":20,"turns":7},{"damage":41,"enemies":"Masked Bandits","floor":21,"turns":3}],"seed_played":"-7482674123671507629","potions_obtained":[{"floor":2,"key":"CultistPotion"},{"floor":5,"key":"ColorlessPotion"},{"floor":7,"key":"SmokeBomb"},{"floor":10,"key":"Explosive Potion"},{"floor":12,"key":"Fire Potion"},{"floor":16,"key":"Regen Potion"},{"floor":18,"key":"BlessingOfTheForge"},{"floor":20,"key":"BlessingOfTheForge"}],"is_trial":false,"path_per_floor":["M","M","?","M","M","R","M","R","T","E","R","E","$","M","R","B",null,"M","M","M","?"],"character_chosen":"DEFECT","items_purchased":["Anchor","Bandage Up"],"campfire_rested":4,"item_purchase_floors":[13,13],"current_hp_per_floor":[41,40,40,38,4,26,21,43,43,35,57,40,40,38,60,19,61,65,57,30,0,0],"gold":171,"neow_bonus":"REMOVE_TWO","is_daily":false,"chose_seed":false,"campfire_upgraded":0,"win_rate":0.0,"timestamp":1611964535,"path_taken":["M","M","?","M","M","R","M","R","T","E","R","E","$","?","R","BOSS","M","M","?","?"],"items_purchased_type":["Relic","Card"],"build_version":"2020-12-22","purchased_purges":1,"victory":false,"max_hp_per_floor":[75,75,75,75,75,75,75,75,75,75,75,75,75,75,75,75,75,75,75,75,75,75],"card_choices":[{"not_picked":["Steam","Barrage"],"picked":"Go for the Eyes","floor":1},{"not_picked":["Steam","Redo"],"picked":"Streamline","floor":2},{"not_picked":["Static Discharge","Hello World"],"picked":"Sweeping Beam","floor":4},{"not_picked":["Stack","Aggregate"],"picked":"Conserve Battery","floor":5},{"not_picked":["Rebound","Leap"],"picked":"Storm","floor":7},{"not_picked":["Scrape","Rip and Tear"],"picked":"Core Surge","floor":10},{"not_picked":["Chaos","Streamline"],"picked":"Undo","floor":12},{"not_picked":["Barrage","Streamline","Reprogram"],"picked":"SKIP","floor":14},{"not_picked":["Fission","Hyperbeam"],"picked":"Rainbow","floor":16},{"not_picked":["Turbo"],"picked":"SKIP","floor":18},{"not_picked":["Steam Power"],"picked":"SKIP","floor":19},{"not_picked":[],"picked":"Beam Cell","floor":20}],"player_experience":507177,"relics_obtained":[{"floor":9,"key":"Bottled Lightning"},{"floor":10,"key":"Bronze Scales"},{"floor":12,"key":"CeramicFish"}],"event_choices":[{"cards_removed":["Streamline"],"damage_healed":0,"gold_gain":0,"player_choice":"Gave Card","damage_taken":0,"relics_obtained":["Ginger"],"max_hp_gain":0,"max_hp_loss":0,"event_name":"WeMeetAgain","floor":3,"gold_loss":0},{"damage_healed":0,"gold_gain":0,"player_choice":"Fought Bandits","damage_taken":0,"max_hp_gain":0,"max_hp_loss":0,"event_name":"Masked Bandits","floor":21,"gold_loss":0}],"is_beta":false,"boss_relics":[{"not_picked":["Ectoplasm","Philosopher\u0027s Stone"],"picked":"Busted Crown"}],"items_purged_floors":[13],"is_endless":false,"potions_floor_spawned":[2,5,7,10,12,16,18,20],"killed_by":"Masked Bandits","ascension_level":8}}