{"host":"bht7q8dqip9du99t","time":1611958861,"event":{"mods":["BaseMod","Colored Map","Colored Powertips","Highlight Path","Minty Spire (QoL Compilation)","Quick Restart","StSLib"],"gold_per_floor":[116,41,6,18,18,53,72,100,151,151,182,194,216,241,253,341,353,377,404,416,0,12,12],"floor_reached":22,"language":"ENG","playtime":1129,"items_purged":["Defend_P"],"score":367,"play_id":"01af3a85-f5c4-455a-98c2-69ddcbb964e5","local_time":"20210129172101","is_ascension_mode":true,"campfire_choices":[{"floor":15.0,"key":"REST"}],"circlet_count":0,"master_deck":["AscendersBane","Strike_P+1","Strike_P+1","Defend_P+1","Defend_P+1","Eruption+1","Vigilance","Perseverance","TalkToTheHand","Establishment"],"relics":["SlaversCollar","Kunai","Vajra","Bag of Preparation","MawBank","Empty Cage"],"acts_visited":["Exordium","TheCity"],"potions_floor_usage":[],"damage_taken":[{"damage":12.0,"enemies":"Small Slimes","floor":1.0,"turns":4.0},{"damage":2.0,"enemies":"2 Louse","floor":4.0,"turns":4.0},{"damage":13.0,"enemies":"Lagavulin","floor":6.0,"turns":7.0},{"damage":0.0,"enemies":"Jaw Worm","floor":7.0,"turns":4.0},{"damage":11.0,"enemies":"3 Sentries","floor":8.0,"turns":4.0},{"damage":10.0,"enemies":"Lagavulin","floor":11.0,"turns":7.0},{"damage":0.0,"enemies":"2 Fungi Beasts","floor":13.0,"turns":2.0},{"damage":4.0,"enemies":"Looter","floor":14.0,"turns":3.0},{"damage":12.0,"enemies":"The Guardian","floor":16.0,"turns":9.0},{"damage":11.0,"enemies":"Shell Parasite","floor":18.0,"turns":6.0},{"damage":44,"enemies":"3 Byrds","floor":19,"turns":7},{"damage":10,"enemies":"Centurion and Healer","floor":22,"turns":1}],"seed_played":"-1039447569553382918","potions_obtained":[{"floor":6.0,"key":"AttackPotion"},{"floor":11.0,"key":"Fire Potion"},{"floor":13.0,"key":"Block Potion"},{"floor":18.0,"key":"FearPotion"},{"floor":19,"key":"StancePotion"}],"is_trial":false,"path_per_floor":["M","$","?","M","?","E","M","E","T","?","E","?","M","M","R","B",null,"M","M","?","?","M"],"character_chosen":"WATCHER","items_purchased":[],"campfire_rested":1,"item_purchase_floors":[],"current_hp_per_floor":[49,49,66,64,57,44,44,33,33,33,23,23,23,19,39,27,58,47,3,3,3,0,0],"gold":12,"neow_bonus":"BOSS_RELIC","is_daily":false,"chose_seed":false,"campfire_upgraded":0,"win_rate":0.0,"timestamp":1611958861,"path_taken":["M","$","?","M","?","E","M","E","T","?","E","?","?","M","R","BOSS","M","M","?","?","M"],"items_purchased_type":[],"build_version":"2020-12-22","purchased_purges":1,"victory":false,"max_hp_per_floor":[68,68,68,68,68,68,68,68,68,68,68,68,68,68,68,68,68,68,68,68,68,68,68],"card_choices":[{"not_picked":["ThirdEye","Tantrum"],"picked":"Perseverance","floor":1.0},{"not_picked":["Nirvana","SashWhip","WaveOfTheHand"],"picked":"SKIP","floor":4.0},{"not_picked":["JustLucky","Protect","Study"],"picked":"SKIP","floor":6.0},{"not_picked":["CutThroughFate","Evaluate","Wireheading"],"picked":"SKIP","floor":7.0},{"not_picked":["Swivel","Protect","Alpha"],"picked":"SKIP","floor":8.0},{"not_picked":["EmptyBody","SashWhip"],"picked":"TalkToTheHand","floor":11.0},{"not_picked":["FearNoEvil","SashWhip","Collect"],"picked":"SKIP","floor":13.0},{"not_picked":["JustLucky","PathToVictory","MentalFortress"],"picked":"SKIP","floor":14.0},{"not_picked":["LessonLearned","Brilliance"],"picked":"Establishment","floor":16.0},{"not_picked":["EmptyFist","Vengeance","Fasting2"],"picked":"SKIP","floor":18.0},{"not_picked":["Study","WreathOfFlame","ThirdEye"],"picked":"SKIP","floor":19}],"player_experience":685500,"relics_obtained":[{"floor":6.0,"key":"Kunai"},{"floor":8.0,"key":"Vajra"},{"floor":9.0,"key":"Bag of Preparation"},{"floor":11.0,"key":"MawBank"}],"event_choices":[{"damage_healed":17.0,"max_hp_gain":0.0,"max_hp_loss":0.0,"gold_gain":0.0,"event_name":"The Cleric","player_choice":"Healed","floor":3.0,"gold_loss":35.0,"damage_taken":0.0},{"cards_removed":["Defend_P"],"damage_healed":0.0,"max_hp_gain":0.0,"max_hp_loss":0.0,"gold_gain":0.0,"event_name":"Golden Wing","player_choice":"Card Removal","floor":5.0,"gold_loss":0.0,"damage_taken":7.0},{"damage_healed":0.0,"max_hp_gain":0.0,"max_hp_loss":0.0,"gold_gain":0.0,"event_name":"Dead Adventurer","player_choice":"Searched \u00270\u0027 times","floor":10.0,"gold_loss":0.0,"damage_taken":0.0},{"damage_healed":0.0,"max_hp_gain":0.0,"max_hp_loss":0.0,"gold_gain":0.0,"event_name":"Living Wall","player_choice":"Grow","floor":12.0,"gold_loss":0.0,"damage_taken":0.0,"cards_upgraded":["Eruption"]},{"damage_healed":0,"gold_gain":0,"player_choice":"Simplicity","damage_taken":0,"max_hp_gain":0,"max_hp_loss":0,"event_name":"Back to Basics","floor":20,"gold_loss":0,"cards_upgraded":["Strike_P","Strike_P","Defend_P","Defend_P"]},{"damage_healed":0,"gold_gain":0,"player_choice":"Paid Fearfully","damage_taken":0,"max_hp_gain":0,"max_hp_loss":0,"event_name":"Masked Bandits","floor":21,"gold_loss":428}],"is_beta":false,"boss_relics":[{"not_picked":["Busted Crown","Snecko Eye"],"picked":"Empty Cage"}],"items_purged_floors":[2],"is_endless":false,"potions_floor_spawned":[6,11,13,14,18,19],"killed_by":"Centurion and Healer","ascension_level":16}}