{"host":"xmr2g8b7eju0288o","time":1611904657,"event":{"mods":["100% Spire Juice","AchievementEnabler","BaseMod","Colored Map","Colored Powertips","KOR Keyword Fix","Minty Spire (QoL Compilation)","Quick Restart","Spicy Shops","StSLib","SuperFastMode"],"gold_per_floor":[112,122,2,18,30,59,209,209,261,261,280,112,112,130,130,130,130],"floor_reached":16,"language":"KOR","playtime":376,"items_purged":[],"score":254,"play_id":"9e718207-2c31-416c-b91b-fa84a8a78107","local_time":"20210129161737","daily_mods":["Hoarder","Heirloom","DeadlyEvents","Elite Swarm"],"is_ascension_mode":true,"campfire_choices":[{"floor":8,"key":"REST"},{"data":"1","floor":10,"key":"LIFT"},{"floor":15,"key":"REST"}],"circlet_count":0,"master_deck":["AscendersBane","Moonworks:Strike","Moonworks:Strike","Moonworks:Strike","Moonworks:Strike","Moonworks:Defend","Moonworks:Defend","Moonworks:Defend","Moonworks:Defend","Moonworks:Ambush","Moonworks:LongDistanceShot","Moonworks:EvilSpyWorkPreparation","Moonworks:EvilSpyWorkPreparation","Moonworks:EvilSpyWorkPreparation","Moonworks:NicePresent","Moonworks:NicePresent","Moonworks:NicePresent","Moonworks:NicePresent","Moonworks:NicePresent","Moonworks:NicePresent","Moonworks:OutOfAmmo","Moonworks:OutOfAmmo","Moonworks:OutOfAmmo","Doubt","Doubt","Doubt","Moonworks:EvilSpyWorkPreparation","Moonworks:EvilSpyWorkPreparation","Moonworks:EvilSpyWorkPreparation"],"relics":["Moonworks:BrokenBomb","Moonworks:Homemark","Mango","Girya","Dream Catcher","Chemical X","Shuriken"],"acts_visited":["Exordium"],"potions_floor_usage":[14,16],"damage_taken":[{"damage":9.0,"enemies":"2 Louse","floor":1.0,"turns":4.0},{"damage":9.0,"enemies":"Jaw Worm","floor":2.0,"turns":3.0},{"damage":6.0,"enemies":"Small Slimes","floor":4.0,"turns":3.0},{"damage":18,"enemies":"3 Louse","floor":5,"turns":4},{"damage":18,"enemies":"3 Sentries","floor":6,"turns":4},{"damage":14,"enemies":"Large Slime","floor":11,"turns":5},{"damage":5,"enemies":"Exordium Thugs","floor":14,"turns":2},{"damage":26,"enemies":"Hexaghost","floor":16,"turns":5}],"seed_played":"-8514804338977658924","potions_obtained":[{"floor":2.0,"key":"Fire Potion"},{"floor":5,"key":"Swift Potion"}],"is_trial":true,"path_per_floor":["M","M","$","M","M","E","?","R","T","R","M","$","T","M","R","B"],"character_chosen":"THE_STARBREAKER","items_purchased":["Chemical X"],"campfire_rested":2,"item_purchase_floors":[12],"current_hp_per_floor":[55,46,46,40,22,4,4,24,24,24,10,10,10,5,25,0,0],"gold":130,"neow_bonus":"","is_daily":false,"chose_seed":false,"campfire_upgraded":0,"win_rate":0.0,"timestamp":1611904657,"path_taken":["M","M","$","M","M","E","?","R","T","R","M","$","?","M","R","BOSS"],"items_purchased_type":["Relic"],"build_version":"2020-12-22","purchased_purges":0,"victory":false,"max_hp_per_floor":[69,69,69,69,69,69,69,69,69,69,69,69,69,69,69,69,69],"card_choices":[{"not_picked":["Moonworks:DeployBits","Moonworks:IndiscriminateFireSupport"],"picked":"Moonworks:EvilSpyWorkPreparation","floor":1.0},{"not_picked":["Moonworks:IndiscriminateFireSupport","Moonworks:TacticalRetreat","Moonworks:LulusLuckyEgg"],"picked":"SKIP","floor":2.0},{"not_picked":["Moonworks:IndiscriminateFireSupport","Moonworks:TacticalRetreat","Moonworks:LulusLuckyEgg"],"picked":"SKIP","floor":2.0},{"not_picked":["Moonworks:SakisCookie","Moonworks:CastOff"],"picked":"Moonworks:NicePresent","floor":4.0},{"not_picked":["Moonworks:DeployBits","Moonworks:LulusLuckyEgg"],"picked":"Moonworks:NicePresent","floor":5},{"not_picked":["Moonworks:MetallicMonocoque","Moonworks:LeapThroughSpace"],"picked":"Moonworks:OutOfAmmo","floor":6},{"not_picked":["Moonworks:DeployBits","Moonworks:ForcedRevival"],"picked":"Moonworks:EvilSpyWorkPreparation","floor":11},{"not_picked":["Moonworks:ImmovableObject","Moonworks:JonathanRush","Moonworks:ImOnFire"],"picked":"SKIP","floor":14}],"player_experience":115912,"relics_obtained":[{"floor":6,"key":"Girya"},{"floor":9,"key":"Dream Catcher"},{"floor":13,"key":"Shuriken"}],"event_choices":[{"damage_healed":0,"gold_gain":150,"player_choice":"AGREE","damage_taken":0,"max_hp_gain":0,"max_hp_loss":0,"event_name":"Liars Game","floor":7,"gold_loss":0,"cards_obtained":["Doubt"]}],"is_beta":false,"boss_relics":[],"items_purged_floors":[],"is_endless":true,"potions_floor_spawned":[2,5,6],"killed_by":"Hexaghost","ascension_level":20}}