{"host":"tm3ghj8mno6gwywm","time":1611952660,"event":{"mods":["2.2 Compatiblity","AchievementEnabler","Bard","BaseMod","Beaked The Cultist","Better Third Choice","Colored Map","Colored Powertips","Conspire","Downfall","Glutton Mod","GungeonMod","Halation","Hermit","Hubris","Infinite Spire","Jorbs\u0027s Wanderer Trilogy","Mad Scientist","Marisa????????","Marked Mod","Mimic Mod","Minty Spire (QoL Compilation)","Potionbrewer","Quick Restart","Replay The Spire","Shade Mod","Shop Mod","Somnambulant","Spicy Shops","StSLib","SuperFastMode","The Bug Knight","The Construct","The Cursed","The Disciple","The Hierophant","The IronCluck","The Judge","The Jungle","The Necromancer","The Runesmith","The Servant 0.9.4","egg"],"gold_per_floor":[416,269,281,293,293,319,337,371,408,427,444,464,528,544,544,648,648,663,504,504,517,542,567,567,567,603,603,619,619,45,73,73,170,170,189,31,31,47,32,63,74,94,149,149,179,179,197,220,220,220,220,220,76,111,111],"floor_reached":56,"language":"ENG","playtime":1203,"items_purged":[],"score":1607,"play_id":"fbb30de0-caae-4258-bf21-aee250d6b7bf","local_time":"20210129153740","is_ascension_mode":false,"campfire_choices":[{"floor":15,"key":"RECALL"},{"data":"Dualcast","floor":24,"key":"SMITH"},{"data":"Zap","floor":27,"key":"SMITH"},{"data":"Defend_B","floor":29,"key":"SMITH"},{"floor":32,"key":"REST"},{"floor":46,"key":"REST"},{"data":"Defend_B","floor":49,"key":"SMITH"},{"data":"Defend_B","floor":52,"key":"SMITH"}],"circlet_count":0,"master_deck":["Strike_B","Strike_B","Strike_B","Strike_B","Defend_B","Defend_B+1","Defend_B+1","Defend_B+1","Zap+1","Dualcast+1","Rainbow+1","Cold Snap+1","Mayhem+1","Ball Lightning+1","Undo+1","Melter+1","ReplayTheSpireMod:Omega Cannon+1","Leap+1","Storm+1","Undo+1","Ball Lightning+1","Defragment+1","Coolheaded+1","Creative AI+1","BasicCrystalCard+1","BasicCrystalCard+1","Sunder+1","Strike_B+1","Strike_B+1","Strike_B+1","Strike_B+1","Defend_B+1","Defend_B+1","Defend_B+1","Defend_B+1","Zap+1","Dualcast+1","Rainbow+1","Cold Snap+1","Mayhem+1","Ball Lightning+1","Undo+1","Melter+1","ReplayTheSpireMod:Omega Cannon+1","Leap+1","Storm+1","Undo+1","Ball Lightning+1","Defragment+1","Coolheaded+1","Creative AI+1","BasicCrystalCard+1","BasicCrystalCard+1","Sunder+1","Ball Lightning+1","Loop+1","FIFO Queue+1","Electrodynamics+1","Coolheaded+1","Machine Learning+1","Capacitor+1","BasicCrystalCard+1","Crystallizer+1","Thunder Strike+1"],"relics":["Cracked Core","Membership Card","Quantum Egg","Frozen Egg 2","Toxic Egg 2","Molten Egg 2","Black Star","Mummified Hand","Lizard Tail","WingedGreaves","Old Coin","Geode","HornCleat","DemoMod:OrangeGuonStone","DemoMod:JetPack","DemoMod:SerJunkan","DemoMod:Junk","Membership Card","bronze:DonusWashers","The Courier","hubris:RGBLights","Symbiotic Virus","Raider\u0027s Mask","halation:Sosunser","DemoMod:BlueGuonStone","infinitespire:PuzzleCube","hubris:SlimyHat","Akabeko","Eternal Feather","Replay:Frozen Program","DemoMod:MemoryAlloy","Replay:Wax Seal","halation:PromiseList","Bottled Tornado","Regal Pillow","hexamod:BolsterEngine","Runic Capacitor","infinitespire:Freezer","DemoMod:PoisonVial","HollowMod:PaleOreRelic"],"acts_visited":["Exordium","TheCity","TheBeyond","TheEnding"],"potions_floor_usage":[16,16,55,55,55],"damage_taken":[{"damage":15,"enemies":"Small Slimes","floor":1,"turns":3},{"damage":1,"enemies":"Jaw Worm","floor":3,"turns":2},{"damage":2,"enemies":"conspire:RoseBush","floor":4,"turns":3},{"damage":13,"enemies":"HollowMod:MossKnight","floor":6,"turns":4},{"damage":3,"enemies":"Exordium Wildlife","floor":7,"turns":2},{"damage":6,"enemies":"Replay:BlueRogue","floor":8,"turns":4},{"damage":0,"enemies":"Gremlin Gang","floor":9,"turns":3},{"damage":0,"enemies":"Gremlin Gang","floor":10,"turns":4},{"damage":3,"enemies":"3 Louse","floor":11,"turns":1},{"damage":0,"enemies":"Blue Slaver","floor":12,"turns":2},{"damage":0,"enemies":"Exordium Thugs","floor":14,"turns":3},{"damage":0,"enemies":"The Guardian","floor":16,"turns":6},{"damage":0,"enemies":"conspire:FuzzyDice","floor":18,"turns":4},{"damage":3,"enemies":"Chosen","floor":21,"turns":3},{"damage":0,"enemies":"conspire:SneckoGhost","floor":23,"turns":3},{"damage":0,"enemies":"Snake Plant","floor":26,"turns":4},{"damage":1,"enemies":"Snake Plant","floor":28,"turns":2},{"damage":7,"enemies":"Book of Stabbing","floor":31,"turns":3},{"damage":18,"enemies":"hubris:MusketHawk","floor":33,"turns":5},{"damage":0,"enemies":"3 Shapes","floor":35,"turns":2},{"damage":0,"enemies":"Orb Walker","floor":38,"turns":2},{"damage":0,"enemies":"beaked:SuperParasite","floor":40,"turns":2},{"damage":0,"enemies":"Transient","floor":41,"turns":5},{"damage":12,"enemies":"Spire Growth","floor":42,"turns":1},{"damage":14,"enemies":"Nemesis","floor":45,"turns":2},{"damage":3,"enemies":"3 Darklings","floor":47,"turns":1},{"damage":19,"enemies":"infinitespire:MassOfShapes","floor":50,"turns":4},{"damage":0,"enemies":"Shield and Spear","floor":54,"turns":2},{"damage":12,"enemies":"The Heart","floor":55,"turns":3}],"seed_played":"6837669336216610633","potions_obtained":[{"floor":7,"key":"SteroidPotion"},{"floor":8,"key":"potionbrewer:DiscountPotion"},{"floor":10,"key":"SteroidPotion"},{"floor":14,"key":"potionbrewer:FreezingPotion"},{"floor":23,"key":"sneckomod:MuddlingPotion"},{"floor":28,"key":"FocusPotion"},{"floor":41,"key":"Strength Potion"},{"floor":42,"key":"potionbrewer:DiscountPotion"},{"floor":47,"key":"potionbrewer:BoundlessPotion"}],"is_trial":false,"path_per_floor":["M","$","M","M","?","E","M","E","MIM","M","M","M","?","M","R","B",null,"M","$","?","M","?","E","R","?","MIM","R","M","R","$","E","R","B",null,"M","$","?","M","$","E","M","M","T","$","E","R","M","T","R","B",null,"R","$","E","B",null],"character_chosen":"DEFECT","items_purchased":["Mayhem+1","Ball Lightning+1","Geode","Membership Card","bronze:DonusWashers","BasicCrystalCard+1","Sunder+1","Symbiotic Virus","Raider\u0027s Mask","halation:Sosunser","DemoMod:BlueGuonStone","infinitespire:PuzzleCube","hubris:SlimyHat","Akabeko","Eternal Feather","Replay:Frozen Program","DemoMod:MemoryAlloy","Capacitor+1","Bottled Tornado","Runic Capacitor","infinitespire:Freezer","Thunder Strike+1"],"campfire_rested":2,"item_purchase_floors":[2,2,2,19,19,19,19,30,30,30,30,30,30,30,30,36,36,39,44,53,53,53],"current_hp_per_floor":[60,60,59,57,75,62,59,53,53,53,50,50,50,50,50,50,75,75,75,75,72,72,72,72,72,72,72,71,71,71,64,75,57,75,75,75,75,75,75,75,75,63,63,48,34,75,72,72,75,56,75,75,75,75,63],"gold":111,"neow_bonus":"ONE_RANDOM_RARE_CARD","is_daily":false,"chose_seed":false,"campfire_upgraded":5,"win_rate":0.0,"timestamp":1611952660,"path_taken":["M","$","M","M","?","E","M","E","MIM","M","M","M","?","M","R","BOSS","M","$","?","?","?","E","R","?","MIM","R","?","R","$","E","R","BOSS","M","$","?","M","$","E","M","M","T","?","E","R","M","?","R","BOSS","R","$","E","BOSS"],"items_purchased_type":["Card","Card","Relic","Relic","Relic","Card","Card","Relic","Relic","Relic","Relic","Relic","Relic","Relic","Relic","Relic","Relic","Card","Relic","Relic","Relic","Card"],"build_version":"2020-12-22","purchased_purges":0,"victory":true,"max_hp_per_floor":[75,75,75,75,75,75,75,75,75,75,75,75,75,75,75,75,75,75,75,75,75,75,75,75,75,75,75,75,75,75,75,75,75,75,75,75,75,75,75,75,75,75,75,75,75,75,75,75,75,75,75,75,75,75,75],"card_choices":[{"not_picked":["ReplayTheSpireMod:Reroute Power+1","Recycle+1"],"picked":"Cold Snap+1","floor":1},{"not_picked":["Auto Shields+1","Rebound+1"],"picked":"Undo+1","floor":3},{"not_picked":["Compile Driver+1","Rebound+1"],"picked":"Melter+1","floor":4},{"not_picked":["Redo+1","Beam Cell+1"],"picked":"ReplayTheSpireMod:Omega Cannon+1","floor":6},{"not_picked":["Turbo+1","Stack+1"],"picked":"Leap+1","floor":7},{"not_picked":["ReplayTheSpireMod:Repulse+1","Crystallizer+1"],"picked":"Storm+1","floor":8},{"not_picked":["Ball Lightning+1","Rip and Tear+1"],"picked":"Undo+1","floor":9},{"not_picked":["Barrage+1","Storm+1"],"picked":"Ball Lightning+1","floor":10},{"not_picked":["Darkness+1","Panic Button+1","Biased Cognition+1"],"picked":"SKIP","floor":11},{"not_picked":["Recycle+1","Undo+1"],"picked":"Defragment+1","floor":12},{"not_picked":["Turbo+1","Hologram+1"],"picked":"Coolheaded+1","floor":14},{"not_picked":["Seek+1","Biased Cognition+1"],"picked":"Creative AI+1","floor":16},{"not_picked":["Beam Cell+1","Consume+1"],"picked":"BasicCrystalCard+1","floor":18},{"not_picked":["Gash+1","Scrape+1"],"picked":"Ball Lightning+1","floor":21},{"not_picked":["hubris:DoWhile+1","Turbo+1","Stack+1"],"picked":"SKIP","floor":23},{"not_picked":["Gash+1","Glacier+1"],"picked":"Loop+1","floor":26},{"not_picked":["Beam Cell+1","Turbo+1"],"picked":"FIFO Queue+1","floor":28},{"not_picked":["Reinforced Body+1","Darkness+1","Redo+1"],"picked":"SKIP","floor":31},{"not_picked":["Biased Cognition+1","All For One+1"],"picked":"Electrodynamics+1","floor":33},{"not_picked":["Leap+1","Compile Driver+1"],"picked":"Coolheaded+1","floor":35},{"not_picked":["Go for the Eyes+1","BootSequence+1"],"picked":"Machine Learning+1","floor":38},{"not_picked":["Cold Snap+1","Ball Lightning+1","Blizzard+1"],"picked":"SKIP","floor":40},{"not_picked":["Rebound+1","Leap+1"],"picked":"BasicCrystalCard+1","floor":41},{"not_picked":["ReplayGash+1","Sweeping Beam+1","Turbo+1"],"picked":"SKIP","floor":42},{"not_picked":["Reprogram+1","Doom and Gloom+1","Panic Button+1"],"picked":"SKIP","floor":45},{"not_picked":["Doom and Gloom+1","ReplayTheSpireMod:Dual Polarity+1"],"picked":"Crystallizer+1","floor":47},{"not_picked":["Streamline+1","Leap+1","Hello World+1"],"picked":"SKIP","floor":54}],"player_experience":849381,"relics_obtained":[{"floor":6,"key":"HornCleat"},{"floor":6,"key":"DemoMod:OrangeGuonStone"},{"floor":8,"key":"DemoMod:JetPack"},{"floor":8,"key":"DemoMod:SerJunkan"},{"floor":9,"key":"DemoMod:Junk"},{"floor":22,"key":"DemoMod:Junk"},{"floor":23,"key":"DemoMod:Junk"},{"floor":23,"key":"The Courier"},{"floor":26,"key":"hubris:RGBLights"},{"floor":26,"key":"DemoMod:Junk"},{"floor":31,"key":"DemoMod:Junk"},{"floor":31,"key":"DemoMod:Junk"},{"floor":40,"key":"DemoMod:Junk"},{"floor":40,"key":"Replay:Wax Seal"},{"floor":43,"key":"halation:PromiseList"},{"floor":45,"key":"Regal Pillow"},{"floor":45,"key":"DemoMod:Junk"},{"floor":48,"key":"hexamod:BolsterEngine"},{"floor":54,"key":"DemoMod:PoisonVial"},{"floor":54,"key":"HollowMod:PaleOreRelic"}],"event_choices":[{"damage_healed":0,"gold_gain":64,"player_choice":"Gained Gold","damage_taken":0,"max_hp_gain":0,"max_hp_loss":0,"event_name":"Golden Wing","floor":13,"gold_loss":0},{"damage_healed":0,"gold_gain":0,"player_choice":"Ignored","damage_taken":0,"max_hp_gain":0,"max_hp_loss":0,"event_name":"Transmorgrifier","floor":25,"gold_loss":0},{"damage_healed":0,"gold_gain":0,"player_choice":"Ignored","damage_taken":0,"max_hp_gain":0,"max_hp_loss":0,"event_name":"betterThird:BetterPortal","floor":37,"gold_loss":0}],"is_beta":false,"boss_relics":[{"not_picked":["halation:HeavySnake","Empty Cage","Coffee Dripper"]},{"not_picked":["Replay:Cursed D8","Replay:Fungal Core","Astrolabe"]}],"items_purged_floors":[],"is_endless":false,"potions_floor_spawned":[7,8,10,12,14,23,28,41,42,45,47],"ascension_level":0}}