{"host":"jhy70w0yh8dayqay","time":1611927293,"event":{"mods":["AchievementEnabler","BaseMod","Colored Map","Colored Powertips","DeckTracker","Minty Spire (QoL Compilation)","Permanent Neow","SuperFastMode"],"gold_per_floor":[117,129,149,149,162,192,209,222,247,266,266,266],"floor_reached":11,"language":"KOR","playtime":261,"items_purged":[],"score":134,"play_id":"b8f56c4d-3c86-45d9-874a-c6bc11bad003","local_time":"20210129223453","is_ascension_mode":true,"campfire_choices":[],"circlet_count":0,"master_deck":["AscendersBane","Strike_R","Strike_R","Strike_R","Strike_R","Defend_R","Defend_R","Defend_R","Bash","Anger","Cleave","Infernal Blade","Sword Boomerang","Pommel Strike"],"relics":["Burning Blood","The Courier","Smiling Mask"],"acts_visited":["Exordium"],"potions_floor_usage":[6,10,11],"damage_taken":[{"damage":9,"enemies":"Jaw Worm","floor":1,"turns":5},{"damage":0,"enemies":"Cultist","floor":2,"turns":3},{"damage":8,"enemies":"2 Louse","floor":3,"turns":2},{"damage":14,"enemies":"Red Slaver","floor":5,"turns":3},{"damage":18,"enemies":"Gremlin Nob","floor":6,"turns":3},{"damage":9,"enemies":"2 Fungi Beasts","floor":7,"turns":2},{"damage":0,"enemies":"Large Slime","floor":8,"turns":3},{"damage":16,"enemies":"Exordium Wildlife","floor":10,"turns":3},{"damage":25,"enemies":"Lagavulin","floor":11,"turns":3}],"seed_played":"-8663729553126903139","potions_obtained":[{"floor":1,"key":"PowerPotion"},{"floor":5,"key":"FearPotion"},{"floor":6,"key":"FearPotion"},{"floor":10,"key":"FearPotion"}],"is_trial":false,"path_per_floor":["M","M","M","?","M","E","M","M","T","M","E"],"character_chosen":"IRONCLAD","items_purchased":[],"campfire_rested":0,"item_purchase_floors":[],"current_hp_per_floor":[47,53,51,51,43,31,28,34,34,24,0,0],"gold":266,"neow_bonus":"REMOVE_TWO","is_daily":false,"chose_seed":false,"campfire_upgraded":0,"win_rate":0.0,"timestamp":1611927293,"path_taken":["M","M","M","?","M","E","M","M","T","?","E"],"items_purchased_type":[],"build_version":"2020-12-22","purchased_purges":0,"victory":false,"max_hp_per_floor":[75,75,75,75,75,75,75,75,75,75,75,75],"card_choices":[{"not_picked":["Metallicize","Cleave"],"picked":"Anger","floor":1},{"not_picked":["Second Wind","Ghostly Armor"],"picked":"Cleave","floor":2},{"not_picked":["Wild Strike","Shockwave"],"picked":"Infernal Blade","floor":3},{"not_picked":["Anger","Sentinel","Perfected Strike"],"picked":"SKIP","floor":5},{"not_picked":["Iron Wave","Juggernaut"],"picked":"Sword Boomerang","floor":6},{"not_picked":["Dual Wield","Thunderclap"],"picked":"Pommel Strike","floor":7},{"not_picked":["Cleave","Sword Boomerang","Thunderclap"],"picked":"SKIP","floor":8},{"not_picked":["Combust","Thunderclap","Armaments"],"picked":"SKIP","floor":10}],"player_experience":457254,"relics_obtained":[{"floor":6,"key":"The Courier"},{"floor":9,"key":"Smiling Mask"}],"event_choices":[{"damage_healed":0,"gold_gain":0,"player_choice":"Bought 0 Potions","damage_taken":0,"max_hp_gain":0,"max_hp_loss":0,"event_name":"The Woman in Blue","floor":4,"gold_loss":0}],"is_beta":false,"boss_relics":[],"items_purged_floors":[],"is_endless":false,"potions_floor_spawned":[1,5,6,7,10],"killed_by":"Lagavulin","ascension_level":14}}