{"host":"nwd160me4iqdtr8u","time":1611940723,"event":{"mods":["AchievementEnabler","Act Like it!","BaseMod","Colored Map","DeckTracker","Keyboard Shortcuts","Minty Spire (QoL Compilation)","Quick Restart","Rare Cards Sparkle","StSLib","SuperFastMode","everything is the same but u backflip on backflip"],"gold_per_floor":[216,227,25,25,25,58,58,88,114,132,149,0,28,28,28,100,150,170,170,86,86,102,102,122,149,200,200,150,150,100,50,50,50,50],"floor_reached":33,"language":"KOR","playtime":1221,"items_purged":["Strike_G","Strike_G","Strike_G","Strike_G","Defend_G"],"score":488,"play_id":"91f3dd31-0874-44dc-8782-74d68b041408","local_time":"20210130021843","is_ascension_mode":true,"campfire_choices":[{"floor":7.0,"key":"REST"},{"data":"Blade Dance","floor":15.0,"key":"SMITH"},{"data":"Accuracy","floor":23.0,"key":"SMITH"},{"floor":32,"key":"REST"}],"circlet_count":0,"master_deck":["AscendersBane","Defend_G","Defend_G","Defend_G","Defend_G","Survivor","Neutralize","Accuracy+1","Blade Dance+1","Backflip","Infinite Blades","Footwork+1","Corpse Explosion","Dagger Spray","Dash","Burst","Choke","Acrobatics","Calculated Gamble","Backflip+1","PiercingWail"],"relics":["Ring of the Snake","Centennial Puzzle","TungstenRod","Smiling Mask","Lee\u0027s Waffle","Bronze Scales","StrikeDummy","Tiny House","Unceasing Top","Pen Nib"],"acts_visited":["Exordium","TheCity"],"potions_floor_usage":[25,25],"damage_taken":[{"damage":5.0,"enemies":"Jaw Worm","floor":1.0,"turns":6.0},{"damage":4.0,"enemies":"Small Slimes","floor":2.0,"turns":4.0},{"damage":23.0,"enemies":"Gremlin Nob","floor":6.0,"turns":4.0},{"damage":6.0,"enemies":"Lagavulin","floor":8.0,"turns":7.0},{"damage":1.0,"enemies":"2 Louse","floor":10.0,"turns":3.0},{"damage":2.0,"enemies":"Looter","floor":11.0,"turns":3.0},{"damage":1.0,"enemies":"Gremlin Nob","floor":13.0,"turns":3.0},{"damage":18.0,"enemies":"The Guardian","floor":16.0,"turns":10.0},{"damage":5.0,"enemies":"Chosen","floor":18.0,"turns":5.0},{"damage":3.0,"enemies":"3 Byrds","floor":22.0,"turns":4.0},{"damage":6.0,"enemies":"Cultist and Chosen","floor":24.0,"turns":8.0},{"damage":20,"enemies":"Slavers","floor":25,"turns":4},{"damage":23,"enemies":"Colosseum Slavers","floor":29,"turns":6},{"damage":57,"enemies":"Automaton","floor":33,"turns":6}],"seed_played":"-4618539538585786455","potions_obtained":[{"floor":2.0,"key":"DistilledChaos"},{"floor":6.0,"key":"DuplicationPotion"},{"floor":10.0,"key":"SteroidPotion"},{"floor":16.0,"key":"Poison Potion"},{"floor":17.0,"key":"ColorlessPotion"},{"floor":21.0,"key":"DuplicationPotion"},{"floor":21.0,"key":"LiquidMemories"},{"floor":24.0,"key":"AttackPotion"}],"is_trial":false,"path_per_floor":["M","M","$","?","?","E","R","E","T","M","M","$","E","?","R","B",null,"M","?","$","?","M","R","M","E","T","?","$","?","$","$","R","B"],"character_chosen":"THE_SILENT","items_purchased":["Backflip","Infinite Blades","Lee\u0027s Waffle","Calculated Gamble"],"campfire_rested":2,"item_purchase_floors":[3,3,12,20],"current_hp_per_floor":[54,50,50,43,43,20,39,33,33,32,30,73,72,68,68,50,72,67,67,67,67,64,64,58,38,38,38,38,15,15,15,38,0,0],"gold":50,"neow_bonus":"HUNDRED_GOLD","is_daily":false,"chose_seed":false,"campfire_upgraded":2,"win_rate":0.0,"timestamp":1611940723,"path_taken":["M","M","$","?","?","E","R","E","T","M","M","$","E","?","R","BOSS","M","?","$","?","?","R","M","E","T","?","$","?","?","$","R","BOSS"],"items_purchased_type":["Card","Card","Relic","Card"],"build_version":"2020-12-22","purchased_purges":5,"victory":false,"max_hp_per_floor":[66,66,66,66,66,66,66,66,66,66,66,73,73,73,73,73,78,78,78,78,78,78,78,78,78,78,78,78,78,78,78,78,78,78],"card_choices":[{"not_picked":["Slice","Acrobatics"],"picked":"Accuracy","floor":1.0},{"not_picked":["Caltrops","Quick Slash"],"picked":"Blade Dance","floor":2.0},{"not_picked":["Choke","Distraction"],"picked":"Footwork","floor":6.0},{"not_picked":["Terror","Blade Dance"],"picked":"Corpse Explosion","floor":8.0},{"not_picked":["Predator","Prepared","Distraction"],"picked":"SKIP","floor":10.0},{"not_picked":["Caltrops","Leg Sweep"],"picked":"Dagger Spray","floor":11.0},{"not_picked":["Bane","Underhanded Strike"],"picked":"Dash","floor":13.0},{"not_picked":["Adrenaline","Unload"],"picked":"Burst","floor":16.0},{"not_picked":["Dagger Throw","Poisoned Stab"],"picked":"Choke","floor":17.0},{"not_picked":["Flying Knee","Outmaneuver","Caltrops"],"picked":"SKIP","floor":18.0},{"not_picked":["Leg Sweep","Terror"],"picked":"Backflip+1","floor":22.0},{"not_picked":["Outmaneuver","Sucker Punch"],"picked":"PiercingWail","floor":24.0},{"not_picked":["Prepared","Underhanded Strike","A Thousand Cuts"],"picked":"SKIP","floor":25}],"player_experience":319686,"relics_obtained":[{"floor":6.0,"key":"Centennial Puzzle"},{"floor":8.0,"key":"TungstenRod"},{"floor":9.0,"key":"Smiling Mask"},{"floor":13.0,"key":"Bronze Scales"},{"floor":25,"key":"Unceasing Top"},{"floor":26,"key":"Pen Nib"}],"event_choices":[{"cards_removed":["Strike_G"],"damage_healed":0.0,"max_hp_gain":0.0,"max_hp_loss":0.0,"gold_gain":0.0,"event_name":"Golden Wing","player_choice":"Card Removal","floor":4.0,"gold_loss":0.0,"damage_taken":7.0},{"damage_healed":0.0,"max_hp_gain":0.0,"max_hp_loss":0.0,"gold_gain":0.0,"event_name":"Liars Game","player_choice":"Ignored","floor":5.0,"gold_loss":0.0,"damage_taken":0.0},{"damage_healed":0.0,"max_hp_gain":0.0,"max_hp_loss":0.0,"gold_gain":0.0,"event_name":"Scrap Ooze","player_choice":"Success","floor":14.0,"gold_loss":0.0,"damage_taken":5.0,"relics_obtained":["StrikeDummy"]},{"damage_healed":0.0,"max_hp_gain":0.0,"max_hp_loss":0.0,"gold_gain":0.0,"event_name":"The Library","player_choice":"Read","floor":19.0,"gold_loss":0.0,"damage_taken":0.0,"cards_obtained":["Acrobatics"]},{"damage_healed":0.0,"max_hp_gain":0.0,"max_hp_loss":0.0,"gold_gain":0.0,"event_name":"Lab","player_choice":"Got Potions","floor":21.0,"gold_loss":0.0,"damage_taken":0.0},{"damage_healed":0,"gold_gain":0,"player_choice":"Ignored","damage_taken":0,"max_hp_gain":0,"max_hp_loss":0,"event_name":"Vampires","floor":27,"gold_loss":0},{"damage_healed":0,"gold_gain":0,"player_choice":"Fight","damage_taken":0,"max_hp_gain":0,"max_hp_loss":0,"event_name":"Colosseum","floor":29,"gold_loss":0},{"damage_healed":0,"gold_gain":0,"player_choice":"Fled From Nobs","damage_taken":0,"max_hp_gain":0,"max_hp_loss":0,"event_name":"Colosseum","floor":29,"gold_loss":0}],"is_beta":false,"boss_relics":[{"not_picked":["Runic Pyramid","Ectoplasm"],"picked":"Tiny House"}],"items_purged_floors":[3,20,28,30,31],"is_endless":false,"potions_floor_spawned":[2,6,10,16,24,29],"killed_by":"Automaton","ascension_level":15}}