{"host":"hl3ams4am2ku5u4p","time":1611951169,"event":{"mods":["AchievementEnabler","Act Like it!","Aspiration","BaseMod","Beaked The Cultist","BetterRewards","CatGirl Mod","Colored Map","Colored Powertips","Conspire","Downfall","Energized Spire","Halation","Hallownest","HornydragonMod","Hubris","Infinite Spire","Mad Scientist","Magitek Elite","Minty Spire (QoL Compilation)","READ ME - Guardian Mod","Replay The Spire","Spikes Relics","StSLib","SuperFastMode","The Blackbeard","The Bug Knight","The Construct","The Disciple","The Jungle","The Mystic","The Necromancer","The Senshi"],"gold_per_floor":[118,33,33,50,65,65,80,80,80,80,80,92,92,92,92,193,193,207,223,223,236,236,236,262,262,262,262,279,325,325,340,340,438,438,448,448,459,459,474,474,501,501,527,166,179,179,205,217,217,217],"floor_reached":51,"language":"FRA","playtime":1728,"items_purged":["Strike_R","Strike_R"],"score":1023,"play_id":"b03565b8-13b2-4821-abc6-85dc53bd71af","local_time":"20210129211249","is_ascension_mode":true,"campfire_choices":[{"data":"conspire:Charge","floor":6,"key":"SMITH"},{"data":"conspire:Charge","floor":8,"key":"SMITH"},{"data":"Flex","floor":10,"key":"SMITH"},{"data":"Flame Barrier","floor":13,"key":"SMITH"},{"data":"Sword Boomerang","floor":15,"key":"SMITH"},{"data":"Shrug It Off","floor":23,"key":"SMITH"},{"floor":25,"key":"REST"},{"data":"Rage","floor":27,"key":"SMITH"},{"data":"Double Tap","floor":30,"key":"SMITH"},{"data":"blackbeard:Spear","floor":32,"key":"SMITH"},{"data":"Bash","floor":40,"key":"SMITH"},{"data":"blackbeard:RemoveScurvy","floor":42,"key":"SMITH"},{"data":"Defend_R","floor":46,"key":"SMITH"},{"data":"Seeing Red","floor":49,"key":"SMITH"}],"circlet_count":0,"master_deck":["Strike_R","Strike_R","Defend_R+1","Defend_R","Defend_R","Bash+1","Flame Barrier+1","conspire:Charge+1","Shrug It Off+1","Trip+1","conspire:Charge+1","Flex+1","Sword Boomerang+1","blackbeard:ReapersScythe+1","Rage+1","blackbeard:RemoveScurvy+1","Double Tap+1","blackbeard:Spear+1","Seeing Red+1","Dropkick+1"],"relics":["Burning Blood","hubris:DisguiseKit","aspiration:HummingbirdHeart","Replay:Bottled Flurry","Empty Cage","Dream Catcher","ReplayTheSpireMod:Shallot","Gem_Box","halation:LettersToHer","Golden Egg","infinitespire:Bottled Soul"],"acts_visited":["Exordium","Hallownest:Greenpath","Hallownest:CityofTears"],"potions_floor_usage":[33,37],"damage_taken":[{"damage":0,"enemies":"Hallownest:2_Baldur","floor":1,"turns":3},{"damage":4,"enemies":"Hallownest:2_Tiktiks_and_1_Crawlid","floor":4,"turns":3},{"damage":0,"enemies":"2_ Uuma","floor":5,"turns":4},{"damage":0,"enemies":"Hallownest:monsterAspidMother","floor":7,"turns":5},{"damage":19,"enemies":"Hallownest:MossCreep_and_Mosskin","floor":12,"turns":5},{"damage":26,"enemies":"Hallownest:BossFalseKnight","floor":16,"turns":8},{"damage":5,"enemies":"Hallownest:2_Mistakes","floor":18,"turns":3},{"damage":12,"enemies":"Hallownest:3_Youths","floor":19,"turns":6},{"damage":0,"enemies":"Hallownest:monsterMisterMushroom","floor":21,"turns":2},{"damage":39,"enemies":"Hallownest:eliteWatcherKnight","floor":24,"turns":12},{"damage":5,"enemies":"Hallownest:monsterShrumalOgre","floor":28,"turns":4},{"damage":0,"enemies":"Hallownest:Glutton_and_Coward","floor":29,"turns":3},{"damage":0,"enemies":"Hallownest:2_Husk_Sentries","floor":31,"turns":3},{"damage":95,"enemies":"Hallownest:BossMantisLord","floor":33,"turns":10},{"damage":2,"enemies":"Hallownest:Shield_Heavy","floor":35,"turns":3},{"damage":1,"enemies":"Hallownest:3_Siblings","floor":37,"turns":5},{"damage":3,"enemies":"Hallownest:2_Wing_and_1_Kings","floor":39,"turns":5},{"damage":18,"enemies":"Hallownest:eliteCollector","floor":41,"turns":8},{"damage":0,"enemies":"Hallownest:2_Soldiers_and_1_Guardian","floor":45,"turns":6},{"damage":20,"enemies":"Nightmare","floor":47,"turns":4},{"damage":7,"enemies":"Hallownest:2_Great","floor":48,"turns":4},{"damage":21,"enemies":"Hallownest:BossHollowKnight","floor":50,"turns":5}],"seed_played":"-3804498982253351399","potions_obtained":[{"floor":12,"key":"Milkshake"},{"floor":16,"key":"BloodPotion"},{"floor":21,"key":"Regen Potion"},{"floor":28,"key":"Flashbang"},{"floor":29,"key":"Ancient Potion"},{"floor":35,"key":"SteroidPotion"},{"floor":45,"key":"Elixir"},{"floor":48,"key":"Fire Potion"}],"is_trial":false,"path_per_floor":["M","$","?","M","M","R","M","R","T","R","?","M","R","T","R","B",null,"M","M","?","M","?","R","E","R","T","R","M","M","R","M","R","B",null,"M","?","M","?","M","R","E","R","T","$","M","R","NM","M","R","B",null],"character_chosen":"IRONCLAD","items_purchased":["Flame Barrier","conspire:Charge","hubris:DisguiseKit","Shrug It Off","Trip","Golden Egg"],"campfire_rested":1,"item_purchase_floors":[0,0,0,0,2,44],"current_hp_per_floor":[70,70,70,72,78,78,80,80,80,80,80,67,67,67,67,47,80,80,74,74,80,80,80,47,71,71,71,72,78,78,80,80,12,80,80,80,80,80,80,80,68,68,68,68,74,74,68,75,75,60],"gold":217,"neow_bonus":"","is_daily":false,"chose_seed":false,"campfire_upgraded":13,"win_rate":0.0,"timestamp":1611951169,"path_taken":["M","$","?","M","M","R","M","R","T","R","?","M","R","?","R","BOSS","M","?","?","M","?","R","E","R","T","R","M","?","R","M","R","BOSS","M","?","?","?","M","R","E","R","T","$","M","R","NM","M","R","BOSS"],"items_purchased_type":["Card","Card","Relic","Card","Card","Relic"],"build_version":"2020-12-22","purchased_purges":2,"victory":true,"max_hp_per_floor":[80,80,80,80,80,80,80,80,80,80,80,80,80,80,80,80,80,80,80,80,80,80,80,80,80,80,80,80,80,80,80,80,80,80,80,80,80,80,80,80,80,80,80,80,80,80,80,80,80,80],"card_choices":[{"not_picked":["ReplayTheSpireMod:Strike From Hell","Run Through","Twin Strike","blackbeard:Boarding"],"picked":"SKIP","floor":1},{"not_picked":["Warcry","Twin Strike","Reckless Charge","blackbeard:RearmingStrike"],"picked":"SKIP","floor":4},{"not_picked":["Massacre","Rampage","blackbeard:Sharpening"],"picked":"conspire:Charge","floor":5},{"not_picked":["Twin Strike","Feel No Pain","blackbeard:Sword"],"picked":"Flex","floor":7},{"not_picked":["ReplayTheSpireMod:Strike From Hell","Iron Wave","blackbeard:CaptainsCabin"],"picked":"Sword Boomerang","floor":12},{"not_picked":["Corruption","Berserk","hubris:StunningStrike"],"picked":"blackbeard:ReapersScythe","floor":16},{"not_picked":["ReplayTheSpireMod:Strike From Hell+1","Headbutt","Armaments","blackbeard:TacticalRetreat"],"picked":"SKIP","floor":18},{"not_picked":["Life Link+1","Armaments","hubris:CleavingFinish+1","blackbeard:BeatUp"],"picked":"SKIP","floor":19},{"not_picked":["Clash","hubris:CleavingFinish","Shrug It Off","blackbeard:Toast"],"picked":"SKIP","floor":21},{"not_picked":["Reaper","ReplayTheSpireMod:LeadingStrike","blackbeard:Eyepatch"],"picked":"Rage","floor":24},{"not_picked":["Shrug It Off","Iron Wave","Run Through"],"picked":"blackbeard:RemoveScurvy","floor":28},{"not_picked":["Flame Barrier","Clash","blackbeard:CannonballSupply"],"picked":"Double Tap","floor":29},{"not_picked":["Searing Blow","ReplayTheSpireMod:Strike From Hell","Carnage"],"picked":"blackbeard:Spear","floor":31},{"not_picked":["Armaments","Flex","blackbeard:CaptainsCabin"],"picked":"Seeing Red","floor":35},{"not_picked":["Wild Strike+1","Havoc+1","Body Slam","blackbeard:DeadlyArsenal"],"picked":"SKIP","floor":37},{"not_picked":["ReplayTheSpireMod:Strike From Hell+1","Flex","Twin Strike","blackbeard:WeaponProficiency"],"picked":"SKIP","floor":39},{"not_picked":["Rampage+1","Perfected Strike","Corruption","blackbeard:Toast"],"picked":"SKIP","floor":41},{"not_picked":["Reckless Charge","Sword Boomerang","Sever Soul+1","blackbeard:Spear"],"picked":"SKIP","floor":45},{"not_picked":["Clash","Reaper","blackbeard:WiseDefense"],"picked":"Dropkick+1","floor":47},{"not_picked":["Power Through","Headbutt+1","Anger+1","blackbeard:BeatUp"],"picked":"SKIP","floor":48}],"player_experience":45229,"relics_obtained":[{"floor":9,"key":"aspiration:HummingbirdHeart"},{"floor":14,"key":"Replay:Bottled Flurry"},{"floor":24,"key":"Dream Catcher"},{"floor":26,"key":"ReplayTheSpireMod:Shallot"},{"floor":41,"key":"halation:LettersToHer"},{"floor":43,"key":"halation:LettersToHer"},{"floor":47,"key":"infinitespire:Bottled Soul"}],"event_choices":[],"is_beta":false,"boss_relics":[{"not_picked":["Coffee Dripper","Replay:Fungal Core"],"picked":"Empty Cage"},{"not_picked":["Runic Pyramid","halation:PinkAlligatorPlush"],"picked":"Gem_Box"}],"items_purged_floors":[0,44],"is_endless":false,"potions_floor_spawned":[12,16,21,28,29,31,35,45,48],"ascension_level":2}}