{"host":"36zn1fhase90d3ns","time":1611954132,"event":{"mods":["2.2 Compatiblity","AchievementEnabler","Act Like it!","Aspiration","BaseMod","BetterRewards","Block Reminder","Colored Map","Colored Powertips","Conspire","Curses Come First","Custom Start","Energized Spire","Friendly Minions","Halation","Hermit","Hubris","Minty Spire (QoL Compilation)","Prisma Mod","Quick Restart","Relic Sorter","Replay The Spire","Shade Mod","Spicy Shops","StSLib","The Necromancer","Unceasing Turn Reminder","Yohane!"],"gold_per_floor":[113,188,42,58,8,8,34,34,34,60,80,80,106,121,121,224,224,242,242,253,52,79,107,107,139,139,166,55,80,80,80,80,183,183,201,215,65,65,85,118,118,149,149,179,179,179,179,199,199,199,199,199,6,34,34,34],"floor_reached":55,"language":"ENG","playtime":3003,"items_purged":["Strike_G","Strike_G"],"score":924,"play_id":"25b1816d-b59d-46d3-bbf1-a36c7f948671","local_time":"20210129150212","is_ascension_mode":true,"campfire_choices":[{"data":"Noxious Fumes","floor":6,"key":"SMITH"},{"data":"Calculated Gamble","floor":8,"key":"SMITH"},{"floor":15,"key":"DIG"},{"data":"m_Survivalism","floor":32,"key":"SMITH"},{"data":"Strike_G+1","floor":41,"key":"PURGE"},{"floor":45,"key":"REST"},{"floor":47,"key":"REST"},{"floor":49,"key":"RECALL"},{"data":"Strike_G+1","floor":52,"key":"PURGE"}],"circlet_count":0,"master_deck":["Defend_G","Defend_G","Defend_G","Defend_G","Defend_G","Neutralize","Noxious Fumes+1","Calculated Gamble+1","Footwork+1","m_Survivalism+1","Toxin Wave","Die Die Die+1","Draining Mist+1","hubris:SlightOfHand+1","Fluid Movement+1","Flash of Steel","Flash of Steel","AbeCurse","Adrenaline","Prepared+1","Prepared+1","Calculated Gamble"],"relics":["NeowsBlessing","Replay:Bottled Snecko","Replay:Baseball","Pondfish Scales","Pantograph","halation:LettersToHer","Ring of Chaos","BargainBundle","PreservedInsect","Replay:Multitool","Blue Candle","Toy Ornithopter","Bag of Marbles","Nloth\u0027s Gift","HoveringKite","Whetstone","Smiling Mask","Replay:Rubber Ducky","aspiration:VileToxins","Nunchaku","Lantern","hubris:CrystalStatue"],"acts_visited":["Exordium","TheCity","TheBeyond","TheEnding"],"potions_floor_usage":[10,16,23,33,36,39,39,40,40,50,54],"damage_taken":[{"damage":0,"enemies":"Jaw Worm","floor":1,"turns":1},{"damage":0,"enemies":"Cultist","floor":4,"turns":1},{"damage":0,"enemies":"Lagavulin","floor":7,"turns":1},{"damage":23,"enemies":"3 Sentries","floor":10,"turns":9},{"damage":1,"enemies":"Small Slimes","floor":11,"turns":3},{"damage":7,"enemies":"Lagavulin","floor":13,"turns":8},{"damage":0,"enemies":"2 Fungi Beasts","floor":14,"turns":4},{"damage":21,"enemies":"Hexaghost","floor":16,"turns":11},{"damage":8,"enemies":"Shell Parasite","floor":18,"turns":8},{"damage":8,"enemies":"conspire:FuzzyDice","floor":20,"turns":6},{"damage":1,"enemies":"conspire:SneckoGhost","floor":23,"turns":7},{"damage":0,"enemies":"conspire:Head Lice","floor":25,"turns":6},{"damage":12,"enemies":"conspire:SneckoGhost","floor":27,"turns":7},{"damage":11,"enemies":"Replay:Snechameleon","floor":29,"turns":7},{"damage":2,"enemies":"Pondfish","floor":33,"turns":8},{"damage":6,"enemies":"3 Darklings","floor":35,"turns":4},{"damage":15,"enemies":"Orb Walker","floor":36,"turns":5},{"damage":13,"enemies":"Spire Growth","floor":39,"turns":4},{"damage":0,"enemies":"Nemesis","floor":40,"turns":8},{"damage":49,"enemies":"R_Hoarder","floor":42,"turns":6},{"damage":0,"enemies":"Giant Head","floor":44,"turns":3},{"damage":16,"enemies":"Transient","floor":48,"turns":5},{"damage":18,"enemies":"conspire:OrnateMirror","floor":50,"turns":3},{"damage":2,"enemies":"Shield and Spear","floor":54,"turns":2},{"damage":70,"enemies":"The Heart","floor":55,"turns":6}],"seed_played":"-4534701715646933069","potions_obtained":[{"floor":4,"key":"Weak Potion"},{"floor":10,"key":"Milkshake"},{"floor":13,"key":"PowerPotion"},{"floor":14,"key":"DistilledChaos"},{"floor":27,"key":"SteroidPotion"},{"floor":33,"key":"LiquidMemories"},{"floor":36,"key":"Explosive Potion"},{"floor":39,"key":"SkillPotion"},{"floor":42,"key":"Dexterity Potion"},{"floor":54,"key":"FearPotion"}],"is_trial":false,"path_per_floor":["M","?","$","M","?","R","E","R","T","E","M","?","E","M","R_BF","B",null,"M","?","M","$","T","E","R","E","T","E","$","E","R","?","R","B",null,"M","M","$","?","M","E","R","E","T","E","R","?","R","M","R_BF","B",null,"R","$","E","B"],"character_chosen":"THE_SILENT","items_purchased":["Noxious Fumes","BargainBundle","Fluid Movement","Flash of Steel","Poison Potion","PowerPotion","Flash of Steel","Whetstone","Lantern","SkillPotion"],"campfire_rested":2,"item_purchase_floors":[3,21,21,21,21,21,28,37,53,53],"current_hp_per_floor":[70,63,63,63,63,63,63,63,63,40,39,39,32,32,32,36,70,62,55,47,47,47,46,67,67,67,55,55,44,65,65,65,68,70,64,54,54,54,51,61,61,12,12,12,33,33,54,38,38,50,70,70,70,70,0,0],"gold":34,"neow_bonus":"THREE_ENEMY_KILL","is_daily":false,"chose_seed":false,"campfire_upgraded":3,"win_rate":0.0,"timestamp":1611954132,"path_taken":["M","?","?","M","?","R","E","R","T","E","?","?","E","M","R_BF","BOSS","M","?","M","$","?","E","R","E","T","E","$","E","R","?","R","BOSS","M","M","?","?","M","E","R","E","T","E","R","?","R","M","R_BF","BOSS","R","$","E","BOSS"],"items_purchased_type":["Card","Relic","Card","Card","Potion","Potion","Card","Relic","Relic","Potion"],"build_version":"2020-12-22","purchased_purges":2,"victory":false,"max_hp_per_floor":[70,70,70,70,70,70,70,70,70,70,70,70,70,70,70,70,70,70,70,70,70,70,70,70,70,70,70,70,70,70,70,70,70,70,70,70,70,70,70,70,70,70,70,70,70,70,70,70,70,70,70,70,70,70,70,70],"card_choices":[{"not_picked":["hubris:SlightOfHand","Dagger Throw","Bane"],"picked":"SKIP","floor":1},{"not_picked":["Underhanded Strike","hubris:Sniper","Flying Knee"],"picked":"SKIP","floor":4},{"not_picked":["conspire:PoisonWeapons","Backflip"],"picked":"Calculated Gamble","floor":7},{"not_picked":["Crippling Poison","Flying Knee","Deflect"],"picked":"SKIP","floor":10},{"not_picked":["Slice","Backflip"],"picked":"Footwork","floor":11},{"not_picked":["Glass Knife","Flying Knee","Sucker Punch"],"picked":"SKIP","floor":13},{"not_picked":["Calculated Gamble","Dodge and Roll"],"picked":"Toxin Wave","floor":14},{"not_picked":["Doppelganger","Replay:Bag of Tricks"],"picked":"Die Die Die","floor":16},{"not_picked":["Endless Agony+1","Calculated Gamble"],"picked":"Draining Mist+1","floor":18},{"not_picked":["Slice","Dagger Spray"],"picked":"hubris:SlightOfHand+1","floor":20},{"not_picked":["conspire:PoisonWeapons","Poisoned Stab","Grand Finale"],"picked":"SKIP","floor":23},{"not_picked":["Poisoned Stab","Finisher","Blade Dance"],"picked":"SKIP","floor":25},{"not_picked":["ReplayTheSpireMod:From All Sides","Deadly Poison","Deflect"],"picked":"SKIP","floor":27},{"not_picked":["Acrobatics","All Out Attack+1","Blade Dance"],"picked":"SKIP","floor":29},{"not_picked":["aspiration:Lunge","Atom Bomb"],"picked":"Adrenaline","floor":33},{"not_picked":["Bane","Deadly Poison","Distraction"],"picked":"SKIP","floor":35},{"not_picked":["Bouncing Flask","Heel Hook","Choke"],"picked":"SKIP","floor":36},{"not_picked":["Underhanded Strike","Dodge and Roll+1"],"picked":"Prepared+1","floor":39},{"not_picked":["Bullet Time","Sneak Up+1","Finisher"],"picked":"SKIP","floor":40},{"not_picked":["hubris:SlightOfHand+1","Finisher+1","Outmaneuver+1"],"picked":"SKIP","floor":42},{"not_picked":["Blur+1","ReplayTheSpireMod:Scrap Shanks"],"picked":"Prepared+1","floor":44},{"not_picked":["Flying Knee","Prepared","Poisoned Stab"],"picked":"SKIP","floor":48},{"not_picked":["Leg Sweep+1","Glass Knife"],"picked":"Calculated Gamble","floor":54}],"player_experience":476505,"relics_obtained":[{"floor":7,"key":"Replay:Bottled Snecko"},{"floor":9,"key":"Replay:Baseball"},{"floor":10,"key":"Pondfish Scales"},{"floor":13,"key":"Pantograph"},{"floor":15,"key":"halation:LettersToHer"},{"floor":22,"key":"halation:LettersToHer"},{"floor":22,"key":"PreservedInsect"},{"floor":23,"key":"Replay:Multitool"},{"floor":25,"key":"Blue Candle"},{"floor":26,"key":"halation:LettersToHer"},{"floor":27,"key":"Toy Ornithopter"},{"floor":29,"key":"Bag of Marbles"},{"floor":40,"key":"Smiling Mask"},{"floor":42,"key":"Replay:Rubber Ducky"},{"floor":43,"key":"halation:LettersToHer"},{"floor":43,"key":"aspiration:VileToxins"},{"floor":44,"key":"Nunchaku"},{"floor":54,"key":"hubris:CrystalStatue"}],"event_choices":[{"damage_healed":0,"gold_gain":75,"player_choice":"Touch","damage_taken":7,"max_hp_gain":0,"max_hp_loss":0,"event_name":"FaceTrader","floor":2,"gold_loss":0},{"cards_removed":["Strike_G"],"damage_healed":0,"gold_gain":0,"player_choice":"Card Removal","damage_taken":0,"max_hp_gain":0,"max_hp_loss":0,"event_name":"The Cleric","floor":5,"gold_loss":50},{"damage_healed":0,"gold_gain":0,"player_choice":"Damaged","damage_taken":7,"max_hp_gain":0,"max_hp_loss":0,"event_name":"Wheel of Change","floor":19,"gold_loss":0},{"damage_healed":0,"gold_gain":0,"player_choice":"Traded Relic","damage_taken":0,"relics_obtained":["Nloth\u0027s Gift"],"max_hp_gain":0,"max_hp_loss":0,"event_name":"N\u0027loth","floor":31,"relics_lost":["Ring of the Snake"],"gold_loss":0},{"damage_healed":0,"gold_gain":0,"player_choice":"Memory 1","damage_taken":0,"max_hp_gain":0,"max_hp_loss":0,"event_name":"SensoryStone","floor":46,"gold_loss":0}],"is_beta":false,"boss_relics":[{"not_picked":["Painkiller Herb","hubris:GrandSneckoEye"],"picked":"Ring of Chaos"},{"not_picked":["Coffee Dripper","energizedSpire:OgreHead"],"picked":"HoveringKite"}],"items_purged_floors":[3,21],"is_endless":false,"potions_floor_spawned":[4,10,13,14,27,33,36,39,42,54],"killed_by":"The Heart","ascension_level":4}}