{"host":"640uue19m79c7wbt","time":1611886480,"event":{"mods":["BaseMod","Colored Map","Googly Eyes","Highlight Path","Minty Spire (QoL Compilation)","Quick Restart","StSLib"],"gold_per_floor":[114,114,264,264,274,274,309,309,309,337,354,370,382,41,41,118,118,130,150,150,130,130,130],"floor_reached":22,"language":"ENG","playtime":597,"items_purged":["Strike_G"],"score":405,"play_id":"58e594b0-5065-47c5-9e6b-68e4880c309e","local_time":"20210128211440","is_ascension_mode":true,"campfire_choices":[{"data":"Calculated Gamble","floor":6.0,"key":"SMITH"},{"data":"Acrobatics","floor":8.0,"key":"SMITH"},{"floor":15.0,"key":"REST"}],"circlet_count":0,"master_deck":["AscendersBane","Strike_G","Strike_G","Strike_G","Defend_G","Defend_G","Defend_G","Defend_G","Defend_G","Survivor","Neutralize","Underhanded Strike","Calculated Gamble+1","Heel Hook","Acrobatics+1","Cloak And Dagger+1","Reflex+1","Tools of the Trade","Bouncing Flask+1","Envenom","Underhanded Strike","Dagger Spray","Storm of Steel+1","Tactician+1","Backstab","Decay","Accuracy"],"relics":["Ring of the Snake","NeowsBlessing","Boot","Toxic Egg 2","Pen Nib","Membership Card","SlaversCollar"],"acts_visited":["Exordium","TheCity"],"potions_floor_usage":[],"damage_taken":[{"damage":0.0,"enemies":"Small Slimes","floor":1.0,"turns":1.0},{"damage":0.0,"enemies":"2 Louse","floor":5.0,"turns":1.0},{"damage":0.0,"enemies":"Gremlin Nob","floor":7.0,"turns":1.0},{"damage":23.0,"enemies":"3 Sentries","floor":10.0,"turns":7.0},{"damage":0.0,"enemies":"Jaw Worm","floor":11.0,"turns":2.0},{"damage":3.0,"enemies":"Exordium Wildlife","floor":12.0,"turns":2.0},{"damage":0.0,"enemies":"Blue Slaver","floor":13.0,"turns":3.0},{"damage":42.0,"enemies":"Slime Boss","floor":16.0,"turns":6.0},{"damage":25.0,"enemies":"Shell Parasite","floor":18.0,"turns":4.0},{"damage":8.0,"enemies":"2 Thieves","floor":19.0,"turns":3.0},{"damage":0,"enemies":"Snake Plant","floor":22,"turns":1}],"seed_played":"-5910671812739924099","potions_obtained":[{"floor":7.0,"key":"PowerPotion"},{"floor":10.0,"key":"SkillPotion"},{"floor":11.0,"key":"PowerPotion"},{"floor":12.0,"key":"FearPotion"},{"floor":16.0,"key":"Weak Potion"}],"is_trial":false,"path_per_floor":["M","?","?","?","M","R","E","R","T","E","M","M","M","$","R","B",null,"M","M","?","$","M"],"character_chosen":"THE_SILENT","items_purchased":["Membership Card","Envenom","Underhanded Strike","Dagger Spray","Accuracy"],"campfire_rested":1,"item_purchase_floors":[14,14,14,14,21],"current_hp_per_floor":[59,59,59,52,52,52,52,52,52,29,29,26,26,26,45,3,50,25,17,17,17,17,17],"gold":130,"neow_bonus":"THREE_ENEMY_KILL","is_daily":false,"chose_seed":false,"campfire_upgraded":2,"win_rate":0.0,"timestamp":1611886480,"path_taken":["M","?","?","?","M","R","E","R","T","E","M","?","M","$","R","BOSS","M","M","?","$","M"],"items_purchased_type":["Relic","Card","Card","Card","Card"],"build_version":"2020-12-22","purchased_purges":1,"victory":false,"max_hp_per_floor":[66,66,66,66,66,66,66,66,66,66,66,66,66,66,66,66,66,66,66,66,66,66,66],"card_choices":[{"not_picked":["Calculated Gamble","Backflip"],"picked":"Underhanded Strike","floor":1.0},{"not_picked":["Riddle With Holes","Finisher"],"picked":"Heel Hook","floor":5.0},{"not_picked":["PiercingWail","Catalyst"],"picked":"Acrobatics","floor":7.0},{"not_picked":["PiercingWail+1","Finisher"],"picked":"Cloak And Dagger+1","floor":10.0},{"not_picked":["Flying Knee","Bane"],"picked":"Reflex+1","floor":11.0},{"not_picked":["Dodge and Roll+1","Prepared+1"],"picked":"Tools of the Trade","floor":12.0},{"not_picked":["Setup+1","Acrobatics+1"],"picked":"Bouncing Flask+1","floor":13.0},{"not_picked":["Venomology+1","Envenom"],"picked":"Storm of Steel+1","floor":16.0},{"not_picked":["Terror+1","Footwork"],"picked":"Tactician+1","floor":18.0},{"not_picked":["Dagger Spray","Slice"],"picked":"Backstab","floor":19.0}],"player_experience":641365,"relics_obtained":[{"floor":7.0,"key":"Boot"},{"floor":9.0,"key":"Toxic Egg 2"},{"floor":10.0,"key":"Pen Nib"}],"event_choices":[{"damage_healed":0.0,"max_hp_gain":0.0,"max_hp_loss":0.0,"gold_gain":0.0,"cards_transformed":["Strike_G"],"event_name":"Living Wall","player_choice":"Change","floor":2.0,"gold_loss":0.0,"damage_taken":0.0,"cards_obtained":["Calculated Gamble"]},{"damage_healed":0.0,"max_hp_gain":0.0,"max_hp_loss":0.0,"gold_gain":150.0,"event_name":"Liars Game","player_choice":"AGREE","floor":3.0,"gold_loss":0.0,"damage_taken":0.0,"cards_obtained":["Doubt"]},{"cards_removed":["Doubt"],"damage_healed":0.0,"max_hp_gain":0.0,"max_hp_loss":0.0,"gold_gain":0.0,"event_name":"Golden Wing","player_choice":"Card Removal","floor":4.0,"gold_loss":0.0,"damage_taken":7.0},{"damage_healed":0.0,"max_hp_gain":0.0,"max_hp_loss":0.0,"gold_gain":0.0,"event_name":"Forgotten Altar","player_choice":"Smashed Altar","floor":20.0,"gold_loss":0.0,"damage_taken":0.0,"cards_obtained":["Decay"]}],"is_beta":false,"boss_relics":[{"not_picked":["WristBlade","Philosopher\u0027s Stone"],"picked":"SlaversCollar"}],"items_purged_floors":[14],"is_endless":false,"potions_floor_spawned":[7,10,11,12,16],"killed_by":"Snake Plant","ascension_level":17}}