{"host":"fiyb7gvx7tok3jeh","time":1611929780,"event":{"mods":["BaseMod","Colored Map","Colored Powertips","DeckTracker","Googly Eyes","Highlight Path","Minty Spire (QoL Compilation)"],"gold_per_floor":[361,62,62,76,76,110,110,110,110,110,10,10,30,60,60,155,155,169,169,180,200,219,219,245,245,270,68,68,68,78,97,97,97,97],"floor_reached":33,"language":"ENG","playtime":2113,"items_purged":["Normality","Regret","Writhe"],"score":423,"play_id":"bb23888c-44cf-4b1e-9e3f-174a4305d47b","local_time":"20210129161620","is_ascension_mode":true,"campfire_choices":[{"data":"Neutralize","floor":7,"key":"SMITH"},{"data":"Prepared","floor":10,"key":"SMITH"},{"floor":12,"key":"REST"},{"floor":15,"key":"REST"},{"data":"Noxious Fumes","floor":23,"key":"SMITH"},{"floor":29,"key":"REST"},{"floor":32,"key":"REST"}],"circlet_count":0,"master_deck":["AscendersBane","Strike_G","Strike_G","Strike_G","Strike_G","Strike_G","Defend_G","Defend_G","Defend_G+1","Defend_G","Defend_G","Survivor+1","Neutralize+1","Flying Knee","Noxious Fumes+1","Prepared+1","Leg Sweep+1","A Thousand Cuts","Deflect+1","Leg Sweep+1","Dodge and Roll+1","Escape Plan+1"],"relics":["Ring of the Snake","Oddly Smooth Stone","Gambling Chip","HornCleat","StrikeDummy","Toxic Egg 2","Orichalcum","Cursed Key","Tiny Chest","GremlinMask","Vajra"],"acts_visited":["Exordium","TheCity"],"potions_floor_usage":[21,22,24,33],"damage_taken":[{"damage":0,"enemies":"2 Louse","floor":1,"turns":2},{"damage":0,"enemies":"Jaw Worm","floor":4,"turns":5},{"damage":24,"enemies":"3 Sentries","floor":6,"turns":10},{"damage":0,"enemies":"Cultist","floor":13,"turns":2},{"damage":4,"enemies":"Gremlin Nob","floor":14,"turns":5},{"damage":12,"enemies":"Hexaghost","floor":16,"turns":13},{"damage":1,"enemies":"Shell Parasite","floor":18,"turns":8},{"damage":3,"enemies":"Spheric Guardian","floor":20,"turns":4},{"damage":8,"enemies":"Chosen and Byrds","floor":21,"turns":10},{"damage":8,"enemies":"Cultist and Chosen","floor":22,"turns":7},{"damage":39,"enemies":"Gremlin Leader","floor":24,"turns":9},{"damage":0,"enemies":"Snecko","floor":30,"turns":6},{"damage":0,"enemies":"Centurion and Healer","floor":31,"turns":6},{"damage":49,"enemies":"Champ","floor":33,"turns":13}],"seed_played":"-691507629522059409","potions_obtained":[{"floor":4,"key":"Block Potion"},{"floor":16,"key":"ColorlessPotion"},{"floor":19,"key":"GhostInAJar"},{"floor":19,"key":"EssenceOfSteel"},{"floor":21,"key":"DuplicationPotion"},{"floor":22,"key":"LiquidBronze"},{"floor":31,"key":"Fire Potion"}],"is_trial":false,"path_per_floor":["M","$","?","M","?","E","R","?","T","R","$","R","M","E","R","B",null,"M","?","M","M","M","R","E","?","T","$","$","R","M","M","R","B"],"character_chosen":"THE_SILENT","items_purchased":["Noxious Fumes","Oddly Smooth Stone","DuplicationPotion"],"campfire_rested":4,"item_purchase_floors":[2,2,27],"current_hp_per_floor":[63,63,49,49,46,22,22,22,22,22,22,43,43,39,60,48,65,64,64,61,53,45,45,6,6,6,6,6,27,27,27,48,0,0],"gold":97,"neow_bonus":"TWO_FIFTY_GOLD","is_daily":false,"chose_seed":false,"campfire_upgraded":3,"win_rate":0.0,"timestamp":1611929780,"path_taken":["M","$","?","M","?","E","R","?","T","R","$","R","M","E","R","BOSS","M","?","M","M","?","R","E","?","T","?","$","R","M","M","R","BOSS"],"items_purchased_type":["Card","Relic","Potion"],"build_version":"2020-12-22","purchased_purges":3,"victory":false,"max_hp_per_floor":[70,70,70,70,70,70,70,70,70,70,70,70,70,70,70,70,70,70,70,70,70,70,70,70,70,70,70,70,70,70,70,70,70,70],"card_choices":[{"not_picked":["Bane","Masterful Stab"],"picked":"Flying Knee","floor":1},{"not_picked":["Blade Dance","Dodge and Roll"],"picked":"Prepared","floor":4},{"not_picked":["Eviscerate","Quick Slash","Outmaneuver"],"picked":"SKIP","floor":6},{"not_picked":["Dagger Spray","Deadly Poison+1"],"picked":"Leg Sweep+1","floor":13},{"not_picked":["Setup+1","Bane","Prepared+1"],"picked":"SKIP","floor":14},{"not_picked":["Unload","Storm of Steel+1"],"picked":"A Thousand Cuts","floor":16},{"not_picked":["Skewer+1","Flechettes+1","Bane"],"picked":"SKIP","floor":18},{"not_picked":["Well Laid Plans","Quick Slash","Tactician+1"],"picked":"SKIP","floor":20},{"not_picked":["Slice","Well Laid Plans","Dagger Throw"],"picked":"SKIP","floor":21},{"not_picked":["Prepared+1","Caltrops"],"picked":"Deflect+1","floor":22},{"not_picked":["Poisoned Stab","Bullet Time+1"],"picked":"Leg Sweep+1","floor":24},{"not_picked":["Tactician+1","Outmaneuver+1"],"picked":"Dodge and Roll+1","floor":30},{"not_picked":["Cloak And Dagger+1","Eviscerate+1"],"picked":"Escape Plan+1","floor":31}],"player_experience":276341,"relics_obtained":[{"floor":6,"key":"HornCleat"},{"floor":9,"key":"Toxic Egg 2"},{"floor":14,"key":"Orichalcum"},{"floor":24,"key":"Tiny Chest"},{"floor":26,"key":"Vajra"}],"event_choices":[{"damage_healed":0,"gold_gain":0,"player_choice":"Entered Light","damage_taken":14,"max_hp_gain":0,"max_hp_loss":0,"event_name":"Shining Light","floor":3,"gold_loss":0,"cards_upgraded":["Defend_G","Survivor"]},{"damage_healed":0,"gold_gain":0,"player_choice":"Success","damage_taken":3,"relics_obtained":["Gambling Chip"],"max_hp_gain":0,"max_hp_loss":0,"event_name":"Scrap Ooze","floor":5,"gold_loss":0},{"damage_healed":0,"gold_gain":0,"player_choice":"Box","damage_taken":0,"relics_obtained":["StrikeDummy"],"max_hp_gain":0,"max_hp_loss":0,"event_name":"Big Fish","floor":8,"gold_loss":0,"cards_obtained":["Regret"]},{"damage_healed":0,"gold_gain":0,"player_choice":"Got Potions","damage_taken":0,"max_hp_gain":0,"max_hp_loss":0,"event_name":"Lab","floor":19,"gold_loss":0},{"damage_healed":0,"gold_gain":0,"player_choice":"Trade","damage_taken":0,"relics_obtained":["GremlinMask"],"max_hp_gain":0,"max_hp_loss":0,"event_name":"FaceTrader","floor":25,"gold_loss":0}],"is_beta":false,"boss_relics":[{"not_picked":["Runic Dome","SacredBark"],"picked":"Cursed Key"}],"items_purged_floors":[2,11,27],"is_endless":false,"potions_floor_spawned":[4,16,21,22,30,31],"killed_by":"Champ","ascension_level":11}}