{"host":"qrt7o4dq2qslzw13","time":1611954873,"event":{"mods":["AchievementEnabler","BaseMod","Colored Map","Colored Powertips","Minty Spire (QoL Compilation)","Quick Restart","StSLib","SuperFastMode"],"gold_per_floor":[119,135,64,82,95,95,115,115,115,115,115,115,115,129,129,229,229,247,247,265,21,21,21,21,21,21,38,38,38,53,3,3,105,105,122,122,1121,1134,655,655,655],"floor_reached":40,"language":"ENG","playtime":977,"items_purged":["Normality"],"score":426,"play_id":"7a4b3659-8a66-4968-b63e-01ac7db86eb2","local_time":"20210129161433","is_ascension_mode":false,"campfire_choices":[{"data":"Mayhem","floor":6.0,"key":"SMITH"},{"data":"Malaise","floor":11.0,"key":"SMITH"},{"floor":15.0,"key":"REST"},{"data":"Apotheosis","floor":23.0,"key":"SMITH"},{"floor":25.0,"key":"REST"},{"floor":28.0,"key":"REST"},{"floor":32.0,"key":"REST"}],"circlet_count":0,"master_deck":["Strike_G","Strike_G","Strike_G","Strike_G","Defend_G","Defend_G","Defend_G","Defend_G","Defend_G","Survivor","Neutralize","Mayhem+1","Outmaneuver","Malaise+1","Accuracy","Footwork","Caltrops","Reflex","Parasite","Poisoned Stab","Storm of Steel","Backflip+1","Cloak And Dagger","Apotheosis+1","Flechettes","J.A.X.","Prepared","RitualDagger","Cloak And Dagger","Acrobatics","Bullet Time","Normality","Accuracy+1","Choke","Good Instincts","Mayhem","Caltrops"],"relics":["Ring of the Snake"],"acts_visited":["Exordium","TheCity","TheBeyond"],"potions_floor_usage":[],"damage_taken":[{"damage":5.0,"enemies":"Small Slimes","floor":1.0,"turns":4.0},{"damage":3.0,"enemies":"Jaw Worm","floor":2.0,"turns":6.0},{"damage":7.0,"enemies":"2 Louse","floor":4.0,"turns":3.0},{"damage":4.0,"enemies":"Large Slime","floor":5.0,"turns":12.0},{"damage":8.0,"enemies":"Exordium Thugs","floor":7.0,"turns":7.0},{"damage":7.0,"enemies":"3 Louse","floor":14.0,"turns":7.0},{"damage":17.0,"enemies":"Hexaghost","floor":16.0,"turns":17.0},{"damage":23.0,"enemies":"Spheric Guardian","floor":18.0,"turns":6.0},{"damage":11.0,"enemies":"2 Thieves","floor":20.0,"turns":5.0},{"damage":25.0,"enemies":"Sentry and Sphere","floor":27.0,"turns":7.0},{"damage":3.0,"enemies":"Centurion and Healer","floor":30.0,"turns":7.0},{"damage":50.0,"enemies":"Champ","floor":33.0,"turns":11.0},{"damage":10.0,"enemies":"3 Shapes","floor":35.0,"turns":5.0},{"damage":0.0,"enemies":"Orb Walker","floor":36.0,"turns":1.0},{"damage":24.0,"enemies":"Spire Growth","floor":38.0,"turns":6.0},{"damage":34,"enemies":"Giant Head","floor":40,"turns":7}],"seed_played":"-7527619259115721564","potions_obtained":[{"floor":1.0,"key":"Strength Potion"},{"floor":4.0,"key":"Block Potion"},{"floor":18.0,"key":"FearPotion"},{"floor":20.0,"key":"DistilledChaos"},{"floor":27.0,"key":"SmokeBomb"}],"is_trial":false,"path_per_floor":["M","M","$","M","M","R","M","?","T","?","R","?","?","M","R","B",null,"M","?","M","$","?","R","?","R","T","M","R","?","M","$","R","B",null,"M","M","?","M","$","E"],"character_chosen":"THE_SILENT","items_purchased":["Accuracy","Apotheosis","Flechettes","Acrobatics","Choke","Good Instincts","Mayhem","Caltrops"],"campfire_rested":4,"item_purchase_floors":[3,21,21,31,39,39,39,39],"current_hp_per_floor":[58,55,55,48,44,44,36,51,51,51,51,56,49,42,62,45,68,45,45,34,34,34,34,34,54,54,29,49,43,40,40,60,10,68,58,58,58,34,34,0,0],"gold":655,"neow_bonus":"RANDOM_COLORLESS_2","is_daily":false,"chose_seed":false,"campfire_upgraded":3,"win_rate":0.0,"timestamp":1611954873,"path_taken":["M","M","$","M","M","R","M","?","T","?","R","?","?","?","R","BOSS","M","?","M","$","?","R","?","R","T","M","R","?","?","$","R","BOSS","M","?","?","M","$","E"],"items_purchased_type":["Card","Card","Card","Card","Card","Card","Card","Card"],"build_version":"2020-12-22","purchased_purges":1,"victory":false,"max_hp_per_floor":[63,63,63,63,63,63,63,63,63,63,63,68,68,68,68,68,68,68,68,68,68,68,68,68,68,68,68,68,68,68,68,68,68,68,68,68,68,68,68,68,68],"card_choices":[{"not_picked":["Secret Technique","Violence"],"picked":"Mayhem","floor":0.0},{"not_picked":["Flying Knee","Dagger Throw"],"picked":"Outmaneuver","floor":1.0},{"not_picked":["Terror","Sucker Punch"],"picked":"Malaise","floor":2.0},{"not_picked":["Crippling Poison","Slice"],"picked":"Footwork","floor":4.0},{"not_picked":["Calculated Gamble","Deflect"],"picked":"Caltrops","floor":5.0},{"not_picked":["Dagger Throw","Underhanded Strike"],"picked":"Reflex","floor":7.0},{"not_picked":["Footwork","Dagger Throw"],"picked":"Poisoned Stab","floor":14.0},{"not_picked":["Envenom","A Thousand Cuts"],"picked":"Storm of Steel","floor":16.0},{"not_picked":["Bouncing Flask","Outmaneuver"],"picked":"Backflip+1","floor":18.0},{"not_picked":["Calculated Gamble","Underhanded Strike"],"picked":"Cloak And Dagger","floor":20.0},{"not_picked":["Bane","Deadly Poison+1"],"picked":"Prepared","floor":27.0},{"not_picked":["Deflect","Outmaneuver+1"],"picked":"Cloak And Dagger","floor":30.0},{"not_picked":["Die Die Die","After Image"],"picked":"Bullet Time","floor":33.0},{"not_picked":["Outmaneuver+1","Flying Knee","Noxious Fumes"],"picked":"SKIP","floor":35.0},{"not_picked":["Dagger Spray","Footwork"],"picked":"Accuracy+1","floor":38.0}],"player_experience":611675,"relics_obtained":[],"event_choices":[{"damage_healed":15.0,"max_hp_gain":0.0,"max_hp_loss":0.0,"gold_gain":0.0,"event_name":"Mushrooms","player_choice":"Healed and dodged fight","floor":8.0,"gold_loss":0.0,"damage_taken":0.0,"cards_obtained":["Parasite"]},{"damage_healed":0.0,"max_hp_gain":0.0,"max_hp_loss":0.0,"gold_gain":0.0,"event_name":"Dead Adventurer","player_choice":"Searched \u00270\u0027 times","floor":10.0,"gold_loss":0.0,"damage_taken":0.0},{"damage_healed":0.0,"max_hp_gain":5.0,"max_hp_loss":0.0,"gold_gain":0.0,"event_name":"Big Fish","player_choice":"Donut","floor":12.0,"gold_loss":0.0,"damage_taken":0.0},{"cards_removed":["Strike_G"],"damage_healed":0.0,"max_hp_gain":0.0,"max_hp_loss":0.0,"gold_gain":0.0,"event_name":"Golden Wing","player_choice":"Card Removal","floor":13.0,"gold_loss":0.0,"damage_taken":7.0},{"damage_healed":0.0,"max_hp_gain":0.0,"max_hp_loss":0.0,"gold_gain":0.0,"event_name":"Cursed Tome","player_choice":"Ignored","floor":19.0,"gold_loss":0.0,"damage_taken":0.0},{"damage_healed":0.0,"max_hp_gain":0.0,"max_hp_loss":0.0,"gold_gain":0.0,"event_name":"Drug Dealer","player_choice":"Obtain J.A.X.","floor":22.0,"gold_loss":0.0,"damage_taken":0.0,"cards_obtained":["J.A.X."]},{"damage_healed":0.0,"max_hp_gain":0.0,"max_hp_loss":0.0,"gold_gain":0.0,"event_name":"Vampires","player_choice":"Ignored","floor":24.0,"gold_loss":0.0,"damage_taken":0.0},{"damage_healed":0.0,"max_hp_gain":0.0,"max_hp_loss":0.0,"gold_gain":0.0,"event_name":"Nest","player_choice":"Joined the Cult","floor":29.0,"gold_loss":0.0,"damage_taken":6.0,"cards_obtained":["RitualDagger"]},{"damage_healed":0.0,"max_hp_gain":0.0,"max_hp_loss":0.0,"gold_gain":999.0,"event_name":"MindBloom","player_choice":"Gold","floor":37.0,"gold_loss":0.0,"damage_taken":0.0,"cards_obtained":["Normality","Normality"]}],"is_beta":false,"boss_relics":[{"not_picked":["Busted Crown","Runic Dome","Snecko Eye"]},{"not_picked":["SlaversCollar","SacredBark","Fusion Hammer"]}],"items_purged_floors":[39],"is_endless":false,"potions_floor_spawned":[1,4,18,20,27,36],"killed_by":"Giant Head","ascension_level":0}}