{"host":"n9lc5i44t98l6pio","time":1611919575,"event":{"mods":["BaseMod","Curses Come First","Downfall","Minty Spire (QoL Compilation)","Replay The Spire","Say the Spire","StSLib"],"gold_per_floor":[151,169,189,209,226,21,21,21,50,50,65,65,50,150,162,162,162,162],"floor_reached":16,"language":"ENG","playtime":739,"items_purged":[],"score":102,"play_id":"739f779e-90df-4780-a7ae-ce8ae62195d7","local_time":"20210129122615","is_ascension_mode":false,"campfire_choices":[{"floor":10,"key":"RECALL"},{"floor":12,"key":"REST"}],"circlet_count":0,"master_deck":["hexamod:Strike","hexamod:Strike+1","hexamod:Strike+1","hexamod:Strike","hexamod:Defend","hexamod:Defend+1","hexamod:Defend+1","hexamod:Defend+1","hexamod:Sear+1","hexamod:Float","hexamod:SixthSeal","hexamod:Firestarter","hexamod:FastForward","hexamod:SuperheatedStrike","hexamod:HeatMetal","hexamod:ChargedBarrage","hexamod:PhantomFireball","hexamod:BacktrackSmack+1","hexamod:EtherealExpedition","hexamod:FastForward","hexamod:PhantomCloak","expansioncontent:LastStand+1","Parasite","hexamod:RadiantFlame","hexamod:Incineration+1","hexamod:VolcanoVisage","hexamod:SuperheatedStrike+1"],"relics":["hexamod:SpiritBrand","BargainBundle","Question Card","Molten Egg 2"],"acts_visited":["Exordium"],"potions_floor_usage":[6,9,9,13,16],"damage_taken":[{"damage":6,"enemies":"Jaw Worm","floor":2,"turns":5},{"damage":8,"enemies":"2 Louse","floor":3,"turns":3},{"damage":1,"enemies":"Cultist","floor":4,"turns":4},{"damage":0,"enemies":"3 Louse","floor":5,"turns":3},{"damage":0,"enemies":"downfall:FleeingMerchant","floor":6,"turns":4},{"damage":12,"enemies":"3 Sentries","floor":9,"turns":6},{"damage":3,"enemies":"Red Slaver","floor":11,"turns":3},{"damage":7,"enemies":"downfall:FleeingMerchant","floor":13,"turns":4},{"damage":18,"enemies":"Large Slime","floor":15,"turns":4},{"damage":56,"enemies":"DF_ARCHETYPE_STREAMLINE","floor":16,"turns":6}],"seed_played":"-5452325394011289395","potions_obtained":[{"floor":5,"key":"hexamod:SoulburnPotion"},{"floor":11,"key":"Strength Potion"}],"is_trial":false,"path_per_floor":["R","M","M","M","M","$","T","?","E","R","M","R","$","?","M","B"],"character_chosen":"THE_SPIRIT","items_purchased":["BargainBundle","PowerPotion","LiquidMemories","hexamod:EctoCoolerPotion","hexamod:PhantomFireball","hexamod:BacktrackSmack","hexamod:EtherealExpedition","hexamod:FastForward","hexamod:PhantomCloak","expansioncontent:LastStand"],"campfire_rested":1,"item_purchase_floors":[6,6,6,6,6,6,6,6,6,6],"current_hp_per_floor":[63,57,49,48,48,48,48,63,51,51,48,63,56,56,38,0,0,0],"gold":162,"neow_bonus":"THREE_RARE_CARDS","is_daily":false,"chose_seed":false,"campfire_upgraded":0,"win_rate":0.0,"timestamp":1611919575,"path_taken":["R","M","M","M","M","$","T","?","E","R","M","R","$","?","M","BOSS"],"items_purchased_type":["Relic","Potion","Potion","Potion","Card","Card","Card","Card","Card","Card"],"build_version":"2020-12-22","purchased_purges":0,"victory":false,"max_hp_per_floor":[63,63,63,63,63,63,63,63,63,63,63,63,63,63,63,63,63,63],"card_choices":[{"not_picked":["hexamod:GhostOfSpirePresent","hexamod:WildfireWeapon"],"picked":"hexamod:SixthSeal","floor":0},{"not_picked":["hexamod:SpectersWail","hexamod:FastForward"],"picked":"hexamod:Firestarter","floor":2},{"not_picked":["hexamod:GhostOfSpireFuture","hexamod:CatchUp"],"picked":"hexamod:FastForward","floor":3},{"not_picked":["hexamod:BacktrackSmack","hexamod:Rewind"],"picked":"hexamod:SuperheatedStrike","floor":4},{"not_picked":["hexamod:CatchUp","hexamod:FastForward"],"picked":"hexamod:HeatMetal","floor":5},{"not_picked":["hexamod:NightmareGuise","hexamod:EmpoweredFlame"],"picked":"hexamod:ChargedBarrage","floor":6},{"not_picked":["hexamod:RecurringNightmare","hexamod:SkipABeat","hexamod:Again"],"picked":"hexamod:RadiantFlame","floor":9},{"not_picked":["hexamod:BacktrackSmack+1","hexamod:ChargedBarrage","hexamod:FirstSeal"],"picked":"hexamod:Incineration+1","floor":11},{"not_picked":["hexamod:Hexaguard","hexamod:ShieldOfDarkness","hexamod:PowerFromBeyond"],"picked":"hexamod:VolcanoVisage","floor":13},{"not_picked":["hexamod:BacktrackSmack+1","hexamod:Again","hexamod:PowerFromBeyond"],"picked":"hexamod:SuperheatedStrike+1","floor":15}],"player_experience":232355,"relics_obtained":[{"floor":7,"key":"Question Card"},{"floor":9,"key":"Molten Egg 2"}],"event_choices":[{"damage_healed":15,"gold_gain":0,"player_choice":"Healed and dodged fight","damage_taken":0,"max_hp_gain":0,"max_hp_loss":0,"event_name":"Mushrooms","floor":8,"gold_loss":0,"cards_obtained":["Parasite"]}],"is_beta":false,"boss_relics":[],"items_purged_floors":[],"is_endless":false,"potions_floor_spawned":[5,11],"killed_by":"DF_ARCHETYPE_STREAMLINE","ascension_level":0}}