{"host":"640uue19m79c7wbt","time":1611885452,"event":{"mods":["BaseMod","Colored Map","Googly Eyes","Highlight Path","Minty Spire (QoL Compilation)","Quick Restart","StSLib"],"gold_per_floor":[10,29,40,58,77,77,112,112,164,182,147,175,175,175,175,252,252,263,274,289,289,301,301],"floor_reached":22,"language":"ENG","playtime":793,"items_purged":[],"score":366,"play_id":"9701775c-e39c-44c5-abec-b4b0d3bc2dc5","local_time":"20210128205732","is_ascension_mode":true,"campfire_choices":[{"data":"Setup","floor":6.0,"key":"SMITH"},{"floor":8.0,"key":"REST"},{"floor":13.0,"key":"REST"},{"floor":15.0,"key":"REST"}],"circlet_count":0,"master_deck":["AscendersBane","Strike_G","Strike_G","Strike_G","Strike_G","Defend_G","Defend_G","Defend_G","Defend_G","Defend_G","Survivor","Neutralize","Corpse Explosion","Poisoned Stab","Bouncing Flask","Setup+1","Tools of the Trade","Bane+1","Well Laid Plans","Bouncing Flask","Adrenaline","PiercingWail","Calculated Gamble","Leg Sweep"],"relics":["Ring of the Snake","Molten Egg 2","Tiny Chest","Blue Candle","SlaversCollar","MawBank"],"acts_visited":["Exordium","TheCity"],"potions_floor_usage":[],"damage_taken":[{"damage":2.0,"enemies":"2 Louse","floor":1.0,"turns":2.0},{"damage":0.0,"enemies":"Cultist","floor":2.0,"turns":3.0},{"damage":2.0,"enemies":"Jaw Worm","floor":3.0,"turns":4.0},{"damage":1.0,"enemies":"2 Fungi Beasts","floor":4.0,"turns":4.0},{"damage":30.0,"enemies":"Exordium Thugs","floor":5.0,"turns":5.0},{"damage":26.0,"enemies":"Gremlin Nob","floor":7.0,"turns":4.0},{"damage":15.0,"enemies":"Large Slime","floor":10.0,"turns":5.0},{"damage":32.0,"enemies":"3 Sentries","floor":12.0,"turns":5.0},{"damage":38.0,"enemies":"The Guardian","floor":16.0,"turns":8.0},{"damage":9.0,"enemies":"Shell Parasite","floor":18.0,"turns":5.0},{"damage":16.0,"enemies":"Spheric Guardian","floor":19.0,"turns":4.0},{"damage":18.0,"enemies":"Cultist and Chosen","floor":20.0,"turns":4.0},{"damage":0,"enemies":"Chosen and Byrds","floor":22,"turns":1}],"seed_played":"-5418077254977957947","potions_obtained":[{"floor":4.0,"key":"Regen Potion"},{"floor":7.0,"key":"Fruit Juice"},{"floor":12.0,"key":"Strength Potion"},{"floor":16.0,"key":"Block Potion"},{"floor":18.0,"key":"SpeedPotion"},{"floor":19.0,"key":"BlessingOfTheForge"}],"is_trial":false,"path_per_floor":["M","M","M","M","M","R","E","R","T","M","?","E","R","?","R","B",null,"M","M","M","T","M"],"character_chosen":"THE_SILENT","items_purchased":[],"campfire_rested":3,"item_purchase_floors":[],"current_hp_per_floor":[57,57,55,54,39,39,18,39,39,24,41,9,30,30,51,13,57,48,32,14,14,14,14],"gold":301,"neow_bonus":"THREE_RARE_CARDS","is_daily":false,"chose_seed":false,"campfire_upgraded":1,"win_rate":0.0,"timestamp":1611885452,"path_taken":["M","M","M","M","M","R","E","R","T","M","?","E","R","?","R","BOSS","M","?","M","?","M"],"items_purchased_type":[],"build_version":"2020-12-22","purchased_purges":0,"victory":false,"max_hp_per_floor":[66,66,66,66,66,66,71,71,71,71,71,71,71,71,71,71,71,71,71,71,71,71,71],"card_choices":[{"not_picked":["Glass Knife","Envenom"],"picked":"Corpse Explosion","floor":0.0},{"not_picked":["Prepared","Deadly Poison"],"picked":"Poisoned Stab","floor":1.0},{"not_picked":["Backflip","Quick Slash","Dash"],"picked":"SKIP","floor":2.0},{"not_picked":["Flying Knee","Blur"],"picked":"Bouncing Flask","floor":3.0},{"not_picked":["Poisoned Stab","Riddle With Holes"],"picked":"Setup","floor":4.0},{"not_picked":["Flying Knee","Acrobatics"],"picked":"Tools of the Trade","floor":5.0},{"not_picked":["Blur","Cloak And Dagger"],"picked":"Bane+1","floor":7.0},{"not_picked":["Deflect","Sucker Punch+1"],"picked":"Well Laid Plans","floor":10.0},{"not_picked":["Blade Dance","Flying Knee+1"],"picked":"Bouncing Flask","floor":12.0},{"not_picked":["Envenom","Storm of Steel"],"picked":"Adrenaline","floor":16.0},{"not_picked":["Heel Hook+1","Underhanded Strike+1"],"picked":"PiercingWail","floor":18.0},{"not_picked":["Outmaneuver","Bane+1"],"picked":"Calculated Gamble","floor":19.0},{"not_picked":["All Out Attack+1","Deadly Poison"],"picked":"Leg Sweep","floor":20.0}],"player_experience":641131,"relics_obtained":[{"floor":7.0,"key":"Molten Egg 2"},{"floor":9.0,"key":"Tiny Chest"},{"floor":12.0,"key":"Blue Candle"},{"floor":21.0,"key":"MawBank"}],"event_choices":[{"damage_healed":17.0,"max_hp_gain":0.0,"max_hp_loss":0.0,"gold_gain":0.0,"event_name":"The Cleric","player_choice":"Healed","floor":11.0,"gold_loss":35.0,"damage_taken":0.0},{"cards_removed":["Strike_G"],"damage_healed":0.0,"max_hp_gain":0.0,"max_hp_loss":0.0,"gold_gain":0.0,"event_name":"Purifier","player_choice":"Purged","floor":14.0,"gold_loss":0.0,"damage_taken":0.0}],"is_beta":false,"boss_relics":[{"not_picked":["Snecko Eye","Ectoplasm"],"picked":"SlaversCollar"}],"items_purged_floors":[],"is_endless":false,"potions_floor_spawned":[4,7,12,16,18,19],"killed_by":"Chosen and Byrds","ascension_level":17}}