{"host":"zxkjcgzis4pm3za5","time":1611948192,"event":{"mods":["AchievementEnabler","Act Like it!","BaseMod","Colored Map","Colored Powertips","Friendly Minions","GifTheSpireLib","Minty Spire (QoL Compilation)","Quick Restart","RNG Fix","Random Character Button","Relic Filter Mod","Relic Sorter","Relic Stats","StSLib"],"gold_per_floor":[12,24,44,44,64,64,94,94,121,121,161,179,213,226,226,315,315,330,350,275,298,314,357,357,357,357,357,57,57,95,95,95,95,95],"floor_reached":33,"language":"ENG","playtime":1053,"items_purged":["Strike_G+1","Grand Finale+1"],"score":561,"play_id":"8330a076-8b72-4c67-9f4f-687176785a88","local_time":"20210130005312","is_ascension_mode":true,"campfire_choices":[{"data":"Caltrops","floor":6,"key":"SMITH"},{"data":"Dagger Spray","floor":8,"key":"SMITH"},{"data":"Neutralize","floor":10,"key":"SMITH"},{"data":"Dash","floor":15,"key":"SMITH"},{"floor":25,"key":"REST"},{"data":"Storm of Steel","floor":27,"key":"SMITH"},{"data":"Accuracy","floor":32,"key":"SMITH"}],"circlet_count":0,"master_deck":["AscendersBane","Defend_G","Defend_G","Defend_G","Defend_G","Survivor","Neutralize+1","Flying Knee+1","Dagger Spray+1","PiercingWail","Caltrops+1","Dodge and Roll","Dash+1","Escape Plan","Storm of Steel+1","Expertise+1","Blade Dance+1","Endless Agony+1","Quick Slash+1","Escape Plan+1","Blade Dance","Backflip","Accuracy+1","Blade Dance+1","Dodge and Roll+1"],"relics":["Ring of the Snake","Golden Idol","Bag of Marbles","Whetstone","Blood Vial","Astrolabe","Mummified Hand","Gremlin Horn","DollysMirror","Smiling Mask"],"acts_visited":["Exordium","TheCity"],"potions_floor_usage":[13,16,23,23,33],"damage_taken":[{"damage":7,"enemies":"Jaw Worm","floor":1,"turns":5},{"damage":0,"enemies":"2 Louse","floor":2,"turns":3},{"damage":0,"enemies":"Cultist","floor":3,"turns":3},{"damage":1,"enemies":"3 Louse","floor":5,"turns":3},{"damage":14,"enemies":"3 Sentries","floor":11,"turns":7},{"damage":7,"enemies":"Large Slime","floor":12,"turns":7},{"damage":11,"enemies":"Lagavulin","floor":13,"turns":6},{"damage":0,"enemies":"Red Slaver","floor":14,"turns":2},{"damage":4,"enemies":"Hexaghost","floor":16,"turns":10},{"damage":9,"enemies":"Shell Parasite","floor":18,"turns":8},{"damage":1,"enemies":"3 Byrds","floor":19,"turns":3},{"damage":27,"enemies":"Snake Plant","floor":21,"turns":3},{"damage":2,"enemies":"Centurion and Healer","floor":22,"turns":5},{"damage":12,"enemies":"Book of Stabbing","floor":23,"turns":4},{"damage":7,"enemies":"Slavers","floor":30,"turns":4},{"damage":58,"enemies":"Automaton","floor":33,"turns":6}],"seed_played":"-4366750928214348657","potions_obtained":[{"floor":3,"key":"ColorlessPotion"},{"floor":12,"key":"Fire Potion"},{"floor":13,"key":"Explosive Potion"},{"floor":18,"key":"CunningPotion"},{"floor":21,"key":"FearPotion"},{"floor":23,"key":"Block Potion"}],"is_trial":false,"path_per_floor":["M","M","M","?","M","R","?","R","T","R","E","M","E","M","R","B",null,"M","M","$","M","M","E","$","R","T","R","$","?","E","?","R","B"],"character_chosen":"THE_SILENT","items_purchased":["Accuracy","DollysMirror"],"campfire_rested":1,"item_purchase_floors":[28,28],"current_hp_per_floor":[52,52,52,52,51,51,51,51,51,51,37,30,19,21,21,19,50,43,44,44,19,19,9,9,27,27,27,27,27,22,22,22,0,0],"gold":95,"neow_bonus":"REMOVE_TWO","is_daily":false,"chose_seed":false,"campfire_upgraded":6,"win_rate":0.0,"timestamp":1611948192,"path_taken":["M","M","M","?","M","R","?","R","T","R","E","M","E","?","R","BOSS","M","M","$","M","?","E","$","R","T","R","$","?","E","?","R","BOSS"],"items_purchased_type":["Card","Relic"],"build_version":"2020-12-22","purchased_purges":2,"victory":false,"max_hp_per_floor":[66,66,66,60,60,60,60,60,60,60,60,60,60,60,60,60,60,60,60,60,60,60,60,60,60,60,60,60,60,60,60,60,60,60],"relic_stats":{"Blood Vial":18,"Gremlin Horn":[4,4],"counters":[16,79],"Golden Idol":76,"Mummified Hand":[4],"Astrolabe":["Expertise","Blade Dance","Grand Finale"],"Whetstone":["Flying Knee","Strike_G"],"Smiling Mask":0,"obtain_stats":[{"Blood Vial":13,"Gremlin Horn":26,"Golden Idol":4,"Mummified Hand":23,"DollysMirror":28,"Astrolabe":17,"Bag of Marbles":9,"Whetstone":11,"Smiling Mask":30,"Ring of the Snake":0},{"Blood Vial":7,"Gremlin Horn":14,"Golden Idol":3,"Mummified Hand":14,"DollysMirror":14,"Astrolabe":9,"Bag of Marbles":4,"Whetstone":5,"Smiling Mask":15,"Ring of the Snake":0},{"Blood Vial":34,"Gremlin Horn":69,"Golden Idol":11,"Mummified Hand":69,"DollysMirror":69,"Astrolabe":46,"Bag of Marbles":14,"Whetstone":21,"Smiling Mask":73,"Ring of the Snake":0}],"Ring of the Snake":[32]},"card_choices":[{"not_picked":["PiercingWail","Acrobatics"],"picked":"Flying Knee","floor":1},{"not_picked":["Underhanded Strike","Dagger Throw"],"picked":"Dagger Spray","floor":2},{"not_picked":["Dagger Spray","Backflip"],"picked":"PiercingWail","floor":3},{"not_picked":["Leg Sweep","Deadly Poison"],"picked":"Caltrops","floor":5},{"not_picked":["Flying Knee","Finisher"],"picked":"Dodge and Roll","floor":11},{"not_picked":["Dagger Spray","Backstab"],"picked":"Dash","floor":12},{"not_picked":["Skewer","Backflip"],"picked":"Escape Plan","floor":13},{"not_picked":["Bane","Choke","Reflex"],"picked":"SKIP","floor":14},{"not_picked":["Night Terror","Glass Knife"],"picked":"Storm of Steel","floor":16},{"not_picked":["Quick Slash","Tactician"],"picked":"Endless Agony+1","floor":18},{"not_picked":["Slice","Deadly Poison"],"picked":"Quick Slash+1","floor":19},{"not_picked":["Accuracy","Poisoned Stab"],"picked":"Escape Plan+1","floor":21},{"not_picked":["Acrobatics","Unload"],"picked":"Blade Dance","floor":22},{"not_picked":["Dagger Throw","Eviscerate"],"picked":"Backflip","floor":23},{"not_picked":["Backflip","Poisoned Stab"],"picked":"Dodge and Roll+1","floor":30}],"player_experience":287116,"relics_obtained":[{"floor":9,"key":"Bag of Marbles"},{"floor":11,"key":"Whetstone"},{"floor":13,"key":"Blood Vial"},{"floor":23,"key":"Mummified Hand"},{"floor":26,"key":"Gremlin Horn"},{"floor":30,"key":"Smiling Mask"}],"event_choices":[{"damage_healed":0,"gold_gain":0,"player_choice":"Lose Max HP","damage_taken":0,"relics_obtained":["Golden Idol"],"max_hp_gain":0,"max_hp_loss":6,"event_name":"Golden Idol","floor":4,"gold_loss":0},{"damage_healed":0,"gold_gain":30,"player_choice":"Searched \u00271\u0027 times","damage_taken":0,"max_hp_gain":0,"max_hp_loss":0,"event_name":"Dead Adventurer","floor":7,"gold_loss":0},{"damage_healed":0,"gold_gain":0,"player_choice":"Ignored","damage_taken":0,"max_hp_gain":0,"max_hp_loss":0,"event_name":"Cursed Tome","floor":29,"gold_loss":0},{"damage_healed":0,"gold_gain":0,"player_choice":"Ignored","damage_taken":0,"max_hp_gain":0,"max_hp_loss":0,"event_name":"The Mausoleum","floor":31,"gold_loss":0}],"is_beta":false,"boss_relics":[{"not_picked":["Ectoplasm","Philosopher\u0027s Stone"],"picked":"Astrolabe"}],"items_purged_floors":[20,28],"is_endless":false,"potions_floor_spawned":[3,12,13,18,21,23],"killed_by":"Automaton","ascension_level":18}}