{"host":"xgwtdz99zg48cmix","time":1611921178,"event":{"mods":["ATMod(°¢èªMod)","Arknights The Spire","Aspiration","BaseMod","Dota2Spire","Downfall","Marisa£¨ìFÓê¡¡Ä§ÀíÉ³£©","Minty Spire (QoL Compilation)","Quick Restart","Relic Filter Mod","Reliquary","StSLib","WarShipGirlsR/Õ½½¢ÉÙÅ®R mod","[GremlinLeader]The Maniac","[IsaacMod]ÒÔÈö¼âËþ","¡¾ÒÅÎï¿¨ÅÆ¡¿REMEMod","óô»ðÖ¸ÄÏ"],"gold_per_floor":[99,117,149,249,77,252,278,303,1,50,104,140,18,18,45,149,149,49,2,94,116,140,63,63,63,83,75,75,82,179,179,223,370,370,183,209,81,81,250,271,37,121,133,237,345,466,542,762,939,990],"floor_reached":51,"language":"ZHS","playtime":3330,"items_purged":["Guardian:Strike_Guardian","Doubt","Guardian:Defend_Guardian","Guardian:Defend_Guardian","Guardian:Strike_Guardian","Guardian:Defend_Guardian"],"score":969,"play_id":"27cce3d9-484c-4010-b3c5-219077be6865","local_time":"20210129195258","is_ascension_mode":false,"campfire_choices":[{"data":"AT_FamilyPortrait","floor":1.0,"key":"SMITH"},{"data":"BettingIsNotGood","floor":18.0,"key":"SMITH"},{"data":"expansioncontent:StudyTheSpire","floor":25.0,"key":"SMITH"},{"data":"Guardian:StasisStrike","floor":28.0,"key":"SMITH"}],"circlet_count":0,"master_deck":["Guardian:CurlUp","Guardian:TwinSlam","SuicideKing","AT_FamilyPortrait+1","REME_PuzzleBox","BettingIsNotGood+1","expansioncontent:StudyTheSpire+1","Guardian:FloatingOrbs+1","Guardian:Clone","Guardian:ConstructionForm","Guardian:RevengeProtocol+1","Guardian:StasisStrike+1","Guardian:Incinerate","expansioncontent:InvincibleStrength","Guardian:EvasiveProtocol+1","Guardian:Recover+1","Guardian:FastForward+1","Guardian:PrismaticBeam","Slimebound:CheckThePlaybook","Guardian:VentSteam+1","expansioncontent:StudyTheSpire","Guardian:BronzeArmor","Guardian:TimeSifter","Guardian:Clone+1"],"relics":["Guardian:ModeShifter","HushsDoor","REME_ComplimentaryCards","AT_ATBox","SteamSale","Lantern","YumHeart","SalivaCoin","Chemical X","Dota2Spire:MaskOfMadness","Chaos","Dota2Spire:EyeOfSkadi","GuppysHairball","downfall:HeartBlessingGreen","REME_PuzzleBoxRelic","aspiration:FrozenJewel","Mercury Hourglass","EdensBlessing","Kunai","AT_MibuBalloonWealth","BookOfRevelations","War Paint","MawBank","Pandora\u0027s Box","PokeGo","Tiny House"],"acts_visited":["Exordium","TheCity","TheBeyond"],"potions_floor_usage":[44],"damage_taken":[{"damage":2.0,"enemies":"Small Slimes","floor":2.0,"turns":9.0},{"damage":5.0,"enemies":"2 Louse","floor":3.0,"turns":3.0},{"damage":10.0,"enemies":"downfall:FleeingMerchant","floor":5.0,"turns":4.0},{"damage":0.0,"enemies":"3 Sentries","floor":8.0,"turns":2.0},{"damage":29.0,"enemies":"Lagavulin","floor":10.0,"turns":7.0},{"damage":3.0,"enemies":"Jaw Worm","floor":11.0,"turns":5.0},{"damage":5.0,"enemies":"Exordium Thugs","floor":12.0,"turns":3.0},{"damage":18.0,"enemies":"downfall:FleeingMerchant","floor":13.0,"turns":4.0},{"damage":7.0,"enemies":"2 Fungi Beasts","floor":15.0,"turns":5.0},{"damage":0.0,"enemies":"IC_STATUS_ARCHETYPE","floor":16.0,"turns":1.0},{"damage":10.0,"enemies":"downfall:FleeingMerchant","floor":19.0,"turns":4.0},{"damage":10.0,"enemies":"3 Byrds","floor":20.0,"turns":8.0},{"damage":0.0,"enemies":"Snecko","floor":21.0,"turns":5.0},{"damage":17.0,"enemies":"Shelled Parasite and Fungi","floor":22.0,"turns":5.0},{"damage":0.0,"enemies":"Centurion and Healer","floor":26.0,"turns":6.0},{"damage":1.0,"enemies":"downfall:FleeingMerchant","floor":27.0,"turns":4.0},{"damage":49.0,"enemies":"Gremlin Leader","floor":30.0,"turns":7.0},{"damage":0.0,"enemies":"3 Cultists","floor":32.0,"turns":4.0},{"damage":19.0,"enemies":"WA_ARCHETYPE_CALM","floor":33.0,"turns":7.0},{"damage":11,"enemies":"Orb Walker","floor":36,"turns":3},{"damage":0,"enemies":"downfall:FleeingMerchant","floor":37,"turns":1},{"damage":0,"enemies":"3 Darklings","floor":39,"turns":4},{"damage":8,"enemies":"Maw","floor":40,"turns":4},{"damage":0,"enemies":"Nemesis","floor":42,"turns":3},{"damage":17,"enemies":"Giant Head","floor":44,"turns":6},{"damage":6,"enemies":"Sphere and 2 Shapes","floor":45,"turns":5},{"damage":17,"enemies":"Jaw Worm Horde","floor":46,"turns":4},{"damage":0,"enemies":"Transient","floor":47,"turns":5},{"damage":6,"enemies":"Nemesis","floor":48,"turns":5},{"damage":12,"enemies":"4 Shapes","floor":49,"turns":3},{"damage":17,"enemies":"DF_ARCHETYPE_ORBS","floor":50,"turns":4}],"seed_played":"2878077259062950191","potions_obtained":[{"floor":3.0,"key":"Fire Potion"},{"floor":12.0,"key":"EssenceOfSteel"},{"floor":15.0,"key":"ColorlessPotion"},{"floor":21.0,"key":"Fire Potion"},{"floor":26.0,"key":"Fire Potion"},{"floor":30.0,"key":"SkillPotion"},{"floor":39,"key":"Energy Potion"},{"floor":44,"key":"Guardian:BlockOnCardUsePotion"}],"is_trial":false,"path_per_floor":["R","M","M","?","$","?","T","E","R","E","M","M","$","?","M","B",null,"R","$","M","M","M","R","T","R","M","$","R","?","E","?","M","B",null,"R","M","$","T","M","M","R","E","R","E","M","M","M","E","M","B",null],"character_chosen":"GUARDIAN","items_purchased":["BettingIsNotGood","SalivaCoin","expansioncontent:StudyTheSpire","Chemical X","Chaos","Guardian:RevengeProtocol","Guardian:StasisStrike","GuppysHairball","expansioncontent:InvincibleStrength","REME_PuzzleBoxRelic","Kunai","expansioncontent:StudyTheSpire","AT_MibuBalloonWealth","War Paint","MawBank"],"campfire_rested":0,"item_purchase_floors":[5,9,9,9,13,17,17,17,19,23,35,37,37,41,41],"current_hp_per_floor":[88,86,81,81,71,71,71,71,71,67,69,64,46,46,44,44,70,70,61,51,61,69,69,69,69,69,70,70,46,1,1,9,15,70,70,59,59,59,59,62,62,62,62,45,49,63,63,62,50,33],"gold":1002,"neow_bonus":"TEN_PERCENT_HP_BONUS","is_daily":false,"chose_seed":false,"campfire_upgraded":4,"win_rate":0.0,"timestamp":1611921178,"path_taken":["R","M","M","?","$","?","T","E","R","E","M","M","$","?","M","BOSS","R","$","M","M","M","R","T","R","M","$","R","?","E","?","M","BOSS","R","?","$","?","M","M","T","E","R","E","M","M","M","E","M","BOSS"],"items_purchased_type":["Card","Relic","Card","Relic","Card","Card","Card","Relic","Card","Relic","Relic","Card","Relic","Relic","Relic"],"build_version":"2020-12-22","purchased_purges":6,"victory":true,"max_hp_per_floor":[88,88,88,88,88,88,88,88,88,88,88,88,88,88,88,88,70,70,70,70,70,70,70,70,70,70,70,70,70,70,70,70,70,70,70,70,70,70,70,70,70,70,70,70,70,70,70,75,75,75],"card_choices":[{"not_picked":[],"picked":"SuicideKing","floor":0.0},{"not_picked":["Guardian:EvasiveProtocol","Guardian:CrystalBeam"],"picked":"Guardian:Gem_Cyan","floor":2.0},{"not_picked":["Guardian:Suspension","Guardian:Gem_Lightblue"],"picked":"Bomb","floor":3.0},{"not_picked":["Guardian:ChargeCore","Guardian:RollAttack"],"picked":"Bomb","floor":5.0},{"not_picked":["Guardian:FloatingOrbs","Guardian:Incinerate"],"picked":"Guardian:Gem_Yellow","floor":8.0},{"not_picked":["Guardian:Incinerate","Bomb"],"picked":"Guardian:FloatingOrbs","floor":10.0},{"not_picked":["Guardian:ShieldCharger","Guardian:PrimingBeam","Guardian:Preprogram"],"picked":"SKIP","floor":11.0},{"not_picked":["Guardian:Planning","Guardian:DecasProtection"],"picked":"Guardian:Clone","floor":12.0},{"not_picked":["Guardian:PolyBeam","Guardian:EvasiveProtocol"],"picked":"Guardian:ConstructionForm","floor":13.0},{"not_picked":["Guardian:ShieldCharger","Guardian:Recover"],"picked":"Guardian:Gem_Fragmented","floor":15.0},{"not_picked":["Guardian:StasisField","Guardian:StasisStrike"],"picked":"Guardian:Gem_Orange","floor":16.0},{"not_picked":["Guardian:Harden","Guardian:WalkerClaw"],"picked":"Guardian:Incinerate","floor":19.0},{"not_picked":["Guardian:PrimingBeam+1","Guardian:Orbwalk"],"picked":"Guardian:EvasiveProtocol+1","floor":20.0},{"not_picked":["Guardian:WalkerClaw+1","Guardian:VentSteam"],"picked":"Guardian:Recover+1","floor":21.0},{"not_picked":["Guardian:DecasProtection","Guardian:ShieldCharger"],"picked":"Guardian:FastForward","floor":22.0},{"not_picked":["Guardian:RollAttack+1","Guardian:PiercingHide+1"],"picked":"Guardian:PrismaticBeam","floor":26.0},{"not_picked":["Guardian:PiercingHide","Guardian:Preprogram","Guardian:ShieldCharger"],"picked":"SKIP","floor":27.0},{"not_picked":["Guardian:Repulse","Guardian:TimeCapacitor"],"picked":"Guardian:VentSteam","floor":30.0},{"not_picked":["Guardian:ChargeCore+1","Guardian:Clone","Guardian:PrimingBeam+1"],"picked":"SKIP","floor":32.0},{"not_picked":["Guardian:HyperBeam_Guardian","Guardian:BaubleBeam"],"picked":"Guardian:Gem_Orange","floor":33.0},{"not_picked":["Guardian:Incinerate+1","Guardian:SentryBeam","Guardian:Gem_Crimson","Guardian:Reroute+1"],"picked":"SKIP","floor":36},{"not_picked":["Guardian:WalkerClaw+1","Guardian:DonusPower"],"picked":"Guardian:Gem_Blue","floor":37},{"not_picked":["Guardian:Reroute+1","Guardian:TemporalStrike+1","Guardian:Planning","Guardian:ShieldCharger"],"picked":"SKIP","floor":39},{"not_picked":["Guardian:BronzeArmor","Guardian:Gem_Red","Guardian:Incinerate"],"picked":"SKIP","floor":42},{"not_picked":["Guardian:Gem_White","Guardian:RefractedBeam+1"],"picked":"Guardian:TimeSifter","floor":44},{"not_picked":["Guardian:TemporalStrike+1","Guardian:Gem_Green","Guardian:ShieldCharger+1"],"picked":"SKIP","floor":45},{"not_picked":["Guardian:TemporalShield+1","Guardian:PiercingHide","Guardian:RollAttack"],"picked":"SKIP","floor":46},{"not_picked":["Guardian:Suspension+1","Guardian:BronzeOrb+1"],"picked":"Guardian:Clone+1","floor":47},{"not_picked":["Guardian:Gem_Green","Guardian:Reroute+1","Guardian:Gem_Red"],"picked":"SKIP","floor":49}],"player_experience":440632,"relics_obtained":[{"floor":7.0,"key":"Lantern"},{"floor":8.0,"key":"YumHeart"},{"floor":10.0,"key":"Dota2Spire:MaskOfMadness"},{"floor":24.0,"key":"aspiration:FrozenJewel"},{"floor":30.0,"key":"Mercury Hourglass"},{"floor":38,"key":"BookOfRevelations"},{"floor":42,"key":"Pandora\u0027s Box"},{"floor":44,"key":"PokeGo"},{"floor":48,"key":"Tiny House"}],"event_choices":[],"is_beta":false,"boss_relics":[{"not_picked":["Runic Pyramid","Snecko Eye"],"picked":"Dota2Spire:EyeOfSkadi"},{"not_picked":[]},{"not_picked":["REME_ArchaeologicalTools","Toxic Egg 2"],"picked":"EdensBlessing"},{"not_picked":[]}],"items_purged_floors":[5,9,17,35,37,41],"is_endless":false,"potions_floor_spawned":[3,12,15,21,26,30,39,40,44,46,47],"ascension_level":0}}