{"host":"snjtcuf7krqplf70","time":1611959188,"event":{"mods":["AchievementEnabler","BaseMod","Colored Map","Colored Powertips","Minty Spire (QoL Compilation)","StSLib"],"gold_per_floor":[114,130,149,74,87,87,122,140,140,140,40,40,40,59,59,154,154,170,269,287,287,15,46,46,46,46],"floor_reached":25,"language":"ENG","playtime":979,"items_purged":["Strike_P","Strike_P","Defend_P"],"score":232,"play_id":"60207e8d-fc4b-47ad-8c95-b2dd9996f43c","local_time":"20210129142628","is_ascension_mode":true,"campfire_choices":[{"data":"ConjureBlade","floor":6,"key":"SMITH"},{"data":"Eruption","floor":12,"key":"SMITH"},{"data":"LikeWater","floor":15,"key":"SMITH"},{"data":"Evaluate","floor":24,"key":"SMITH"}],"circlet_count":0,"master_deck":["Strike_P+1","Defend_P","Defend_P","Defend_P","Eruption+1","Vigilance+1","EmptyFist","FollowUp","ConjureBlade+1","EmptyFist+1","Sanctity","SignatureMove","LikeWater+1","Blasphemy","ConjureBlade+1","Evaluate+1"],"relics":["PureWater","Whetstone","TeardropLocket","GremlinMask","Empty Cage","Pantograph","DollysMirror","Bottled Flame"],"acts_visited":["Exordium","TheCity"],"potions_floor_usage":[8,16,16,20,20],"damage_taken":[{"damage":0,"enemies":"Cultist","floor":1,"turns":2},{"damage":0,"enemies":"2 Louse","floor":2,"turns":3},{"damage":10,"enemies":"Small Slimes","floor":3,"turns":2},{"damage":9,"enemies":"2 Fungi Beasts","floor":5,"turns":4},{"damage":28,"enemies":"3 Sentries","floor":7,"turns":9},{"damage":0,"enemies":"3 Louse","floor":8,"turns":6},{"damage":11,"enemies":"Large Slime","floor":14,"turns":3},{"damage":30,"enemies":"The Guardian","floor":16,"turns":6},{"damage":19,"enemies":"2 Thieves","floor":18,"turns":4},{"damage":5,"enemies":"Chosen","floor":20,"turns":3},{"damage":21,"enemies":"Book of Stabbing","floor":23,"turns":2},{"damage":27,"enemies":"Slavers","floor":25,"turns":2}],"seed_played":"8341402423876659707","potions_obtained":[{"floor":3,"key":"Strength Potion"},{"floor":7,"key":"Regen Potion"},{"floor":8,"key":"FearPotion"},{"floor":14,"key":"Weak Potion"},{"floor":16,"key":"Strength Potion"}],"is_trial":false,"path_per_floor":["M","M","M","$","M","R","E","M","T","?","$","R","?","M","R","B",null,"M","?","M","?","$","E","R","E"],"character_chosen":"WATCHER","items_purchased":["DollysMirror"],"campfire_rested":0,"item_purchase_floors":[22],"current_hp_per_floor":[72,72,62,62,53,53,25,39,39,39,39,39,57,46,46,16,69,50,50,45,45,45,24,24,0,0],"gold":46,"neow_bonus":"UPGRADE_CARD","is_daily":false,"chose_seed":false,"campfire_upgraded":4,"win_rate":0.0,"timestamp":1611959188,"path_taken":["M","?","M","$","M","R","E","M","T","?","?","R","?","M","R","BOSS","M","?","M","?","$","E","R","E"],"items_purchased_type":["Relic"],"build_version":"2020-12-22","purchased_purges":3,"victory":false,"max_hp_per_floor":[72,72,72,72,72,72,72,72,72,72,72,72,72,72,72,72,69,69,69,69,69,69,69,69,69,69],"card_choices":[{"not_picked":["ForeignInfluence","Halt"],"picked":"EmptyFist","floor":1},{"not_picked":["Crescendo","Halt"],"picked":"FollowUp","floor":2},{"not_picked":["CrushJoints","FlyingSleeves"],"picked":"ConjureBlade","floor":3},{"not_picked":["CutThroughFate","ClearTheMind"],"picked":"EmptyFist","floor":5},{"not_picked":["Wallop","SandsOfTime"],"picked":"Sanctity","floor":7},{"not_picked":["ReachHeaven","WaveOfTheHand"],"picked":"SignatureMove","floor":8},{"not_picked":["SpiritShield","JustLucky"],"picked":"LikeWater","floor":14},{"not_picked":["Omniscience","LessonLearned"],"picked":"Blasphemy","floor":16},{"not_picked":["EmptyFist","Wireheading","Weave"],"picked":"SKIP","floor":18},{"not_picked":["EmptyBody","Prostrate","SashWhip+1"],"picked":"SKIP","floor":20},{"not_picked":["WindmillStrike","EmptyBody+1"],"picked":"Evaluate","floor":23}],"player_experience":150448,"relics_obtained":[{"floor":7,"key":"Whetstone"},{"floor":9,"key":"TeardropLocket"},{"floor":23,"key":"Bottled Flame"}],"event_choices":[{"damage_healed":0,"gold_gain":0,"player_choice":"Trade","damage_taken":0,"relics_obtained":["GremlinMask"],"max_hp_gain":0,"max_hp_loss":0,"event_name":"FaceTrader","floor":10,"gold_loss":0},{"damage_healed":18,"gold_gain":0,"player_choice":"Healed and dodged fight","damage_taken":0,"max_hp_gain":0,"max_hp_loss":0,"event_name":"Mushrooms","floor":13,"gold_loss":0,"cards_obtained":["Parasite"]},{"damage_healed":0,"gold_gain":99,"player_choice":"Stole From Cult","damage_taken":0,"max_hp_gain":0,"max_hp_loss":0,"event_name":"Nest","floor":19,"gold_loss":0},{"damage_healed":0,"gold_gain":0,"player_choice":"Opened","damage_taken":0,"relics_obtained":["Pantograph"],"max_hp_gain":0,"max_hp_loss":0,"event_name":"The Mausoleum","floor":21,"gold_loss":0}],"is_beta":false,"boss_relics":[{"not_picked":["Fusion Hammer","Philosopher\u0027s Stone"],"picked":"Empty Cage"}],"items_purged_floors":[4,11,22],"is_endless":false,"potions_floor_spawned":[3,7,8,14,16],"killed_by":"Slavers","ascension_level":1}}