{"host":"toh0bbw446wnuexf","time":1611898163,"event":{"mods":["BaseMod","Downfall","Hermit","Minty Spire (QoL Compilation)","Random Character Button","StSLib"],"gold_per_floor":[99,99,99,99,99,133,179,195,210,210,222,222,132,151,162,258,258,258,268,287,172,191,207,253,253,267,283,283,301,320,333,349,349,349,349],"floor_reached":33,"language":"ENG","playtime":2862,"items_purged":["bronze:Goto","bronze:Strike"],"score":268,"play_id":"dfa6d662-f6e6-435b-9f5e-575ebae34282","local_time":"20210129182923","is_ascension_mode":true,"campfire_choices":[{"data":"bronze:Replicate","floor":1,"key":"SMITH"},{"data":"bronze:DelayedGuard","floor":10,"key":"SMITH"},{"data":"bronze:ForLoop","floor":12,"key":"SMITH"},{"data":"bronze:Format","floor":18,"key":"SMITH"},{"floor":25,"key":"REST"},{"floor":28,"key":"REST"}],"circlet_count":0,"master_deck":["bronze:Strike","bronze:Strike","bronze:Strike","bronze:Defend","bronze:Defend","bronze:Defend","bronze:Defend","bronze:Replicate+1","bronze:ForLoop+1","bronze:DelayedGuard+1","bronze:BronzeArmor","bronze:Format+1"],"relics":["bronze:BronzeCore","downfall:HeartsMalice","Pear","Pen Nib","SlaversCollar","Centennial Puzzle"],"acts_visited":["Exordium","TheCity"],"potions_floor_usage":[23,30,33],"damage_taken":[{"damage":0,"enemies":"Jaw Worm","floor":2,"turns":1},{"damage":0,"enemies":"2 Louse","floor":3,"turns":1},{"damage":0,"enemies":"Small Slimes","floor":4,"turns":1},{"damage":18,"enemies":"Lagavulin","floor":6,"turns":6},{"damage":6,"enemies":"2 Fungi Beasts","floor":8,"turns":5},{"damage":11,"enemies":"Gremlin Gang","floor":9,"turns":5},{"damage":2,"enemies":"Exordium Wildlife","floor":11,"turns":5},{"damage":0,"enemies":"downfall:FleeingMerchant","floor":13,"turns":4},{"damage":3,"enemies":"Large Slime","floor":14,"turns":6},{"damage":14,"enemies":"Exordium Thugs","floor":15,"turns":4},{"damage":18,"enemies":"WA_ARCHETYPE_RETAIN","floor":16,"turns":10},{"damage":23,"enemies":"Shell Parasite","floor":19,"turns":7},{"damage":5,"enemies":"Spheric Guardian","floor":20,"turns":5},{"damage":5,"enemies":"downfall:FleeingMerchant","floor":21,"turns":4},{"damage":7,"enemies":"Snake Plant","floor":22,"turns":5},{"damage":0,"enemies":"Snecko","floor":23,"turns":5},{"damage":5,"enemies":"Centurion and Healer","floor":26,"turns":6},{"damage":7,"enemies":"Snake Plant","floor":27,"turns":5},{"damage":8,"enemies":"Shelled Parasite and Fungi","floor":29,"turns":6},{"damage":1,"enemies":"3 Cultists","floor":30,"turns":5},{"damage":21,"enemies":"Snake Plant","floor":31,"turns":5},{"damage":10,"enemies":"Snecko","floor":32,"turns":7},{"damage":37,"enemies":"DF_ARCHETYPE_CLAW","floor":33,"turns":8}],"seed_played":"-8498577401226073091","potions_obtained":[{"floor":8,"key":"Guardian:BlockOnCardUsePotion"},{"floor":11,"key":"bronze:FreeFunctionsPotion"},{"floor":15,"key":"FearPotion"},{"floor":16,"key":"Explosive Potion"},{"floor":23,"key":"EntropicBrew"},{"floor":27,"key":"DuplicationPotion"},{"floor":32,"key":"DistilledChaos"}],"is_trial":false,"path_per_floor":["R","M","M","M","?","E","T","M","M","R","M","R","$","M","M","B",null,"R","M","M","$","M","M","T","R","M","M","R","M","M","M","M","B"],"character_chosen":"THE_AUTOMATON","items_purchased":[],"campfire_rested":2,"item_purchase_floors":[],"current_hp_per_floor":[70,70,70,70,70,62,62,56,45,45,43,43,43,40,26,8,80,80,57,52,47,40,40,40,64,59,52,76,68,67,46,36,0,0,0],"gold":349,"neow_bonus":"THREE_ENEMY_KILL","is_daily":false,"chose_seed":false,"campfire_upgraded":4,"win_rate":0.0,"timestamp":1611898163,"path_taken":["R","M","M","M","?","E","T","M","M","R","M","R","$","M","M","BOSS","R","M","M","$","M","M","T","R","M","M","R","M","M","M","M","BOSS"],"items_purchased_type":[],"build_version":"2020-12-22","purchased_purges":2,"victory":false,"max_hp_per_floor":[70,70,70,70,70,80,80,80,80,80,80,80,80,80,80,80,80,80,80,80,80,80,80,80,80,80,80,80,80,80,80,80,80,80,80],"card_choices":[{"not_picked":["bronze:MaxOutput","bronze:BuggyMess"],"picked":"bronze:ForLoop","floor":2},{"not_picked":["bronze:WildBeam","bronze:Repulsor"],"picked":"bronze:DelayedGuard","floor":3},{"not_picked":["bronze:Optimize","bronze:Iterate","bronze:Turbo"],"picked":"SKIP","floor":4},{"not_picked":["bronze:Return","bronze:FollowUp","bronze:FineTuning"],"picked":"SKIP","floor":6},{"not_picked":["bronze:Deprecate","bronze:Optimize"],"picked":"bronze:BronzeArmor","floor":8},{"not_picked":["bronze:Separator","bronze:CutThrough","bronze:Repulsor"],"picked":"SKIP","floor":9},{"not_picked":["bronze:BugBarrage","bronze:Safeguard","bronze:Deprecate"],"picked":"SKIP","floor":11},{"not_picked":["bronze:Deprecate","bronze:ShipIt","bronze:Separator"],"picked":"SKIP","floor":13},{"not_picked":["bronze:DigitalCarnage","bronze:FollowUp","bronze:WildBeam"],"picked":"SKIP","floor":14},{"not_picked":["bronze:DelayedGuard","bronze:Turbo","bronze:BugBarrage"],"picked":"SKIP","floor":15},{"not_picked":["bronze:Assembly","bronze:SpaghettiCode"],"picked":"bronze:Format","floor":16},{"not_picked":["bronze:ItsAFeature+1","bronze:Backtrace","bronze:Flail"],"picked":"SKIP","floor":19},{"not_picked":["bronze:WhirlingStrike","bronze:Boost+1","bronze:Fortify"],"picked":"SKIP","floor":20},{"not_picked":["bronze:Philosophize","bronze:Deprecate","bronze:OilSpill"],"picked":"SKIP","floor":21},{"not_picked":["bronze:Constructor","bronze:Separator","bronze:Terminator"],"picked":"SKIP","floor":22},{"not_picked":["bronze:Shield","bronze:Frontload+1","bronze:Verify"],"picked":"SKIP","floor":23},{"not_picked":["bronze:Overheat+1","bronze:Turbo","bronze:Shield+1"],"picked":"SKIP","floor":26},{"not_picked":["bronze:OilSpill","bronze:Turbo","bronze:FineTuning"],"picked":"SKIP","floor":27},{"not_picked":["bronze:Separator","bronze:Branch","bronze:CloningBeam+1"],"picked":"SKIP","floor":29},{"not_picked":["bronze:CutThrough+1","bronze:Assembly","bronze:Shield"],"picked":"SKIP","floor":30},{"not_picked":["bronze:DelayedSlice","bronze:Flail","bronze:BuggyMess"],"picked":"SKIP","floor":31},{"not_picked":["bronze:DelayedSlice+1","bronze:FineTuning","bronze:Frontload"],"picked":"SKIP","floor":32}],"player_experience":621644,"relics_obtained":[{"floor":6,"key":"Pear"},{"floor":7,"key":"Pen Nib"},{"floor":24,"key":"Centennial Puzzle"}],"event_choices":[],"is_beta":false,"boss_relics":[{"not_picked":["Black Star","Tiny House"],"picked":"SlaversCollar"}],"items_purged_floors":[13,21],"is_endless":false,"potions_floor_spawned":[8,11,15,16,22,23,27,32],"killed_by":"DF_ARCHETYPE_CLAW","ascension_level":1}}