{"host":"phniwng9zo19jwdb","time":1611882697,"event":{"mods":["AchievementEnabler","BaseMod","Colored Powertips","Dark Map","Faster Ascension Climbing","GifTheSpireLib","Minty Spire (QoL Compilation)","Permanent Neow","Rare Cards Sparkle","StSLib"],"gold_per_floor":[111,124,135,147,147,172,187,215,215,229,559,578,595,622,622,622,622],"floor_reached":16,"language":"ENG","playtime":903,"items_purged":[],"score":295,"play_id":"f0fe19f2-c003-4b96-986b-cf7277638abe","local_time":"20210129021137","is_ascension_mode":true,"campfire_choices":[{"data":"Armaments","floor":15,"key":"SMITH"}],"circlet_count":0,"master_deck":["AscendersBane","Strike_R","Strike_R","Strike_R","Strike_R","Defend_R","Defend_R","Defend_R","Defend_R","Bash","Feed","Searing Blow","Armaments+1","Rampage","True Grit","True Grit","Bludgeon+1","Havoc+1","Armaments+1","Flame Barrier+1","Feed+1","Pommel Strike+1"],"relics":["Burning Blood","Molten Egg 2","Toxic Egg 2","Mango","Old Coin","WingedGreaves"],"acts_visited":["Exordium"],"potions_floor_usage":[11,12,14,16],"damage_taken":[{"damage":9.0,"enemies":"2 Louse","floor":1.0,"turns":3.0},{"damage":10.0,"enemies":"Small Slimes","floor":2.0,"turns":5.0},{"damage":13.0,"enemies":"Jaw Worm","floor":3.0,"turns":5.0},{"damage":5.0,"enemies":"2 Fungi Beasts","floor":4.0,"turns":4.0},{"damage":26.0,"enemies":"Lagavulin","floor":6.0,"turns":8.0},{"damage":2,"enemies":"3 Louse","floor":7,"turns":5},{"damage":28,"enemies":"3 Sentries","floor":8,"turns":12},{"damage":8,"enemies":"Blue Slaver","floor":10,"turns":8},{"damage":20,"enemies":"Gremlin Nob","floor":11,"turns":4},{"damage":5,"enemies":"Exordium Thugs","floor":12,"turns":3},{"damage":0,"enemies":"3 Louse","floor":13,"turns":5},{"damage":13,"enemies":"Lagavulin","floor":14,"turns":5},{"damage":44,"enemies":"The Guardian","floor":16,"turns":12}],"seed_played":"7882584515922985848","potions_obtained":[{"floor":1.0,"key":"DuplicationPotion"},{"floor":10,"key":"SneckoOil"},{"floor":11,"key":"Block Potion"},{"floor":12,"key":"Strength Potion"},{"floor":13,"key":"Explosive Potion"}],"is_trial":false,"path_per_floor":["M","M","M","M","?","E","M","E","T","M","E","M","M","E","R","B"],"character_chosen":"IRONCLAD","items_purchased":[],"campfire_rested":0,"item_purchase_floors":[],"current_hp_per_floor":[68,67,64,69,62,42,50,31,45,47,36,40,50,43,43,0,0],"gold":622,"neow_bonus":"THREE_RARE_CARDS","is_daily":false,"chose_seed":false,"campfire_upgraded":1,"win_rate":0.0,"timestamp":1611882697,"path_taken":["M","M","M","M","?","E","M","E","T","M","E","M","M","E","R","BOSS"],"items_purchased_type":[],"build_version":"2020-12-22","purchased_purges":0,"victory":false,"max_hp_per_floor":[71,74,78,82,82,82,86,89,103,107,110,113,117,117,117,117,117],"card_choices":[{"not_picked":["Juggernaut","Limit Break"],"picked":"Feed","floor":0.0},{"not_picked":["Sever Soul","Pommel Strike"],"picked":"Searing Blow","floor":1.0},{"not_picked":["Heavy Blade","Wild Strike"],"picked":"Armaments","floor":2.0},{"not_picked":["Thunderclap","Bloodletting"],"picked":"Rampage","floor":3.0},{"not_picked":["Rage","Sever Soul","Entrench"],"picked":"SKIP","floor":4.0},{"not_picked":["Infernal Blade","Brutality"],"picked":"True Grit","floor":6.0},{"not_picked":["Clash+1","Headbutt+1"],"picked":"True Grit","floor":7},{"not_picked":["Thunderclap+1","Iron Wave+1"],"picked":"Bludgeon+1","floor":8},{"not_picked":["True Grit+1","Pommel Strike+1"],"picked":"Havoc+1","floor":10},{"not_picked":["Ghostly Armor+1","Seeing Red+1"],"picked":"Armaments+1","floor":11},{"not_picked":["Headbutt+1","Flex+1"],"picked":"Flame Barrier+1","floor":12},{"not_picked":["Feel No Pain","Rage+1"],"picked":"Feed+1","floor":13},{"not_picked":["Headbutt+1","Cleave+1"],"picked":"Pommel Strike+1","floor":14}],"player_experience":71875,"relics_obtained":[{"floor":6.0,"key":"Molten Egg 2"},{"floor":8,"key":"Toxic Egg 2"},{"floor":9,"key":"Mango"},{"floor":11,"key":"Old Coin"},{"floor":14,"key":"WingedGreaves"}],"event_choices":[{"cards_removed":["Strike_R"],"damage_healed":0.0,"max_hp_gain":0.0,"max_hp_loss":0.0,"gold_gain":0.0,"event_name":"Golden Wing","player_choice":"Card Removal","floor":5.0,"gold_loss":0.0,"damage_taken":7.0}],"is_beta":false,"boss_relics":[],"items_purged_floors":[],"is_endless":false,"potions_floor_spawned":[1,10,11,12,13],"killed_by":"The Guardian","ascension_level":16}}