{"host":"zsnmfqgcm92hlreo","time":1611897689,"event":{"mods":["AchievementEnabler","BaseMod","Bestiary","Block Reminder","Colored Powertips","Minty Spire (QoL Compilation)","Permanent Neow","Quick Restart","Relic Stats","Weighted Paths"],"gold_per_floor":[117,127,144,144,164,164,189,189,189,27,57,75,75,150,150,221,221,239,82,98,118,136,164,164,195,195,215,245,245,275,307,307,385,385,402,402,427,443,457,483,483,514,514,533,559,559,587,109,109,109,109,109,109,9,34,34],"floor_reached":57,"language":"ENG","playtime":3955,"items_purged":["Injury"],"score":3316,"play_id":"b1d469ce-4478-4326-ac18-76a8f44199b7","local_time":"20210128232129","is_ascension_mode":true,"campfire_choices":[{"data":"Static Discharge","floor":6.0,"key":"SMITH"},{"floor":8.0,"key":"REST"},{"floor":13.0,"key":"REST"},{"data":"Hello World","floor":15.0,"key":"SMITH"},{"floor":24.0,"key":"REST"},{"floor":32.0,"key":"REST"},{"data":"Loop","floor":41.0,"key":"SMITH"},{"floor":49.0,"key":"RECALL"},{"data":"Biased Cognition","floor":53.0,"key":"SMITH"}],"circlet_count":0,"master_deck":["AscendersBane","Zap","Dualcast","Static Discharge+1","Hello World+1","Undo","Loop+1","Aggregate","Biased Cognition+1","Doom and Gloom","Meteor Strike","Buffer","Multi-Cast","Seek","Biased Cognition","Amplify","Compile Driver","Multi-Cast","Cold Snap","Sunder","Cold Snap","Chill","Doom and Gloom","Coolheaded","Ghostly","Ghostly","Ghostly","Aggregate+1","Defragment","Echo Form","Darkness","Glacier+1","Hologram+1","Defragment","Biased Cognition","Ghostly","Skim","Defragment","Stack"],"relics":["Snecko Eye","Art of War","Ancient Tea Set","Regal Pillow","Meat on the Bone","Pandora\u0027s Box","OrangePellets","PreservedInsect","Bronze Scales","Shuriken","Symbiotic Virus","Pen Nib","Red Mask","Cursed Key","Pocketwatch","Mercury Hourglass","Oddly Smooth Stone","Juzu Bracelet","Dead Branch","DollysMirror","Orichalcum","Sundial"],"acts_visited":["Exordium","TheCity","TheBeyond","TheEnding"],"potions_floor_usage":[56,56],"damage_taken":[{"damage":20.0,"enemies":"Small Slimes","floor":1.0,"turns":6.0},{"damage":9.0,"enemies":"Jaw Worm","floor":2.0,"turns":5.0},{"damage":3.0,"enemies":"2 Louse","floor":3.0,"turns":3.0},{"damage":6.0,"enemies":"Looter","floor":5.0,"turns":3.0},{"damage":25.0,"enemies":"3 Sentries","floor":7.0,"turns":7.0},{"damage":17.0,"enemies":"Lagavulin","floor":11.0,"turns":6.0},{"damage":20.0,"enemies":"3 Louse","floor":12.0,"turns":4.0},{"damage":38.0,"enemies":"Slime Boss","floor":16.0,"turns":6.0},{"damage":6.0,"enemies":"3 Byrds","floor":18.0,"turns":1.0},{"damage":15.0,"enemies":"Shell Parasite","floor":20.0,"turns":4.0},{"damage":16.0,"enemies":"Snake Plant","floor":21.0,"turns":2.0},{"damage":18.0,"enemies":"3 Cultists","floor":22.0,"turns":4.0},{"damage":18.0,"enemies":"Gremlin Leader","floor":23.0,"turns":4.0},{"damage":9.0,"enemies":"Slavers","floor":25.0,"turns":3.0},{"damage":0.0,"enemies":"Centurion and Healer","floor":27.0,"turns":4.0},{"damage":1.0,"enemies":"Gremlin Leader","floor":28.0,"turns":4.0},{"damage":13.0,"enemies":"Book of Stabbing","floor":30.0,"turns":2.0},{"damage":0.0,"enemies":"Masked Bandits","floor":31.0,"turns":3.0},{"damage":0.0,"enemies":"Automaton","floor":33.0,"turns":7.0},{"damage":6.0,"enemies":"Orb Walker","floor":35.0,"turns":3.0},{"damage":0.0,"enemies":"Mind Bloom Boss Battle","floor":37.0,"turns":5.0},{"damage":0.0,"enemies":"3 Shapes","floor":38.0,"turns":4.0},{"damage":1.0,"enemies":"Sphere and 2 Shapes","floor":39.0,"turns":3.0},{"damage":0.0,"enemies":"Nemesis","floor":40.0,"turns":5.0},{"damage":0.0,"enemies":"Reptomancer","floor":42.0,"turns":6.0},{"damage":2.0,"enemies":"4 Shapes","floor":44.0,"turns":4.0},{"damage":0.0,"enemies":"Giant Head","floor":45.0,"turns":7.0},{"damage":1.0,"enemies":"Nemesis","floor":47.0,"turns":5.0},{"damage":0.0,"enemies":"Donu and Deca","floor":50.0,"turns":5.0},{"damage":12.0,"enemies":"Time Eater","floor":51.0,"turns":8.0},{"damage":0.0,"enemies":"Shield and Spear","floor":55.0,"turns":6.0},{"damage":19,"enemies":"The Heart","floor":56,"turns":10}],"seed_played":"1949172426903814613","potions_obtained":[{"floor":1.0,"key":"BlessingOfTheForge"},{"floor":2.0,"key":"CultistPotion"},{"floor":18.0,"key":"PotionOfCapacity"},{"floor":21.0,"key":"AttackPotion"},{"floor":23.0,"key":"SkillPotion"},{"floor":38.0,"key":"Energy Potion"},{"floor":39.0,"key":"EssenceOfSteel"},{"floor":42.0,"key":"Weak Potion"},{"floor":45.0,"key":"PowerPotion"},{"floor":55.0,"key":"DistilledChaos"}],"is_trial":false,"path_per_floor":["M","M","M","?","M","R","E","R","T","$","E","M","R","?","R","B",null,"M","$","M","M","M","E","R","E","T","M","E","?","E","?","R","B",null,"M","?","?","M","M","E","R","E","T","M","E","?","E","$","R","B","B",null,"R","$","E","B",null],"character_chosen":"DEFECT","items_purchased":["Regal Pillow","OrangePellets","DollysMirror","Skim","Orichalcum","PowerPotion","Defragment"],"campfire_rested":4,"item_purchase_floors":[10,19,48,48,48,54,54],"current_hp_per_floor":[44,35,32,55,49,49,24,45,45,45,28,20,56,45,45,19,58,52,52,37,33,27,21,57,48,48,48,47,35,22,22,35,35,35,29,29,29,29,28,28,28,28,28,26,26,26,25,25,25,25,25,33,33,33,33,26],"gold":34,"neow_bonus":"BOSS_RELIC","is_daily":false,"chose_seed":false,"campfire_upgraded":4,"win_rate":0.0,"timestamp":1611897689,"path_taken":["M","M","M","?","M","R","E","R","T","?","E","M","R","?","R","BOSS","M","$","M","M","M","E","R","E","T","M","E","?","E","?","R","BOSS","M","?","?","M","M","E","R","E","T","M","E","?","E","$","R","BOSS","BOSS","R","$","E","BOSS"],"items_purchased_type":["Relic","Relic","Relic","Card","Relic","Potion","Card"],"build_version":"2020-12-22","purchased_purges":1,"victory":true,"max_hp_per_floor":[71,71,71,71,71,71,71,71,71,71,71,71,71,71,71,71,71,71,71,71,71,71,71,71,71,71,71,71,35,35,35,35,35,35,35,35,35,35,35,35,35,35,35,35,35,35,35,35,35,35,35,35,35,35,35,35],"relic_stats":{"Regal Pillow":33,"counters":[32,148],"Dead Branch":[34],"PreservedInsect":500,"Pen Nib":[9],"Juzu Bracelet":0,"Orichalcum":[54],"Cursed Key":1,"Mercury Hourglass":[191],"OrangePellets":[65],"Shuriken":[12],"Sundial":[0],"Bronze Scales":[348],"Snecko Eye":[124,102,117,108],"Pandora\u0027s Box":["Buffer","Multi-Cast","Seek","Biased Cognition","Amplify","Compile Driver","Multi-Cast","Cold Snap"],"Art of War":[26],"obtain_stats":[{"Regal Pillow":10,"Dead Branch":47,"Oddly Smooth Stone":42,"PreservedInsect":23,"Pen Nib":30,"Juzu Bracelet":45,"Orichalcum":48,"Ancient Tea Set":9,"Cursed Key":34,"Mercury Hourglass":40,"OrangePellets":19,"Shuriken":26,"DollysMirror":48,"Sundial":55,"Bronze Scales":25,"Snecko Eye":0,"Pandora\u0027s Box":17,"Art of War":7,"Red Mask":31,"Cracked Core":0,"Symbiotic Virus":28,"Meat on the Bone":11,"Pocketwatch":37},{"Regal Pillow":5,"Dead Branch":28,"Oddly Smooth Stone":25,"PreservedInsect":13,"Pen Nib":17,"Juzu Bracelet":27,"Orichalcum":28,"Ancient Tea Set":5,"Cursed Key":19,"Mercury Hourglass":24,"OrangePellets":9,"Shuriken":14,"DollysMirror":28,"Sundial":31,"Bronze Scales":14,"Snecko Eye":0,"Pandora\u0027s Box":8,"Art of War":5,"Red Mask":18,"Cracked Core":0,"Symbiotic Virus":16,"Meat on the Bone":6,"Pocketwatch":21},{"Regal Pillow":23,"Dead Branch":119,"Oddly Smooth Stone":103,"PreservedInsect":54,"Pen Nib":67,"Juzu Bracelet":114,"Orichalcum":119,"Ancient Tea Set":23,"Cursed Key":77,"Mercury Hourglass":97,"OrangePellets":40,"Shuriken":57,"DollysMirror":119,"Sundial":138,"Bronze Scales":57,"Snecko Eye":0,"Pandora\u0027s Box":39,"Art of War":23,"Red Mask":70,"Cracked Core":0,"Symbiotic Virus":65,"Meat on the Bone":29,"Pocketwatch":85}],"Meat on the Bone":84,"Pocketwatch":[27]},"card_choices":[{"not_picked":["Streamline","Rebound"],"picked":"Static Discharge","floor":1.0},{"not_picked":["Blizzard","Cold Snap"],"picked":"Hello World","floor":2.0},{"not_picked":["Stack","Sweeping Beam"],"picked":"Undo","floor":3.0},{"not_picked":["Barrage","Steam"],"picked":"Loop","floor":5.0},{"not_picked":["Skim","Hologram"],"picked":"Aggregate","floor":7.0},{"not_picked":["Go for the Eyes","Hello World"],"picked":"Biased Cognition","floor":11.0},{"not_picked":["Reprogram","Stack"],"picked":"Doom and Gloom","floor":12.0},{"not_picked":["Multi-Cast","Reboot"],"picked":"Meteor Strike","floor":16.0},{"not_picked":["Tempest","Barrage"],"picked":"Static Discharge","floor":18.0},{"not_picked":["Sweeping Beam","Compile Driver","Steam"],"picked":"SKIP","floor":20.0},{"not_picked":["Streamline+1","Beam Cell","Hologram"],"picked":"SKIP","floor":21.0},{"not_picked":["Chill","Fusion"],"picked":"Sunder","floor":22.0},{"not_picked":["Ball Lightning","Go for the Eyes"],"picked":"Cold Snap","floor":23.0},{"not_picked":["Machine Learning","Coolheaded"],"picked":"Chill","floor":25.0},{"not_picked":["Hologram","Steam"],"picked":"Doom and Gloom","floor":27.0},{"not_picked":["Hologram","Doom and Gloom"],"picked":"Coolheaded","floor":28.0},{"not_picked":["Consume","Conserve Battery"],"picked":"Aggregate+1","floor":30.0},{"not_picked":["Stack","Auto Shields"],"picked":"Defragment","floor":31.0},{"not_picked":["Meteor Strike","Fission"],"picked":"Echo Form","floor":33.0},{"not_picked":["Stack","Blizzard"],"picked":"Darkness","floor":35.0},{"not_picked":["Loop+1","Recycle"],"picked":"Glacier+1","floor":38.0},{"not_picked":["Compile Driver+1","Redo","Stack+1"],"picked":"SKIP","floor":39.0},{"not_picked":["Recycle","Gash+1","Thunder Strike"],"picked":"SKIP","floor":40.0},{"not_picked":["Go for the Eyes","Force Field","Scrape"],"picked":"SKIP","floor":42.0},{"not_picked":["Fusion","Darkness"],"picked":"Hologram+1","floor":44.0},{"not_picked":["Go for the Eyes","Gash"],"picked":"Defragment","floor":45.0},{"not_picked":["FTL","Redo"],"picked":"Biased Cognition","floor":47.0},{"not_picked":["Doom and Gloom","Compile Driver+1"],"picked":"Stack","floor":55.0}],"player_experience":925152,"relics_obtained":[{"floor":7.0,"key":"Art of War"},{"floor":9.0,"key":"Ancient Tea Set"},{"floor":11.0,"key":"Meat on the Bone"},{"floor":23.0,"key":"PreservedInsect"},{"floor":25.0,"key":"Bronze Scales"},{"floor":26.0,"key":"Shuriken"},{"floor":28.0,"key":"Symbiotic Virus"},{"floor":30.0,"key":"Pen Nib"},{"floor":31.0,"key":"Red Mask"},{"floor":37.0,"key":"Pocketwatch"},{"floor":40.0,"key":"Mercury Hourglass"},{"floor":42.0,"key":"Oddly Smooth Stone"},{"floor":45.0,"key":"Juzu Bracelet"},{"floor":47.0,"key":"Dead Branch"},{"floor":55.0,"key":"Sundial"}],"event_choices":[{"damage_healed":23.0,"max_hp_gain":0.0,"max_hp_loss":0.0,"gold_gain":0.0,"event_name":"Big Fish","player_choice":"Banana","floor":4.0,"gold_loss":0.0,"damage_taken":0.0},{"damage_healed":0.0,"max_hp_gain":0.0,"max_hp_loss":0.0,"gold_gain":75.0,"event_name":"World of Goop","player_choice":"Gather Gold","floor":14.0,"gold_loss":0.0,"damage_taken":11.0},{"damage_healed":0.0,"max_hp_gain":0.0,"max_hp_loss":36.0,"gold_gain":0.0,"event_name":"Ghosts","player_choice":"Became a Ghost","floor":29.0,"gold_loss":0.0,"damage_taken":0.0,"cards_obtained":["Ghostly","Ghostly","Ghostly"]},{"damage_healed":0.0,"max_hp_gain":0.0,"max_hp_loss":0.0,"gold_gain":0.0,"event_name":"Masked Bandits","player_choice":"Fought Bandits","floor":31.0,"gold_loss":0.0,"damage_taken":0.0},{"cards_removed":["Static Discharge"],"damage_healed":0.0,"max_hp_gain":0.0,"max_hp_loss":0.0,"gold_gain":0.0,"event_name":"Falling","player_choice":"Removed Power","floor":36.0,"gold_loss":0.0,"damage_taken":0.0},{"damage_healed":0.0,"max_hp_gain":0.0,"max_hp_loss":0.0,"gold_gain":0.0,"event_name":"MindBloom","player_choice":"Fight","floor":37.0,"gold_loss":0.0,"damage_taken":0.0},{"damage_healed":0.0,"max_hp_gain":0.0,"max_hp_loss":0.0,"gold_gain":0.0,"event_name":"SensoryStone","player_choice":"Memory 1","floor":46.0,"gold_loss":0.0,"damage_taken":0.0}],"is_beta":false,"boss_relics":[{"not_picked":["Tiny House","Black Star"],"picked":"Pandora\u0027s Box"},{"not_picked":["SacredBark","Philosopher\u0027s Stone"],"picked":"Cursed Key"}],"items_purged_floors":[48],"is_endless":false,"potions_floor_spawned":[1,2,3,12,18,21,23,27,31,38,39,42,44,45,55],"ascension_level":20}}