{"host":"rv8qrr1d2i1l2m12","time":1611962894,"event":{"mods":["BaseMod","Colored Map","Minty Spire (QoL Compilation)","StSLib"],"gold_per_floor":[111,128,138,138,157,157,172,172,224,244,244,419,419,455,455,455,455],"floor_reached":16,"language":"ENG","playtime":734,"items_purged":[],"score":148,"play_id":"84c7316b-7740-4a5b-a6f4-6a4f303892d8","local_time":"20210129182814","is_ascension_mode":true,"campfire_choices":[{"floor":6,"key":"REST"},{"floor":8,"key":"REST"},{"data":"Juggernaut","floor":11,"key":"SMITH"},{"data":"Infernal Blade","floor":13,"key":"SMITH"},{"floor":15,"key":"REST"}],"circlet_count":0,"master_deck":["Strike_R","Strike_R","Strike_R","Strike_R","Strike_R","Defend_R","Defend_R","Defend_R","Defend_R","Bash","Juggernaut+1","Body Slam","Heavy Blade","Injury","Infernal Blade+1","Evolve","Clothesline","Doubt","Shockwave"],"relics":["Burning Blood","Golden Idol","Potion Belt","Bottled Flame"],"acts_visited":["Exordium"],"potions_floor_usage":[10,14,16],"damage_taken":[{"damage":8,"enemies":"Jaw Worm","floor":1,"turns":4},{"damage":8,"enemies":"Small Slimes","floor":2,"turns":5},{"damage":13,"enemies":"2 Louse","floor":3,"turns":2},{"damage":12,"enemies":"Looter","floor":5,"turns":4},{"damage":37,"enemies":"Exordium Thugs","floor":7,"turns":5},{"damage":10,"enemies":"Large Slime","floor":10,"turns":5},{"damage":60,"enemies":"3 Sentries","floor":14,"turns":7},{"damage":39,"enemies":"The Guardian","floor":16,"turns":5}],"seed_played":"5168923318687427175","potions_obtained":[{"floor":3,"key":"SkillPotion"},{"floor":7,"key":"SpeedPotion"},{"floor":10,"key":"LiquidBronze"},{"floor":14,"key":"Strength Potion"}],"is_trial":false,"path_per_floor":["M","M","M","?","M","R","M","R","T","M","R","?","R","E","R","B"],"character_chosen":"IRONCLAD","items_purchased":[],"campfire_rested":3,"item_purchase_floors":[],"current_hp_per_floor":[70,68,61,61,55,79,48,72,72,68,68,68,68,14,38,0,0],"gold":455,"neow_bonus":"ONE_RANDOM_RARE_CARD","is_daily":false,"chose_seed":false,"campfire_upgraded":2,"win_rate":0.0,"timestamp":1611962894,"path_taken":["M","M","M","?","M","R","M","R","T","M","R","?","R","E","R","BOSS"],"items_purchased_type":[],"build_version":"2020-12-22","purchased_purges":0,"victory":false,"max_hp_per_floor":[80,80,80,80,80,80,80,80,80,80,80,80,80,80,80,80,80],"card_choices":[{"not_picked":["Heavy Blade","Anger"],"picked":"Body Slam","floor":1},{"not_picked":["Perfected Strike","Feel No Pain"],"picked":"Heavy Blade","floor":2},{"not_picked":["Headbutt","Sword Boomerang","Fiend Fire"],"picked":"SKIP","floor":3},{"not_picked":["Pummel","Sever Soul"],"picked":"Infernal Blade","floor":5},{"not_picked":["Blood for Blood","Shrug It Off"],"picked":"Evolve","floor":7},{"not_picked":["Iron Wave","Shrug It Off"],"picked":"Clothesline","floor":10},{"not_picked":["Uppercut","Cleave"],"picked":"Shockwave","floor":14}],"player_experience":572385,"relics_obtained":[{"floor":9,"key":"Potion Belt"},{"floor":14,"key":"Bottled Flame"}],"event_choices":[{"damage_healed":0,"gold_gain":0,"player_choice":"Take Wound","damage_taken":0,"relics_obtained":["Golden Idol"],"max_hp_gain":0,"max_hp_loss":0,"event_name":"Golden Idol","floor":4,"gold_loss":0,"cards_obtained":["Injury"]},{"damage_healed":0,"gold_gain":175,"player_choice":"AGREE","damage_taken":0,"max_hp_gain":0,"max_hp_loss":0,"event_name":"Liars Game","floor":12,"gold_loss":0,"cards_obtained":["Doubt"]}],"is_beta":false,"boss_relics":[],"items_purged_floors":[],"is_endless":false,"potions_floor_spawned":[3,7,10,14],"killed_by":"The Guardian","ascension_level":9}}