{"host":"aj7el8l5kufbk20z","time":1611903720,"event":{"mods":["AchievementEnabler","BaseMod","Colored Map","Colored Powertips","Curses Come First","Highlight Path","Minty Spire (QoL Compilation)","Permanent Neow","Poor People Problems","Quick Restart","Rare Cards Sparkle","Relic Stats","StSLib","SuperFastMode","Waifu the Spire"],"gold_per_floor":[115,40,54,54,54,54,83,83,83,93,280,291,302,319,319,392,392,411,429,274,294,219,219,245,100,100,134,59,72,88,105,105,182,182,195,205,445,457,457,457,666,694,694,710,742,760,760,760,760,760],"floor_reached":51,"language":"ZHS","playtime":2978,"items_purged":["Strike_G","Strike_G","Defend_G","Defend_G","Defend_G","Strike_G+1"],"score":1353,"play_id":"467ca702-848f-4166-84fe-d67c201a9a6b","local_time":"20210129150200","is_ascension_mode":true,"campfire_choices":[{"data":"Deadly Poison","floor":6,"key":"SMITH"},{"data":"Noxious Fumes","floor":15,"key":"SMITH"},{"data":"A Thousand Cuts","floor":23,"key":"SMITH"},{"data":"After Image","floor":32,"key":"SMITH"},{"data":"Cloak And Dagger","floor":40,"key":"SMITH"},{"data":"Noxious Fumes","floor":47,"key":"SMITH"},{"data":"Blade Dance","floor":49,"key":"SMITH"}],"circlet_count":0,"master_deck":["AscendersBane","Defend_G","Defend_G+1","Survivor","Neutralize+1","Acrobatics","Deadly Poison+1","Noxious Fumes+1","Accuracy","PiercingWail","A Thousand Cuts+1","Prepared","Terror","Infinite Blades","Deflect","PiercingWail","After Image+1","Blade Dance+1","Cloak And Dagger+1","Noxious Fumes+1","Backflip+1","Infinite Blades+1"],"relics":["WristBlade","Eternal Feather","Snake Skull","FaceOfCleric","Pantograph","Membership Card","MealTicket","Sundial","HoveringKite","ClockworkSouvenir","Pocketwatch","Blood Vial","Du-Vu Doll","Ice Cream","Runic Pyramid","Ornamental Fan","Whetstone","Mercury Hourglass","Gremlin Horn","Frozen Egg 2","HornCleat","Question Card"],"acts_visited":["Exordium","TheCity","TheBeyond"],"potions_floor_usage":[16,33,50,50],"damage_taken":[{"damage":4,"enemies":"Cultist","floor":1,"turns":5},{"damage":4,"enemies":"Small Slimes","floor":3,"turns":4},{"damage":56,"enemies":"3 Sentries","floor":7,"turns":10},{"damage":0,"enemies":"Jaw Worm","floor":10,"turns":3},{"damage":8,"enemies":"Large Slime","floor":12,"turns":5},{"damage":41,"enemies":"Gremlin Gang","floor":13,"turns":4},{"damage":6,"enemies":"Looter","floor":14,"turns":4},{"damage":26,"enemies":"The Guardian","floor":16,"turns":10},{"damage":10,"enemies":"Chosen","floor":18,"turns":6},{"damage":29,"enemies":"Spheric Guardian","floor":19,"turns":6},{"damage":9,"enemies":"Cultist and Chosen","floor":21,"turns":5},{"damage":46,"enemies":"Slavers","floor":24,"turns":5},{"damage":33,"enemies":"Gremlin Leader","floor":27,"turns":6},{"damage":18,"enemies":"Snecko","floor":29,"turns":4},{"damage":15,"enemies":"Centurion and Healer","floor":30,"turns":5},{"damage":20,"enemies":"Snake Plant","floor":31,"turns":4},{"damage":12,"enemies":"Collector","floor":33,"turns":7},{"damage":8,"enemies":"3 Shapes","floor":35,"turns":4},{"damage":3,"enemies":"3 Darklings","floor":36,"turns":5},{"damage":29,"enemies":"Transient","floor":38,"turns":5},{"damage":75,"enemies":"Reptomancer","floor":42,"turns":4},{"damage":0,"enemies":"Maw","floor":44,"turns":6},{"damage":0,"enemies":"Giant Head","floor":45,"turns":6},{"damage":12,"enemies":"Jaw Worm Horde","floor":46,"turns":3},{"damage":21,"enemies":"Donu and Deca","floor":50,"turns":6}],"seed_played":"-7112957824139036199","potions_obtained":[{"floor":3,"key":"Energy Potion"},{"floor":13,"key":"Regen Potion"},{"floor":14,"key":"Strength Potion"},{"floor":16,"key":"DuplicationPotion"},{"floor":19,"key":"PowerPotion"},{"floor":33,"key":"DuplicationPotion"},{"floor":36,"key":"ColorlessPotion"},{"floor":39,"key":"PowerPotion"}],"is_trial":false,"path_per_floor":["M","?","M","?","T","R","E","?","T","M","$","M","M","M","R","B",null,"M","M","$","M","?","R","E","$","T","E","$","M","M","M","R","B",null,"M","M","$","M","?","R","$","E","T","M","E","M","R","?","R","B",null],"character_chosen":"THE_SILENT","items_purchased":["Membership Card","MealTicket","Sundial","ClockworkSouvenir","Infinite Blades","Blood Vial","Ornamental Fan","Whetstone","Mercury Hourglass","Gremlin Horn","Noxious Fumes"],"campfire_rested":0,"item_purchase_floors":[11,11,11,20,20,25,37,37,41,41,41],"current_hp_per_floor":[55,55,51,31,31,37,78,78,78,67,67,60,50,45,54,60,68,59,31,46,38,38,47,75,75,75,76,76,59,47,79,79,68,77,72,72,82,82,82,83,83,84,84,85,86,75,87,87,87,67],"gold":760,"neow_bonus":"BOSS_RELIC","is_daily":false,"chose_seed":false,"campfire_upgraded":7,"win_rate":0.0,"timestamp":1611903720,"path_taken":["M","?","M","?","?","R","E","?","T","?","$","M","?","M","R","BOSS","M","M","$","M","?","R","E","?","T","E","$","M","M","M","R","BOSS","M","M","$","M","?","R","$","E","T","?","E","M","R","?","R","BOSS"],"items_purchased_type":["Relic","Relic","Relic","Relic","Card","Relic","Relic","Relic","Relic","Relic","Card"],"build_version":"2020-12-22","purchased_purges":6,"victory":true,"max_hp_per_floor":[66,66,66,66,66,66,66,66,66,67,67,68,69,70,70,71,71,72,73,73,74,74,74,75,75,75,76,76,77,78,79,79,80,80,81,82,82,83,83,83,83,84,84,85,86,87,87,87,87,88],"relic_stats":{"Gremlin Horn":[6,6],"counters":[25,131],"HoveringKite":[45],"Eternal Feather":37,"Snake Skull":[135],"Whetstone":["Neutralize"],"Question Card":1,"Mercury Hourglass":[90],"Blood Vial":8,"FaceOfCleric":22,"Sundial":[22],"Ornamental Fan":[88],"Pantograph":16,"MealTicket":25,"obtain_stats":[{"Ice Cream":27,"Gremlin Horn":41,"HoveringKite":17,"Eternal Feather":5,"Snake Skull":7,"Whetstone":37,"Frozen Egg 2":42,"Question Card":45,"ClockworkSouvenir":20,"Mercury Hourglass":41,"Blood Vial":25,"Du-Vu Doll":26,"HornCleat":43,"WristBlade":0,"FaceOfCleric":8,"Sundial":11,"Ornamental Fan":37,"Pantograph":9,"MealTicket":11,"Membership Card":11,"Ring of the Snake":0,"Pocketwatch":24,"Runic Pyramid":34},{"Ice Cream":13,"Gremlin Horn":20,"HoveringKite":8,"Eternal Feather":2,"Snake Skull":3,"Whetstone":19,"Frozen Egg 2":21,"Question Card":23,"ClockworkSouvenir":10,"Mercury Hourglass":20,"Blood Vial":12,"Du-Vu Doll":12,"HornCleat":21,"WristBlade":0,"FaceOfCleric":3,"Sundial":4,"Ornamental Fan":19,"Pantograph":3,"MealTicket":4,"Membership Card":4,"Ring of the Snake":0,"Pocketwatch":12,"Runic Pyramid":17},{"Ice Cream":73,"Gremlin Horn":107,"HoveringKite":45,"Eternal Feather":9,"Snake Skull":19,"Whetstone":102,"Frozen Egg 2":111,"Question Card":122,"ClockworkSouvenir":57,"Mercury Hourglass":107,"Blood Vial":67,"Du-Vu Doll":67,"HornCleat":111,"WristBlade":0,"FaceOfCleric":19,"Sundial":22,"Ornamental Fan":102,"Pantograph":19,"MealTicket":22,"Membership Card":22,"Ring of the Snake":0,"Pocketwatch":67,"Runic Pyramid":93}],"Pocketwatch":[27]},"card_choices":[{"not_picked":["Quick Slash","Choke"],"picked":"Acrobatics","floor":1},{"not_picked":["Distraction","Calculated Gamble"],"picked":"Deadly Poison","floor":3},{"not_picked":["Venomology","Dagger Throw","Poisoned Stab"],"picked":"SKIP","floor":7},{"not_picked":["Venomology","Dagger Throw","Poisoned Stab"],"picked":"SKIP","floor":7},{"not_picked":["Sucker Punch","Infinite Blades"],"picked":"Noxious Fumes","floor":10},{"not_picked":["Blur","Flying Knee"],"picked":"Accuracy","floor":12},{"not_picked":["Quick Slash","Slice"],"picked":"PiercingWail","floor":13},{"not_picked":["Expertise","Eviscerate","Flying Knee"],"picked":"SKIP","floor":14},{"not_picked":["Phantasmal Killer","Storm of Steel"],"picked":"A Thousand Cuts","floor":16},{"not_picked":["Blur","Eviscerate"],"picked":"Prepared","floor":18},{"not_picked":["Deadly Poison","Poisoned Stab"],"picked":"Terror","floor":19},{"not_picked":["Outmaneuver","Sucker Punch"],"picked":"Deflect","floor":21},{"not_picked":["Deflect","Riddle With Holes"],"picked":"PiercingWail","floor":24},{"not_picked":["Bouncing Flask","Predator"],"picked":"After Image","floor":27},{"not_picked":["Dagger Spray","Dagger Throw"],"picked":"Dodge and Roll","floor":29},{"not_picked":["Dagger Throw","Quick Slash","Leg Sweep"],"picked":"SKIP","floor":30},{"not_picked":["Sucker Punch+1","Flying Knee","PiercingWail"],"picked":"SKIP","floor":31},{"not_picked":["Backstab","Deadly Poison+1","Sucker Punch"],"picked":"SKIP","floor":35},{"not_picked":["Infinite Blades","Dodge and Roll"],"picked":"Blade Dance","floor":36},{"not_picked":["Masterful Stab","Dodge and Roll"],"picked":"Cloak And Dagger","floor":38},{"not_picked":["Outmaneuver","Quick Slash","Dagger Spray+1"],"picked":"SKIP","floor":42},{"not_picked":["Masterful Stab","Dagger Throw"],"picked":"Backflip+1","floor":44},{"not_picked":["Expertise","PiercingWail"],"picked":"Infinite Blades+1","floor":45},{"not_picked":["Deadly Poison+1","Cloak And Dagger","Distraction","Calculated Gamble"],"picked":"SKIP","floor":46}],"player_experience":302703,"relics_obtained":[{"floor":5,"key":"Eternal Feather"},{"floor":7,"key":"Snake Skull"},{"floor":9,"key":"Pantograph"},{"floor":24,"key":"Pocketwatch"},{"floor":26,"key":"Du-Vu Doll"},{"floor":27,"key":"Ice Cream"},{"floor":42,"key":"Frozen Egg 2"},{"floor":43,"key":"HornCleat"},{"floor":45,"key":"Question Card"}],"event_choices":[{"cards_removed":["Strike_G"],"damage_healed":0,"gold_gain":0,"player_choice":"Card Removal","damage_taken":0,"max_hp_gain":0,"max_hp_loss":0,"event_name":"The Cleric","floor":2,"gold_loss":75},{"damage_healed":0,"gold_gain":0,"player_choice":"Entered Light","damage_taken":20,"max_hp_gain":0,"max_hp_loss":0,"event_name":"Shining Light","floor":4,"gold_loss":0,"cards_upgraded":["Defend_G","Strike_G"]},{"damage_healed":0,"gold_gain":0,"player_choice":"Trade","damage_taken":0,"relics_obtained":["FaceOfCleric"],"max_hp_gain":0,"max_hp_loss":0,"event_name":"FaceTrader","floor":8,"gold_loss":0},{"cards_removed":["Strike_G"],"damage_healed":0,"gold_gain":0,"player_choice":"Gave Gold","damage_taken":0,"max_hp_gain":0,"max_hp_loss":0,"event_name":"Beggar","floor":22,"gold_loss":75},{"damage_healed":0,"gold_gain":0,"player_choice":"Got Potions","damage_taken":0,"max_hp_gain":0,"max_hp_loss":0,"event_name":"Lab","floor":39,"gold_loss":0},{"cards_removed":["Dodge and Roll"],"damage_healed":0,"gold_gain":0,"player_choice":"Removed Skill","damage_taken":0,"max_hp_gain":0,"max_hp_loss":0,"event_name":"Falling","floor":48,"gold_loss":0}],"is_beta":false,"boss_relics":[{"not_picked":["SacredBark","Fusion Hammer"],"picked":"HoveringKite"},{"not_picked":["Philosopher\u0027s Stone","Busted Crown"],"picked":"Runic Pyramid"}],"items_purged_floors":[11,20,25,28,37,41],"is_endless":false,"potions_floor_spawned":[3,13,14,16,19,27,29,30,33,36,44,46],"ascension_level":16}}