{"host":"gc9rk8b4vlc0bstx","time":1611946620,"event":{"mods":["BaseMod","Minty Spire (QoL Compilation)","Permanent Neow","Relic Stats","StSLib"],"gold_per_floor":[118,118,135,154,229,256,273,306,306,333,333,333,358,358,358,454,454,468,90,5,5,26,26,67,67,67,67,67,17,60,81,81,177,177,202,226,276,289,305,305,328,328,355,388,412,436,117,158,158,158,158],"floor_reached":52,"language":"ENG","playtime":4502,"items_purged":["Strike_P","Defend_P","MentalFortress"],"score":1890,"play_id":"d05d684d-0126-4cf7-8807-6e70d3863271","local_time":"20210129105700","is_ascension_mode":true,"campfire_choices":[{"data":"Tantrum","floor":11.0,"key":"SMITH"},{"data":"Adaptation","floor":15.0,"key":"SMITH"},{"floor":23.0,"key":"REST"},{"floor":25.0,"key":"REST"},{"data":"Trip","floor":27.0,"key":"SMITH"},{"floor":32.0,"key":"REST"},{"data":"Ragnarok","floor":40.0,"key":"SMITH"},{"data":"Halt","floor":42.0,"key":"SMITH"},{"floor":49.0,"key":"REST"}],"circlet_count":0,"master_deck":["AscendersBane","Defend_P","Vigilance","Alpha+1","FollowUp+1","Wallop+1","Tantrum+1","Protect","BowlingBash","Conclude","Adaptation+1","JustLucky+1","ClearTheMind","Trip+1","Necronomicurse","Halt+1","ThirdEye","Ragnarok+1","Swivel+1","Halt+1","Vengeance","Halt+1","DeusExMachina"],"relics":["Astrolabe","Regal Pillow","Bottled Flame","Pear","Kunai","Golden Idol","SlaversCollar","OrangePellets","Smiling Mask","Necronomicon","Pantograph","WingedGreaves","Bag of Marbles","Snecko Eye","Centennial Puzzle","Girya","HandDrill","Lantern"],"acts_visited":["Exordium","TheCity","TheBeyond"],"potions_floor_usage":[51],"damage_taken":[{"damage":0.0,"enemies":"2 Louse","floor":1.0,"turns":3.0},{"damage":0.0,"enemies":"Cultist","floor":3.0,"turns":2.0},{"damage":0.0,"enemies":"Small Slimes","floor":4.0,"turns":2.0},{"damage":8.0,"enemies":"3 Sentries","floor":6.0,"turns":5.0},{"damage":7.0,"enemies":"3 Louse","floor":7.0,"turns":3.0},{"damage":3.0,"enemies":"Lagavulin","floor":8.0,"turns":7.0},{"damage":0.0,"enemies":"Gremlin Nob","floor":10.0,"turns":3.0},{"damage":2.0,"enemies":"Looter","floor":13.0,"turns":2.0},{"damage":38.0,"enemies":"Slime Boss","floor":16.0,"turns":6.0},{"damage":21.0,"enemies":"Spheric Guardian","floor":18.0,"turns":5.0},{"damage":9.0,"enemies":"3 Byrds","floor":22.0,"turns":4.0},{"damage":40.0,"enemies":"Slavers","floor":24.0,"turns":2.0},{"damage":16.0,"enemies":"Book of Stabbing","floor":30.0,"turns":4.0},{"damage":15.0,"enemies":"Sentry and Sphere","floor":31.0,"turns":4.0},{"damage":13.0,"enemies":"Automaton","floor":33.0,"turns":7.0},{"damage":0.0,"enemies":"3 Darklings","floor":35.0,"turns":1.0},{"damage":19.0,"enemies":"Orb Walker","floor":36.0,"turns":2.0},{"damage":0.0,"enemies":"4 Shapes","floor":38.0,"turns":2.0},{"damage":5.0,"enemies":"Spire Growth","floor":39.0,"turns":4.0},{"damage":0.0,"enemies":"Sphere and 2 Shapes","floor":41.0,"turns":2.0},{"damage":12.0,"enemies":"Giant Head","floor":44.0,"turns":5.0},{"damage":17.0,"enemies":"Jaw Worm Horde","floor":45.0,"turns":2.0},{"damage":2.0,"enemies":"Transient","floor":46.0,"turns":6.0},{"damage":32.0,"enemies":"Nemesis","floor":48.0,"turns":3.0},{"damage":48.0,"enemies":"Donu and Deca","floor":50.0,"turns":4.0},{"damage":21,"enemies":"Time Eater","floor":51,"turns":7}],"seed_played":"-1713268177950087091","potions_obtained":[{"floor":1.0,"key":"Fire Potion"},{"floor":7.0,"key":"StancePotion"},{"floor":10.0,"key":"FairyPotion"},{"floor":24.0,"key":"FairyPotion"},{"floor":33.0,"key":"Fire Potion"}],"is_trial":false,"path_per_floor":["M","?","M","M","?","E","M","E","T","E","R","?","M","?","R","B",null,"M","$","?","?","M","R","E","R","T","R","?","$","E","M","R","B",null,"M","M","?","M","M","R","M","R","T","E","M","M","$","E","R","B","B",null],"character_chosen":"WATCHER","items_purchased":["OrangePellets","ClearTheMind","Trip","CultistPotion","HandDrill"],"campfire_rested":4,"item_purchase_floors":[19,19,19,47,47],"current_hp_per_floor":[61,61,61,61,50,42,35,32,42,42,42,42,40,40,40,2,54,33,33,33,12,3,39,21,57,57,57,57,57,41,26,62,58,68,68,49,49,49,44,44,44,44,44,32,15,13,13,21,57,23,27],"gold":158,"neow_bonus":"BOSS_RELIC","is_daily":false,"chose_seed":false,"campfire_upgraded":5,"win_rate":0.0,"timestamp":1611946620,"path_taken":["M","?","M","?","?","E","M","E","T","E","R","?","M","?","R","BOSS","M","$","?","?","M","R","E","R","T","R","?","?","E","M","R","BOSS","M","M","?","M","M","R","M","R","T","E","?","M","$","E","R","BOSS","BOSS"],"items_purchased_type":["Relic","Card","Card","Potion","Relic"],"build_version":"2020-12-22","purchased_purges":3,"victory":true,"max_hp_per_floor":[68,68,68,68,68,68,68,68,78,78,78,71,71,71,71,71,71,71,71,71,71,71,71,71,71,71,71,71,71,71,71,71,71,71,71,71,71,71,71,71,71,71,71,71,71,71,71,71,71,71,71],"relic_stats":{"Regal Pillow":60,"counters":[26,97],"Golden Idol":154,"Astrolabe":["Alpha","FollowUp","Wallop"],"Smiling Mask":125,"OrangePellets":[9],"Centennial Puzzle":[18],"Pantograph":48,"Snecko Eye":[46,48,46,50],"Necronomicon":[29],"HandDrill":[6],"Kunai":[35],"obtain_stats":[{"Girya":44,"Regal Pillow":6,"Lantern":48,"Pear":9,"Golden Idol":12,"Astrolabe":0,"Smiling Mask":20,"SlaversCollar":17,"OrangePellets":19,"Bottled Flame":8,"Centennial Puzzle":43,"Pantograph":24,"Snecko Eye":34,"WingedGreaves":26,"Necronomicon":21,"Bag of Marbles":30,"HandDrill":47,"Kunai":10,"PureWater":0},{"Girya":21,"Regal Pillow":4,"Lantern":24,"Pear":6,"Golden Idol":7,"Astrolabe":0,"Smiling Mask":10,"SlaversCollar":9,"OrangePellets":10,"Bottled Flame":6,"Centennial Puzzle":20,"Pantograph":12,"Snecko Eye":15,"WingedGreaves":12,"Necronomicon":10,"Bag of Marbles":13,"HandDrill":23,"Kunai":7,"PureWater":0},{"Girya":75,"Regal Pillow":12,"Lantern":86,"Pear":22,"Golden Idol":25,"Astrolabe":0,"Smiling Mask":38,"SlaversCollar":33,"OrangePellets":38,"Bottled Flame":22,"Centennial Puzzle":70,"Pantograph":44,"Snecko Eye":59,"WingedGreaves":44,"Necronomicon":38,"Bag of Marbles":48,"HandDrill":83,"Kunai":25,"PureWater":0}]},"card_choices":[{"not_picked":["EmptyMind","EmptyBody","JustLucky"],"picked":"SKIP","floor":1.0},{"not_picked":["JustLucky","Swivel","Crescendo"],"picked":"SKIP","floor":3.0},{"not_picked":["CrushJoints","EmptyBody"],"picked":"Protect","floor":4.0},{"not_picked":["EmptyFist","Brilliance"],"picked":"BowlingBash","floor":6.0},{"not_picked":["Worship","Consecrate"],"picked":"Conclude","floor":7.0},{"not_picked":["Protect","Crescendo"],"picked":"Adaptation","floor":8.0},{"not_picked":["CrushJoints","Devotion"],"picked":"MentalFortress","floor":10.0},{"not_picked":["MentalFortress","Pray","Wallop"],"picked":"SKIP","floor":13.0},{"not_picked":["Sanctity","EmptyFist"],"picked":"JustLucky+1","floor":18.0},{"not_picked":["FollowUp","Protect+1"],"picked":"Halt","floor":22.0},{"not_picked":["Prostrate","CutThroughFate","Evaluate+1"],"picked":"SKIP","floor":24.0},{"not_picked":["JustLucky","Crescendo+1"],"picked":"ThirdEye","floor":30.0},{"not_picked":["Protect","Prostrate","Collect"],"picked":"SKIP","floor":31.0},{"not_picked":["ConjureBlade","MasterReality"],"picked":"Ragnarok","floor":33.0},{"not_picked":["Study+1","EmptyFist"],"picked":"Swivel+1","floor":35.0},{"not_picked":["SashWhip","FlurryOfBlows"],"picked":"Halt+1","floor":36.0},{"not_picked":["Collect","FlyingSleeves+1"],"picked":"Vengeance","floor":38.0},{"not_picked":["FollowUp","ClearTheMind","Swivel"],"picked":"SKIP","floor":39.0},{"not_picked":["PathToVictory","Collect","Halt"],"picked":"SKIP","floor":41.0},{"not_picked":["Evaluate","EmptyFist"],"picked":"Halt+1","floor":44.0},{"not_picked":["LikeWater+1","ThirdEye","CutThroughFate"],"picked":"SKIP","floor":45.0},{"not_picked":["ThirdEye","WindmillStrike+1","Halt"],"picked":"SKIP","floor":46.0},{"not_picked":["FollowUp+1","Sanctity"],"picked":"DeusExMachina","floor":48.0}],"player_experience":956926,"relics_obtained":[{"floor":6.0,"key":"Regal Pillow"},{"floor":8.0,"key":"Bottled Flame"},{"floor":9.0,"key":"Pear"},{"floor":10.0,"key":"Kunai"},{"floor":21.0,"key":"Necronomicon"},{"floor":24.0,"key":"Pantograph"},{"floor":26.0,"key":"WingedGreaves"},{"floor":30.0,"key":"Bag of Marbles"},{"floor":43.0,"key":"Centennial Puzzle"},{"floor":44.0,"key":"Girya"},{"floor":48.0,"key":"Lantern"}],"event_choices":[{"damage_healed":0.0,"max_hp_gain":0.0,"max_hp_loss":0.0,"gold_gain":0.0,"cards_transformed":["Strike_P"],"event_name":"Transmorgrifier","player_choice":"Transformed","floor":2.0,"gold_loss":0.0,"damage_taken":0.0,"cards_obtained":["Tantrum"]},{"damage_healed":0.0,"max_hp_gain":0.0,"max_hp_loss":0.0,"gold_gain":75.0,"event_name":"World of Goop","player_choice":"Gather Gold","floor":5.0,"gold_loss":0.0,"damage_taken":11.0},{"damage_healed":0.0,"max_hp_gain":0.0,"max_hp_loss":7.0,"gold_gain":0.0,"event_name":"Golden Idol","player_choice":"Lose Max HP","floor":12.0,"gold_loss":0.0,"damage_taken":0.0,"relics_obtained":["Golden Idol"]},{"cards_removed":["Eruption"],"damage_healed":0.0,"max_hp_gain":0.0,"max_hp_loss":0.0,"gold_gain":0.0,"event_name":"Living Wall","player_choice":"Forget","floor":14.0,"gold_loss":0.0,"damage_taken":0.0},{"damage_healed":0.0,"max_hp_gain":0.0,"max_hp_loss":0.0,"gold_gain":0.0,"event_name":"Addict","player_choice":"Obtained Relic","floor":20.0,"gold_loss":85.0,"damage_taken":0.0,"relics_obtained":["Smiling Mask"]},{"damage_healed":0.0,"max_hp_gain":0.0,"max_hp_loss":0.0,"gold_gain":0.0,"event_name":"Cursed Tome","player_choice":"Obtained Book","floor":21.0,"gold_loss":0.0,"damage_taken":21.0},{"cards_removed":["Strike_P"],"damage_healed":0.0,"max_hp_gain":0.0,"max_hp_loss":0.0,"gold_gain":0.0,"event_name":"Back to Basics","player_choice":"Elegance","floor":28.0,"gold_loss":0.0,"damage_taken":0.0},{"damage_healed":0.0,"max_hp_gain":0.0,"max_hp_loss":0.0,"gold_gain":50.0,"event_name":"Golden Shrine","player_choice":"Pray","floor":37.0,"gold_loss":0.0,"damage_taken":0.0}],"is_beta":false,"boss_relics":[{"not_picked":["Runic Dome","Ectoplasm"],"picked":"SlaversCollar"},{"not_picked":["Runic Pyramid","Fusion Hammer"],"picked":"Snecko Eye"}],"items_purged_floors":[19,29,47],"is_endless":false,"potions_floor_spawned":[1,7,10,22,24,33,36,38,41,45],"ascension_level":20}}