{"host":"lq2h7q9ca6uwu60x","time":1611928298,"event":{"mods":["Act Like it!","BaseMod","Gensokyo","Marisa£®ÏF”Í°°ƒß¿Ì…≥£©","Minty Spire (QoL Compilation)","SIMod","StSLib"],"gold_per_floor":[117,137,137,62,162,190,206,286,286,286,313,313,313,346,346,346,346],"floor_reached":16,"language":"ZHS","playtime":543,"items_purged":["Strike_TS"],"score":268,"play_id":"2ac60184-7576-4cf3-ad35-fc6ef6c0dfdd","local_time":"20210129215138","is_ascension_mode":true,"campfire_choices":[{"data":"CheerUp","floor":10.0,"key":"SMITH"},{"data":"Winterwrapup","floor":13.0,"key":"SMITH"},{"data":"RunningOfTheLeaves","floor":15.0,"key":"SMITH"}],"circlet_count":0,"master_deck":["AscendersBane","Strike_AJ","Strike_RR","Strike_RD","Defend_TS","Defend_PP","Defend_FS","Defend_AJ","ConcertedEfforts","HarmonyShield","RunningOfTheLeaves+1","KillingWithKindness","CheerUp+1","Winterwrapup+1"],"relics":["The_element_of_harmony","NeowsBlessing","Gensokyo:PortableGap","Mummified Hand","Letter Opener","White Beast Statue","Turnip","Anchor"],"acts_visited":["Exordium"],"potions_floor_usage":[16],"damage_taken":[{"damage":0.0,"enemies":"Gensokyo:2_Kodama","floor":1.0,"turns":2.0},{"damage":0.0,"enemies":"Gensokyo:Python","floor":2.0,"turns":1.0},{"damage":0.0,"enemies":"Gensokyo:Cirno","floor":6.0,"turns":2.0},{"damage":0.0,"enemies":"Gensokyo:Gryphon","floor":7.0,"turns":5.0},{"damage":0.0,"enemies":"Gensokyo:Mamizou","floor":11.0,"turns":6.0},{"damage":14.0,"enemies":"Gensokyo:Cirno","floor":14.0,"turns":6.0},{"damage":8,"enemies":"Gensokyo:Yukari","floor":16,"turns":4}],"seed_played":"9040066346731274818","potions_obtained":[{"floor":2.0,"key":"Swift Potion"},{"floor":6.0,"key":"AttackPotion"},{"floor":7.0,"key":"PowerPotion"},{"floor":11.0,"key":"AttackPotion"},{"floor":14.0,"key":"SpeedPotion"}],"is_trial":false,"path_per_floor":["M","M","?","$","?","E","M","?","T","R","E","?","R","E","R","B"],"character_chosen":"TWI_CLASS","items_purchased":[],"campfire_rested":0,"item_purchase_floors":[],"current_hp_per_floor":[69,69,66,66,66,66,66,66,66,66,66,50,50,36,36,28,28],"gold":346,"neow_bonus":"THREE_ENEMY_KILL","is_daily":false,"chose_seed":false,"campfire_upgraded":3,"win_rate":0.0,"timestamp":1611928298,"path_taken":["M","M","?","?","?","E","?","?","T","R","E","?","R","E","R","BOSS"],"items_purchased_type":[],"build_version":"2020-12-22","purchased_purges":1,"victory":false,"max_hp_per_floor":[77,77,66,66,66,66,66,66,66,66,66,63,63,63,63,63,63],"card_choices":[{"not_picked":["Whining","Charge"],"picked":"SKIP","floor":1.0},{"not_picked":["HideCarefully","Perfectionism"],"picked":"SKIP","floor":1.0},{"not_picked":["Whining","Lasso"],"picked":"SKIP","floor":2.0},{"not_picked":["PartyAlone","Perfectionism"],"picked":"SKIP","floor":2.0},{"not_picked":["Mischief"],"picked":"RunningOfTheLeaves","floor":6.0},{"not_picked":["Whining","Mischief"],"picked":"SKIP","floor":6.0},{"not_picked":["LoveMe"],"picked":"KillingWithKindness","floor":7.0},{"not_picked":["ISayNo"],"picked":"CheerUp","floor":7.0},{"not_picked":["SwiftKick"],"picked":"Winterwrapup","floor":11.0},{"not_picked":["Louder","TenInstruments"],"picked":"SKIP","floor":11.0},{"not_picked":["Laughter","BigDeal"],"picked":"SKIP","floor":14.0},{"not_picked":["FriendOfNature","FollowTherRainbow"],"picked":"SKIP","floor":14.0}],"player_experience":874359,"relics_obtained":[{"floor":6.0,"key":"Mummified Hand"},{"floor":9.0,"key":"Letter Opener"},{"floor":11.0,"key":"White Beast Statue"},{"floor":14.0,"key":"Anchor"}],"event_choices":[],"is_beta":false,"boss_relics":[],"items_purged_floors":[4],"is_endless":false,"potions_floor_spawned":[2,6,7,11,14],"killed_by":"Gensokyo:Yukari","ascension_level":15}}