{"host":"5ddwedapke4fsx0r","time":1611931872,"event":{"mods":["BaseMod","ChefMod","Downfall","Hermit","Infinite Spire","Minty Spire (QoL Compilation)","Shade Mod","StSLib","The Cursed","The Dragon Tamer","The Marked","The Runesmith","The Servant 0.9.4"],"gold_per_floor":[99,118,132,132,145,45,91,119,119,133,133,150,150,150,168,168,168],"floor_reached":16,"language":"ENG","playtime":625,"items_purged":[],"score":112,"play_id":"d6f56526-3ff1-42d1-82d1-4428258c5694","local_time":"20210129155112","is_ascension_mode":true,"campfire_choices":[{"floor":1,"key":"RECALL"},{"data":"Shade:AuraOfUnlife","floor":6,"key":"SMITH"},{"floor":13,"key":"REST"}],"circlet_count":0,"master_deck":["Shade:Strike_Shade","Shade:Strike_Shade","Shade:Strike_Shade","Shade:Strike_Shade","Shade:Defend_Shade","Shade:Defend_Shade","Shade:Defend_Shade","Shade:Defend_Shade","Shade:AnimateDead","Shade:CarefulCut","Shade:FreshBones","Shade:SkeletonArmy","Shade:AuraOfUnlife+1","Shade:AuraOfUnlife"],"relics":["SlaversCollar","downfall:BrokenWingStatue","downfall:HeartBlessingRed","Juzu Bracelet","Blue Candle"],"acts_visited":["Exordium"],"potions_floor_usage":[12,15],"damage_taken":[{"damage":8,"enemies":"Jaw Worm","floor":2,"turns":5},{"damage":3,"enemies":"infinitespire:Voidling","floor":3,"turns":4},{"damage":4,"enemies":"2 Louse","floor":5,"turns":3},{"damage":22,"enemies":"3 Sentries","floor":8,"turns":7},{"damage":17,"enemies":"2 Fungi Beasts","floor":10,"turns":4},{"damage":3,"enemies":"Red Slaver","floor":12,"turns":5},{"damage":10,"enemies":"Large Slime","floor":15,"turns":5},{"damage":10,"enemies":"IC_STATUS_ARCHETYPE","floor":16,"turns":2}],"seed_played":"1854912868761394999","potions_obtained":[{"floor":5,"key":"EssenceOfSteel"},{"floor":12,"key":"Dexterity Potion"}],"is_trial":false,"path_per_floor":["R","M","M","?","M","R","T","E","?","M","?","M","R","?","M","B"],"character_chosen":"SHADE","items_purchased":[],"campfire_rested":1,"item_purchase_floors":[],"current_hp_per_floor":[65,57,54,54,50,50,50,28,28,11,4,1,20,20,10,0,0],"gold":168,"neow_bonus":"BOSS_RELIC","is_daily":false,"chose_seed":false,"campfire_upgraded":1,"win_rate":0.0,"timestamp":1611931872,"path_taken":["R","M","M","?","M","R","T","E","?","M","?","M","R","?","M","BOSS"],"items_purchased_type":[],"build_version":"2020-12-22","purchased_purges":0,"victory":false,"max_hp_per_floor":[65,65,65,65,65,65,65,65,65,65,65,65,65,65,65,65,65],"card_choices":[{"not_picked":["Shade:Carnophage","Shade:CoffinDance"],"picked":"Shade:FreshBones","floor":2},{"not_picked":["Shade:WallOfFlesh","Shade:AncientSpear"],"picked":"Shade:SkeletonArmy","floor":3},{"not_picked":["Shade:CloudOfShrapnel","Shade:SkeletonHug"],"picked":"Shade:AuraOfUnlife","floor":5},{"not_picked":["Shade:SoulPierce","Shade:PotionOfRestlessness","Shade:Patience"],"picked":"SKIP","floor":8},{"not_picked":["Shade:Bite_Shade","Shade:FeralStrike","Shade:FuneraryArmor"],"picked":"SKIP","floor":10},{"not_picked":["Shade:FleshToFlesh","Shade:FuneraryArmor"],"picked":"Shade:AuraOfUnlife","floor":12},{"not_picked":["Shade:SkeletonHug","Shade:Bite_Shade","Shade:ExtraLimbs"],"picked":"SKIP","floor":15}],"player_experience":513619,"relics_obtained":[{"floor":7,"key":"Juzu Bracelet"},{"floor":8,"key":"Blue Candle"}],"event_choices":[{"damage_healed":0,"gold_gain":0,"player_choice":"Fled","damage_taken":7,"max_hp_gain":0,"max_hp_loss":0,"event_name":"Scrap Ooze","floor":11,"gold_loss":0}],"is_beta":false,"boss_relics":[],"items_purged_floors":[],"is_endless":false,"potions_floor_spawned":[5,12],"killed_by":"IC_STATUS_ARCHETYPE","ascension_level":2}}