{"host":"hixkpep13ay54y5b","time":1611882080,"event":{"mods":["AchievementEnabler","BaseMod","BetterRewards","Colored Map","Hubris","Infinite Spire","Minty Spire (QoL Compilation)","Quick Restart","Replay The Spire","Shop Mod","StSLib","SuperFastMode"],"gold_per_floor":[112,130,146,163,163,163,178,202,254,254,292,305,305,320,320,439,439,452,452,452,470,484,524,524,524],"floor_reached":24,"language":"ENG","playtime":601,"items_purged":["Strike_R"],"score":272,"play_id":"370f4f12-efa5-4d39-bfa3-151e074a4c24","local_time":"20210128200120","is_ascension_mode":false,"campfire_choices":[{"data":"Armaments","floor":6.0,"key":"SMITH"},{"data":"Heavy Blade","floor":10.0,"key":"SMITH"},{"data":"Demon Form","floor":13.0,"key":"SMITH"},{"data":"Defend_R","floor":15.0,"key":"SMITH"}],"circlet_count":0,"master_deck":["Strike_R","Strike_R","Strike_R","Strike_R","Defend_R+1","Defend_R","Defend_R","Defend_R","Bash","Heavy Blade+1","Demon Form+1","Armaments+1","Cleave","Demon Form+1","Twin Strike+1"],"relics":["Burning Blood","Red Skull","Golden Idol","Potion Belt","Centennial Puzzle","SacredBark","Black Star","Bird Faced Urn","Bottled Flame","Nunchaku"],"acts_visited":["Exordium","TheCity"],"potions_floor_usage":[],"damage_taken":[{"damage":0.0,"enemies":"Small Slimes","floor":1.0,"turns":4.0},{"damage":5.0,"enemies":"Jaw Worm","floor":2.0,"turns":4.0},{"damage":6.0,"enemies":"Cultist","floor":3.0,"turns":4.0},{"damage":16.0,"enemies":"Large Slime","floor":4.0,"turns":7.0},{"damage":0.0,"enemies":"Blue Slaver","floor":7.0,"turns":4.0},{"damage":5.0,"enemies":"2 Fungi Beasts","floor":8.0,"turns":4.0},{"damage":10.0,"enemies":"Lagavulin","floor":11.0,"turns":6.0},{"damage":22.0,"enemies":"Gremlin Gang","floor":12.0,"turns":3.0},{"damage":7.0,"enemies":"Blue Slaver","floor":14.0,"turns":3.0},{"damage":20.0,"enemies":"Slime Boss","floor":16.0,"turns":4.0},{"damage":21.0,"enemies":"Shell Parasite","floor":18.0,"turns":4.0},{"damage":37.0,"enemies":"Chosen","floor":21.0,"turns":7.0},{"damage":37.0,"enemies":"Centurion and Healer","floor":22.0,"turns":7.0},{"damage":0.0,"enemies":"Nightmare","floor":23.0,"turns":5.0},{"damage":24,"enemies":"Chosen and Byrds","floor":24,"turns":4}],"seed_played":"6086342899971116803","potions_obtained":[{"floor":2.0,"key":"Toxic Potion"},{"floor":8.0,"key":"Swift Potion"},{"floor":11.0,"key":"Adrenaline Potion"},{"floor":12.0,"key":"Ancient Potion"},{"floor":21.0,"key":"Swift Potion"},{"floor":22.0,"key":"Energy Potion"}],"is_trial":false,"path_per_floor":["M","M","M","M","?","R","M","M","T","R","E","M","R","M","R","B",null,"M","?","AVR","M","M","NM","M"],"character_chosen":"IRONCLAD","items_purchased":[],"campfire_rested":0,"item_purchase_floors":[],"current_hp_per_floor":[80,80,80,70,50,50,56,57,57,57,53,37,37,36,36,22,80,65,65,65,38,9,17,0,0],"gold":524,"neow_bonus":"RANDOM_COMMON_RELIC","is_daily":false,"chose_seed":false,"campfire_upgraded":4,"win_rate":0.0,"timestamp":1611882080,"path_taken":["M","M","M","M","?","R","M","M","T","R","E","M","R","M","R","BOSS","M","?","AVR","M","M","NM","M"],"items_purchased_type":[],"build_version":"2020-12-22","purchased_purges":1,"victory":false,"max_hp_per_floor":[80,80,80,80,80,80,80,80,80,80,80,80,80,80,80,80,80,80,80,80,80,80,80,80,80],"card_choices":[{"not_picked":["Seeing Red","Shrug It Off"],"picked":"Heavy Blade","floor":1.0},{"not_picked":["Shockwave","ReplayTheSpireMod:Strike From Hell"],"picked":"Demon Form","floor":2.0},{"not_picked":["Shrug It Off","True Grit"],"picked":"Armaments","floor":3.0},{"not_picked":["Juggernaut","Iron Wave","Clothesline"],"picked":"SKIP","floor":4.0},{"not_picked":["Sword Boomerang","True Grit","Sever Soul"],"picked":"SKIP","floor":7.0},{"not_picked":["Defy Death","Pommel Strike","Rage"],"picked":"SKIP","floor":8.0},{"not_picked":["Iron Wave","Armaments","Cleave"],"picked":"SKIP","floor":11.0},{"not_picked":["Iron Wave","Armaments"],"picked":"Cleave","floor":11.0},{"not_picked":["Cleave","Demon Form","Run Through"],"picked":"SKIP","floor":12.0},{"not_picked":["Perfected Strike","Body Slam","Warcry"],"picked":"SKIP","floor":14.0},{"not_picked":["Warcry","Entrench","ReplayTheSpireMod:LeadingStrike"],"picked":"SKIP","floor":18.0},{"not_picked":["Flex","Sword Boomerang"],"picked":"Twin Strike+1","floor":21.0},{"not_picked":["Pommel Strike","Headbutt","Twin Strike"],"picked":"SKIP","floor":22.0},{"not_picked":["Run Through","Body Slam","Rupture+1"],"picked":"SKIP","floor":23.0}],"player_experience":154293,"relics_obtained":[{"floor":9.0,"key":"Potion Belt"},{"floor":11.0,"key":"Centennial Puzzle"},{"floor":23.0,"key":"Bottled Flame"},{"floor":23.0,"key":"Nunchaku"}],"event_choices":[{"damage_healed":0.0,"max_hp_gain":0.0,"max_hp_loss":0.0,"gold_gain":0.0,"event_name":"Golden Idol","player_choice":"Take Damage","floor":5.0,"gold_loss":0.0,"damage_taken":20.0,"relics_obtained":["Golden Idol"]},{"damage_healed":0.0,"max_hp_gain":0.0,"max_hp_loss":0.0,"gold_gain":0.0,"event_name":"Duplicator","player_choice":"Copied","floor":19.0,"gold_loss":0.0,"damage_taken":0.0,"cards_obtained":["Demon Form"]}],"is_beta":false,"boss_relics":[{"not_picked":["Replay:Ancient Bell","Painkiller Herb"],"picked":"SacredBark"}],"items_purged_floors":[20],"is_endless":true,"potions_floor_spawned":[2,8,11,12,21,22],"killed_by":"Chosen and Byrds","ascension_level":0}}