{"host":"b7aehbxzgm9n1d2s","time":1611933052,"event":{"mods":["A Magickal Journey","Astrologer","BaseMod","Better Altar","Better Third Choice","Clockwork Mod","Curses Come First","DeckTracker","Disable Question Mark Monsters","Downfall","Gremlin Mod","Highlight Path","Ironclad Rager","Minty Spire (QoL Compilation)","Permanent Neow","Quick Restart","READ ME - Guardian Mod","StSLib","The Cursed","The Death Knight","The Exalted","The Forsaken","The Marked","The Runesmith"],"gold_per_floor":[117,117,80,93,17,17,29,29,52,67,67,84,16,29,29,128,128,138,138,138,156,172,172,172,172],"floor_reached":24,"language":"ENG","playtime":972,"items_purged":[],"score":188,"play_id":"cf84924c-3635-4a27-817b-3ab0a4a62d83","local_time":"20210129161052","is_ascension_mode":false,"campfire_choices":[{"data":"theMarked:EmpowerWeapon","floor":6,"key":"SMITH"},{"data":"theMarked:StartUp","floor":8,"key":"SMITH"},{"data":"theMarked:SoldierOfQuellstein","floor":11,"key":"SMITH"},{"floor":15,"key":"REST"},{"data":"theMarked:TakeOffHeels","floor":23,"key":"SMITH"}],"circlet_count":0,"master_deck":["theMarked:Strike","theMarked:Strike","theMarked:Strike","theMarked:Strike","theMarked:Defend","theMarked:Defend","theMarked:Defend","theMarked:Defend","theMarked:SoldierOfQuellstein+1","theMarked:Challenge","theMarked:EmpowerWeapon+1","theMarked:Opportunist","theMarked:StartUp+1","theMarked:MuscleMemory","theMarked:ElectricStrings","theMarked:Electrify","theMarked:EmpowerWeapon+1","theMarked:Maelstrom","theMarked:Overcharge","theMarked:TakeOffHeels+1","theMarked:Parkour+1","theMarked:EmpowerWeapon","theMarked:SwordAndMagic"],"relics":["theMarked:BronzeBlade","Bronze Scales","Blue Candle"],"acts_visited":["Exordium","TheCity"],"potions_floor_usage":[16,16,21],"damage_taken":[{"damage":0,"enemies":"Small Slimes","floor":1,"turns":4},{"damage":1,"enemies":"Cultist","floor":4,"turns":4},{"damage":6,"enemies":"Jaw Worm","floor":7,"turns":3},{"damage":10,"enemies":"Blue Slaver","floor":10,"turns":3},{"damage":24,"enemies":"Gremlin Gang","floor":12,"turns":4},{"damage":1,"enemies":"3 Louse","floor":14,"turns":2},{"damage":28,"enemies":"The Guardian","floor":16,"turns":7},{"damage":3,"enemies":"3 Byrds","floor":18,"turns":3},{"damage":5,"enemies":"Spheric Guardian","floor":21,"turns":3},{"damage":15,"enemies":"Centurion and Healer","floor":22,"turns":4},{"damage":0,"enemies":"Chosen and Byrds","floor":24,"turns":1}],"seed_played":"-7702305588972659499","potions_obtained":[{"floor":7,"key":"PowerPotion"},{"floor":10,"key":"Swift Potion"},{"floor":14,"key":"DistilledChaos"},{"floor":21,"key":"Swift Potion"},{"floor":22,"key":"EntropicBrew"}],"is_trial":false,"path_per_floor":["M","?","$","M","$","R","M","R","T","M","R","M","$","M","R","B",null,"M","?","?","M","M","R","M"],"character_chosen":"THE_DEFAULT","items_purchased":["theMarked:Opportunist","theMarked:MuscleMemory","theMarked:Maelstrom"],"campfire_rested":1,"item_purchase_floors":[3,5,13],"current_hp_per_floor":[70,70,70,69,69,69,63,63,63,53,53,29,29,28,49,21,70,67,62,62,57,42,42,42,42],"gold":172,"neow_bonus":"ONE_RANDOM_RARE_CARD","is_daily":false,"chose_seed":false,"campfire_upgraded":4,"win_rate":0.0,"timestamp":1611933052,"path_taken":["M","?","$","M","?","R","?","R","T","M","R","M","$","M","R","BOSS","M","?","?","?","M","R","M"],"items_purchased_type":["Card","Card","Card"],"build_version":"2020-12-22","purchased_purges":0,"victory":false,"max_hp_per_floor":[70,70,70,70,70,70,70,70,70,70,70,70,70,70,70,70,70,70,70,70,70,70,70,70,70],"card_choices":[{"not_picked":["theMarked:TakeCover","theMarked:TheMission"],"picked":"theMarked:EmpowerWeapon","floor":1},{"not_picked":["theMarked:TwofoldDefense","theMarked:Reabsorb"],"picked":"theMarked:StartUp","floor":4},{"not_picked":["theMarked:WastefulAttack","theMarked:TakeCover"],"picked":"theMarked:ElectricStrings","floor":7},{"not_picked":["theMarked:BanishingStrike","theMarked:Improvise"],"picked":"theMarked:Electrify","floor":10},{"not_picked":["theMarked:Memento","theMarked:TakeCover"],"picked":"theMarked:EmpowerWeapon","floor":12},{"not_picked":["theMarked:MysticalArsenal","theMarked:Improvise"],"picked":"theMarked:Overcharge","floor":14},{"not_picked":["theMarked:EternalStudent","theMarked:MagusForm"],"picked":"theMarked:TakeOffHeels","floor":16},{"not_picked":["theMarked:Standoff","theMarked:Memento+1"],"picked":"theMarked:Parkour+1","floor":18},{"not_picked":["theMarked:TunnelVision+1","theMarked:Parkour"],"picked":"theMarked:EmpowerWeapon","floor":21},{"not_picked":["theMarked:TakeCover","theMarked:Friction"],"picked":"theMarked:SwordAndMagic","floor":22}],"player_experience":162213,"relics_obtained":[{"floor":9,"key":"Bronze Scales"}],"event_choices":[{"cards_removed":["theMarked:Strike"],"damage_healed":0,"gold_gain":0,"player_choice":"Purged","damage_taken":0,"max_hp_gain":0,"max_hp_loss":0,"event_name":"Purifier","floor":2,"gold_loss":0},{"damage_healed":0,"gold_gain":0,"player_choice":"Upgraded","damage_taken":0,"max_hp_gain":0,"max_hp_loss":0,"event_name":"Upgrade Shrine","floor":20,"gold_loss":0,"cards_upgraded":["theMarked:EmpowerWeapon"]}],"is_beta":false,"boss_relics":[{"not_picked":["Runesmith:UraniumAnvil","Bromod:ArcaneBarrier"],"picked":"theMarked:BronzeBlade"}],"items_purged_floors":[],"is_endless":false,"potions_floor_spawned":[7,10,14,21,22],"killed_by":"Chosen and Byrds","ascension_level":0}}