{"host":"n9lc5i44t98l6pio","time":1611917199,"event":{"mods":["BaseMod","Curses Come First","Downfall","Minty Spire (QoL Compilation)","Replay The Spire","Say the Spire","StSLib"],"gold_per_floor":[349,341,363,381,400,423,493,511,511,411,411,111,111,76,86,199,199,199,218,242,252,267,267,267,287,287,187,143,143,143,143],"floor_reached":29,"language":"ENG","playtime":1302,"items_purged":["Replay:Hysterical Blindness"],"score":267,"play_id":"e33a36d5-fd30-444b-a665-0e7b979b197c","local_time":"20210129114639","is_ascension_mode":false,"campfire_choices":[{"floor":1.0,"key":"RECALL"},{"floor":10.0,"key":"REST"},{"data":"hexamod:VolcanoVisage","floor":13.0,"key":"SMITH"},{"floor":27,"key":"REST"}],"circlet_count":0,"master_deck":["hexamod:Strike","hexamod:Strike","hexamod:Strike","hexamod:Strike","hexamod:Defend","hexamod:Defend","hexamod:Defend","hexamod:Defend","hexamod:Sear","hexamod:Float","hexamod:FirstSeal","hexamod:SecondSeal","hexamod:GhostflameBarrier","hexamod:RadiantFlame","hexamod:SoulSteal","hexamod:BurningTouch+1","hexamod:Firestarter","hexamod:VolcanoVisage+1","hexamod:EmpoweredFlame","hexamod:UnlimitedPower","hexamod:ThirdSeal","hexamod:DynamicBlow","hexamod:BurningTouch","hexamod:HexaLevel","hexamod:SearingWound+1","hexamod:Incineration+1","hexamod:RadiantFlame","hexamod:ChargedBarrage","hexamod:FirstSeal","hexamod:GhostflameInferno","hexamod:BurningTouch","hexamod:SkipABeat","hexamod:ParanormalForm","hexamod:SpectersWail","hexamod:FourthSeal"],"relics":["hexamod:SpiritBrand","The Courier","Juzu Bracelet","downfall:HeartBlessingRed","White Beast Statue","SlaversCollar","downfall:HeartBlessingBlue"],"acts_visited":["Exordium","TheCity"],"potions_floor_usage":[16,16,16,21,21,28,29],"damage_taken":[{"damage":7.0,"enemies":"2 Louse","floor":3.0,"turns":3.0},{"damage":2.0,"enemies":"Jaw Worm","floor":4.0,"turns":5.0},{"damage":5.0,"enemies":"Small Slimes","floor":5.0,"turns":4.0},{"damage":14.0,"enemies":"Large Slime","floor":6.0,"turns":6.0},{"damage":14.0,"enemies":"Red Slaver","floor":8.0,"turns":5.0},{"damage":0.0,"enemies":"downfall:FleeingMerchant","floor":12.0,"turns":4.0},{"damage":15.0,"enemies":"downfall:FleeingMerchant","floor":14.0,"turns":4.0},{"damage":26.0,"enemies":"Gremlin Gang","floor":15.0,"turns":3.0},{"damage":21,"enemies":"IC_STATUS_ARCHETYPE","floor":16,"turns":7},{"damage":31,"enemies":"3 Byrds","floor":19,"turns":5},{"damage":8,"enemies":"Snecko","floor":20,"turns":5},{"damage":17,"enemies":"Snake Plant","floor":21,"turns":4},{"damage":7,"enemies":"Sentry and Sphere","floor":22,"turns":4},{"damage":22,"enemies":"Snecko","floor":25,"turns":4},{"damage":5,"enemies":"downfall:FleeingMerchant","floor":28,"turns":4},{"damage":63,"enemies":"Slavers","floor":29,"turns":3}],"seed_played":"529036828265055148","potions_obtained":[{"floor":5.0,"key":"Dexterity Potion"},{"floor":6.0,"key":"LiquidMemories"},{"floor":14.0,"key":"Fire Potion"},{"floor":15.0,"key":"Weak Potion"},{"floor":16,"key":"BlessingOfTheForge"},{"floor":19,"key":"EssenceOfSteel"},{"floor":20,"key":"Elixir"},{"floor":21,"key":"Weak Potion"},{"floor":22,"key":"Reflective Coating"},{"floor":28,"key":"FearPotion"}],"is_trial":false,"path_per_floor":["R","?","M","M","M","M","T","M","?","R","?","$","R","$","M","B",null,"R","M","M","M","M","?","T","M","?","R","$","E"],"character_chosen":"THE_SPIRIT","items_purchased":["hexamod:EmpoweredFlame","White Beast Statue","hexamod:ThirdSeal","hexamod:FourthSeal"],"campfire_rested":2,"item_purchase_floors":[12,12,14,28],"current_hp_per_floor":[70,63,63,68,70,63,63,56,44,65,65,70,70,62,36,15,70,70,46,45,35,42,42,42,27,27,61,63,0,0,0],"gold":143,"neow_bonus":"TWO_FIFTY_GOLD","is_daily":false,"chose_seed":false,"campfire_upgraded":1,"win_rate":0.0,"timestamp":1611917199,"path_taken":["R","?","M","M","M","M","T","M","?","R","?","$","R","$","M","BOSS","R","M","M","M","M","?","T","M","?","R","$","E"],"items_purchased_type":["Card","Relic","Card","Card"],"build_version":"2020-12-22","purchased_purges":1,"victory":false,"max_hp_per_floor":[70,70,70,70,70,70,70,70,70,70,70,70,70,70,70,70,70,70,70,70,70,70,70,70,70,70,80,80,80,80,80],"card_choices":[{"not_picked":["hexamod:Firestarter","hexamod:Hexaguard"],"picked":"hexamod:GhostflameBarrier","floor":3.0},{"not_picked":["hexamod:AdvancingGuard","hexamod:HauntingEcho"],"picked":"hexamod:RadiantFlame","floor":4.0},{"not_picked":["hexamod:BacktrackSmack","hexamod:PowerFromBeyond"],"picked":"hexamod:SoulSteal","floor":5.0},{"not_picked":["hexamod:AdvancingGuard","hexamod:PhantomFireball"],"picked":"hexamod:BurningTouch","floor":6.0},{"not_picked":["hexamod:NightmareGuise","hexamod:Hexaguard"],"picked":"hexamod:Firestarter","floor":8.0},{"not_picked":["hexamod:PowerFromBeyond","hexamod:EmpoweredFlame"],"picked":"hexamod:VolcanoVisage","floor":12.0},{"not_picked":["hexamod:BacktrackSmack","hexamod:Hexaguard"],"picked":"hexamod:UnlimitedPower","floor":14.0},{"not_picked":["hexamod:InspiringFlames","hexamod:EtherealExpedition"],"picked":"hexamod:DynamicBlow","floor":15.0},{"not_picked":["hexamod:Haunt","hexamod:AdvancingGuard"],"picked":"hexamod:BurningTouch","floor":15.0},{"not_picked":["hexamod:GhostflameInferno","hexamod:UnlimitedPower"],"picked":"hexamod:HexaLevel","floor":16},{"not_picked":["hexamod:TimeOfNeed","hexamod:TimeWarp"],"picked":"hexamod:SearingWound","floor":16},{"not_picked":["hexamod:GhostLash","hexamod:EmpoweredFlame+1"],"picked":"hexamod:Incineration+1","floor":19},{"not_picked":["hexamod:GhostLash+1","hexamod:SwordOfDarkness"],"picked":"hexamod:RadiantFlame","floor":19},{"not_picked":["hexamod:NightmareGuise","hexamod:Firestarter"],"picked":"hexamod:ChargedBarrage","floor":20},{"not_picked":["hexamod:SuperheatedStrike","hexamod:NightmareStrike+1"],"picked":"hexamod:FirstSeal","floor":20},{"not_picked":["hexamod:FirstSeal","hexamod:FlamesFromBeyond"],"picked":"hexamod:GhostflameInferno","floor":21},{"not_picked":["hexamod:GhostShield","hexamod:BacktrackSmack"],"picked":"hexamod:BurningTouch","floor":22},{"not_picked":["hexamod:SpectersWail","hexamod:NightmareGuise"],"picked":"hexamod:SkipABeat","floor":25},{"not_picked":["hexamod:Hexaguard+1","hexamod:Rewind"],"picked":"hexamod:ParanormalForm","floor":28},{"not_picked":["hexamod:NightmareStrike+1","hexamod:PowerFromBeyond"],"picked":"hexamod:SpectersWail","floor":28}],"player_experience":230157,"relics_obtained":[{"floor":7.0,"key":"The Courier"}],"event_choices":[{"damage_healed":0.0,"max_hp_gain":0.0,"max_hp_loss":0.0,"gold_gain":0.0,"event_name":"Scrap Ooze","player_choice":"Success","floor":9.0,"gold_loss":0.0,"damage_taken":12.0,"relics_obtained":["Juzu Bracelet"]},{"damage_healed":0.0,"max_hp_gain":0.0,"max_hp_loss":0.0,"gold_gain":0.0,"event_name":"Living Wall","player_choice":"Grow","floor":11.0,"gold_loss":0.0,"damage_taken":0.0,"cards_upgraded":["hexamod:BurningTouch"]},{"damage_healed":0,"gold_gain":0,"player_choice":"Ignored","damage_taken":0,"max_hp_gain":0,"max_hp_loss":0,"event_name":"Vampires","floor":26,"gold_loss":0}],"is_beta":false,"boss_relics":[{"not_picked":["Busted Crown","Abe\u0027s Treasure"],"picked":"SlaversCollar"}],"items_purged_floors":[12],"is_endless":false,"potions_floor_spawned":[5,6,14,15,16,19,20,21,22,25,28],"killed_by":"Slavers","ascension_level":0}}