{"host":"u8jm3mkzbb0z8q6m","time":1611880816,"event":{"mods":["BaseMod","Challenge The Spire","Colored Powertips","Minty Spire (QoL Compilation)","Quick Restart","Replay The Spire","Spicy Shops","StSLib","¡¾ÒÅÎï¿¨ÅÆ¡¿REMEMod"],"gold_per_floor":[1000,415,522,547,579,579,579,579,659,659],"floor_reached":9,"language":"ZHS","playtime":747,"items_purged":["Strike_G"],"score":75,"play_id":"d8424dc3-2fe3-45c6-b662-bc290e7b5f25","local_time":"20210129094016","daily_mods":["challengethespire:Bronze Difficulty","challengethespire:Elite Rush","Uncertain Future"],"is_ascension_mode":false,"campfire_choices":[{"floor":7,"key":"REST"},{"floor":8,"key":"REST"}],"circlet_count":0,"master_deck":["Strike_G","Strike_G","Strike_G","Strike_G","Defend_G","Defend_G","Defend_G","Defend_G","Defend_G","Survivor+1","Neutralize","REME_WheelOfFate+1","Doubt","Accuracy","Hidden Blade","Quick Slash","Dagger Throw","Prepared","Expertise","AbeCurse"],"relics":["Ring of the Snake","Black Star","Sling","PreservedInsect","REME_ComplimentaryCards","REME_LimitBreaker","Nunchaku","Gremlin Food","Vajra","Pen Nib","White Beast Statue","Ornamental Fan","Smiling Mask","Regal Pillow","Abe\u0027s Treasure"],"acts_visited":["Exordium"],"potions_floor_usage":[],"damage_taken":[{"damage":60,"enemies":"Gremlin Nob","floor":3,"turns":6},{"damage":1,"enemies":"3 Sentries","floor":4,"turns":8},{"damage":13,"enemies":"Lagavulin","floor":5,"turns":5},{"damage":22,"enemies":"Slavers","floor":9,"turns":2}],"seed_played":"-7699149557985258641","potions_obtained":[{"floor":4,"key":"Energy Potion"},{"floor":5,"key":"CunningPotion"}],"is_trial":true,"path_per_floor":["$","$","E","E","E","T","R","R","E"],"character_chosen":"THE_SILENT","items_purchased":["REME_LimitBreaker","Nunchaku","Gremlin Food","Accuracy","Hidden Blade","Quick Slash"],"campfire_rested":2,"item_purchase_floors":[2,2,2,2,2,2],"current_hp_per_floor":[70,70,10,29,16,16,52,70,48,48],"gold":659,"neow_bonus":"","is_daily":false,"chose_seed":false,"campfire_upgraded":0,"win_rate":0.0,"timestamp":1611880816,"path_taken":["$","$","E","E","E","T","R","R","E"],"items_purchased_type":["Relic","Relic","Relic","Card","Card","Card"],"build_version":"2020-12-22","purchased_purges":1,"victory":false,"max_hp_per_floor":[70,70,70,70,70,70,70,70,70,70],"card_choices":[],"player_experience":18366,"relics_obtained":[{"floor":3,"key":"Vajra"},{"floor":3,"key":"Pen Nib"},{"floor":4,"key":"White Beast Statue"},{"floor":4,"key":"Ornamental Fan"},{"floor":5,"key":"Smiling Mask"},{"floor":5,"key":"Regal Pillow"}],"event_choices":[],"is_beta":false,"boss_relics":[{"not_picked":["Replay:Grab Bag","Replay:Ancient Bell"],"picked":"Abe\u0027s Treasure"}],"items_purged_floors":[2],"is_endless":false,"potions_floor_spawned":[4,5],"killed_by":"Slavers","ascension_level":0}}