{"host":"pyelotildgrd5mks","time":1611936981,"event":{"mods":["BaseMod","Downfall","Minty Spire (QoL Compilation)","Quick Restart","StSLib"],"gold_per_floor":[99,99,24,124,124,139,163,198,198,210,224,324,324,355,368,470,470,370,389,406,194,211,245,269,284,369,401,187,198,198,214,229,326,326,326,343,360,401,401,416,416,445,462,488,488,520,538,538,558,558],"floor_reached":51,"language":"ZHS","playtime":3039,"items_purged":["champ:Strike","champ:PreemptiveStrike","champ:Strike","champ:Defend"],"score":995,"play_id":"098e8e8c-4813-4744-b4d3-5a7915067f9f","local_time":"20210130001621","is_ascension_mode":true,"campfire_choices":[{"data":"champ:Taunt","floor":1.0,"key":"SMITH"},{"data":"champ:HeavySlash","floor":9.0,"key":"SMITH"},{"data":"champ:RageSigil","floor":13.0,"key":"SMITH"},{"data":"champ:BringItOn","floor":18.0,"key":"SMITH"},{"data":"champ:Devastate","floor":30.0,"key":"SMITH"},{"data":"champ:UltimateStance","floor":35.0,"key":"SMITH"},{"data":"champ:VampiricStrike","floor":45,"key":"SMITH"}],"circlet_count":0,"master_deck":["champ:Defend","champ:Execute+1","champ:Taunt+1","champ:SwordSigil+1","champ:Devastate+1","champ:BringItOn+1","champ:HeavySlash+1","champ:FanOfKnives","champ:RageSigil+1","champ:CalledShot+1","champ:Improvising","champ:DefensiveShout+1","champ:VampiricStrike+1","champ:ShieldSlam+1","champ:UltimateStance+1","champ:GladiatorForm+1","champ:MurderStrike+1","champ:ShieldSigil+1","champ:RageSigil+1"],"relics":["champ:ChampionCrown","downfall:HeartsMalice","CloakClasp","Guardian:PocketSentry","Smiling Mask","White Beast Statue","hexamod:CandleOfCauterizing","champ:PowerArmor","downfall:HeartBlessingGreen","champ:Barbells","Singing Bowl","Centennial Puzzle","Gremlin Horn","Medical Kit","Astrolabe","Frozen Egg 2","Bottled Tornado","Omamori","hexamod:Sixitude","StrikeDummy"],"acts_visited":["Exordium","TheCity","TheBeyond"],"potions_floor_usage":[50],"damage_taken":[{"damage":0.0,"enemies":"downfall:FleeingMerchant","floor":3.0,"turns":1.0},{"damage":0.0,"enemies":"downfall:FleeingMerchant","floor":4.0,"turns":1.0},{"damage":0.0,"enemies":"2 Louse","floor":5.0,"turns":1.0},{"damage":10.0,"enemies":"Cultist","floor":6.0,"turns":3.0},{"damage":30.0,"enemies":"Gremlin Nob","floor":8.0,"turns":4.0},{"damage":26.0,"enemies":"Jaw Worm","floor":10.0,"turns":3.0},{"damage":6.0,"enemies":"Exordium Wildlife","floor":11.0,"turns":2.0},{"damage":47.0,"enemies":"downfall:LadyInBlue","floor":12.0,"turns":9.0},{"damage":46.0,"enemies":"3 Sentries","floor":14.0,"turns":9.0},{"damage":15.0,"enemies":"Large Slime","floor":15.0,"turns":5.0},{"damage":75.0,"enemies":"DF_ARCHETYPE_STREAMLINE","floor":16.0,"turns":11.0},{"damage":25.0,"enemies":"Chosen","floor":19.0,"turns":4.0},{"damage":10.0,"enemies":"Snecko","floor":20.0,"turns":5.0},{"damage":10.0,"enemies":"downfall:FleeingMerchant","floor":21.0,"turns":4.0},{"damage":17.0,"enemies":"Snake Plant","floor":22.0,"turns":4.0},{"damage":35.0,"enemies":"Slavers","floor":23.0,"turns":5.0},{"damage":41.0,"enemies":"Shelled Parasite and Fungi","floor":25.0,"turns":5.0},{"damage":28.0,"enemies":"Book of Stabbing","floor":27.0,"turns":6.0},{"damage":10.0,"enemies":"downfall:FleeingMerchant","floor":28.0,"turns":4.0},{"damage":10.0,"enemies":"Snecko","floor":29.0,"turns":4.0},{"damage":25.0,"enemies":"Centurion and Healer","floor":31.0,"turns":3.0},{"damage":14.0,"enemies":"Snake Plant","floor":32.0,"turns":2.0},{"damage":56.0,"enemies":"WA_ARCHETYPE_CALM","floor":33.0,"turns":9.0},{"damage":16.0,"enemies":"3 Shapes","floor":36.0,"turns":3.0},{"damage":23.0,"enemies":"Orb Walker","floor":37.0,"turns":3.0},{"damage":70,"enemies":"downfall:FleeingMerchant","floor":38,"turns":4},{"damage":63,"enemies":"Spire Growth","floor":40,"turns":3},{"damage":71,"enemies":"Reptomancer","floor":42,"turns":3},{"damage":55,"enemies":"3 Darklings","floor":43,"turns":3},{"damage":85,"enemies":"Nemesis","floor":44,"turns":3},{"damage":40,"enemies":"Reptomancer","floor":46,"turns":2},{"damage":154,"enemies":"Transient","floor":47,"turns":5},{"damage":42,"enemies":"4 Shapes","floor":49,"turns":2},{"damage":178,"enemies":"IC_BLOCK_ARCHETYPE","floor":50,"turns":6}],"seed_played":"2467827139856552673","potions_obtained":[{"floor":8.0,"key":"champ:TechniquePotion"},{"floor":11.0,"key":"DistilledChaos"},{"floor":12.0,"key":"ColorlessPotion"},{"floor":12.0,"key":"DistilledChaos"},{"floor":14.0,"key":"Fire Potion"},{"floor":15.0,"key":"Energy Potion"},{"floor":16.0,"key":"Fire Potion"},{"floor":20.0,"key":"SkillPotion"},{"floor":23.0,"key":"Weak Potion"},{"floor":25.0,"key":"Regen Potion"},{"floor":27.0,"key":"Dexterity Potion"},{"floor":28.0,"key":"DuplicationPotion"},{"floor":29.0,"key":"ColorlessPotion"},{"floor":31.0,"key":"FairyPotion"},{"floor":36.0,"key":"Fire Potion"},{"floor":47,"key":"champ:UltimateStancePotion"}],"is_trial":false,"path_per_floor":["R","?","$","?","M","M","T","E","R","M","M","?","R","E","M","B",null,"R","M","M","$","M","E","T","M","?","E","$","M","R","M","M","B",null,"R","M","M","$","?","M","T","E","M","E","R","E","M","?","M","B",null],"character_chosen":"THE_CHAMP","items_purchased":["champ:Barbells","Medical Kit","Frozen Egg 2"],"campfire_rested":0,"item_purchase_floors":[21,28,38],"current_hp_per_floor":[90,90,90,90,90,90,90,80,80,79,73,56,56,45,45,15,90,90,90,90,90,83,68,68,52,34,36,36,38,38,40,38,17,96,96,85,84,86,110,109,109,95,97,99,99,101,94,94,79,71],"gold":558,"neow_bonus":"THREE_ENEMY_KILL","is_daily":false,"chose_seed":false,"campfire_upgraded":7,"win_rate":0.0,"timestamp":1611936981,"path_taken":["R","?","?","?","M","M","T","E","R","M","?","?","R","E","M","BOSS","R","M","M","$","?","E","T","M","?","E","$","M","R","M","M","BOSS","R","M","M","$","?","M","T","E","M","E","R","E","?","?","M","BOSS"],"items_purchased_type":["Relic","Relic","Relic"],"build_version":"2020-12-22","purchased_purges":4,"victory":true,"max_hp_per_floor":[90,90,90,90,90,90,90,90,90,90,90,90,90,90,90,90,90,90,90,90,90,90,90,90,90,90,90,90,92,92,94,96,96,96,96,96,98,100,110,112,112,114,116,118,118,120,122,122,124,124],"card_choices":[{"not_picked":["champ:FocusedBerserking","champ:Haymaker"],"picked":"champ:SwordSigil","floor":3.0},{"not_picked":["champ:ShieldSigil","champ:BerserkersShout"],"picked":"champ:PreemptiveStrike","floor":4.0},{"not_picked":["champ:BerserkerStyle","champ:StanceDance"],"picked":"champ:Devastate","floor":5.0},{"not_picked":["champ:GutPunch","champ:Backstep"],"picked":"champ:BringItOn","floor":6.0},{"not_picked":["champ:Shatter","champ:RisingSlash"],"picked":"champ:HeavySlash","floor":8.0},{"not_picked":["champ:BladeFlurry","champ:BerserkersShout"],"picked":"champ:FanOfKnives","floor":10.0},{"not_picked":["champ:AdrenalArmor","champ:Haymaker","champ:PreciseThrust"],"picked":"SKIP","floor":11.0},{"not_picked":["champ:Shatter","champ:PerfectedStrike"],"picked":"champ:RageSigil","floor":12.0},{"not_picked":["champ:FanOfKnives","champ:RageSigil","champ:Haymaker"],"picked":"SKIP","floor":14.0},{"not_picked":["champ:Encircle","champ:AdrenalArmor","champ:FlashCut"],"picked":"SKIP","floor":15.0},{"not_picked":["champ:LastStand","champ:Devastate"],"picked":"champ:GladiatorForm","floor":16.0},{"not_picked":["champ:Shatter","champ:FlashCut","champ:BladeFlurry"],"picked":"SKIP","floor":19.0},{"not_picked":["champ:Parry","champ:Circumvent"],"picked":"champ:CalledShot+1","floor":20.0},{"not_picked":["champ:PerfectedStrike+1","champ:DefensiveShout","champ:PreciseThrust"],"picked":"SKIP","floor":21.0},{"not_picked":["champ:PerfectedStrike","champ:StanceDance","champ:CrownThrow"],"picked":"SKIP","floor":22.0},{"not_picked":["champ:GutPunch","champ:ShieldThrow"],"picked":"champ:Improvising","floor":23.0},{"not_picked":["champ:FlashCut","champ:BringItOn+1"],"picked":"champ:DefensiveShout+1","floor":25.0},{"not_picked":["champ:IronFortress","champ:StanceDance"],"picked":"champ:VampiricStrike","floor":27.0},{"not_picked":["champ:DefensiveShout+1","champ:BerserkersShout"],"picked":"champ:ShieldSlam+1","floor":28.0},{"not_picked":["champ:GutPunch","champ:CheapShot","champ:EnragedBash"],"picked":"Singing Bowl","floor":29.0},{"not_picked":["champ:RapidStrikes","champ:RageSigil","champ:FaceSlap"],"picked":"Singing Bowl","floor":31.0},{"not_picked":["champ:ShieldSigil","champ:Backstep","champ:ShieldWall"],"picked":"Singing Bowl","floor":32.0},{"not_picked":["champ:HoldFirm","champ:LastStand"],"picked":"champ:UltimateStance","floor":33.0},{"not_picked":["champ:SwordSigil","champ:TornadoPunch+1"],"picked":"champ:RageSigil+1","floor":36.0},{"not_picked":["champ:BladeFlurry","champ:CrookedStrike+1","champ:FanOfKnives+1"],"picked":"Singing Bowl","floor":37.0},{"not_picked":["champ:PreciseThrust","champ:CalledShot","champ:StanceDance+1"],"picked":"Singing Bowl","floor":38},{"not_picked":["champ:DefensiveStyle+1","champ:PerfectedStrike","champ:Circumvent"],"picked":"Singing Bowl","floor":40},{"not_picked":["champ:FanOfKnives+1","champ:GladiatorStyle+1","champ:TornadoPunch+1"],"picked":"Singing Bowl","floor":42},{"not_picked":["champ:FalseCounter+1","champ:GutPunch","champ:BerserkersShout+1"],"picked":"Singing Bowl","floor":43},{"not_picked":["champ:Duel+1","champ:TripleStrike","champ:RageSigil"],"picked":"Singing Bowl","floor":44},{"not_picked":["champ:AdrenalArmor+1","champ:PerfectedStrike+1","champ:ShieldWall+1"],"picked":"Singing Bowl","floor":46},{"not_picked":["champ:StanceDance+1","champ:DefensiveStyle+1","champ:CrownThrow+1"],"picked":"Singing Bowl","floor":47},{"not_picked":["champ:Haymaker","champ:GladiatorStyle+1","champ:PreemptiveStrike"],"picked":"Singing Bowl","floor":49}],"player_experience":671663,"relics_obtained":[{"floor":4.0,"key":"CloakClasp"},{"floor":7.0,"key":"Guardian:PocketSentry"},{"floor":8.0,"key":"Smiling Mask"},{"floor":12.0,"key":"White Beast Statue"},{"floor":14.0,"key":"hexamod:CandleOfCauterizing"},{"floor":23.0,"key":"Singing Bowl"},{"floor":24.0,"key":"Centennial Puzzle"},{"floor":27.0,"key":"Gremlin Horn"},{"floor":41,"key":"Bottled Tornado"},{"floor":42,"key":"Omamori"},{"floor":44,"key":"hexamod:Sixitude"},{"floor":46,"key":"StrikeDummy"}],"event_choices":[{"cards_removed":["champ:GladiatorForm"],"damage_healed":14,"gold_gain":0,"player_choice":"Offered Rare","damage_taken":0,"max_hp_gain":10,"max_hp_loss":0,"event_name":"Bonfire Elementals","floor":39,"gold_loss":0}],"is_beta":false,"boss_relics":[{"not_picked":["Empty Cage","SlaversCollar"],"picked":"champ:PowerArmor"},{"not_picked":["Runic Pyramid","Pandora\u0027s Box"],"picked":"Astrolabe"}],"items_purged_floors":[3,21,28,38],"is_endless":false,"potions_floor_spawned":[8,11,14,15,16,19,20,21,22,23,25,27,28,29,31,32,33,36,37,38,40,42,43,44,46,47,49],"ascension_level":2}}