{"host":"oeqgep2lwmjgysjb","time":1611889733,"event":{"mods":["AchievementEnabler","Aspiration","BaseMod","BetterRewards","Colored Powertips","Conspire","Custom Start","Downfall","Hubris","Infinite Spire","Minty Spire (QoL Compilation)","Quick Restart","Replay The Spire","Shop Mod","StSLib","The Hierophant","The Poker Player","The Runesmith"],"gold_per_floor":[119,119,138,153,228,228,248,278,361,373,335,360,388,400,412,523,535,563,587,599,621,633,678,703,715,727,756,768,501,501,518,518,616,616,632,650,650,669,689,707,727,727,797,797,816,816,816,816],"floor_reached":47,"language":"ENG","playtime":4910,"items_purged":["Runesmith:Strike_RS","Runesmith:Strike_RS","Runesmith:Defend_RS","Runesmith:Strike_RS","Runesmith:Strike_RS"],"score":553,"play_id":"2b3ecadf-d118-4e29-a154-f63e2e5a05de","local_time":"20210129140853","is_ascension_mode":false,"campfire_choices":[{"floor":6,"key":"REST"},{"floor":10,"key":"REST"},{"floor":15,"key":"REST"},{"floor":28,"key":"RECALL"},{"data":"Runesmith:PoweredAnvil","floor":30,"key":"SMITH"},{"floor":32,"key":"REST"},{"floor":42,"key":"REST"},{"floor":46,"key":"REST"}],"circlet_count":0,"master_deck":["Runesmith:CraftFirestone","Runesmith:Fortify","Runesmith:Permafrost","Runesmith:Firewall","Runesmith:Firestorm","Runesmith:CraftMagma","Runesmith:CraftMagma","Runesmith:Grindstone","Runesmith:Grindstone","Runesmith:Refine","Runesmith:Supernova","Runesmith:PerfectChisel","Runesmith:CraftVitae+1","Runesmith:CraftIncendium+1","Runesmith:PoweredAnvil+1","Runesmith:Reinforce+1","infinitespire:FutureSight","Parasite","Runesmith:CraftMagma+1","Runesmith:PoweredAnvil+1","Runesmith:Firestorm+1"],"relics":["Runesmith:BrokenRuby","CaptainsWheel","MawBank","conspire:Flyswatter","hubris:Towel","Painkiller Herb","Ancient Tea Set","MealTicket","Iron Hammer","Replay:Bronze Core","hubris:Potato","hubris:TinFlute"],"acts_visited":["Exordium","TheCity","TheBeyond"],"potions_floor_usage":[8,8,13,27,33,33,33,39,41,47],"damage_taken":[{"damage":4,"enemies":"Jaw Worm","floor":1,"turns":6},{"damage":0,"enemies":"Cultist","floor":3,"turns":5},{"damage":0,"enemies":"Small Slimes","floor":4,"turns":4},{"damage":6,"enemies":"2 Fungi Beasts","floor":7,"turns":4},{"damage":5,"enemies":"3 Sentries","floor":8,"turns":14},{"damage":4,"enemies":"Large Slime","floor":12,"turns":6},{"damage":8,"enemies":"Exordium Thugs","floor":13,"turns":6},{"damage":0,"enemies":"Fading Forest","floor":16,"turns":11},{"damage":0,"enemies":"Spheric Guardian","floor":18,"turns":6},{"damage":0,"enemies":"Chosen","floor":19,"turns":7},{"damage":0,"enemies":"conspire:HollyBat","floor":21,"turns":7},{"damage":0,"enemies":"Nightmare","floor":23,"turns":8},{"damage":11,"enemies":"Shelled Parasite and Fungi","floor":24,"turns":6},{"damage":20,"enemies":"Centurion and Healer","floor":27,"turns":6},{"damage":21,"enemies":"Snake Plant","floor":31,"turns":5},{"damage":8,"enemies":"conspire:MysteriousRune","floor":33,"turns":6},{"damage":6,"enemies":"Orb Walker","floor":35,"turns":5},{"damage":18,"enemies":"3 Shapes","floor":36,"turns":4},{"damage":15,"enemies":"Writhing Mass","floor":38,"turns":6},{"damage":2,"enemies":"Transient","floor":39,"turns":5},{"damage":9,"enemies":"Sphere and 2 Shapes","floor":40,"turns":3},{"damage":12,"enemies":"Maw","floor":41,"turns":6},{"damage":28,"enemies":"Jaw Worm Horde","floor":45,"turns":5},{"damage":30,"enemies":"3 Darklings","floor":47,"turns":2}],"seed_played":"6772405217612537083","potions_obtained":[{"floor":1,"key":"Adrenaline Potion"},{"floor":4,"key":"PowerPotion"},{"floor":8,"key":"LifebloodPotion"},{"floor":13,"key":"SteroidPotion"},{"floor":21,"key":"champ:CounterPotion"},{"floor":23,"key":"AttackPotion"},{"floor":24,"key":"champ:CounterPotion"},{"floor":27,"key":"Fire Potion"},{"floor":33,"key":"BlessingOfTheForge"},{"floor":35,"key":"conspire:TimeTravelPotion"},{"floor":38,"key":"EssenceOfSteel"},{"floor":40,"key":"Reflective Coating"}],"is_trial":false,"path_per_floor":["M","?","M","M","?","R","M","E","T","R","?","M","M","?","R","B",null,"?","?","?","?","T","NM","?","AVR","T","?","T","T","T","?","T","B",null,"?","?","AVR","?","?","?","?","T","T","?","?","T","?"],"character_chosen":"RUNESMITH_CLASS","items_purchased":["Runesmith:Permafrost","Runesmith:Firewall","Runesmith:Firestorm","Runesmith:CraftIncendium","Runesmith:PoweredAnvil"],"campfire_rested":6,"item_purchase_floors":[0,0,0,29,29],"current_hp_per_floor":[34,34,34,34,23,42,36,31,31,50,50,46,38,38,57,65,65,65,65,65,65,65,65,54,54,54,34,34,49,49,28,47,39,65,59,41,41,26,24,15,15,34,34,34,6,25,0,0],"gold":816,"neow_bonus":"","is_daily":false,"chose_seed":false,"campfire_upgraded":1,"win_rate":0.0,"timestamp":1611889733,"path_taken":["M","?","?","?","?","R","M","E","T","R","?","M","M","?","R","BOSS","?","?","?","?","T","NM","?","AVR","T","?","T","T","T","?","T","BOSS","?","?","AVR","?","?","?","?","T","T","?","?","T","?"],"items_purchased_type":["Card","Card","Card","Card","Card"],"build_version":"2020-12-22","purchased_purges":5,"victory":false,"max_hp_per_floor":[65,65,65,65,65,65,65,65,65,65,65,65,65,65,65,65,65,65,65,65,65,65,65,65,65,65,65,65,65,65,65,65,65,65,65,65,65,65,65,65,65,65,65,65,65,65,65,65],"card_choices":[{"not_picked":["Runesmith:HammerAndChisel","Runesmith:EarthShield"],"picked":"Runesmith:CraftMagma","floor":1},{"not_picked":["Runesmith:HammerAndChisel","Runesmith:Firewall","Runesmith:Retool"],"picked":"SKIP","floor":3},{"not_picked":["Runesmith:ShiftingStrike","Runesmith:Terraform","Runesmith:Empowerment"],"picked":"SKIP","floor":4},{"not_picked":["Runesmith:BackupBattery","Runesmith:Discharge"],"picked":"Runesmith:CraftMagma","floor":7},{"not_picked":["Runesmith:Discharge","Runesmith:LastStand"],"picked":"Runesmith:Grindstone","floor":8},{"not_picked":["Runesmith:Malloc","Runesmith:MakeshiftArmor"],"picked":"Runesmith:Grindstone","floor":12},{"not_picked":["Runesmith:MakeshiftArmor","Runesmith:Grindstone"],"picked":"Runesmith:Refine","floor":13},{"not_picked":["Runesmith:GrandSlam","Runesmith:CreatorForm"],"picked":"Runesmith:Supernova","floor":16},{"not_picked":["Runesmith:CraftSpiculum","Runesmith:RuneHurl","Runesmith:StaticCage"],"picked":"SKIP","floor":18},{"not_picked":["Runesmith:RunicBlueprint","Runesmith:Prism"],"picked":"Runesmith:PerfectChisel","floor":19},{"not_picked":["Runesmith:RuneHurl","Runesmith:CraftProtectio","Runesmith:EarthShield"],"picked":"SKIP","floor":21},{"not_picked":["Runesmith:ShiftingStrike+1","Runesmith:BackupBattery"],"picked":"Runesmith:CraftVitae+1","floor":23},{"not_picked":["Runesmith:Prism","Runesmith:StaticCage","Runesmith:HammerTime+1"],"picked":"SKIP","floor":24},{"not_picked":["Runesmith:ChiselStab","Runesmith:WhiteBalance","Runesmith:Empowerment"],"picked":"SKIP","floor":27},{"not_picked":["Runesmith:StaticCage","aspiration:UnbridledHammer"],"picked":"Runesmith:Reinforce+1","floor":31},{"not_picked":["Runesmith:EnergizedChisel","Runesmith:Discharge","Runesmith:Grindstone+1"],"picked":"SKIP","floor":35},{"not_picked":["Runesmith:Overpower","Runesmith:HeatExchange+1","Runesmith:Firewall"],"picked":"SKIP","floor":36},{"not_picked":["Runesmith:RuneHurl","Runesmith:Discharge+1"],"picked":"Runesmith:CraftMagma+1","floor":38},{"not_picked":["Runesmith:CraftVitae","Runesmith:EnergizedChisel","Runesmith:ChargedHammer+1"],"picked":"SKIP","floor":39},{"not_picked":["Runesmith:Malloc+1","Runesmith:CraftObretio+1"],"picked":"Runesmith:PoweredAnvil+1","floor":40},{"not_picked":["Runesmith:CraftVitae+1","Runesmith:PerfectChisel+1"],"picked":"Runesmith:Firestorm+1","floor":41},{"not_picked":["Runesmith:CraftIncendium+1","Runesmith:UnstableHammer+1","Runesmith:HammerThrow"],"picked":"SKIP","floor":45}],"player_experience":378967,"relics_obtained":[{"floor":8,"key":"MawBank"},{"floor":9,"key":"conspire:Flyswatter"},{"floor":23,"key":"Ancient Tea Set"},{"floor":26,"key":"Iron Hammer"},{"floor":43,"key":"hubris:TinFlute"}],"event_choices":[{"cards_removed":["Runesmith:Defend_RS"],"damage_healed":0,"gold_gain":0,"player_choice":"Purged","damage_taken":0,"max_hp_gain":0,"max_hp_loss":0,"event_name":"Purifier","floor":2,"gold_loss":0},{"damage_healed":0,"gold_gain":75,"player_choice":"Gather Gold","damage_taken":11,"max_hp_gain":0,"max_hp_loss":0,"event_name":"World of Goop","floor":5,"gold_loss":0},{"cards_removed":["Runesmith:Defend_RS"],"damage_healed":0,"gold_gain":0,"player_choice":"Card Removal","damage_taken":0,"max_hp_gain":0,"max_hp_loss":0,"event_name":"The Cleric","floor":11,"gold_loss":50},{"cards_removed":["Runesmith:Defend_RS"],"damage_healed":0,"gold_gain":0,"player_choice":"Offered Basic","damage_taken":0,"max_hp_gain":0,"max_hp_loss":0,"event_name":"Bonfire Elementals","floor":20,"gold_loss":0}],"is_beta":false,"boss_relics":[{"not_picked":["conspire:RunicOctahedron","ReplayTheSpireMod:DimensionalGlitch"],"picked":"Painkiller Herb"},{"not_picked":["Runesmith:CoreCrystal","bronze:MakeshiftBattery"],"picked":"Replay:Bronze Core"}],"items_purged_floors":[0,0,25,29,37],"is_endless":true,"potions_floor_spawned":[1,4,8,13,21,23,24,27,33,35,38,40],"killed_by":"3 Darklings","ascension_level":0}}