{"host":"p08oqmr389b4tgxi","time":1611907057,"event":{"mods":["Act Like it!","BaseMod","CapriCore","Colored Powertips","Gensokyo","Hallownest","Luminous","Minty Spire (QoL Compilation)","Quick Restart","Relic Stats","StSLib","The Immortal","UnlockEverythingMod","Yakumo Yukari mod","¡¾ÒÅÎï¿¨ÅÆ¡¿REMEMod"],"gold_per_floor":[115,131,144,155,170,277,50,50,127,156,156,189,205,9,9,186,186,197,217,233,233,233,268,268,268,346,371,386,396,396,424,424,603,653,748,767,581,581,678,706,706,816,890,990,602,622,717,733,733,813,813,813,657,720,800],"floor_reached":56,"language":"ZHS","playtime":4444,"items_purged":["MokouMod:Strike","MokouMod:Strike","MokouMod:Strike","MokouMod:Strike"],"score":1441,"play_id":"84a6a304-a054-47ba-9990-8e38a0170b40","local_time":"20210129155737","is_ascension_mode":false,"campfire_choices":[{"data":"MokouMod:InfernalWave","floor":8.0,"key":"SMITH"},{"floor":15.0,"key":"REST"},{"data":"REME_WheelOfFate","floor":24.0,"key":"SMITH"},{"data":"MokouMod:Rekindle","floor":25.0,"key":"SMITH"},{"data":"MokouMod:ThermalPressure","floor":30.0,"key":"SMITH"},{"data":"MokouMod:SearingShot","floor":32.0,"key":"SMITH"},{"data":"MokouMod:Rebirth","floor":41.0,"key":"SMITH"},{"floor":49,"key":"RECALL"},{"data":"MokouMod:RisingSunBarrier","floor":52,"key":"SMITH"}],"circlet_count":0,"master_deck":["MokouMod:Strike","MokouMod:Defend","MokouMod:Defend","MokouMod:Defend","MokouMod:Defend","MokouMod:HeatSpark","REME_WheelOfFate+1","MokouMod:InfernalWave+1","MokouMod:IgnitionBarrier+1","MokouMod:ScorchingColumn","MokouMod:SearingShot+1","MokouMod:SubterraneanCore","MokouMod:EnchantingBambooForest","MokouMod:ThermalPressure+1","MokouMod:Rekindle+1","MokouMod:ScorchedEarth+1","MokouMod:IllusoryBattlefield+1","MokouMod:ResoluteFlare+1","Hallownest:curseDreamersLament","MokouMod:Wildfire+1","MokouMod:Rebirth+1","MokouMod:TemporalFireSeal+1","MokouMod:FujiyamaVolcano+1","Decay","MokouMod:RisingSunBarrier+1","MokouMod:Ember+1","MokouMod:Extinguish"],"relics":["MokouMod:PhoenixFeather","REME_ComplimentaryCards","Bag of Marbles","Strawberry","InkBottle","Blood Vial","HornCleat","Lizard Tail","Hallownest:DreamNailRelic","REME_PuzzleBoxRelic","Membership Card","Cursed Key","Red Mask","WingedGreaves","Darkstone Periapt","Eternal Feather","Potion Belt","Tiny House","ClockworkSouvenir","Bag of Preparation","Akabeko","TheAbacus","Mercury Hourglass","PreservedInsect","REME_CardOfGreed"],"acts_visited":["Exordium","Hallownest:Greenpath","Hallownest:CityofTears","TheEnding"],"potions_floor_usage":[50,50,50,50,50,50,54],"damage_taken":[{"damage":15.0,"enemies":"Hallownest:2_Tiktiks_and_1_Crawlid","floor":1.0,"turns":6.0},{"damage":7.0,"enemies":"Hallownest:2_Baldur","floor":2.0,"turns":4.0},{"damage":4.0,"enemies":"2_ Uuma","floor":3.0,"turns":6.0},{"damage":0.0,"enemies":"Hallownest:monsterAspidMother","floor":4.0,"turns":7.0},{"damage":12.0,"enemies":"Hallownest:Wandering_and_Horned","floor":5.0,"turns":7.0},{"damage":43.0,"enemies":"Hallownest:eliteMossKnight","floor":6.0,"turns":14.0},{"damage":17.0,"enemies":"Hallownest:eliteCrystalGuardian","floor":10.0,"turns":6.0},{"damage":7.0,"enemies":"Hallownest:eliteVengeflyKing","floor":12.0,"turns":10.0},{"damage":4.0,"enemies":"Hallownest:1_Baldur_1_Crawlid_1_Warrior","floor":13.0,"turns":4.0},{"damage":61.0,"enemies":"Hallownest:BossHornet","floor":16.0,"turns":13.0},{"damage":6.0,"enemies":"Hallownest:3_Youths","floor":18.0,"turns":4.0},{"damage":0.0,"enemies":"Hallownest:2_Mistakes","floor":19.0,"turns":4.0},{"damage":4.0,"enemies":"Hallownest:3_Mistakes","floor":20.0,"turns":4.0},{"damage":0.0,"enemies":"Hallownest:Nosk","floor":23.0,"turns":7.0},{"damage":11.0,"enemies":"Hallownest:eliteSoulWarrior","floor":27.0,"turns":6.0},{"damage":27.0,"enemies":"Hallownest:2_Flukemon","floor":28.0,"turns":5.0},{"damage":5.0,"enemies":"Hallownest:Master_and_Novice","floor":29.0,"turns":3.0},{"damage":6.0,"enemies":"Hallownest:Nosk","floor":31.0,"turns":5.0},{"damage":22.0,"enemies":"Hallownest:BossGrimm","floor":33.0,"turns":8.0},{"damage":13.0,"enemies":"Hallownest:3_Siblings","floor":35.0,"turns":7.0},{"damage":19.0,"enemies":"Hallownest:2_Littles","floor":36.0,"turns":5.0},{"damage":1.0,"enemies":"Hallownest:Shield_Sturdy","floor":39.0,"turns":4.0},{"damage":20.0,"enemies":"Hallownest:eliteHiveKnight","floor":40.0,"turns":4.0},{"damage":23.0,"enemies":"Hallownest:eliteCollector","floor":42.0,"turns":7.0},{"damage":3.0,"enemies":"Hallownest:Slobbering_and_Violent","floor":44.0,"turns":5.0},{"damage":26.0,"enemies":"Hallownest:2_Wing_and_1_Kings","floor":46.0,"turns":4.0},{"damage":1.0,"enemies":"Hallownest:Xero_Hu_Marmu","floor":47.0,"turns":4.0},{"damage":2.0,"enemies":"Hallownest:2_Great","floor":48.0,"turns":2.0},{"damage":76,"enemies":"Hallownest:Radiance","floor":50,"turns":9},{"damage":29,"enemies":"Shield and Spear","floor":54,"turns":4},{"damage":7,"enemies":"The Heart","floor":55,"turns":5}],"seed_played":"-5694244656734561980","potions_obtained":[{"floor":1.0,"key":"SmokeBomb"},{"floor":2.0,"key":"Block Potion"},{"floor":4.0,"key":"Fire Potion"},{"floor":13.0,"key":"SneckoOil"},{"floor":16.0,"key":"Strength Potion"},{"floor":19.0,"key":"Explosive Potion"},{"floor":31.0,"key":"SteroidPotion"},{"floor":34.0,"key":"REME_GoldPotion"},{"floor":35.0,"key":"Strength Potion"}],"is_trial":false,"path_per_floor":["M","M","M","M","M","E","$","R","T","E","?","E","M","$","R","B",null,"M","M","M","?","?","E","R","R","T","E","M","M","R","E","R","B",null,"M","M","$","?","M","E","R","E","T","M","$","M","M","M","R","B",null,"R","$","E","B",null],"character_chosen":"MKU","items_purchased":["Blood Vial","Membership Card","ClockworkSouvenir","EntropicBrew","TheAbacus","Mercury Hourglass","PreservedInsect","MokouMod:RisingSunBarrier","REME_CardOfGreed","MokouMod:Extinguish"],"campfire_rested":1,"item_purchase_floors":[7,14,37,37,45,45,45,45,53,53],"current_hp_per_floor":[53,46,49,49,57,14,14,14,14,19,19,14,12,12,34,14,75,69,71,69,69,75,75,75,75,75,64,39,36,48,44,56,36,80,67,50,50,65,72,54,66,45,51,53,53,29,30,30,45,24,86,86,86,57,52],"gold":800,"neow_bonus":"RANDOM_COLORLESS_2","is_daily":false,"chose_seed":false,"campfire_upgraded":7,"win_rate":0.0,"timestamp":1611907057,"path_taken":["M","?","M","M","M","E","$","R","T","E","?","E","?","?","R","BOSS","M","M","M","?","?","E","R","R","T","E","M","M","R","E","R","BOSS","M","M","$","?","M","E","R","E","T","M","$","M","M","M","R","BOSS","R","$","E","BOSS"],"items_purchased_type":["Relic","Relic","Relic","Potion","Relic","Relic","Relic","Card","Relic","Card"],"build_version":"2020-12-22","purchased_purges":4,"victory":true,"max_hp_per_floor":[68,68,75,75,75,75,75,75,75,75,75,75,75,75,75,75,75,75,75,75,75,75,75,75,75,75,75,75,75,75,75,75,75,80,80,80,80,80,80,80,80,80,86,86,86,86,86,86,86,86,86,86,86,86,86],"relic_stats":{"Blood Vial":40,"Darkstone Periapt":6,"Lizard Tail":37,"TheAbacus":[42],"counters":[31,182],"Eternal Feather":51,"PreservedInsect":68,"Bag of Preparation":[16],"Cursed Key":2,"obtain_stats":[{"Darkstone Periapt":26,"Tiny House":34,"Hallownest:DreamNailRelic":11,"Bag of Preparation":40,"Cursed Key":17,"ClockworkSouvenir":37,"Blood Vial":7,"Lizard Tail":10,"HornCleat":9,"TheAbacus":45,"Strawberry":3,"WingedGreaves":23,"Red Mask":21,"InkBottle":6,"Potion Belt":31,"Eternal Feather":27,"PreservedInsect":45,"Akabeko":44,"Mercury Hourglass":45,"MokouMod:PhoenixFeather":0,"Bag of Marbles":1,"Membership Card":14,"REME_CardOfGreed":53,"REME_PuzzleBoxRelic":12,"REME_ComplimentaryCards":0},{"Darkstone Periapt":14,"Tiny House":19,"Hallownest:DreamNailRelic":7,"Bag of Preparation":23,"Cursed Key":10,"ClockworkSouvenir":21,"Blood Vial":6,"Lizard Tail":7,"HornCleat":6,"TheAbacus":25,"Strawberry":3,"WingedGreaves":14,"Red Mask":13,"InkBottle":6,"Potion Belt":18,"Eternal Feather":15,"PreservedInsect":25,"Akabeko":25,"Mercury Hourglass":25,"MokouMod:PhoenixFeather":0,"Bag of Marbles":1,"Membership Card":9,"REME_CardOfGreed":29,"REME_PuzzleBoxRelic":8,"REME_ComplimentaryCards":0},{"Darkstone Periapt":96,"Tiny House":123,"Hallownest:DreamNailRelic":50,"Bag of Preparation":143,"Cursed Key":77,"ClockworkSouvenir":135,"Blood Vial":44,"Lizard Tail":50,"HornCleat":44,"TheAbacus":155,"Strawberry":11,"WingedGreaves":96,"Red Mask":89,"InkBottle":44,"Potion Belt":115,"Eternal Feather":102,"PreservedInsect":155,"Akabeko":153,"Mercury Hourglass":155,"MokouMod:PhoenixFeather":0,"Bag of Marbles":2,"Membership Card":64,"REME_CardOfGreed":173,"REME_PuzzleBoxRelic":60,"REME_ComplimentaryCards":0}],"InkBottle":[65],"Mercury Hourglass":[79]},"card_choices":[{"not_picked":["Metamorphosis","REME_AllRoundStrike"],"picked":"REME_WheelOfFate","floor":0.0},{"not_picked":["MokouMod:BlazingComet","MokouMod:IndiscriminateIgnition"],"picked":"MokouMod:InfernalWave","floor":1.0},{"not_picked":["MokouMod:RoaringFlare","MokouMod:InfernalWave"],"picked":"MokouMod:IgnitionBarrier","floor":2.0},{"not_picked":["MokouMod:Singe","MokouMod:Firecracker"],"picked":"MokouMod:ScorchingColumn","floor":3.0},{"not_picked":["MokouMod:IndiscriminateIgnition","MokouMod:Cataclysm","MokouMod:Meltdown"],"picked":"SKIP","floor":4.0},{"not_picked":["MokouMod:Meltdown","MokouMod:EternalBurstReactor"],"picked":"MokouMod:SearingShot","floor":5.0},{"not_picked":["MokouMod:Wildfire","MokouMod:Fireball"],"picked":"MokouMod:SubterraneanCore","floor":6.0},{"not_picked":["MokouMod:BurningDraft","MokouMod:Sear"],"picked":"MokouMod:EnchantingBambooForest","floor":10.0},{"not_picked":["MokouMod:Cataclysm","MokouMod:Overheat"],"picked":"MokouMod:ThermalPressure","floor":12.0},{"not_picked":["MokouMod:Sear","MokouMod:IndiscriminateIgnition","MokouMod:Burn"],"picked":"SKIP","floor":13.0},{"not_picked":["MokouMod:ExplosiveFlame","MokouMod:BurningHiddenBullet"],"picked":"MokouMod:Rekindle","floor":16.0},{"not_picked":["MokouMod:AdaptivePyromancy","MokouMod:HeartofFire"],"picked":"MokouMod:ScorchedEarth+1","floor":18.0},{"not_picked":["MokouMod:RoaringFlare","MokouMod:Meltdown"],"picked":"MokouMod:IllusoryBattlefield+1","floor":19.0},{"not_picked":["MokouMod:ResoluteFlare","MokouMod:Cataclysm+1","MokouMod:AdaptivePyromancy"],"picked":"SKIP","floor":20.0},{"not_picked":["MokouMod:ResoluteFlare+1","MokouMod:Cataclysm","MokouMod:SearingShot+1"],"picked":"SKIP","floor":23.0},{"not_picked":["MokouMod:ResoluteFlare+1","MokouMod:Cataclysm","MokouMod:SearingShot+1"],"picked":"SKIP","floor":23.0},{"not_picked":["MokouMod:Cataclysm","MokouMod:SearingShot+1"],"picked":"MokouMod:ResoluteFlare+1","floor":23.0},{"not_picked":["MokouMod:Refresh+1","MokouMod:RoaringFlare"],"picked":"MokouMod:Wildfire+1","floor":27.0},{"not_picked":["MokouMod:ResoluteFlare","MokouMod:Overheat","MokouMod:BlazingComet"],"picked":"SKIP","floor":28.0},{"not_picked":["MokouMod:ResoluteFlare+1","MokouMod:Trailblazer+1","MokouMod:EnchantingBambooForest"],"picked":"SKIP","floor":29.0},{"not_picked":["MokouMod:ResoluteFlare+1","MokouMod:Trailblazer+1","MokouMod:EnchantingBambooForest"],"picked":"SKIP","floor":29.0},{"not_picked":["MokouMod:FlickeringFlame+1","MokouMod:RoaringFlare","MokouMod:FujiyamaVolcano"],"picked":"SKIP","floor":31.0},{"not_picked":["MokouMod:ProfanedFlare","MokouMod:Rekindle"],"picked":"MokouMod:Rebirth","floor":33.0},{"not_picked":["MokouMod:ResoluteFlare+1","MokouMod:BlazingComet+1"],"picked":"MokouMod:TemporalFireSeal+1","floor":34.0},{"not_picked":["MokouMod:Stoke+1","MokouMod:Sear","MokouMod:Wildfire"],"picked":"SKIP","floor":35.0},{"not_picked":["MokouMod:FlareStarter","MokouMod:ResoluteFlare+1","MokouMod:Wildfire+1"],"picked":"SKIP","floor":36.0},{"not_picked":["MokouMod:ScorchedEarth","MokouMod:FusionFlare","MokouMod:EternalBurstReactor"],"picked":"SKIP","floor":39.0},{"not_picked":["MokouMod:Overheat","MokouMod:Sear"],"picked":"MokouMod:FujiyamaVolcano+1","floor":40.0},{"not_picked":["MokouMod:Burn+1","MokouMod:Singe+1","MokouMod:HouraiForge"],"picked":"SKIP","floor":42.0},{"not_picked":["MokouMod:RoaringFlare","MokouMod:TemporalFireSeal+1","MokouMod:FlickeringFlame+1"],"picked":"SKIP","floor":44.0},{"not_picked":["MokouMod:ScorchingColumn","MokouMod:Ember","MokouMod:ControlledCombustion+1"],"picked":"SKIP","floor":46.0},{"not_picked":["MokouMod:IgnitionBlast","MokouMod:ScorchingColumn+1"],"picked":"MokouMod:Ember+1","floor":47.0},{"not_picked":["MokouMod:IndiscriminateIgnition+1","MokouMod:SearingShot","MokouMod:UncontrollableSolarReaction"],"picked":"SKIP","floor":48.0},{"not_picked":["MokouMod:HeatFactory","MokouMod:HeatTransfer","MokouMod:ScorchingColumn+1"],"picked":"SKIP","floor":54}],"player_experience":75806,"relics_obtained":[{"floor":6.0,"key":"InkBottle"},{"floor":9.0,"key":"HornCleat"},{"floor":10.0,"key":"Lizard Tail"},{"floor":12.0,"key":"REME_PuzzleBoxRelic"},{"floor":23.0,"key":"WingedGreaves"},{"floor":26.0,"key":"Darkstone Periapt"},{"floor":27.0,"key":"Eternal Feather"},{"floor":31.0,"key":"Potion Belt"},{"floor":40.0,"key":"Bag of Preparation"}],"event_choices":[],"is_beta":false,"boss_relics":[{"not_picked":["Busted Crown","Philosopher\u0027s Stone"],"picked":"Cursed Key"},{"not_picked":["REME_DemonsWealth","Sozu"],"picked":"Tiny House"}],"items_purged_floors":[7,14,37,45],"is_endless":false,"potions_floor_spawned":[1,2,4,10,13,16,19,23,28,31,35,39,40,47],"ascension_level":0}}