{"host":"491vyvchqhlfizue","time":1611887974,"event":{"mods":["AchievementEnabler","BaseMod","BetterRewards","Colored Map","Conspire","Downfall","Infinite Spire","Minty Spire (QoL Compilation)","Reliquary","Replay The Spire","Shop Mod","Spikes Relics","StSLib","The Forsaken","The Runesmith"],"gold_per_floor":[115,190,210,87,87,87,119,60,60,95,95,105,123,150,150,249,249,269,269,279,279,279,311,311,321,321,335,364,383,399,434,434,535,535,550,598,598,643,643,673,690,721,721,749,782,817,835,835,835,835],"floor_reached":51,"language":"ENG","playtime":6123,"items_purged":["theForsaken:TheForsaken_Defend","theForsaken:TheForsaken_Strike","theForsaken:TheForsaken_Strike","theForsaken:TheForsaken_Strike"],"score":1720,"play_id":"9dba3743-2b61-4cfb-a54f-48a03db71dde","local_time":"20210128213934","is_ascension_mode":true,"campfire_choices":[{"data":"theForsaken:Eulogy","floor":6.0,"key":"SMITH"},{"data":"theForsaken:NobleSacrifice","floor":11.0,"key":"SMITH"},{"data":"theForsaken:TheForsaken_Defend","floor":15,"key":"PURGE"},{"data":"infinitespire:SevenWalls","floor":32,"key":"SMITH"}],"circlet_count":0,"master_deck":["theForsaken:TheForsaken_Strike","theForsaken:TheForsaken_Defend","theForsaken:TheForsaken_Defend","theForsaken:Smite","theForsaken:Penitence","theForsaken:DefensiveStance","theForsaken:Eulogy+1","theForsaken:DefensiveStance","theForsaken:NobleSacrifice+1","theForsaken:DefensiveStance","theForsaken:Confusion","CurseOfTheBell","theForsaken:FatRoll+1","Flash of Steel","infinitespire:SevenWalls+1","theForsaken:DefensiveStance+1","theForsaken:DesperatePlea+1","theForsaken:DarkBargain+1","Madness","Madness"],"relics":["theForsaken:JudgementScales","conspire:TreasureMap","theForsaken:Gavel","FossilizedHelix","Oddly Smooth Stone","Thread and Needle","MerchantsRug","infinitespire:Satchel","Orichalcum","ReplayTheSpireMod:TigerMarble","Juzu Bracelet","reliquary:HotPoker","Calling Bell","Mango","Mercury Hourglass","Toy Ornithopter","Golden Egg","Black Star","WizardHat","reliquary:PrincelyHelmet","ReplayFunnel","conspire:Flyswatter","infinitespire:CheckeredPen","PreservedInsect","WingedGreaves","infinitespire:Eraser","SlaversCollar","conspire:GlowingRock","Blood Vial","Oddly Smooth Stone","Lantern","SpikesRelics:DaevaFist","WizardHat","StoneCalendar","conspire:Dentures","infinitespire:EmpoweringShard","infinitespire:Broken Mirror","Replay:Towering Pillar of Hats","Replay:Baseball","Letter Opener","reliquary:PartyBalloon","conspire:TopHat"],"acts_visited":["Exordium","TheCity","TheBeyond"],"potions_floor_usage":[16,18,23,50,50,50],"damage_taken":[{"damage":0.0,"enemies":"Cultist","floor":1.0,"turns":5.0},{"damage":0.0,"enemies":"2 Louse","floor":3.0,"turns":3.0},{"damage":0.0,"enemies":"Lagavulin","floor":7.0,"turns":7.0},{"damage":0.0,"enemies":"3 Sentries","floor":10.0,"turns":10.0},{"damage":0.0,"enemies":"Jaw Worm","floor":12.0,"turns":3.0},{"damage":0.0,"enemies":"3 Louse","floor":13.0,"turns":4.0},{"damage":0.0,"enemies":"Replay:BlueRogue","floor":14.0,"turns":6.0},{"damage":0,"enemies":"Fading Forest","floor":16,"turns":11},{"damage":0,"enemies":"Spheric Guardian","floor":18,"turns":3},{"damage":0,"enemies":"conspire:FuzzyDice","floor":20,"turns":5},{"damage":0,"enemies":"Slavers","floor":23,"turns":5},{"damage":0,"enemies":"Centurion and Healer","floor":25,"turns":3},{"damage":0,"enemies":"3 Cultists","floor":27,"turns":5},{"damage":0,"enemies":"conspire:Head Lice","floor":28,"turns":6},{"damage":0,"enemies":"Snake Plant","floor":29,"turns":3},{"damage":0,"enemies":"conspire:HollyBat","floor":30,"turns":5},{"damage":0,"enemies":"conspire:SneckoGhost","floor":31,"turns":4},{"damage":0,"enemies":"Automaton","floor":33,"turns":7},{"damage":0,"enemies":"3 Darklings","floor":35,"turns":3},{"damage":0,"enemies":"2 Orb Walkers","floor":36,"turns":4},{"damage":0,"enemies":"conspire:MimicChest","floor":38,"turns":9},{"damage":0,"enemies":"Nemesis","floor":40,"turns":5},{"damage":0,"enemies":"3 Shapes","floor":41,"turns":4},{"damage":0,"enemies":"R_Hoarder","floor":42,"turns":7},{"damage":0,"enemies":"Giant Head","floor":44,"turns":6},{"damage":0,"enemies":"R_Hoarder","floor":45,"turns":3},{"damage":0,"enemies":"Giant Head","floor":46,"turns":6},{"damage":0,"enemies":"Maw","floor":47,"turns":6},{"damage":0,"enemies":"Donu and Deca","floor":50,"turns":6}],"seed_played":"599782835108085221","potions_obtained":[{"floor":3.0,"key":"Toxic Potion"},{"floor":7.0,"key":"sneckomod:MuddlingPotion"},{"floor":13.0,"key":"hexamod:SoulburnPotion"},{"floor":14.0,"key":"Elixir"},{"floor":16,"key":"AttackPotion"},{"floor":20,"key":"AttackPotion"},{"floor":25,"key":"Doom Potion"},{"floor":27,"key":"Elixir"},{"floor":33,"key":"LiquidBronze"},{"floor":38,"key":"SkillPotion"},{"floor":40,"key":"SkillPotion"},{"floor":42,"key":"bronze:BurnAndBuffPotion"}],"is_trial":false,"path_per_floor":["M","?","M","$","?","R","E","$","T","E","R","M","M","E","R_BF","B",null,"M","?","M","?","AVR","E","?","M","T","M","E","M","M","E","R","B",null,"M","?","?","?","AVR","E","M","E","T","E","E","E","M","?","R_BF","B",null],"character_chosen":"THE_FORSAKEN","items_purchased":["conspire:TreasureMap","theForsaken:Gavel","theForsaken:DefensiveStance","FossilizedHelix","Oddly Smooth Stone","MerchantsRug","infinitespire:Satchel","theForsaken:DefensiveStance"],"campfire_rested":0,"item_purchase_floors":[0,0,0,0,0,0,4,8],"current_hp_per_floor":[65,65,65,65,70,70,70,70,70,70,70,71,71,71,71,71,85,85,85,85,85,85,85,85,85,85,85,85,85,85,85,85,85,85,85,85,85,85,85,85,85,87,87,87,87,87,87,87,76,87],"gold":835,"neow_bonus":"","is_daily":false,"chose_seed":false,"campfire_upgraded":3,"win_rate":0.0,"timestamp":1611887974,"path_taken":["M","?","M","$","?","R","E","?","T","E","R","M","M","E","R_BF","BOSS","M","?","M","?","AVR","E","?","M","T","M","E","M","M","E","R","BOSS","M","?","?","?","AVR","E","M","E","T","E","E","E","M","?","R_BF","BOSS"],"items_purchased_type":["Relic","Relic","Card","Relic","Relic","Relic","Relic","Card"],"build_version":"2020-12-22","purchased_purges":4,"victory":true,"max_hp_per_floor":[65,65,65,65,70,70,70,70,70,70,70,71,71,71,71,71,85,85,85,85,85,85,85,85,85,85,85,85,85,85,85,85,85,85,85,85,85,85,85,85,85,87,87,87,87,87,87,87,87,87],"card_choices":[{"not_picked":["theForsaken:Enfeeble","theForsaken:StoreUp","theForsaken:WordsOfPestilence"],"picked":"SKIP","floor":1.0},{"not_picked":["theForsaken:HymnOfRest","theForsaken:BlightOfFamine"],"picked":"theForsaken:Eulogy","floor":3.0},{"not_picked":["theForsaken:PanicDive","theForsaken:BlessedWeapon","theForsaken:CorruptedWord"],"picked":"SKIP","floor":7.0},{"not_picked":["theForsaken:StoreUp","theForsaken:FuryStrikes"],"picked":"theForsaken:NobleSacrifice","floor":10.0},{"not_picked":["theForsaken:Preservation","theForsaken:Devotion","theForsaken:ChargeAttack"],"picked":"SKIP","floor":12.0},{"not_picked":["theForsaken:WordsOfMight","theForsaken:SpinAttack"],"picked":"theForsaken:DefensiveStance","floor":13.0},{"not_picked":["theForsaken:ScorchingSunlight","theForsaken:Tranquility","theForsaken:Thunderbolt"],"picked":"SKIP","floor":14.0},{"not_picked":["theForsaken:Horror","theForsaken:DarkRift"],"picked":"theForsaken:Confusion","floor":16},{"not_picked":["theForsaken:ShieldBash","theForsaken:ChargeAttack"],"picked":"theForsaken:FatRoll+1","floor":18},{"not_picked":["theForsaken:PanicDive","theForsaken:WardingHymn","theForsaken:ChargeAttack"],"picked":"SKIP","floor":20},{"not_picked":["theForsaken:ShieldBash","theForsaken:ShieldCharge","theForsaken:CreepingInfection"],"picked":"SKIP","floor":23},{"not_picked":["theForsaken:Eulogy","theForsaken:ChargeAttack","theForsaken:WordsOfMight"],"picked":"SKIP","floor":25},{"not_picked":["theForsaken:SpinAttack+1","theForsaken:FatRoll","theForsaken:WrathOfGod"],"picked":"SKIP","floor":27},{"not_picked":["theForsaken:CorruptedForm","theForsaken:WardingHymn","theForsaken:Mantra"],"picked":"SKIP","floor":28},{"not_picked":["theForsaken:ShieldBash+1","theForsaken:FuryStrikes+1","theForsaken:HymnOfRest+1"],"picked":"SKIP","floor":29},{"not_picked":["theForsaken:PowerUp","theForsaken:FuryStrikes","theForsaken:HealingLight"],"picked":"SKIP","floor":30},{"not_picked":["theForsaken:HorrifyingStrike","theForsaken:RainingSunlight"],"picked":"theForsaken:DefensiveStance+1","floor":31},{"not_picked":["theForsaken:SacredOath","theForsaken:CorruptedForm"],"picked":"theForsaken:DesperatePlea","floor":33},{"not_picked":["theForsaken:NobleSacrifice","theForsaken:Eulogy+1","theForsaken:Thunderbolt"],"picked":"SKIP","floor":35},{"not_picked":["theForsaken:CreepingInfection+1","theForsaken:WordOfPower+1","theForsaken:Riposte"],"picked":"SKIP","floor":40},{"not_picked":["theForsaken:PanicDive","theForsaken:Eulogy+1","theForsaken:HymnOfPatience"],"picked":"SKIP","floor":41},{"not_picked":["theForsaken:ScorchingSunlight","theForsaken:DarkBarrier","theForsaken:CreepingInfection"],"picked":"SKIP","floor":42},{"not_picked":["theForsaken:StoreUp+1","theForsaken:PowerUp+1","theForsaken:CorruptedWord"],"picked":"SKIP","floor":44},{"not_picked":["theForsaken:ChargeAttack+1","theForsaken:CreepingInfection"],"picked":"theForsaken:CleansingLight","floor":45},{"not_picked":["theForsaken:WardingHymn","theForsaken:FountainOfLife"],"picked":"theForsaken:DarkBargain+1","floor":46},{"not_picked":["theForsaken:Backlash+1","theForsaken:Preservation+1","theForsaken:SiphonStrike"],"picked":"SKIP","floor":47}],"player_experience":28216,"relics_obtained":[{"floor":7.0,"key":"Orichalcum"},{"floor":9.0,"key":"ReplayTheSpireMod:TigerMarble"},{"floor":10.0,"key":"Juzu Bracelet"},{"floor":14.0,"key":"reliquary:HotPoker"},{"floor":17,"key":"Mango"},{"floor":17,"key":"Mercury Hourglass"},{"floor":17,"key":"Toy Ornithopter"},{"floor":23,"key":"reliquary:PrincelyHelmet"},{"floor":23,"key":"ReplayFunnel"},{"floor":26,"key":"conspire:Flyswatter"},{"floor":28,"key":"infinitespire:CheckeredPen"},{"floor":28,"key":"PreservedInsect"},{"floor":31,"key":"WingedGreaves"},{"floor":31,"key":"infinitespire:Eraser"},{"floor":36,"key":"conspire:GlowingRock"},{"floor":38,"key":"reliquary:SculptingSteel"},{"floor":40,"key":"SpikesRelics:DaevaFist"},{"floor":40,"key":"WizardHat"},{"floor":42,"key":"StoneCalendar"},{"floor":42,"key":"conspire:Dentures"},{"floor":43,"key":"infinitespire:EmpoweringShard"},{"floor":44,"key":"infinitespire:Broken Mirror"},{"floor":44,"key":"Replay:Towering Pillar of Hats"},{"floor":45,"key":"Replay:Baseball"},{"floor":45,"key":"Letter Opener"},{"floor":46,"key":"reliquary:PartyBalloon"},{"floor":46,"key":"conspire:TopHat"}],"event_choices":[{"damage_healed":0.0,"max_hp_gain":0.0,"max_hp_loss":0.0,"gold_gain":75.0,"event_name":"Golden Wing","player_choice":"Gained Gold","floor":2.0,"gold_loss":0.0,"damage_taken":0.0},{"damage_healed":0.0,"max_hp_gain":5.0,"max_hp_loss":0.0,"gold_gain":0.0,"event_name":"Big Fish","player_choice":"Donut","floor":5.0,"gold_loss":0.0,"damage_taken":0.0},{"damage_healed":0,"gold_gain":0,"player_choice":"1 cards matched","damage_taken":0,"max_hp_gain":0,"max_hp_loss":0,"event_name":"Match and Keep!","floor":19,"gold_loss":0,"cards_obtained":["Flash of Steel"]},{"damage_healed":0,"gold_gain":0,"player_choice":"Fight","damage_taken":0,"max_hp_gain":0,"max_hp_loss":0,"event_name":"Mysterious Sphere","floor":36,"gold_loss":0},{"damage_healed":0,"gold_gain":0,"player_choice":"Gave Potion","damage_taken":0,"relics_obtained":["Blood Vial"],"max_hp_gain":0,"max_hp_loss":0,"event_name":"WeMeetAgain","floor":37,"gold_loss":0},{"cards_removed":["theForsaken:CleansingLight"],"damage_healed":0,"gold_gain":0,"player_choice":"Removed Skill","damage_taken":0,"max_hp_gain":0,"max_hp_loss":0,"event_name":"Falling","floor":48,"gold_loss":0},{"damage_healed":0,"gold_gain":0,"player_choice":"Embrace Madness","damage_taken":11,"max_hp_gain":0,"max_hp_loss":0,"event_name":"Winding Halls","floor":49,"gold_loss":0,"cards_obtained":["Madness","Madness"]}],"is_beta":false,"boss_relics":[{"not_picked":["Painkiller Herb","bronze:MakeshiftBattery"],"picked":"Calling Bell"},{"not_picked":["conspire:RunicOctahedron","reliquary:RedPaperclip"],"picked":"SlaversCollar"}],"items_purged_floors":[0,0,22,39],"is_endless":false,"potions_floor_spawned":[3,7,13,14,16,20,25,27,33,38,40,41,42,46],"ascension_level":5}}