{"host":"1c7jotkkc04esl4v","time":1611919953,"event":{"mods":["BaseMod","Downfall","Hubris","Minty Spire (QoL Compilation)","Monster B Gone","StSLib","The Alterego"],"gold_per_floor":[120,136,411,336,348,380,21,46,100,100,113,113,139,158,158,262,262,262],"floor_reached":17,"language":"ENG","playtime":804,"items_purged":["Regret"],"score":219,"play_id":"32d3f5e2-2553-4090-8a7b-0dcee70475f3","local_time":"20210129053233","is_ascension_mode":true,"campfire_choices":[{"data":"alterego_mod:BrynhildrsRune","floor":10,"key":"SMITH"},{"floor":12,"key":"REST"},{"data":"hubris:DuctTapeCard","floor":15,"key":"SMITH"}],"circlet_count":0,"master_deck":["alterego_mod:Strike","alterego_mod:Strike","alterego_mod:Defend","alterego_mod:Defend","alterego_mod:Defend","alterego_mod:Defend","alterego_mod:Impale","alterego_mod:BigMeatyClaws","alterego_mod:BrynhildrsRune+1","alterego_mod:Birthday","Dramatic Entrance","alterego_mod:Exercise","hubris:DuctTapeCard+2"],"relics":["alterego_mod:MasochisticConstitution","Akabeko","Shuriken","Pantograph","MealTicket","hubris:DuctTape","Empty Cage"],"acts_visited":["Exordium","TheCity"],"potions_floor_usage":[6,6],"damage_taken":[{"damage":25,"enemies":"Cultist","floor":1,"turns":7},{"damage":2,"enemies":"2 Louse","floor":2,"turns":4},{"damage":5,"enemies":"Small Slimes","floor":5,"turns":5},{"damage":44,"enemies":"Lagavulin","floor":6,"turns":12},{"damage":30,"enemies":"Gremlin Nob","floor":8,"turns":4},{"damage":0,"enemies":"2 Fungi Beasts","floor":11,"turns":1},{"damage":15,"enemies":"3 Sentries","floor":13,"turns":5},{"damage":0,"enemies":"3 Louse","floor":14,"turns":1},{"damage":44,"enemies":"The Guardian","floor":16,"turns":9}],"seed_played":"-5106223597758518051","potions_obtained":[{"floor":1,"key":"SteroidPotion"},{"floor":2,"key":"FearPotion"},{"floor":16,"key":"PowerPotion"}],"is_trial":false,"path_per_floor":["M","M","?","$","M","E","$","E","T","R","M","R","E","M","R","B",null],"character_chosen":"The_Alterego","items_purchased":["Shuriken","Dramatic Entrance"],"campfire_rested":1,"item_purchase_floors":[7,7],"current_hp_per_floor":[60,73,73,73,78,44,44,17,17,17,17,41,29,50,50,41,73,73],"gold":262,"neow_bonus":"TEN_PERCENT_HP_BONUS","is_daily":false,"chose_seed":false,"campfire_upgraded":2,"win_rate":0.0,"timestamp":1611919953,"path_taken":["M","?","?","$","?","E","$","E","T","R","M","R","E","M","R","BOSS"],"items_purchased_type":["Relic","Card"],"build_version":"2020-12-22","purchased_purges":1,"victory":false,"max_hp_per_floor":[78,79,79,79,80,81,81,82,82,82,82,82,83,83,83,84,84,84],"card_choices":[{"not_picked":["alterego_mod:DustData","alterego_mod:Support"],"picked":"alterego_mod:Exercise","floor":1},{"not_picked":["alterego_mod:Cooking","alterego_mod:1TonWallop"],"picked":"alterego_mod:Birthday","floor":2},{"not_picked":["alterego_mod:PerceptionDisorder","alterego_mod:HighServant","alterego_mod:Jiggle"],"picked":"SKIP","floor":5},{"not_picked":["alterego_mod:BreastValley","alterego_mod:Support","alterego_mod:DeftHands"],"picked":"SKIP","floor":6},{"not_picked":["alterego_mod:Undulate","alterego_mod:HighServant"],"picked":"alterego_mod:Exercise","floor":8},{"not_picked":["alterego_mod:BeGentle","alterego_mod:GoddessCore","alterego_mod:STier"],"picked":"SKIP","floor":11},{"not_picked":["alterego_mod:Maid","alterego_mod:RocketPunch"],"picked":"alterego_mod:Undulate","floor":13},{"not_picked":["alterego_mod:Schoolgirl","alterego_mod:Rip","alterego_mod:PerceptionDisorder"],"picked":"SKIP","floor":14}],"player_experience":359423,"relics_obtained":[{"floor":6,"key":"Akabeko"},{"floor":8,"key":"Pantograph"},{"floor":9,"key":"MealTicket"},{"floor":13,"key":"hubris:DuctTape"}],"event_choices":[{"damage_healed":0,"gold_gain":275,"player_choice":"Desecrate","damage_taken":0,"max_hp_gain":0,"max_hp_loss":0,"event_name":"Golden Shrine","floor":3,"gold_loss":0,"cards_obtained":["Regret"]}],"is_beta":false,"boss_relics":[{"not_picked":["hubris:CrackedHourglass","hubris:GrandSneckoEye"],"picked":"Empty Cage"}],"items_purged_floors":[4],"is_endless":false,"potions_floor_spawned":[1,2,16],"ascension_level":5}}