{"host":"3xafbmawo5lo8yih","time":1611930321,"event":{"mods":["Act Like it!","Aspiration","BaseMod","CapriCore","Colored Map","Conjunction","Conspire","DeckTracker","Friendly Minions","Gensokyo","Halation","Highlight Path","Hubris","Infinite Spire","Jedi Mod","Minty Spire (QoL Compilation)","Quarter Circle Forward PUNCH!","Relic Stats","Replay The Spire","Robot Space Explorer","Small Relic Pack","StSLib","Yuri Mod"],"gold_per_floor":[150,201,51,93,93,195,195,276,276,381,381,381,471,525,525,753,753,792,792,792,876,912,1005,1056,1107,1107,1206,1266,1365,1365,1410,1410,1629,1629,1662,1662,1662,1713,1743,1743,1823,1823,1823,1928,1959,2021,2123,2155,2155,2394,2635,2635,2635,2635],"floor_reached":53,"language":"ENG","playtime":2573,"items_purged":["RobotSpaceExplorer:Strike","RobotSpaceExplorer:Strike","RobotSpaceExplorer:Defend"],"score":2714,"play_id":"fb7ad476-05c9-41d3-91fb-11a89512e916","local_time":"20210129092521","daily_mods":["Vintage","Heirloom","DeadlyEvents","Elite Swarm","Midas","Uncertain Future"],"is_ascension_mode":true,"campfire_choices":[{"floor":7,"key":"REST"},{"floor":11,"key":"REST"},{"floor":15,"key":"REST"},{"floor":30,"key":"DIG"},{"floor":32,"key":"DIG"},{"floor":40,"key":"DIG"},{"floor":42,"key":"DIG"},{"floor":49,"key":"DIG"}],"circlet_count":0,"master_deck":["AscendersBane","RobotSpaceExplorer:Strike","RobotSpaceExplorer:Defend","RobotSpaceExplorer:Defend","RobotSpaceExplorer:Scan","RobotSpaceExplorer:MiniLasers+1","Bandage Up+1","Panacea+1","RobotSpaceExplorer:Electropulse+1","RobotSpaceExplorer:TrailblazerForm+1","RobotSpaceExplorer:TrailblazerForm+1","RobotSpaceExplorer:Comet+1","CurseOfTheBell","RobotSpaceExplorer:ChargingLaser+1","Demon Form+1","Feed+1","Madness+1","Madness+1","RobotSpaceExplorer:Comet","RobotSpaceExplorer:Exploration"],"relics":["RobotSpaceExplorer:RoboCore","qcfpunch:Duffel_Bag","qcfpunch:Fighting_Gloves","qcfpunch:Red_Headband","Ring of Chaos","Gambling Chip","Iron Hammer","aspiration:FetidBarrel","ReplayTheSpireMod:TigerMarble","Ice Cream","jedi:crownofsimplicity","Pear","infinitespire:PuzzleCube","Blue Candle","The Courier","FaceOfCleric","Replay:Rubber Ducky","Blood Vial","Calling Bell","halation:PromiseList","halation:SelfBoilingWater","Lizard Tail","jedi:othersneckoeye","RobotSpaceExplorer:PlasmaHourglass","Black Star","OrangePellets","infinitespire:Lucky Rock","Smiling Mask","hubris:CuriousFeather","Centennial Puzzle","Du-Vu Doll","hubris:BottledRain","Shovel","qcfpunch:School_Backpack","Bag of Preparation","jedi:shrinkray","Replay:Mystery Machine","hubris:AstralHammer","halation:Trompette","Pondfish Scales","aspiration:StickyExplosives","jedi:arcanewood","aspiration:PoetsPen","Molten Egg 2","SlaversCollar","conspire:TreasureMap","halation:IllGainedPizza","qcfpunch:Not_Strongest_Fighting_Style_Guidebook","qcfpunch:Wrestler\u0027s_Cloak","halation:BlackBeret","halation:KoshaPiece","Eternal Feather","Replay:Baseball","conspire:DecoderRing","hubris:ToyBattleship","Replay:Towering Pillar of Hats","Nunchaku","qcfpunch:Black_Training_Shirt","Replay:Bottled Eggs","Pantograph","ReplayFunnel","Sozu","Ring of Chaos"],"acts_visited":["Exordium","TheCity","TheBeyond","Exordium"],"potions_floor_usage":[8,21],"damage_taken":[{"damage":5,"enemies":"Small Slimes","floor":1,"turns":4},{"damage":0,"enemies":"Cultist","floor":2,"turns":2},{"damage":6,"enemies":"conspire:RoseBush","floor":4,"turns":3},{"damage":0,"enemies":"3 Sentries","floor":6,"turns":4},{"damage":12,"enemies":"Replay:BlueRogue","floor":8,"turns":3},{"damage":19,"enemies":"3 Sentries","floor":10,"turns":5},{"damage":15,"enemies":"Lagavulin","floor":13,"turns":5},{"damage":0,"enemies":"Red Slaver","floor":14,"turns":2},{"damage":0,"enemies":"The Guardian","floor":16,"turns":9},{"damage":0,"enemies":"Spheric Guardian","floor":18,"turns":1},{"damage":23,"enemies":"Book of Stabbing","floor":21,"turns":4},{"damage":0,"enemies":"Shell Parasite","floor":22,"turns":2},{"damage":8,"enemies":"Slavers","floor":23,"turns":2},{"damage":1,"enemies":"Snake Plant","floor":24,"turns":2},{"damage":1,"enemies":"Snecko","floor":25,"turns":3},{"damage":0,"enemies":"Nightmare","floor":27,"turns":5},{"damage":16,"enemies":"conspire:HollyBat","floor":28,"turns":4},{"damage":2,"enemies":"Replay:Snechameleon","floor":29,"turns":3},{"damage":17,"enemies":"Shelled Parasite and Fungi","floor":31,"turns":4},{"damage":2,"enemies":"Champ","floor":33,"turns":6},{"damage":2,"enemies":"Orb Walker","floor":35,"turns":1},{"damage":0,"enemies":"3 Darklings","floor":38,"turns":1},{"damage":0,"enemies":"Jaw Worm Horde","floor":39,"turns":1},{"damage":0,"enemies":"Giant Head","floor":41,"turns":4},{"damage":0,"enemies":"Reptomancer","floor":44,"turns":2},{"damage":5,"enemies":"Maw","floor":45,"turns":3},{"damage":1,"enemies":"Spire Growth","floor":46,"turns":1},{"damage":0,"enemies":"Nightmare","floor":47,"turns":2},{"damage":2,"enemies":"Jaw Worm Horde","floor":48,"turns":1},{"damage":112,"enemies":"conspire:OrnateMirror","floor":50,"turns":6},{"damage":5,"enemies":"infinitespire:MassOfShapes","floor":51,"turns":4},{"damage":0,"enemies":"2 Louse","floor":53,"turns":1}],"seed_played":"-3907853992900736239","potions_obtained":[{"floor":2,"key":"Fire Potion"},{"floor":8,"key":"PowerPotion"},{"floor":10,"key":"EssenceOfSteel"},{"floor":22,"key":"FearPotion"}],"is_trial":true,"path_per_floor":["M","M","$","M","?","E","R","E","T","E","R","?","E","M","R","B",null,"M","?","AVR","E","M","E","M","M","T","NM","M","E","R","M","R","B",null,"M","AVR","?","M","M","R","E","R","T","E","M","M","NM","M","R","B","B",null,"M"],"character_chosen":"RobotSpaceExplorer","items_purchased":["RobotSpaceExplorer:Electropulse"],"campfire_rested":3,"item_purchase_floors":[3],"current_hp_per_floor":[59,65,65,63,63,79,81,69,69,56,80,80,67,68,83,84,84,85,85,85,63,66,67,75,77,77,84,76,83,83,81,81,97,102,102,102,83,92,101,101,107,107,107,108,104,109,111,114,116,20,49,101,103,103],"gold":2635,"neow_bonus":"","is_daily":false,"chose_seed":false,"campfire_upgraded":0,"win_rate":0.0,"timestamp":1611930321,"path_taken":["M","M","$","M","?","E","R","E","T","E","R","?","?","M","R","BOSS","M","?","AVR","?","M","E","M","M","T","NM","?","E","R","M","R","BOSS","M","AVR","?","?","M","R","E","R","T","E","M","?","NM","M","R","BOSS","BOSS","M"],"items_purchased_type":["Card"],"build_version":"2020-12-22","purchased_purges":3,"victory":false,"max_hp_per_floor":[71,71,71,71,71,81,81,81,81,81,81,81,82,83,83,84,84,85,85,85,86,87,88,89,90,90,91,92,93,93,102,102,103,103,104,104,104,105,106,106,107,107,107,108,109,110,111,116,116,117,118,118,118,118],"relic_stats":{"counters":[32,100],"Blue Candle":[21],"Eternal Feather":2,"Bag of Preparation":[30],"Smiling Mask":0,"Blood Vial":32,"Sozu":0,"OrangePellets":[41],"Lizard Tail":0,"Centennial Puzzle":[35],"Nunchaku":[3],"Shovel":5,"FaceOfCleric":25,"Gambling Chip":[77],"Pantograph":25,"Black Star":7,"obtain_stats":[{"Ice Cream":4,"jedi:shrinkray":27,"Blood Vial":14,"Sozu":52,"Lizard Tail":17,"Centennial Puzzle":23,"aspiration:PoetsPen":34,"FaceOfCleric":12,"hubris:AstralHammer":29,"conspire:DecoderRing":44,"Iron Hammer":1,"halation:PromiseList":17,"halation:KoshaPiece":41,"jedi:othersneckoeye":18,"aspiration:StickyExplosives":31,"conspire:TreasureMap":36,"Pear":6,"Blue Candle":9,"Eternal Feather":42,"Ring of Chaos":0,"qcfpunch:Duffel_Bag":0,"Du-Vu Doll":23,"OrangePellets":20,"SlaversCollar":36,"Replay:Baseball":43,"qcfpunch:School_Backpack":26,"Molten Egg 2":35,"ReplayTheSpireMod:TigerMarble":4,"Black Star":20,"hubris:ToyBattleship":44,"infinitespire:PuzzleCube":8,"halation:BlackBeret":41,"ReplayFunnel":49,"RobotSpaceExplorer:PlasmaHourglass":19,"qcfpunch:Not_Strongest_Fighting_Style_Guidebook":39,"Bag of Preparation":27,"Replay:Mystery Machine":28,"Smiling Mask":21,"Replay:Rubber Ducky":13,"Nunchaku":46,"Shovel":25,"Gambling Chip":0,"Pantograph":48,"hubris:CuriousFeather":22,"qcfpunch:Wrestler\u0027s_Cloak":40,"Replay:Bottled Eggs":47,"jedi:command_uncommon":19,"Replay:Towering Pillar of Hats":45,"aspiration:FetidBarrel":2,"qcfpunch:Black_Training_Shirt":47,"halation:IllGainedPizza":38,"RobotSpaceExplorer:RoboCore":0,"The Courier":10,"jedi:crownofsimplicity":6,"infinitespire:Lucky Rock":21,"halation:SelfBoilingWater":17,"Calling Bell":17,"Pondfish Scales":30,"qcfpunch:Fighting_Gloves":0,"qcfpunch:Red_Headband":0,"jedi:arcanewood":32,"halation:Trompette":29,"hubris:BottledRain":24},{"Ice Cream":3,"jedi:shrinkray":16,"Blood Vial":8,"Sozu":31,"Lizard Tail":9,"Centennial Puzzle":13,"aspiration:PoetsPen":20,"FaceOfCleric":6,"hubris:AstralHammer":18,"conspire:DecoderRing":25,"Iron Hammer":1,"halation:PromiseList":9,"halation:KoshaPiece":24,"jedi:othersneckoeye":10,"aspiration:StickyExplosives":19,"conspire:TreasureMap":21,"Pear":4,"Blue Candle":5,"Eternal Feather":24,"Ring of Chaos":0,"qcfpunch:Duffel_Bag":0,"Du-Vu Doll":13,"OrangePellets":10,"SlaversCollar":21,"Replay:Baseball":24,"qcfpunch:School_Backpack":15,"Molten Egg 2":21,"ReplayTheSpireMod:TigerMarble":3,"Black Star":10,"hubris:ToyBattleship":25,"infinitespire:PuzzleCube":5,"halation:BlackBeret":24,"ReplayFunnel":29,"RobotSpaceExplorer:PlasmaHourglass":10,"qcfpunch:Not_Strongest_Fighting_Style_Guidebook":23,"Bag of Preparation":16,"Replay:Mystery Machine":17,"Smiling Mask":11,"Replay:Rubber Ducky":7,"Nunchaku":27,"Shovel":15,"Gambling Chip":0,"Pantograph":29,"hubris:CuriousFeather":12,"qcfpunch:Wrestler\u0027s_Cloak":23,"Replay:Bottled Eggs":28,"jedi:command_uncommon":10,"Replay:Towering Pillar of Hats":26,"aspiration:FetidBarrel":2,"qcfpunch:Black_Training_Shirt":28,"halation:IllGainedPizza":22,"RobotSpaceExplorer:RoboCore":0,"The Courier":6,"jedi:crownofsimplicity":4,"infinitespire:Lucky Rock":11,"halation:SelfBoilingWater":9,"Calling Bell":9,"Pondfish Scales":18,"qcfpunch:Fighting_Gloves":0,"qcfpunch:Red_Headband":0,"jedi:arcanewood":19,"halation:Trompette":18,"hubris:BottledRain":14},{"Ice Cream":9,"jedi:shrinkray":56,"Blood Vial":28,"Sozu":99,"Lizard Tail":37,"Centennial Puzzle":46,"aspiration:PoetsPen":73,"FaceOfCleric":21,"hubris:AstralHammer":63,"conspire:DecoderRing":82,"Iron Hammer":4,"halation:PromiseList":37,"halation:KoshaPiece":80,"jedi:othersneckoeye":38,"aspiration:StickyExplosives":67,"conspire:TreasureMap":74,"Pear":13,"Blue Candle":16,"Eternal Feather":80,"Ring of Chaos":0,"qcfpunch:Duffel_Bag":0,"Du-Vu Doll":46,"OrangePellets":38,"SlaversCollar":74,"Replay:Baseball":80,"qcfpunch:School_Backpack":51,"Molten Egg 2":74,"ReplayTheSpireMod:TigerMarble":9,"Black Star":38,"hubris:ToyBattleship":82,"infinitespire:PuzzleCube":16,"halation:BlackBeret":80,"ReplayFunnel":89,"RobotSpaceExplorer:PlasmaHourglass":38,"qcfpunch:Not_Strongest_Fighting_Style_Guidebook":76,"Bag of Preparation":56,"Replay:Mystery Machine":60,"Smiling Mask":42,"Replay:Rubber Ducky":26,"Nunchaku":86,"Shovel":51,"Gambling Chip":0,"Pantograph":89,"hubris:CuriousFeather":44,"qcfpunch:Wrestler\u0027s_Cloak":76,"Replay:Bottled Eggs":88,"jedi:command_uncommon":38,"Replay:Towering Pillar of Hats":85,"aspiration:FetidBarrel":6,"qcfpunch:Black_Training_Shirt":88,"halation:IllGainedPizza":75,"RobotSpaceExplorer:RoboCore":0,"The Courier":21,"jedi:crownofsimplicity":13,"infinitespire:Lucky Rock":42,"halation:SelfBoilingWater":37,"Calling Bell":37,"Pondfish Scales":63,"qcfpunch:Fighting_Gloves":0,"qcfpunch:Red_Headband":0,"jedi:arcanewood":67,"halation:Trompette":63,"hubris:BottledRain":48}]},"card_choices":[{"not_picked":[],"picked":"Bandage Up","floor":1},{"not_picked":[],"picked":"Panacea","floor":2},{"not_picked":["RobotSpaceExplorer:Autoloader","RobotSpaceExplorer:Blaster"],"picked":"RobotSpaceExplorer:TrailblazerForm","floor":6},{"not_picked":["RobotSpaceExplorer:Autoloader","RobotSpaceExplorer:Arsenal"],"picked":"RobotSpaceExplorer:TrailblazerForm","floor":8},{"not_picked":["RobotSpaceExplorer:DroneSwarm","RobotSpaceExplorer:Autoloader"],"picked":"RobotSpaceExplorer:Comet","floor":10},{"not_picked":["RobotSpaceExplorer:Autoloader","RobotSpaceExplorer:Exploration","RobotSpaceExplorer:Comet"],"picked":"SKIP","floor":13},{"not_picked":["RobotSpaceExplorer:Asteroid","RobotSpaceExplorer:Multitool"],"picked":"RobotSpaceExplorer:Wormhole","floor":16},{"not_picked":["RobotSpaceExplorer:Blaster","RobotSpaceExplorer:Comet"],"picked":"RobotSpaceExplorer:ChargingLaser","floor":21},{"not_picked":["RobotSpaceExplorer:Asteroid","RobotSpaceExplorer:Multitool","RobotSpaceExplorer:BlastShield"],"picked":"SKIP","floor":23},{"not_picked":["Impervious","Demonic Infusion"],"picked":"Feed","floor":27},{"not_picked":["RobotSpaceExplorer:Scanner","RobotSpaceExplorer:Multitool","RobotSpaceExplorer:HighVoltage"],"picked":"SKIP","floor":27},{"not_picked":["Havoc","Thunderclap","Run Through"],"picked":"SKIP","floor":28},{"not_picked":["Hemogenesis","Juggernaut"],"picked":"Demon Form","floor":29},{"not_picked":["RobotSpaceExplorer:Explosion","RobotSpaceExplorer:Scanner","RobotSpaceExplorer:HighVoltage"],"picked":"SKIP","floor":29},{"not_picked":["Bane","Sucker Punch","Fluid Movement"],"picked":"SKIP","floor":31},{"not_picked":["conspire:Purge","Exhume"],"picked":"Feed","floor":33},{"not_picked":["RobotSpaceExplorer:Scanner","RobotSpaceExplorer:HighVoltage+1"],"picked":"RobotSpaceExplorer:Wormhole","floor":41},{"not_picked":["RobotSpaceExplorer:TrailblazerForm","RobotSpaceExplorer:Autoloader"],"picked":"RobotSpaceExplorer:Wormhole","floor":44},{"not_picked":["RobotSpaceExplorer:Scanner","RobotSpaceExplorer:Multitool"],"picked":"RobotSpaceExplorer:Exploration","floor":47},{"not_picked":["RobotSpaceExplorer:DroneSwarm","RobotSpaceExplorer:Accelerator"],"picked":"RobotSpaceExplorer:Comet","floor":50},{"not_picked":["RobotSpaceExplorer:Accelerator","RobotSpaceExplorer:Arsenal"],"picked":"RobotSpaceExplorer:Exploration","floor":51}],"player_experience":326026,"relics_obtained":[{"floor":1,"key":"Iron Hammer"},{"floor":2,"key":"aspiration:FetidBarrel"},{"floor":4,"key":"ReplayTheSpireMod:TigerMarble"},{"floor":4,"key":"Ice Cream"},{"floor":6,"key":"jedi:crownofsimplicity"},{"floor":6,"key":"Pear"},{"floor":8,"key":"infinitespire:PuzzleCube"},{"floor":9,"key":"Blue Candle"},{"floor":10,"key":"The Courier"},{"floor":13,"key":"Replay:Rubber Ducky"},{"floor":14,"key":"Blood Vial"},{"floor":17,"key":"halation:PromiseList"},{"floor":17,"key":"halation:SelfBoilingWater"},{"floor":17,"key":"Lizard Tail"},{"floor":18,"key":"jedi:othersneckoeye"},{"floor":21,"key":"infinitespire:Lucky Rock"},{"floor":21,"key":"Smiling Mask"},{"floor":22,"key":"hubris:CuriousFeather"},{"floor":23,"key":"Centennial Puzzle"},{"floor":23,"key":"Du-Vu Doll"},{"floor":24,"key":"hubris:BottledRain"},{"floor":25,"key":"Shovel"},{"floor":26,"key":"qcfpunch:School_Backpack"},{"floor":27,"key":"Bag of Preparation"},{"floor":27,"key":"jedi:shrinkray"},{"floor":28,"key":"Replay:Mystery Machine"},{"floor":29,"key":"hubris:AstralHammer"},{"floor":29,"key":"halation:Trompette"},{"floor":30,"key":"Pondfish Scales"},{"floor":31,"key":"aspiration:StickyExplosives"},{"floor":32,"key":"jedi:arcanewood"},{"floor":35,"key":"Molten Egg 2"},{"floor":38,"key":"halation:IllGainedPizza"},{"floor":39,"key":"qcfpunch:Not_Strongest_Fighting_Style_Guidebook"},{"floor":40,"key":"qcfpunch:Wrestler\u0027s_Cloak"},{"floor":41,"key":"halation:BlackBeret"},{"floor":41,"key":"halation:KoshaPiece"},{"floor":42,"key":"Eternal Feather"},{"floor":43,"key":"Replay:Baseball"},{"floor":44,"key":"conspire:DecoderRing"},{"floor":44,"key":"hubris:ToyBattleship"},{"floor":45,"key":"Replay:Towering Pillar of Hats"},{"floor":46,"key":"Nunchaku"},{"floor":47,"key":"qcfpunch:Black_Training_Shirt"},{"floor":47,"key":"Replay:Bottled Eggs"},{"floor":48,"key":"Pantograph"},{"floor":49,"key":"ReplayFunnel"}],"event_choices":[{"damage_healed":0,"gold_gain":0,"player_choice":"Trade","damage_taken":0,"relics_obtained":["FaceOfCleric"],"max_hp_gain":0,"max_hp_loss":0,"event_name":"FaceTrader","floor":12,"gold_loss":0},{"damage_healed":0,"gold_gain":0,"player_choice":"Embrace Madness","damage_taken":19,"max_hp_gain":0,"max_hp_loss":0,"event_name":"Winding Halls","floor":37,"gold_loss":0,"cards_obtained":["Madness","Madness"]}],"is_beta":false,"boss_relics":[{"not_picked":["hubris:ScarierMask","relicPack:StarArrow"],"picked":"Calling Bell"},{"not_picked":["aspiration:WatcherSkillbook","RobotSpaceExplorer:TurboCore"],"picked":"aspiration:PoetsPen"},{"not_picked":["Coffee Dripper","Empty Cage"],"picked":"Sozu"}],"items_purged_floors":[3,20,36],"is_endless":true,"potions_floor_spawned":[2,8,10,16,21,22,24,27,28,35,46,47,50],"killed_by":"2 Louse","ascension_level":20}}