{"host":"dhlnk6yox2l1s6up","time":1611891169,"event":{"mods":["BaseMod","Bestiary","Colored Map","Highlight Path","Minty Spire (QoL Compilation)","Relic Stats","StSLib"],"gold_per_floor":[111,122,222,242,242,242,267,286,286,286,1,32,32,59,59,154,154,178,178,218,218,245,245,260,299,371,371,371],"floor_reached":27,"language":"ENG","playtime":1572,"items_purged":[],"score":397,"play_id":"d1e9e06d-4f9c-4d17-aac5-03d76e07c51d","local_time":"20210128213249","is_ascension_mode":true,"campfire_choices":[{"data":"Tantrum","floor":6.0,"key":"SMITH"},{"data":"Tantrum","floor":10.0,"key":"SMITH"},{"data":"TalkToTheHand","floor":15.0,"key":"SMITH"},{"data":"Adaptation","floor":23,"key":"SMITH"}],"circlet_count":0,"master_deck":["Strike_P+1","Strike_P+1","Strike_P+1","Strike_P+1","Defend_P+1","Defend_P+1","Defend_P+1","Defend_P+1","Eruption","Vigilance","DevaForm","Tantrum+1","CutThroughFate","PathToVictory","ClearTheMind","Tantrum+1","TalkToTheHand+1","DeceiveReality","Evaluate","Vault","CurseOfTheBell","Adaptation+1","Meditate","Worship","Wireheading"],"relics":["PureWater","Anchor","Letter Opener","ClockworkSouvenir","Pear","Lizard Tail","Calling Bell","CeramicFish","Blue Candle","FossilizedHelix","Red Mask","Shuriken","White Beast Statue"],"acts_visited":["Exordium","TheCity"],"potions_floor_usage":[20,20,22,22,27,27],"damage_taken":[{"damage":0.0,"enemies":"2 Louse","floor":1.0,"turns":2.0},{"damage":0.0,"enemies":"Cultist","floor":2.0,"turns":3.0},{"damage":2.0,"enemies":"Jaw Worm","floor":4.0,"turns":4.0},{"damage":12.0,"enemies":"Gremlin Nob","floor":7.0,"turns":3.0},{"damage":7.0,"enemies":"Exordium Wildlife","floor":8.0,"turns":4.0},{"damage":9.0,"enemies":"Lagavulin","floor":12.0,"turns":6.0},{"damage":0.0,"enemies":"Gremlin Nob","floor":14.0,"turns":2.0},{"damage":3.0,"enemies":"Hexaghost","floor":16.0,"turns":7.0},{"damage":0.0,"enemies":"Chosen","floor":18.0,"turns":5.0},{"damage":18,"enemies":"Masked Bandits","floor":20,"turns":7},{"damage":0,"enemies":"3 Byrds","floor":22,"turns":4},{"damage":16,"enemies":"Snecko","floor":24,"turns":5},{"damage":15,"enemies":"Gremlin Leader","floor":25,"turns":6},{"damage":19,"enemies":"Slavers","floor":27,"turns":2}],"seed_played":"-6495208513217556287","potions_obtained":[{"floor":2.0,"key":"BottledMiracle"},{"floor":4.0,"key":"SkillPotion"},{"floor":7.0,"key":"DistilledChaos"},{"floor":14.0,"key":"SteroidPotion"},{"floor":16.0,"key":"LiquidMemories"},{"floor":20,"key":"BottledMiracle"},{"floor":22,"key":"Energy Potion"},{"floor":25,"key":"AttackPotion"}],"is_trial":false,"path_per_floor":["M","M","?","M","?","R","E","M","T","R","$","E","$","E","R","B",null,"M","?","?","?","M","R","M","E","T","E"],"character_chosen":"WATCHER","items_purchased":["ClockworkSouvenir","TalkToTheHand","SkillPotion"],"campfire_rested":0,"item_purchase_floors":[11,11,11],"current_hp_per_floor":[65,65,65,63,63,63,51,44,44,44,44,45,45,45,45,42,67,67,53,35,35,35,35,19,4,4,30,30],"gold":371,"neow_bonus":"THREE_RARE_CARDS","is_daily":false,"chose_seed":false,"campfire_upgraded":4,"win_rate":0.0,"timestamp":1611891169,"path_taken":["M","M","?","?","?","R","E","M","T","R","?","E","$","E","R","BOSS","M","?","?","?","M","R","?","E","T","E"],"items_purchased_type":["Relic","Card","Potion"],"build_version":"2020-12-22","purchased_purges":0,"victory":false,"max_hp_per_floor":[65,65,65,65,65,65,65,65,65,65,65,75,75,75,75,75,75,75,80,80,80,80,80,80,80,80,80,80],"relic_stats":{"Lizard Tail":40,"counters":[14,60],"Shuriken":[1],"CeramicFish":36,"Blue Candle":[4],"Letter Opener":[109],"obtain_stats":[{"Pear":12,"CeramicFish":17,"Blue Candle":17,"Letter Opener":9,"White Beast Statue":26,"ClockworkSouvenir":11,"Calling Bell":17,"Anchor":7,"Lizard Tail":14,"Shuriken":25,"Red Mask":20,"PureWater":0,"FossilizedHelix":17},{"Pear":6,"CeramicFish":8,"Blue Candle":8,"Letter Opener":5,"White Beast Statue":13,"ClockworkSouvenir":5,"Calling Bell":8,"Anchor":4,"Lizard Tail":7,"Shuriken":13,"Red Mask":10,"PureWater":0,"FossilizedHelix":8},{"Pear":22,"CeramicFish":31,"Blue Candle":31,"Letter Opener":16,"White Beast Statue":58,"ClockworkSouvenir":16,"Calling Bell":31,"Anchor":12,"Lizard Tail":24,"Shuriken":58,"Red Mask":43,"PureWater":0,"FossilizedHelix":31}]},"card_choices":[{"not_picked":["Omniscience","Scrawl"],"picked":"DevaForm","floor":0.0},{"not_picked":["Consecrate","InnerPeace"],"picked":"Tantrum","floor":1.0},{"not_picked":["Conclude","Crescendo"],"picked":"CutThroughFate","floor":2.0},{"not_picked":["BowlingBash","Collect"],"picked":"PathToVictory","floor":4.0},{"not_picked":["Nirvana","Tantrum"],"picked":"ClearTheMind","floor":7.0},{"not_picked":["FlurryOfBlows","CrushJoints"],"picked":"Tantrum","floor":8.0},{"not_picked":["DeusExMachina","Protect"],"picked":"DeceiveReality","floor":12.0},{"not_picked":["FollowUp","CutThroughFate"],"picked":"Evaluate","floor":14.0},{"not_picked":["Ragnarok","MasterReality"],"picked":"Vault","floor":16.0},{"not_picked":["Sanctity+1","Study"],"picked":"Adaptation","floor":18.0},{"not_picked":["Pray","Sanctity"],"picked":"Meditate","floor":20},{"not_picked":["Prostrate+1","CutThroughFate+1"],"picked":"Worship","floor":22},{"not_picked":["WindmillStrike","Crescendo","Swivel+1"],"picked":"SKIP","floor":24},{"not_picked":["WreathOfFlame","FlurryOfBlows"],"picked":"Wireheading","floor":25}],"player_experience":6017962,"relics_obtained":[{"floor":7.0,"key":"Anchor"},{"floor":9.0,"key":"Letter Opener"},{"floor":12.0,"key":"Pear"},{"floor":14.0,"key":"Lizard Tail"},{"floor":17.0,"key":"CeramicFish"},{"floor":17.0,"key":"Blue Candle"},{"floor":17.0,"key":"FossilizedHelix"},{"floor":20,"key":"Red Mask"},{"floor":25,"key":"Shuriken"},{"floor":26,"key":"White Beast Statue"}],"event_choices":[{"damage_healed":0.0,"max_hp_gain":0.0,"max_hp_loss":0.0,"gold_gain":100.0,"event_name":"Wheel of Change","player_choice":"Gold","floor":3.0,"gold_loss":0.0,"damage_taken":0.0},{"damage_healed":0.0,"max_hp_gain":0.0,"max_hp_loss":0.0,"gold_gain":0.0,"event_name":"Liars Game","player_choice":"Ignored","floor":5.0,"gold_loss":0.0,"damage_taken":0.0},{"damage_healed":0.0,"max_hp_gain":5.0,"max_hp_loss":0.0,"gold_gain":0.0,"event_name":"Forgotten Altar","player_choice":"Shed Blood","floor":19.0,"gold_loss":0.0,"damage_taken":19.0},{"damage_healed":0,"gold_gain":0,"player_choice":"Fought Bandits","damage_taken":0,"max_hp_gain":0,"max_hp_loss":0,"event_name":"Masked Bandits","floor":20,"gold_loss":0},{"damage_healed":0,"gold_gain":0,"player_choice":"Simplicity","damage_taken":0,"max_hp_gain":0,"max_hp_loss":0,"event_name":"Back to Basics","floor":21,"gold_loss":0,"cards_upgraded":["Strike_P","Strike_P","Strike_P","Strike_P","Defend_P","Defend_P","Defend_P","Defend_P"]}],"is_beta":false,"boss_relics":[{"not_picked":["Tiny House","Runic Dome"],"picked":"Calling Bell"}],"items_purged_floors":[],"is_endless":false,"potions_floor_spawned":[2,4,7,14,16,20,22,25],"killed_by":"Slavers","ascension_level":9}}