{"host":"jhy70w0yh8dayqay","time":1611900238,"event":{"mods":["AchievementEnabler","BaseMod","Colored Map","Colored Powertips","DeckTracker","Minty Spire (QoL Compilation)","Permanent Neow","SuperFastMode"],"gold_per_floor":[17,31,46,58,74,74,109,109,109,109,119,144,99,99,99,197,197,197,197,197,197,197,197,197,197,197],"floor_reached":25,"language":"KOR","playtime":778,"items_purged":[],"score":373,"play_id":"0b24e083-7868-4418-8515-15999d4160d2","local_time":"20210129150358","is_ascension_mode":true,"campfire_choices":[{"data":"Perfected Strike","floor":6.0,"key":"SMITH"},{"data":"Double Tap","floor":8.0,"key":"SMITH"},{"data":"Pommel Strike","floor":10.0,"key":"SMITH"},{"data":"Perfected Strike","floor":15.0,"key":"SMITH"},{"data":"Perfected Strike","floor":24,"key":"SMITH"}],"circlet_count":0,"master_deck":["AscendersBane","Strike_R","Strike_R","Strike_R","Defend_R","Defend_R","Defend_R","Defend_R","Bash","Pommel Strike+1","Cleave","Perfected Strike+1","Shrug It Off","Double Tap+1","Pommel Strike","Shrug It Off","Perfected Strike+1","Immolate","Burning Pact","Flame Barrier","Perfected Strike+1","True Grit+1"],"relics":["Burning Blood","Blue Candle","Question Card","InkBottle","Ectoplasm","Toxic Egg 2"],"acts_visited":["Exordium","TheCity"],"potions_floor_usage":[16,23],"damage_taken":[{"damage":11.0,"enemies":"Cultist","floor":1.0,"turns":4.0},{"damage":2.0,"enemies":"Small Slimes","floor":2.0,"turns":4.0},{"damage":14.0,"enemies":"Jaw Worm","floor":3.0,"turns":3.0},{"damage":11.0,"enemies":"Blue Slaver","floor":4.0,"turns":4.0},{"damage":27.0,"enemies":"Exordium Wildlife","floor":5.0,"turns":6.0},{"damage":8.0,"enemies":"Gremlin Nob","floor":7.0,"turns":3.0},{"damage":6.0,"enemies":"3 Louse","floor":11.0,"turns":3.0},{"damage":9.0,"enemies":"3 Sentries","floor":12.0,"turns":6.0},{"damage":13,"enemies":"Slime Boss","floor":16,"turns":8},{"damage":14,"enemies":"Shell Parasite","floor":18,"turns":4},{"damage":0,"enemies":"Spheric Guardian","floor":19,"turns":2},{"damage":14,"enemies":"3 Cultists","floor":20,"turns":4},{"damage":37,"enemies":"Book of Stabbing","floor":23,"turns":4},{"damage":27,"enemies":"Snake Plant","floor":25,"turns":4}],"seed_played":"7904074266714912422","potions_obtained":[{"floor":3.0,"key":"EntropicBrew"},{"floor":11.0,"key":"Weak Potion"},{"floor":12.0,"key":"Ancient Potion"},{"floor":19,"key":"Fire Potion"}],"is_trial":false,"path_per_floor":["M","M","M","M","M","R","E","R","T","R","M","E","$","?","R","B",null,"M","M","M","?","?","E","R","M"],"character_chosen":"IRONCLAD","items_purchased":["Perfected Strike"],"campfire_rested":0,"item_purchase_floors":[13],"current_hp_per_floor":[67,71,63,58,37,37,35,35,35,35,35,32,32,24,24,17,64,56,62,54,54,54,23,23,0,0],"gold":197,"neow_bonus":"REMOVE_TWO","is_daily":false,"chose_seed":false,"campfire_upgraded":5,"win_rate":0.0,"timestamp":1611900238,"path_taken":["M","M","M","M","M","R","E","R","T","R","M","E","$","?","R","BOSS","M","M","?","?","?","E","R","M"],"items_purchased_type":["Card"],"build_version":"2020-12-22","purchased_purges":0,"victory":false,"max_hp_per_floor":[80,80,80,80,80,80,80,80,80,80,80,80,80,80,80,80,80,80,80,80,80,80,80,80,80,80],"card_choices":[{"not_picked":["Armaments","Twin Strike"],"picked":"Pommel Strike","floor":1.0},{"not_picked":["Shockwave","Body Slam"],"picked":"Cleave","floor":2.0},{"not_picked":["Flex","Headbutt"],"picked":"Perfected Strike","floor":3.0},{"not_picked":["Heavy Blade","Second Wind"],"picked":"Shrug It Off","floor":4.0},{"not_picked":["Cleave","Sword Boomerang","Thunderclap"],"picked":"SKIP","floor":5.0},{"not_picked":["Heavy Blade","Havoc"],"picked":"Double Tap","floor":7.0},{"not_picked":["Twin Strike","Sword Boomerang","Wild Strike"],"picked":"Pommel Strike","floor":11.0},{"not_picked":["Metallicize","Entrench","Armaments"],"picked":"Shrug It Off","floor":12.0},{"not_picked":["Juggernaut","Exhume","Berserk"],"picked":"Immolate","floor":16},{"not_picked":["Heavy Blade","Clash","Warcry","Sentinel"],"picked":"SKIP","floor":18},{"not_picked":["Warcry","Armaments","Whirlwind"],"picked":"Burning Pact","floor":19},{"not_picked":["Juggernaut","Fire Breathing","Spot Weakness"],"picked":"Flame Barrier","floor":20},{"not_picked":["Sword Boomerang","Clash","Blood for Blood"],"picked":"True Grit+1","floor":23}],"player_experience":441427,"relics_obtained":[{"floor":7.0,"key":"Blue Candle"},{"floor":9.0,"key":"Question Card"},{"floor":12.0,"key":"InkBottle"},{"floor":23,"key":"Toxic Egg 2"}],"event_choices":[{"damage_healed":0.0,"max_hp_gain":0.0,"max_hp_loss":0.0,"gold_gain":0.0,"event_name":"Wheel of Change","player_choice":"Damaged","floor":14.0,"gold_loss":0.0,"damage_taken":8.0},{"damage_healed":0,"gold_gain":0,"player_choice":"Read","damage_taken":0,"max_hp_gain":0,"max_hp_loss":0,"event_name":"The Library","floor":21,"gold_loss":0,"cards_obtained":["Perfected Strike"]},{"damage_healed":0,"gold_gain":100,"player_choice":"Pray","damage_taken":0,"max_hp_gain":0,"max_hp_loss":0,"event_name":"Golden Shrine","floor":22,"gold_loss":0}],"is_beta":false,"boss_relics":[{"not_picked":["Cursed Key","Astrolabe"],"picked":"Ectoplasm"}],"items_purged_floors":[],"is_endless":false,"potions_floor_spawned":[3,11,12,19,20],"killed_by":"Snake Plant","ascension_level":12}}