{"host":"mku5fdaoqz3qihec","time":1611958681,"event":{"mods":["100% Spire Juice","2.2 Compatiblity","AchievementEnabler","Arknights The Spire","BaseMod","CapriCore","Colored Map","Colored Powertips","Hermit","Koishi","Minty Spire (QoL Compilation)","Rare Cards Sparkle","StSLib","SuperFastMode","The Cursed","The Dragon Tamer","The Gatherer","The Immortal","The Servant 0.9.3"],"gold_per_floor":[114,134,134,148,167,167,167,181,181,192,222,222,242,259,259,363,363,383,308,324,3,20,53,68,85,135,135,146,146,160,178,178,281,281,291,20,39,39,50,50,61,61,107,124,124,138,138,138,138,138,138,138,119,149,149],"floor_reached":56,"language":"KOR","playtime":1474,"items_purged":["MokouMod:Strike","MokouMod:Strike","MokouMod:Strike","MokouMod:Defend","MokouMod:Defend"],"score":1374,"play_id":"b64aa01d-5ba1-420a-9beb-35933182b7d3","local_time":"20210130071801","is_ascension_mode":true,"campfire_choices":[{"data":"MokouMod:Wildfire","floor":6.0,"key":"SMITH"},{"floor":12.0,"key":"REST"},{"data":"MokouMod:HeartofFire","floor":15.0,"key":"SMITH"},{"floor":27.0,"key":"REST"},{"floor":32.0,"key":"REST"},{"floor":40.0,"key":"RECALL"},{"floor":45.0,"key":"REST"},{"floor":49.0,"key":"DIG"},{"floor":52.0,"key":"DIG"}],"circlet_count":0,"master_deck":["MokouMod:HeatSpark","MokouMod:DanceofFlames","MokouMod:FujiyamaVolcano","MokouMod:ResoluteFlare","MokouMod:Wildfire+1","MokouMod:ImperishableFlame","MokouMod:SacredFire","MokouMod:ShiftIgnition","MokouMod:ProfanedFlare","MokouMod:ControlledCombustion","MokouMod:IgnitionBlast","MokouMod:IndiscriminateIgnition","MokouMod:HeartofFire+1","MokouMod:BurningDraft+1","MokouMod:SubterraneanCore+1","MokouMod:Ventilation","MokouMod:Stoke","MokouMod:WarmUp+1"],"relics":["MokouMod:PhoenixFeather","Art of War","Vajra","Fusion Hammer","Akabeko","Bottled Tornado","Bronze Scales","Shovel","Philosopher\u0027s Stone","Chemical X","Shuriken","Letter Opener","Medical Kit","Ginger"],"acts_visited":["Exordium","TheCity","TheBeyond","TheEnding"],"potions_floor_usage":[54,55,55,55,55],"damage_taken":[{"damage":8.0,"enemies":"Jaw Worm","floor":1.0,"turns":4.0},{"damage":6.0,"enemies":"Cultist","floor":2.0,"turns":3.0},{"damage":0.0,"enemies":"2 Louse","floor":4.0,"turns":2.0},{"damage":20.0,"enemies":"Red Slaver","floor":5.0,"turns":4.0},{"damage":8.0,"enemies":"Large Slime","floor":8.0,"turns":4.0},{"damage":0.0,"enemies":"3 Louse","floor":10.0,"turns":2.0},{"damage":22.0,"enemies":"3 Sentries","floor":11.0,"turns":5.0},{"damage":0.0,"enemies":"Looter","floor":13.0,"turns":2.0},{"damage":8.0,"enemies":"Red Slaver","floor":14.0,"turns":2.0},{"damage":16.0,"enemies":"Slime Boss","floor":16.0,"turns":8.0},{"damage":9.0,"enemies":"2 Thieves","floor":18.0,"turns":3.0},{"damage":5.0,"enemies":"3 Byrds","floor":20.0,"turns":4.0},{"damage":16.0,"enemies":"Shelled Parasite and Fungi","floor":22.0,"turns":3.0},{"damage":17.0,"enemies":"Slavers","floor":23.0,"turns":2.0},{"damage":0.0,"enemies":"Cultist and Chosen","floor":24.0,"turns":3.0},{"damage":26.0,"enemies":"Centurion and Healer","floor":25.0,"turns":5.0},{"damage":13.0,"enemies":"Shelled Parasite and Fungi","floor":28.0,"turns":2.0},{"damage":10.0,"enemies":"Cultist and Chosen","floor":30.0,"turns":4.0},{"damage":9.0,"enemies":"Centurion and Healer","floor":31.0,"turns":3.0},{"damage":0.0,"enemies":"Champ","floor":33.0,"turns":6.0},{"damage":0.0,"enemies":"3 Darklings","floor":35.0,"turns":1.0},{"damage":27.0,"enemies":"3 Shapes","floor":37.0,"turns":2.0},{"damage":22.0,"enemies":"Writhing Mass","floor":39.0,"turns":3.0},{"damage":4.0,"enemies":"Spire Growth","floor":41.0,"turns":2.0},{"damage":41.0,"enemies":"Jaw Worm Horde","floor":44.0,"turns":3.0},{"damage":18.0,"enemies":"3 Darklings","floor":46.0,"turns":2.0},{"damage":45.0,"enemies":"Donu and Deca","floor":50.0,"turns":3.0},{"damage":18,"enemies":"Shield and Spear","floor":54,"turns":2},{"damage":120,"enemies":"The Heart","floor":55,"turns":6}],"seed_played":"-1193595928971136629","potions_obtained":[{"floor":5.0,"key":"AttackPotion"},{"floor":10.0,"key":"Explosive Potion"},{"floor":13.0,"key":"FairyPotion"},{"floor":16.0,"key":"GamblersBrew"},{"floor":23.0,"key":"Weak Potion"},{"floor":28.0,"key":"ColorlessPotion"},{"floor":30.0,"key":"Ancient Potion"},{"floor":33.0,"key":"Fruit Juice"},{"floor":37.0,"key":"LiquidMemories"},{"floor":41.0,"key":"Block Potion"},{"floor":44.0,"key":"DuplicationPotion"},{"floor":54,"key":"EntropicBrew"}],"is_trial":false,"path_per_floor":["M","M","?","M","M","R","?","M","T","M","E","R","M","M","R","B",null,"M","$","M","$","M","E","M","M","T","R","M","?","M","M","R","B",null,"M","$","M","?","M","R","M","$","T","M","R","M","?","?","R","B",null,"R","$","E","B",null],"character_chosen":"MKU","items_purchased":["MokouMod:IgnitionBlast","Akabeko","Chemical X","Medical Kit"],"campfire_rested":4,"item_purchase_floors":[21,21,36,53],"current_hp_per_floor":[67,61,61,61,41,41,41,33,33,33,11,33,33,25,25,9,75,66,66,61,61,45,28,28,2,2,24,11,11,1,17,39,39,80,80,80,53,80,58,58,54,54,54,13,37,19,70,70,70,25,70,70,70,52,40],"gold":149,"neow_bonus":"TRANSFORM_CARD","is_daily":false,"chose_seed":false,"campfire_upgraded":2,"win_rate":0.0,"timestamp":1611958681,"path_taken":["M","M","?","?","M","R","?","?","T","M","E","R","M","M","R","BOSS","M","$","?","$","M","E","?","M","T","R","M","?","M","?","R","BOSS","M","$","M","?","M","R","M","$","T","?","R","M","?","?","R","BOSS","R","$","E","BOSS"],"items_purchased_type":["Card","Relic","Relic","Relic"],"build_version":"2020-12-22","purchased_purges":5,"victory":true,"max_hp_per_floor":[75,75,75,75,75,75,75,75,75,75,75,75,75,75,75,75,75,75,75,75,75,75,75,75,75,75,75,75,75,75,75,75,75,80,80,80,80,80,80,80,80,80,80,80,80,80,70,70,70,70,70,70,70,70,70],"card_choices":[{"not_picked":["MokouMod:UncontrollableSolarReaction","MokouMod:InfernalWave"],"picked":"MokouMod:FujiyamaVolcano","floor":1.0},{"not_picked":["MokouMod:ThermalPressure","MokouMod:InfernalWave"],"picked":"MokouMod:ResoluteFlare","floor":2.0},{"not_picked":["MokouMod:Sear","MokouMod:TemporalFireSeal"],"picked":"MokouMod:Wildfire","floor":4.0},{"not_picked":["MokouMod:BurningDraft","MokouMod:TemporalFireSeal"],"picked":"MokouMod:ImperishableFlame","floor":5.0},{"not_picked":["MokouMod:FujiyamaVolcano","MokouMod:BurningDraft"],"picked":"MokouMod:SacredFire","floor":8.0},{"not_picked":["MokouMod:SearingShot","MokouMod:RetainTemperature","MokouMod:ScorchingColumn"],"picked":"SKIP","floor":10.0},{"not_picked":["MokouMod:Rekindle","MokouMod:EternalBurstReactor"],"picked":"MokouMod:ShiftIgnition","floor":11.0},{"not_picked":["MokouMod:BlazingComet","MokouMod:AdaptivePyromancy"],"picked":"MokouMod:HeartofFire","floor":13.0},{"not_picked":["MokouMod:RoaringFlare","MokouMod:ImperishableFlame","MokouMod:FusionFlare"],"picked":"SKIP","floor":14.0},{"not_picked":["MokouMod:Geothermal","MokouMod:SacredFire"],"picked":"MokouMod:ProfanedFlare","floor":16.0},{"not_picked":["MokouMod:SearingShot+1","MokouMod:FlickeringFlame","MokouMod:Burn"],"picked":"SKIP","floor":18.0},{"not_picked":["MokouMod:Overheat","MokouMod:Firecracker"],"picked":"MokouMod:ControlledCombustion","floor":20.0},{"not_picked":["MokouMod:Overheat","MokouMod:ControlledCombustion","MokouMod:AdaptivePyromancy"],"picked":"SKIP","floor":22.0},{"not_picked":["MokouMod:FujiyamaVolcano","MokouMod:ExplosiveFlame"],"picked":"MokouMod:IndiscriminateIgnition","floor":23.0},{"not_picked":["MokouMod:TemporalFireSeal","MokouMod:Firecracker"],"picked":"MokouMod:HeartofFire","floor":24.0},{"not_picked":["MokouMod:IgneousBlow+1","MokouMod:BlazingComet","MokouMod:FlamingFireTalons"],"picked":"SKIP","floor":25.0},{"not_picked":["MokouMod:BlazingComet+1","MokouMod:InfernalWave","MokouMod:IndiscriminateIgnition"],"picked":"SKIP","floor":28.0},{"not_picked":["MokouMod:Singe+1","MokouMod:UncontrollableSolarReaction"],"picked":"MokouMod:BurningDraft+1","floor":30.0},{"not_picked":["MokouMod:EternalBurstReactor","MokouMod:Sear","MokouMod:TemporalFireSeal"],"picked":"SKIP","floor":31.0},{"not_picked":["MokouMod:AdaptivePyromancy","MokouMod:Meltdown","MokouMod:FlareStarter+1"],"picked":"SKIP","floor":35.0},{"not_picked":["MokouMod:TemporalFireSeal+1","MokouMod:SearingShot+1","MokouMod:FlareStarter"],"picked":"SKIP","floor":37.0},{"not_picked":["MokouMod:IndiscriminateIgnition","MokouMod:HeatFactory"],"picked":"MokouMod:SubterraneanCore+1","floor":39.0},{"not_picked":["MokouMod:Combust","MokouMod:BurningDraft+1"],"picked":"MokouMod:Ventilation","floor":41.0},{"not_picked":["MokouMod:AdaptivePyromancy+1","MokouMod:FlareStarter","MokouMod:ImperishableFlame"],"picked":"SKIP","floor":44.0},{"not_picked":["MokouMod:EternalBurstReactor","MokouMod:FlickeringFlame+1","MokouMod:HeatFactory+1"],"picked":"SKIP","floor":46.0},{"not_picked":["MokouMod:InfernalWave","MokouMod:ResoluteFlare"],"picked":"MokouMod:WarmUp+1","floor":54}],"player_experience":306367,"relics_obtained":[{"floor":9.0,"key":"Art of War"},{"floor":11.0,"key":"Vajra"},{"floor":23.0,"key":"Bottled Tornado"},{"floor":26.0,"key":"Bronze Scales"},{"floor":49.0,"key":"Shuriken"},{"floor":52.0,"key":"Letter Opener"},{"floor":54,"key":"Ginger"}],"event_choices":[{"damage_healed":0.0,"max_hp_gain":0.0,"max_hp_loss":0.0,"gold_gain":0.0,"cards_transformed":["MokouMod:Strike"],"event_name":"Transmorgrifier","player_choice":"Transformed","floor":3.0,"gold_loss":0.0,"damage_taken":0.0,"cards_obtained":["MokouMod:Burn"]},{"cards_removed":["MokouMod:Strike"],"damage_healed":0.0,"max_hp_gain":0.0,"max_hp_loss":0.0,"gold_gain":0.0,"event_name":"Wheel of Change","player_choice":"Card Removal","floor":7.0,"gold_loss":0.0,"damage_taken":0.0},{"damage_healed":0.0,"max_hp_gain":0.0,"max_hp_loss":0.0,"gold_gain":0.0,"event_name":"WeMeetAgain","player_choice":"Gave Potion","floor":29.0,"gold_loss":0.0,"damage_taken":0.0,"relics_obtained":["Shovel"]},{"cards_removed":["MokouMod:Burn"],"damage_healed":27.0,"max_hp_gain":0.0,"max_hp_loss":0.0,"gold_gain":0.0,"event_name":"Bonfire Elementals","player_choice":"Offered Uncommon","floor":38.0,"gold_loss":0.0,"damage_taken":0.0},{"damage_healed":70.0,"max_hp_gain":0.0,"max_hp_loss":10.0,"gold_gain":0.0,"event_name":"The Moai Head","player_choice":"Heal","floor":47.0,"gold_loss":0.0,"damage_taken":0.0},{"damage_healed":0.0,"max_hp_gain":0.0,"max_hp_loss":0.0,"gold_gain":0.0,"cards_transformed":["MokouMod:Defend"],"event_name":"Transmorgrifier","player_choice":"Transformed","floor":48.0,"gold_loss":0.0,"damage_taken":0.0,"cards_obtained":["MokouMod:Stoke"]}],"is_beta":false,"boss_relics":[{"not_picked":["Busted Crown","SlaversCollar"],"picked":"Fusion Hammer"},{"not_picked":["Runic Pyramid","SacredBark"],"picked":"Philosopher\u0027s Stone"}],"items_purged_floors":[19,21,36,42,53],"is_endless":false,"potions_floor_spawned":[5,10,13,16,23,28,30,33,37,41,44,54],"ascension_level":1}}