{"host":"2js2pxuugveqjuf7","time":1611915125,"event":{"mods":["BaseMod","Colored Map","Minty Spire (QoL Compilation)","Quick Restart","Random Character Button","Relic Stats","StSLib"],"gold_per_floor":[119,133,83,183,195,226,226,226,226],"floor_reached":8,"language":"ENG","playtime":492,"items_purged":[],"score":62,"play_id":"1c73ba63-e997-46ef-8c2f-c84b8a63be48","local_time":"20210129041205","is_ascension_mode":true,"campfire_choices":[{"data":"Crippling Poison","floor":7.0,"key":"SMITH"}],"circlet_count":0,"master_deck":["Strike_G","Strike_G","Strike_G","Strike_G","Defend_G","Defend_G","Defend_G","Defend_G","Defend_G","Survivor","Neutralize","Flechettes","Escape Plan","Acrobatics","Crippling Poison+1"],"relics":["Ring of the Snake","NeowsBlessing","Pear"],"acts_visited":["Exordium"],"potions_floor_usage":[],"damage_taken":[{"damage":0.0,"enemies":"Cultist","floor":1.0,"turns":1.0},{"damage":0.0,"enemies":"Small Slimes","floor":2.0,"turns":1.0},{"damage":0.0,"enemies":"2 Louse","floor":5.0,"turns":1.0},{"damage":24.0,"enemies":"3 Sentries","floor":6.0,"turns":13.0},{"damage":33,"enemies":"Lagavulin","floor":8,"turns":9}],"seed_played":"-4971398301486017082","potions_obtained":[{"floor":1.0,"key":"GamblersBrew"},{"floor":2.0,"key":"SkillPotion"}],"is_trial":false,"path_per_floor":["M","M","?","?","M","E","R","E"],"character_chosen":"THE_SILENT","items_purchased":[],"campfire_rested":0,"item_purchase_floors":[],"current_hp_per_floor":[70,70,70,70,70,56,56,23,23],"gold":226,"neow_bonus":"THREE_ENEMY_KILL","is_daily":false,"chose_seed":false,"campfire_upgraded":1,"win_rate":0.0,"timestamp":1611915125,"path_taken":["M","?","?","?","?","E","R","E"],"items_purchased_type":[],"build_version":"2020-12-22","purchased_purges":0,"victory":false,"max_hp_per_floor":[70,70,70,70,70,80,80,80,80],"relic_stats":{"counters":[5,25],"obtain_stats":[{"Pear":6,"NeowsBlessing":0,"Ring of the Snake":0},{"Pear":4,"NeowsBlessing":0,"Ring of the Snake":0},{"Pear":16,"NeowsBlessing":0,"Ring of the Snake":0}],"Ring of the Snake":[10]},"card_choices":[{"not_picked":["Bane","Dodge and Roll"],"picked":"Flechettes","floor":1.0},{"not_picked":["Slice","Acrobatics"],"picked":"Escape Plan","floor":2.0},{"not_picked":["Underhanded Strike","Accuracy"],"picked":"Acrobatics","floor":5.0},{"not_picked":["Slice","Blur"],"picked":"Crippling Poison","floor":6.0}],"player_experience":314429,"relics_obtained":[{"floor":6.0,"key":"Pear"}],"event_choices":[{"cards_removed":["Strike_G"],"damage_healed":0.0,"max_hp_gain":0.0,"max_hp_loss":0.0,"gold_gain":0.0,"event_name":"The Cleric","player_choice":"Card Removal","floor":3.0,"gold_loss":50.0,"damage_taken":0.0},{"damage_healed":0.0,"max_hp_gain":0.0,"max_hp_loss":0.0,"gold_gain":100.0,"event_name":"Wheel of Change","player_choice":"Gold","floor":4.0,"gold_loss":0.0,"damage_taken":0.0}],"is_beta":false,"boss_relics":[],"items_purged_floors":[],"is_endless":false,"potions_floor_spawned":[1,2],"killed_by":"Lagavulin","ascension_level":2}}