{"host":"Stephanie","time":1611936190,"event":{"mods":["BaseMod","Colored Powertips","Minty Spire (QoL Compilation)","Rare Cards Sparkle","Relic Stats","StSLib","The Marked"],"gold_per_floor":[118,118,129,129,148,175,175,193,217,251,264,284,284,459,459,558,558,572,592,300,310,18,50,50,50,74,85,120,136,136,155,155,253,253,270,288,301,321,337,367,367,380,380,380,394,426,426,476,476,476],"floor_reached":51,"language":"ENG","playtime":3710,"items_purged":[],"score":788,"play_id":"927c758c-d8de-4eaa-b054-538d355303fd","local_time":"20210129110310","is_ascension_mode":false,"campfire_choices":[{"data":"theMarked:EmpowerWeapon","floor":7.0,"key":"SMITH"},{"data":"theMarked:SoldierOfQuellstein","floor":13.0,"key":"SMITH"},{"data":"theMarked:DispelDoubt","floor":15.0,"key":"SMITH"},{"data":"theMarked:Defy","floor":25.0,"key":"SMITH"},{"data":"theMarked:TakeOffHeels","floor":32.0,"key":"SMITH"},{"data":"theMarked:Heritage","floor":41.0,"key":"SMITH"},{"data":"theMarked:Toughness","floor":44.0,"key":"SMITH"},{"data":"theMarked:Vacuum","floor":47,"key":"SMITH"},{"floor":49,"key":"RECALL"}],"circlet_count":0,"master_deck":["theMarked:Strike","theMarked:Strike","theMarked:Strike","theMarked:Defend","theMarked:Defend","theMarked:Defend","theMarked:Defend","theMarked:SoldierOfQuellstein+1","theMarked:MysticalArsenal","theMarked:EmpowerWeapon+1","theMarked:SwordAndMagic","theMarked:HeightenedSenses","theMarked:DispelDoubt+1","theMarked:BanishingStrike","theMarked:WardOff","Doubt","theMarked:Defy+1","theMarked:Heritage+1","theMarked:BanishingStrike+1","theMarked:TakeOffHeels+1","theMarked:MagusForm","theMarked:OneWithTheBlade+1","theMarked:EmpowerWeapon+1","theMarked:Memento+1","theMarked:Vacuum+1","Necronomicurse","theMarked:EternalStudent","theMarked:AttractMetal+1","theMarked:KeepCalmAndFight+1","theMarked:ComboAttacks","theMarked:AttractMetal+1","theMarked:Toughness+1","theMarked:Standoff+1","theMarked:Friction+1","theMarked:ParalyzingBlade+1"],"relics":["Coffee Dripper","theMarked:DemonDagger","Strawberry","Blood Vial","SacredBark","Orrery","Akabeko","Prayer Wheel","Eternal Feather","Toy Ornithopter","PreservedInsect","Necronomicon","Snecko Eye","Darkstone Periapt","Thread and Needle","Dream Catcher","theMarked:SecretDocuments"],"acts_visited":["Exordium","TheCity","TheBeyond"],"potions_floor_usage":[45],"damage_taken":[{"damage":0.0,"enemies":"Cultist","floor":1.0,"turns":3.0},{"damage":0.0,"enemies":"2 Louse","floor":3.0,"turns":3.0},{"damage":5.0,"enemies":"Small Slimes","floor":5.0,"turns":3.0},{"damage":26.0,"enemies":"Lagavulin","floor":6.0,"turns":4.0},{"damage":8.0,"enemies":"Gremlin Gang","floor":8.0,"turns":4.0},{"damage":4.0,"enemies":"3 Sentries","floor":10.0,"turns":6.0},{"damage":0.0,"enemies":"Blue Slaver","floor":11.0,"turns":3.0},{"damage":0.0,"enemies":"Exordium Wildlife","floor":12.0,"turns":2.0},{"damage":10.0,"enemies":"The Guardian","floor":16.0,"turns":7.0},{"damage":1.0,"enemies":"Shell Parasite","floor":18.0,"turns":3.0},{"damage":21.0,"enemies":"2 Thieves","floor":19.0,"turns":4.0},{"damage":4.0,"enemies":"Centurion and Healer","floor":21.0,"turns":4.0},{"damage":21.0,"enemies":"Book of Stabbing","floor":23.0,"turns":5.0},{"damage":17.0,"enemies":"Snake Plant","floor":27.0,"turns":5.0},{"damage":15.0,"enemies":"Gremlin Leader","floor":28.0,"turns":4.0},{"damage":0.0,"enemies":"3 Cultists","floor":29.0,"turns":4.0},{"damage":0.0,"enemies":"Snecko","floor":31.0,"turns":2.0},{"damage":46.0,"enemies":"Collector","floor":33.0,"turns":7.0},{"damage":0.0,"enemies":"3 Shapes","floor":35.0,"turns":5.0},{"damage":6.0,"enemies":"Orb Walker","floor":36.0,"turns":3.0},{"damage":0.0,"enemies":"Jaw Worm Horde","floor":37.0,"turns":1.0},{"damage":9.0,"enemies":"Transient","floor":38.0,"turns":5.0},{"damage":21.0,"enemies":"Writhing Mass","floor":39.0,"turns":4.0},{"damage":9.0,"enemies":"Reptomancer","floor":40.0,"turns":3.0},{"damage":23.0,"enemies":"4 Shapes","floor":42.0,"turns":8.0},{"damage":26,"enemies":"Spire Growth","floor":45,"turns":5},{"damage":0,"enemies":"Giant Head","floor":46,"turns":5},{"damage":0,"enemies":"Mind Bloom Boss Battle","floor":48,"turns":2},{"damage":36,"enemies":"Donu and Deca","floor":50,"turns":8}],"seed_played":"5575754815350844564","potions_obtained":[{"floor":6.0,"key":"Energy Potion"},{"floor":10.0,"key":"LiquidMemories"},{"floor":11.0,"key":"SkillPotion"},{"floor":12.0,"key":"BlessingOfTheForge"},{"floor":23.0,"key":"GamblersBrew"},{"floor":24.0,"key":"DistilledChaos"},{"floor":28.0,"key":"SpeedPotion"},{"floor":31.0,"key":"PowerPotion"},{"floor":36.0,"key":"Explosive Potion"},{"floor":37.0,"key":"ColorlessPotion"},{"floor":40.0,"key":"Weak Potion"},{"floor":42.0,"key":"Fruit Juice"}],"is_trial":false,"path_per_floor":["M","?","M","?","M","E","R","M","T","E","M","M","R","?","R","B",null,"M","M","$","M","$","E","?","R","T","M","E","M","?","M","R","B",null,"M","M","M","M","M","E","R","M","T","R","M","E","R","?","R","B",null],"character_chosen":"THE_DEFAULT","items_purchased":["Orrery","Akabeko","Prayer Wheel"],"campfire_rested":0,"item_purchase_floors":[20,20,22],"current_hp_per_floor":[70,63,63,63,58,32,32,24,31,27,29,31,31,31,31,23,77,76,56,56,54,54,35,35,47,47,32,24,31,15,17,32,3,77,77,71,77,68,49,42,60,39,39,57,38,40,61,63,77,41],"gold":476,"neow_bonus":"BOSS_RELIC","is_daily":false,"chose_seed":false,"campfire_upgraded":8,"win_rate":0.0,"timestamp":1611936190,"path_taken":["M","?","M","?","M","E","R","M","T","E","M","?","R","?","R","BOSS","M","M","$","M","$","E","?","R","T","M","E","?","?","M","R","BOSS","M","M","M","M","M","E","R","M","T","R","M","E","R","?","R","BOSS"],"items_purchased_type":["Relic","Relic","Relic"],"build_version":"2020-12-18","purchased_purges":0,"victory":true,"max_hp_per_floor":[70,70,70,70,70,70,70,70,77,77,77,77,77,77,77,77,77,77,77,77,77,77,77,77,77,77,77,77,77,77,77,77,77,77,77,77,77,77,77,77,77,77,77,77,77,77,77,77,77,77],"relic_stats":{"Blood Vial":35,"Darkstone Periapt":0,"Dream Catcher":0,"counters":[29,122],"Snecko Eye":[75,87,100,88],"Prayer Wheel":10,"Eternal Feather":98,"PreservedInsect":183,"Necronomicon":[27],"obtain_stats":[{"Darkstone Periapt":40,"theMarked:DemonDagger":6,"SacredBark":17,"Eternal Feather":23,"Thread and Needle":43,"PreservedInsect":28,"Akabeko":20,"Blood Vial":10,"theMarked:ArtifactOfAir":0,"Dream Catcher":46,"theMarked:SecretDocuments":48,"Strawberry":9,"Orrery":20,"Snecko Eye":34,"Prayer Wheel":22,"Coffee Dripper":0,"Necronomicon":30,"Toy Ornithopter":26},{"Darkstone Periapt":24,"theMarked:DemonDagger":4,"SacredBark":9,"Eternal Feather":13,"Thread and Needle":25,"PreservedInsect":15,"Akabeko":11,"Blood Vial":6,"theMarked:ArtifactOfAir":0,"Dream Catcher":27,"theMarked:SecretDocuments":28,"Strawberry":5,"Orrery":11,"Snecko Eye":18,"Prayer Wheel":12,"Coffee Dripper":0,"Necronomicon":16,"Toy Ornithopter":13},{"Darkstone Periapt":94,"theMarked:DemonDagger":13,"SacredBark":35,"Eternal Feather":51,"Thread and Needle":102,"PreservedInsect":60,"Akabeko":42,"Blood Vial":23,"theMarked:ArtifactOfAir":0,"Dream Catcher":112,"theMarked:SecretDocuments":114,"Strawberry":17,"Orrery":42,"Snecko Eye":73,"Prayer Wheel":46,"Coffee Dripper":0,"Necronomicon":64,"Toy Ornithopter":51}],"Toy Ornithopter":34},"card_choices":[{"not_picked":["theMarked:ResourceFulStrike","theMarked:EmpowerWeapon"],"picked":"theMarked:MysticalArsenal","floor":1.0},{"not_picked":["theMarked:TheMission","theMarked:ResourceFulStrike"],"picked":"theMarked:EmpowerWeapon","floor":3.0},{"not_picked":["theMarked:ChainLightning","theMarked:RepellingDischarge"],"picked":"theMarked:SwordAndMagic","floor":5.0},{"not_picked":["theMarked:Overthink","theMarked:ChainLightning"],"picked":"theMarked:HeightenedSenses","floor":6.0},{"not_picked":["theMarked:TakeCover","theMarked:Convert","theMarked:EnhanceMovement"],"picked":"SKIP","floor":8.0},{"not_picked":["theMarked:SwordAndMagic","theMarked:Parkour"],"picked":"theMarked:DispelDoubt","floor":10.0},{"not_picked":["theMarked:RepellingDischarge","theMarked:StartUp"],"picked":"theMarked:BanishingStrike","floor":11.0},{"not_picked":["theMarked:SwordAndMagic","theMarked:Pokerface"],"picked":"theMarked:WardOff","floor":12.0},{"not_picked":["theMarked:Levitate","theMarked:FavorableWinds"],"picked":"theMarked:Defy","floor":16.0},{"not_picked":["theMarked:Parkour","theMarked:Pokerface"],"picked":"theMarked:Heritage","floor":18.0},{"not_picked":["theMarked:RepellingDischarge+1","theMarked:ChainLightning"],"picked":"theMarked:BanishingStrike+1","floor":19.0},{"not_picked":["theMarked:Improvise","theMarked:ThrowWeapon"],"picked":"theMarked:TakeOffHeels","floor":20.0},{"not_picked":["theMarked:Aftermath+1","theMarked:WardOff"],"picked":"theMarked:MagusForm","floor":20.0},{"not_picked":["theMarked:Aftermath","theMarked:Reabsorb"],"picked":"theMarked:OneWithTheBlade+1","floor":20.0},{"not_picked":["theMarked:SwordAndMagic","theMarked:WastefulAttack"],"picked":"theMarked:EmpowerWeapon+1","floor":20.0},{"not_picked":["theMarked:SwordAndMagic+1","theMarked:Maelstrom","theMarked:BanishingStrike"],"picked":"SKIP","floor":21.0},{"not_picked":["theMarked:Generate","theMarked:EmpowerWeapon","theMarked:UnarmedFury"],"picked":"SKIP","floor":23.0},{"not_picked":["theMarked:Reabsorb","theMarked:Frustration"],"picked":"theMarked:Memento+1","floor":27.0},{"not_picked":["theMarked:Maelstrom","theMarked:BanishingStrike"],"picked":"theMarked:Vacuum","floor":27.0},{"not_picked":["theMarked:WastefulAttack","theMarked:UnarmedFury","theMarked:Improvise+1"],"picked":"SKIP","floor":28.0},{"not_picked":["theMarked:Improvise","theMarked:BanishingStrike","theMarked:SwordAndMagic"],"picked":"SKIP","floor":29.0},{"not_picked":["theMarked:Parkour","theMarked:Memento+1","theMarked:LightningStrikesTwice"],"picked":"SKIP","floor":29.0},{"not_picked":["theMarked:Aftermath","theMarked:TwofoldDefense+1","theMarked:Electrocute"],"picked":"SKIP","floor":31.0},{"not_picked":["theMarked:Memento+1","theMarked:Aftermath","theMarked:ChainLightning"],"picked":"SKIP","floor":31.0},{"not_picked":["theMarked:Vacuum","theMarked:Snap"],"picked":"theMarked:EternalStudent","floor":33.0},{"not_picked":["theMarked:Seal+1","theMarked:EmpowerWeapon","theMarked:Parkour+1"],"picked":"SKIP","floor":35.0},{"not_picked":["theMarked:ElectricStrings","theMarked:TwofoldDefense+1","theMarked:ChainLightning"],"picked":"SKIP","floor":35.0},{"not_picked":["theMarked:WardOff","theMarked:SwordAndMagic+1"],"picked":"theMarked:AttractMetal+1","floor":36.0},{"not_picked":["theMarked:Frustration","theMarked:Parry","theMarked:EmpowerWeapon"],"picked":"SKIP","floor":36.0},{"not_picked":["theMarked:RogueSparks","theMarked:RepellingDischarge+1"],"picked":"theMarked:KeepCalmAndFight+1","floor":37.0},{"not_picked":["theMarked:HeightenedSenses+1","theMarked:OneWithTheBlade+1","theMarked:MysticalArsenal"],"picked":"SKIP","floor":37.0},{"not_picked":["theMarked:TheMission","theMarked:EnhanceMovement+1"],"picked":"theMarked:ComboAttacks","floor":38.0},{"not_picked":["theMarked:Frustration","theMarked:Parkour+1","theMarked:PowerFlow+1"],"picked":"SKIP","floor":38.0},{"not_picked":["theMarked:Improvise","theMarked:RepellingDischarge+1","theMarked:Frustration+1"],"picked":"SKIP","floor":39.0},{"not_picked":["theMarked:RepellingDischarge+1","theMarked:TheMission+1","theMarked:ContemptForTheProud+1"],"picked":"SKIP","floor":39.0},{"not_picked":["theMarked:BanishingStrike","theMarked:EmpowerWeapon"],"picked":"theMarked:AttractMetal+1","floor":40.0},{"not_picked":["theMarked:Aftermath","theMarked:HeightenedSenses+1"],"picked":"theMarked:Toughness","floor":42.0},{"not_picked":["theMarked:WardOff","theMarked:TakeCover+1"],"picked":"theMarked:Standoff+1","floor":42.0},{"not_picked":["theMarked:Pokerface","theMarked:WardOff"],"picked":"theMarked:Friction+1","floor":45},{"not_picked":["theMarked:WastefulAttack","theMarked:BanishingWave"],"picked":"theMarked:ParalyzingBlade+1","floor":45},{"not_picked":["theMarked:ResourceFulStrike","theMarked:ThrowWeapon","theMarked:Memento"],"picked":"SKIP","floor":46}],"player_experience":874286,"relics_obtained":[{"floor":6.0,"key":"theMarked:DemonDagger"},{"floor":9.0,"key":"Strawberry"},{"floor":10.0,"key":"Blood Vial"},{"floor":23.0,"key":"Eternal Feather"},{"floor":26.0,"key":"Toy Ornithopter"},{"floor":28.0,"key":"PreservedInsect"},{"floor":30.0,"key":"Necronomicon"},{"floor":40.0,"key":"Darkstone Periapt"},{"floor":43.0,"key":"Thread and Needle"},{"floor":46,"key":"Dream Catcher"},{"floor":48,"key":"theMarked:SecretDocuments"}],"event_choices":[{"cards_removed":["theMarked:Strike"],"damage_healed":0.0,"max_hp_gain":0.0,"max_hp_loss":0.0,"gold_gain":0.0,"event_name":"Golden Wing","player_choice":"Card Removal","floor":2.0,"gold_loss":0.0,"damage_taken":7.0},{"cards_removed":["theMarked:Strike"],"damage_healed":0.0,"max_hp_gain":0.0,"max_hp_loss":0.0,"gold_gain":0.0,"event_name":"Wheel of Change","player_choice":"Card Removal","floor":4.0,"gold_loss":0.0,"damage_taken":0.0},{"damage_healed":0.0,"max_hp_gain":0.0,"max_hp_loss":0.0,"gold_gain":175.0,"event_name":"Liars Game","player_choice":"AGREE","floor":14.0,"gold_loss":0.0,"damage_taken":0.0,"cards_obtained":["Doubt"]},{"damage_healed":0.0,"max_hp_gain":0.0,"max_hp_loss":0.0,"gold_gain":0.0,"event_name":"Lab","player_choice":"Got Potions","floor":24.0,"gold_loss":0.0,"damage_taken":0.0},{"damage_healed":0.0,"max_hp_gain":0.0,"max_hp_loss":0.0,"gold_gain":0.0,"event_name":"Cursed Tome","player_choice":"Obtained Book","floor":30.0,"gold_loss":0.0,"damage_taken":16.0},{"damage_healed":0,"gold_gain":0,"player_choice":"Fight","damage_taken":0,"max_hp_gain":0,"max_hp_loss":0,"event_name":"MindBloom","floor":48,"gold_loss":0}],"is_beta":true,"boss_relics":[{"not_picked":["Tiny House","Busted Crown"],"picked":"SacredBark"},{"not_picked":["Velvet Choker","Fusion Hammer"],"picked":"Snecko Eye"}],"items_purged_floors":[],"is_endless":false,"potions_floor_spawned":[6,10,11,12,18,23,28,31,36,37,40,42],"ascension_level":0}}