{"host":"0lhnkrd9dwgdxg9a","time":1611964764,"event":{"mods":["Act Like it!","Arknights The Spire","BaseMod","Conspire","Gensokyo","Jedi Mod","LagranYue(拉格朗・月)","Marisa（F雨　魔理沙）","Minty Spire (QoL Compilation)","Quick Restart","Remilia（蕾米莉亚）","Replay The Spire","RumiaBox-露米娅的神秘盒子","StSLib","TestMod","The Construct","The Servant 0.9.4","Waifu the Spire","Youmu（魂魄妖梦）","[IsaacMod]以撒尖塔","【功能Mod】聪明的最终Boss","【遗物卡牌】REMEMod"],"gold_per_floor":[109,109,119,119,8,41,41,61,61,272,286,305,339,339,339,436,436,512,524,544,66,66,96,411,441,441,99,114,114,125,136,136,237,237,249,249,4,4,39,86,115,115,211,34,82,111,111,173,173,488,488,488,413,455,455,455],"floor_reached":55,"language":"ZHS","playtime":6515,"items_purged":["Clumsy","ats:Defend","ats:Defend"],"score":1074,"play_id":"677a923c-1f08-439b-b857-7cf1aeef23b5","local_time":"20210130075924","is_ascension_mode":false,"campfire_choices":[{"floor":7.0,"key":"RECALL"},{"data":"Demon Form","floor":15.0,"key":"SMITH"},{"data":"REME_Flogging","floor":32,"key":"SMITH"},{"data":"ats:Magnetic Hammer","floor":42,"key":"SMITH"},{"data":"ats:Soul Rend","floor":47,"key":"SMITH"},{"data":"ats:Red Shift","floor":49,"key":"SMITH"},{"data":"ats:Support Order","floor":52,"key":"SMITH"}],"circlet_count":0,"master_deck":["ats:Strike C","ats:Strike G","ats:Strike S","ats:Strike V","ats:Armor Crushing Shot","ats:Defend","ats:Defend","ats:Emotion Absorption","Demon Form+1","ats:Blood Oath","ats:Cat Scratch","ats:Thermite Blade","ats:Apocalypse","ats:Red Shift+1","ats:Magnetic Hammer+1","ats:Shell Defense","ats:Shell Defense","ats:Part Time Job","ats:Sashimi Platter","ats:Closed Bolt Burst Fire+1","Gensokyo:LittleGreenMen","Gensokyo:FourOfAKind","Gensokyo:FourOfAKind","Gensokyo:FourOfAKind","Gensokyo:FourOfAKind","ats:Thorns+1","ats:Soul Rend+1","ats:Neurotoxin","ats:Song Of Battle+1","REME_Flogging+1","ats:Support Order+1","ats:Revitalization+1","ats:Shell Defense","ats:Wolf Pack+1","ats:Very Hot Blade+1","Gensokyo:UnlikelyAid+1","ats:Leaping Hammer+1","ats:Sword Rain+1","ats:Assault Order+1","Gensokyo:BlemishedSteel","ats:Overload+1","ats:Ignite+1","ats:Magnetic Hammer+1","Pot Of Greed","Pot Of Greed","Pot Of Greed","Pot Of Greed","ats:Sword Rain","Panache","ats:Support Order+1"],"relics":["ats:Sanity","HushsDoor","testmod-TestBox","REME_ComplimentaryCards","LagranYue:RandomDrawCardRelic","SteamSale","testmod-BlackFramedGlasses","testmod-InfectionSource","Gensokyo:NagashiBinaDoll","ats:Originium","testmod-Alchemist","Ccalipers","testmod-Antiphasic","Runic Pyramid","BloodBag","jedi:fakemustache","Divine Protection","MagicDraw3","Bottled Tornado","jedi:arcanewood","ats:Cure","Replay:Wax Seal","jedi:bottledfury","MagicMushroom","ats:Gyao","Replay:WaspNest","Guide Book","Lantern","REME_LimitBreaker","ats:Berate","testmod-IntensifyImprint","Membership Card","ReplayTheSpireMod:Lightbulb","Grinning Jar","Bag of Marbles"],"acts_visited":["Gensokyo:Gensokyo","Gensokyo:Gensokyoer","Gensokyo:Gensokyoest","TheEnding"],"potions_floor_usage":[31,31,50,50,55,55,55,55],"damage_taken":[{"damage":0.0,"enemies":"Gensokyo:Gryphon","floor":1.0,"turns":2.0},{"damage":10.0,"enemies":"Gensokyo:Python","floor":3.0,"turns":4.0},{"damage":54.0,"enemies":"Gensokyo:Cirno","floor":6.0,"turns":9.0},{"damage":10.0,"enemies":"Gensokyo:3_Fairies","floor":8.0,"turns":5.0},{"damage":24.0,"enemies":"Gensokyo:3_Kodama","floor":10.0,"turns":5.0},{"damage":23.0,"enemies":"Gensokyo:5_Fairies","floor":11.0,"turns":6.0},{"damage":11.0,"enemies":"Gensokyo:2_Rabbits","floor":12.0,"turns":3.0},{"damage":0.0,"enemies":"Gensokyo:Mamizou","floor":13.0,"turns":4.0},{"damage":10.0,"enemies":"Gensokyo:Reimu","floor":16.0,"turns":11.0},{"damage":45.0,"enemies":"Gensokyo:3_Dogs","floor":18.0,"turns":7.0},{"damage":24.0,"enemies":"Gensokyo:CosmicMonolith","floor":19.0,"turns":4.0},{"damage":113.0,"enemies":"Gensokyo:3_Gloops","floor":20.0,"turns":8.0},{"damage":75.0,"enemies":"Gensokyo:Reisen","floor":23.0,"turns":10.0},{"damage":9.0,"enemies":"Gensokyo:Wraith","floor":24.0,"turns":5.0},{"damage":61,"enemies":"Gensokyo:Tenshi","floor":25,"turns":5},{"damage":23,"enemies":"Gensokyo:Slime_Group","floor":28,"turns":4},{"damage":22,"enemies":"Gensokyo:Swordslinger","floor":30,"turns":3},{"damage":38,"enemies":"Gensokyo:Monolith_and_Dog","floor":31,"turns":6},{"damage":48,"enemies":"Gensokyo:Eternal_Rivals","floor":33,"turns":8},{"damage":6,"enemies":"Gensokyo:AncientGuardian","floor":35,"turns":5},{"damage":9,"enemies":"Gensokyo:AncientGuardian","floor":38,"turns":5},{"damage":3,"enemies":"Gensokyo:3_Boulders","floor":39,"turns":5},{"damage":0,"enemies":"Gensokyo:Doremy","floor":40,"turns":5},{"damage":8,"enemies":"Gensokyo:Sharpion","floor":41,"turns":5},{"damage":11,"enemies":"conspire:MimicChest","floor":45,"turns":7},{"damage":10,"enemies":"Gensokyo:Dusk_and_Dawn","floor":46,"turns":5},{"damage":0,"enemies":"Gensokyo:Yuyuko","floor":50,"turns":5},{"damage":0,"enemies":"Shield and Spear","floor":54,"turns":2},{"damage":120,"enemies":"Delirium","floor":55,"turns":7}],"seed_played":"-7924754094127442465","potions_obtained":[{"floor":3.0,"key":"ats:Emergency Sanity Potion"},{"floor":11.0,"key":"Strength Potion"},{"floor":12.0,"key":"jedi:tentaclejuice"},{"floor":16.0,"key":"BlessingOfTheForge"},{"floor":24.0,"key":"LiquidMemories"},{"floor":25,"key":"Fire Potion"},{"floor":35,"key":"Fire Potion"},{"floor":40,"key":"Languid Potion"},{"floor":41,"key":"Strength Potion"},{"floor":54,"key":"PowerPotion"}],"is_trial":false,"path_per_floor":["M","?","M","?","COS","E","R","M","T","M","M","M","E","?","R","B",null,"M","M","M","COS","?","E","M","E","T","$","M","?","M","M","R","B",null,"M","?","$","?","M","E","M","R","T","COS","?","M","R","T","R","B",null,"R","$","E","B"],"character_chosen":"DOCTOR_CLASS","items_purchased":["ats:Cure","Replay:Wax Seal","jedi:bottledfury","REME_Flogging","Replay:WaspNest","Guide Book","Membership Card","ReplayTheSpireMod:Lightbulb","Fire Potion","Flashbang","Grinning Jar","ats:Sword Rain","Panache"],"campfire_rested":0,"item_purchase_floors":[27,27,27,27,37,37,53,53,53,53,53,53,53],"current_hp_per_floor":[79,64,61,61,61,22,22,23,23,17,16,16,28,13,13,54,79,70,78,35,45,45,42,49,49,49,74,66,66,62,84,84,89,96,96,58,73,73,96,96,96,96,96,96,96,96,96,96,96,96,96,96,96,96,0,0],"gold":455,"neow_bonus":"TEN_PERCENT_HP_BONUS","is_daily":false,"chose_seed":false,"campfire_upgraded":6,"win_rate":0.0,"timestamp":1611964764,"path_taken":["M","?","M","?","COS","E","R","?","T","?","M","M","E","?","R","BOSS","M","M","M","COS","?","E","M","E","T","$","M","?","?","M","R","BOSS","M","?","?","?","?","E","M","?","T","COS","?","M","R","?","R","BOSS","R","$","E","BOSS"],"items_purchased_type":["Relic","Relic","Relic","Card","Relic","Relic","Relic","Relic","Potion","Potion","Relic","Card","Card"],"build_version":"2020-12-22","purchased_purges":3,"victory":false,"max_hp_per_floor":[79,79,79,79,79,79,79,79,79,79,79,79,79,79,79,79,79,86,91,91,91,64,69,69,74,74,74,74,74,79,84,84,89,96,96,96,96,96,96,96,96,96,96,96,96,96,96,96,96,96,96,96,96,96,96,96],"card_choices":[{"not_picked":[],"picked":"Bomb","floor":0.0},{"not_picked":["ats:Explosion Area Strengthen","ats:LN2 Cannon"],"picked":"ats:Blood Oath","floor":1.0},{"not_picked":["ats:Assault Order","ats:Hammer On"],"picked":"ats:Cat Scratch","floor":3.0},{"not_picked":["ats:Powerful Strike","ats:Guardian Obelisk"],"picked":"ats:Thermite Blade","floor":6.0},{"not_picked":["ats:Guard Mode","ats:Automatic Cover"],"picked":"ats:Apocalypse","floor":8.0},{"not_picked":["ats:Part Time Job","ats:Echo Reverb"],"picked":"ats:Red Shift","floor":10.0},{"not_picked":["ats:Assault Order","ats:Very Hot Blade"],"picked":"ats:Magnetic Hammer","floor":11.0},{"not_picked":["ats:Flame Of Heaven","ats:Explosion Area Strengthen"],"picked":"ats:Shell Defense","floor":12.0},{"not_picked":["ats:Absolute Focus","ats:Ignite"],"picked":"ats:Shell Defense","floor":13.0},{"not_picked":["ats:True Silver Slash","ats:Shadow Assault"],"picked":"ats:Soul Rend","floor":16.0},{"not_picked":["ats:Closed Bolt Burst Fire","ats:Explosion Area Strengthen+1"],"picked":"ats:Part Time Job","floor":18.0},{"not_picked":["ats:Spore Proliferation","ats:Blood Oath"],"picked":"ats:Sashimi Platter","floor":19.0},{"not_picked":["ats:Chain Hook","ats:Defend Order+1"],"picked":"ats:Closed Bolt Burst Fire+1","floor":20.0},{"not_picked":["ats:Counter Healing Mode+1","ats:Durian+1"],"picked":"ats:Thorns+1","floor":23.0},{"not_picked":["ats:Curse Doll","ats:Leaping Hammer+1"],"picked":"ats:Soul Rend","floor":23.0},{"not_picked":["ats:Absolute Focus","ats:Powerful Strike"],"picked":"ats:Neurotoxin","floor":24.0},{"not_picked":["ats:Consecutive Shot Auto","ats:Counter Healing Mode"],"picked":"ats:Song Of Battle+1","floor":25},{"not_picked":["ats:Revitalization","ats:Consecutive Shot Auto+1"],"picked":"ats:Support Order","floor":28},{"not_picked":["ats:Curse Doll","ats:Disruption Kick"],"picked":"ats:Revitalization+1","floor":30},{"not_picked":["ats:Guardian Obelisk+1","ats:Cat Scratch"],"picked":"ats:Shell Defense","floor":31},{"not_picked":["ats:Echo Reverb","ats:Ambush"],"picked":"ats:Wolf Pack","floor":33},{"not_picked":["ats:Blood Oath+1","ats:Hammer On"],"picked":"ats:Very Hot Blade+1","floor":35},{"not_picked":["Gensokyo:DreamlikeParadise+1","Gensokyo:Dawn+1"],"picked":"Gensokyo:UnlikelyAid+1","floor":38},{"not_picked":["ats:Spore Proliferation+1","ats:Shell Defense"],"picked":"ats:Leaping Hammer+1","floor":39},{"not_picked":["ats:Ignite","ats:Very Hot Blade+1"],"picked":"ats:Sword Rain+1","floor":40},{"not_picked":["ats:Revitalization","ats:Consecutive Shot Auto+1"],"picked":"ats:Assault Order+1","floor":41},{"not_picked":["ats:Rat Pack+1","ats:Closed Bolt Burst Fire+1"],"picked":"ats:Overload+1","floor":45},{"not_picked":["ats:Consecutive Shot Auto","ats:Hammer On+1"],"picked":"ats:Ignite+1","floor":45},{"not_picked":["ats:Rapid Magazine+1","ats:Phantom"],"picked":"ats:Magnetic Hammer+1","floor":46},{"not_picked":["ats:Consecutive Shot Auto","ats:Phantom"],"picked":"ats:Support Order+1","floor":54}],"player_experience":54696,"relics_obtained":[{"floor":6.0,"key":"ats:Originium"},{"floor":6.0,"key":"testmod-Alchemist"},{"floor":13.0,"key":"ats:Originium"},{"floor":13.0,"key":"Ccalipers"},{"floor":23.0,"key":"ats:Originium"},{"floor":23.0,"key":"Divine Protection"},{"floor":25,"key":"ats:Originium"},{"floor":25,"key":"Bottled Tornado"},{"floor":26,"key":"jedi:arcanewood"},{"floor":40,"key":"Lantern"},{"floor":43,"key":"REME_LimitBreaker"},{"floor":48,"key":"ats:Berate"},{"floor":54,"key":"Bag of Marbles"}],"event_choices":[],"is_beta":false,"boss_relics":[{"not_picked":["Replay:Bronze Core","ReplayTheSpireMod:DimensionalGlitch"],"picked":"Runic Pyramid"},{"not_picked":[]},{"not_picked":["testmod-CardMagician","ChewingGum"],"picked":"MagicMushroom"},{"not_picked":[]}],"items_purged_floors":[27,37,53],"is_endless":false,"potions_floor_spawned":[3,11,12,16,24,25,30,35,40,41,46,54],"killed_by":"Delirium","ascension_level":0}}