{"host":"44ptf306keujqm0c","time":1611895660,"event":{"mods":["Aspiration","BaseMod","Highlight Path","Marisa（F雨　魔理沙）","Minty Spire (QoL Compilation)","Remilia（蕾米莉亚）","Replay The Spire","StSLib","The Administrix","The Construct","The Cursed","The Jungle","The Runesmith","The Servant 0.9.4","WarShipGirlsR/战舰少女R mod","[IsaacMod]以撒尖塔"],"gold_per_floor":[119,169,169,22,22,32,58,77,102,130,130,144,174,192,192,292,292,310,326,326,326,38,54,54,70,93,93,106,117,144,161,161,258,258,275,294,294,294,322,335,361,375,375,375,68,86,111,111,111,208,208,223,273,300,29,40,40,40,40,40,56,74,74,99,114,114,114,114],"floor_reached":67,"language":"ZHS","playtime":2499,"items_purged":[],"score":1414,"play_id":"32db81ba-5cfe-4dd5-8697-de78e32c8101","local_time":"20210129124740","daily_mods":["SealedDeck","Diverse","Heirloom","DeadlyEvents","Lethality"],"is_ascension_mode":false,"campfire_choices":[{"data":"Crescendo","floor":11.0,"key":"SMITH"},{"floor":24.0,"key":"DIG"},{"floor":27.0,"key":"DIG"},{"floor":32.0,"key":"DIG"},{"floor":44.0,"key":"DIG"},{"floor":49.0,"key":"DIG"},{"floor":57.0,"key":"DIG"},{"floor":59.0,"key":"DIG"},{"floor":63.0,"key":"DIG"},{"floor":66.0,"key":"DIG"}],"circlet_count":0,"master_deck":["Streamline+1","Sever Soul+1","BowlingBash","ReplayTheSpireMod:Omega Cannon","construct:SuppressiveFire+1","Impervious","Crescendo+1","DiffusionOfMisfortune+1","MastersStateliness+1","Riddle With Holes+1","Pot Of Greed","Double Energy+1"],"relics":["HushsDoor","Void","Vajra","Tiny Chest","SlaversCollar","Iron Hammer","Shovel","Replay:Wax Seal","AntiCross","Runesmith:UraniumAnvil","GuppysTail","Blue Candle","Lantern","Membership Card","UnicornStump","Lizard Tail","Replay:Towering Pillar of Hats"],"acts_visited":["Exordium","Exordium","TheBeyond","Exordium"],"potions_floor_usage":[67,67],"damage_taken":[{"damage":0.0,"enemies":"Small Slimes","floor":1.0,"turns":2.0},{"damage":1.0,"enemies":"Hiden Room Battle","floor":2.0,"turns":2.0},{"damage":0.0,"enemies":"Cultist","floor":6.0,"turns":1.0},{"damage":0.0,"enemies":"Gremlin Nob","floor":7.0,"turns":2.0},{"damage":0.0,"enemies":"2 Louse","floor":8.0,"turns":1.0},{"damage":0.0,"enemies":"Lagavulin","floor":10.0,"turns":2.0},{"damage":0.0,"enemies":"Exordium Wildlife","floor":12.0,"turns":1.0},{"damage":0.0,"enemies":"Gremlin Nob","floor":13.0,"turns":2.0},{"damage":0.0,"enemies":"Looter","floor":14.0,"turns":1.0},{"damage":22.0,"enemies":"The Guardian","floor":16.0,"turns":4.0},{"damage":0.0,"enemies":"theJungle:MUSHROOMGANG","floor":18.0,"turns":1.0},{"damage":0.0,"enemies":"Shell Parasite","floor":19.0,"turns":1.0},{"damage":0.0,"enemies":"JungleHuntersEvent","floor":20.0,"turns":2.0},{"damage":3.0,"enemies":"theJungle:Snecko_Cultist_And_Trap","floor":23.0,"turns":1.0},{"damage":0.0,"enemies":"theJungle:JungleHuntersEncounter","floor":25.0,"turns":1.0},{"damage":32.0,"enemies":"theJungle:2_Flameangoes","floor":28.0,"turns":3.0},{"damage":0.0,"enemies":"Snake Plant","floor":29.0,"turns":1.0},{"damage":0.0,"enemies":"theJungle:2_Phrogs","floor":30.0,"turns":1.0},{"damage":0.0,"enemies":"theJungle:SlimyTreeVines","floor":31.0,"turns":2.0},{"damage":4.0,"enemies":"theJungle:TotemBoss","floor":33.0,"turns":3.0},{"damage":0.0,"enemies":"Orb Walker","floor":35.0,"turns":2.0},{"damage":0.0,"enemies":"3 Darklings","floor":36.0,"turns":1.0},{"damage":0.0,"enemies":"Reptomancer","floor":39.0,"turns":1.0},{"damage":5.0,"enemies":"Jaw Worm Horde","floor":40.0,"turns":2.0},{"damage":0.0,"enemies":"Giant Head","floor":41.0,"turns":2.0},{"damage":0.0,"enemies":"Spire Growth","floor":42.0,"turns":2.0},{"damage":0.0,"enemies":"Writhing Mass","floor":46.0,"turns":1.0},{"damage":0.0,"enemies":"R_Hoarder","floor":47.0,"turns":1.0},{"damage":0.0,"enemies":"Time Eater","floor":50.0,"turns":2.0},{"damage":0.0,"enemies":"Jaw Worm","floor":52.0,"turns":1.0},{"damage":3.0,"enemies":"Hiden Room Battle","floor":53.0,"turns":1.0},{"damage":3.0,"enemies":"Lagavulin","floor":54.0,"turns":1.0},{"damage":3.0,"enemies":"Small Slimes","floor":56.0,"turns":1.0},{"damage":3.0,"enemies":"Cultist","floor":61.0,"turns":1.0},{"damage":0.0,"enemies":"Blue Slaver","floor":62.0,"turns":1.0},{"damage":0.0,"enemies":"Gremlin Nob","floor":64.0,"turns":2.0},{"damage":0.0,"enemies":"Lots of Slimes","floor":65.0,"turns":1.0},{"damage":130,"enemies":"Delirium","floor":67,"turns":6}],"seed_played":"8661880427969970108","potions_obtained":[{"floor":2.0,"key":"Elixir"},{"floor":7.0,"key":"Fire Potion"},{"floor":8.0,"key":"SkillPotion"}],"is_trial":true,"path_per_floor":["M","?","?","$","$","M","E","M","T","E","R","M","E","M","R","B",null,"M","M","?","T","$","M","R","M","T","R","M","M","E","M","R","B",null,"M","M","?","T","E","M","E","M","T","R","$","M","E","T","R","B",null,"M","?","E","$","M","R","$","R","T","M","M","R","E","M","R","B"],"character_chosen":"THE_SERVANT","items_purchased":["Vajra","Shovel","GuppysTail","BookOfRevelations","ClockworkSouvenir","Membership Card","Golden Egg"],"campfire_rested":0,"item_purchase_floors":[4,22,34,45,45,55,55],"current_hp_per_floor":[65,64,64,64,64,64,64,64,64,64,64,64,64,64,51,31,65,65,65,65,65,65,62,62,62,62,62,30,30,30,30,30,26,55,55,55,55,55,55,50,50,50,50,50,50,50,50,50,50,50,55,55,47,44,44,41,41,41,41,41,38,38,38,38,38,38,0,0],"gold":114,"neow_bonus":"","is_daily":false,"chose_seed":false,"campfire_upgraded":1,"win_rate":0.0,"timestamp":1611895660,"path_taken":["M","?","?","?","$","M","E","?","T","?","R","M","?","M","R","BOSS","M","M","?","?","$","M","R","?","T","R","M","M","?","M","R","BOSS","M","M","?","?","?","?","E","M","T","R","$","M","?","?","R","BOSS","M","?","?","$","?","R","$","R","T","M","M","R","?","M","R","BOSS"],"items_purchased_type":["Relic","Relic","Relic","Relic","Relic","Relic","Relic"],"build_version":"2020-12-22","purchased_purges":0,"victory":false,"max_hp_per_floor":[65,65,65,65,65,65,65,65,65,65,65,65,65,65,65,65,65,65,65,65,65,65,65,65,65,65,65,65,65,65,65,65,65,55,55,55,55,55,55,55,55,55,55,55,55,55,55,55,55,55,55,55,65,65,65,65,65,65,65,65,65,65,65,65,65,65,65,65],"card_choices":[{"not_picked":["construct:Anticipate","Rupture","Dagger Spray"],"picked":"SKIP","floor":1.0},{"not_picked":["Replay:BluntJabs","PropBag"],"picked":"Riddle With Holes","floor":6.0},{"not_picked":["Unruled","Armaments","Distraction"],"picked":"SKIP","floor":7.0},{"not_picked":["Dagger Spray","Darkness","Concentrate"],"picked":"SKIP","floor":8.0},{"not_picked":["BasicCrystalCard","ScarletDream","rmod:smokecover"],"picked":"SKIP","floor":10.0},{"not_picked":["rmod:secretscript","rmod:supportescort","Clothesline"],"picked":"SKIP","floor":12.0},{"not_picked":["construct:PanicFire","AdministrixMod:TouchOfCinnabar","TheCursedMod:AshesToAshes"],"picked":"SKIP","floor":13.0},{"not_picked":["TheCursedMod:SoulReap","ReplaySolidLightProjector","Runesmith:EarthShield"],"picked":"SKIP","floor":14.0},{"not_picked":["Clothesline","JustLucky","construct:ForceCore"],"picked":"SKIP","floor":18.0},{"not_picked":["Replay:Undeath\u0027s Touch+1","TwelveNightmare","Comet"],"picked":"SKIP","floor":19.0},{"not_picked":["Runesmith:Overpower","TheCursedMod:SaltUponWound","construct:Versatility"],"picked":"SKIP","floor":23.0},{"not_picked":["construct:ShiftStrike","Carnage","Loop"],"picked":"SKIP","floor":25.0},{"not_picked":["Runesmith:EnergizedChisel","construct:ScrapCannon","Runesmith:EarthShield"],"picked":"SKIP","floor":28.0},{"not_picked":["VampireKiss+1","Ricochet","VampireClaw"],"picked":"SKIP","floor":29.0},{"not_picked":["rmod:circuitoustactics","ChaoticDestiny","Flex+1"],"picked":"SKIP","floor":30.0},{"not_picked":["Hidden Blade","rmod:ammunitionsupply","rmod:victimresponsibility+1"],"picked":"SKIP","floor":31.0},{"not_picked":["Blood for Blood","Sucker Punch+1","rmod:salvage+1"],"picked":"SKIP","floor":35.0},{"not_picked":["Leap+1","rmod:unsinkable"],"picked":"Double Energy+1","floor":36.0},{"not_picked":["MentalFortress","Cloak And Dagger","Wild Strike+1"],"picked":"SKIP","floor":39.0},{"not_picked":["ManaConvection","TheCursedMod:CircleOfFlame","Deflect"],"picked":"SKIP","floor":40.0},{"not_picked":["OrrerysSun+1","TheCursedMod:CursedArmor+1","Conclude"],"picked":"SKIP","floor":41.0},{"not_picked":["IllusionStar+1","Hologram+1","rmod:mineteam+1"],"picked":"SKIP","floor":42.0},{"not_picked":["construct:SyphonStrike+1","Pommel Strike","Rebound"],"picked":"SKIP","floor":46.0},{"not_picked":["Feed","AdministrixMod:Katabasis","Darkness"],"picked":"SKIP","floor":47.0},{"not_picked":["Comet","Defy Death","EnergyFlow"],"picked":"SKIP","floor":52.0},{"not_picked":["StarChef","TheCursedMod:AbyssShockwave","IllusionStar"],"picked":"SKIP","floor":54.0},{"not_picked":["StarChef","TheCursedMod:AbyssShockwave","IllusionStar"],"picked":"SKIP","floor":54.0},{"not_picked":["Runesmith:Permafrost","EndlessAdversity","Predator"],"picked":"SKIP","floor":56.0},{"not_picked":["TheCursedMod:Torture","VampireKiss","ThirdEye"],"picked":"SKIP","floor":61.0},{"not_picked":["Intimidate","AdministrixMod:ExtolVirtue","TheCursedMod:AbyssShockwave"],"picked":"SKIP","floor":62.0},{"not_picked":["TheCursedMod:ManaCirculation","TheCursedMod:SurpriseAttack","Runesmith:Retool"],"picked":"SKIP","floor":64.0},{"not_picked":["SurpressingFire","TheCursedMod:DoubleShield","Entrench"],"picked":"SKIP","floor":65.0}],"player_experience":64513,"relics_obtained":[{"floor":2.0,"key":"Replay:Bottled Eggs"},{"floor":2.0,"key":"Nunchaku"},{"floor":7.0,"key":"Smiling Mask"},{"floor":9.0,"key":"Tiny Chest"},{"floor":10.0,"key":"GuppysHead"},{"floor":13.0,"key":"Replay:Bottled Steam"},{"floor":20.0,"key":"Kunai"},{"floor":21.0,"key":"Iron Hammer"},{"floor":24.0,"key":"Replay:Wax Seal"},{"floor":26.0,"key":"aspiration:HiddenCompartment"},{"floor":27.0,"key":"AntiCross"},{"floor":30.0,"key":"Grinning Jar"},{"floor":32.0,"key":"Darkstone Periapt"},{"floor":38.0,"key":"Bottled Lightning"},{"floor":39.0,"key":"Bottled Tornado"},{"floor":41.0,"key":"Blue Candle"},{"floor":43.0,"key":"StrikeDummy"},{"floor":44.0,"key":"Lantern"},{"floor":47.0,"key":"ReplayTheSpireMod:Ninjato"},{"floor":48.0,"key":"Divine Protection"},{"floor":49.0,"key":"PunchingBag"},{"floor":53.0,"key":"Pear"},{"floor":53.0,"key":"Happy Flower"},{"floor":57.0,"key":"UnicornStump"},{"floor":59.0,"key":"Whetstone"},{"floor":60.0,"key":"Incense Burner"},{"floor":63.0,"key":"Lizard Tail"},{"floor":66.0,"key":"Replay:Towering Pillar of Hats"}],"event_choices":[{"damage_healed":0.0,"max_hp_gain":0.0,"max_hp_loss":0.0,"gold_gain":0.0,"event_name":"HidenRoomEvent","player_choice":"Fight","floor":2.0,"gold_loss":0.0,"damage_taken":0.0},{"damage_healed":0.0,"max_hp_gain":0.0,"max_hp_loss":0.0,"gold_gain":0.0,"event_name":"Shining Light","player_choice":"Entered Light","floor":15.0,"gold_loss":0.0,"damage_taken":13.0,"cards_upgraded":["Sever Soul","construct:SuppressiveFire"]},{"damage_healed":0.0,"max_hp_gain":0.0,"max_hp_loss":0.0,"gold_gain":0.0,"event_name":"HidenRoomEvent","player_choice":"Fight","floor":53.0,"gold_loss":0.0,"damage_taken":0.0}],"is_beta":false,"boss_relics":[{"not_picked":["Abe\u0027s Treasure","Painkiller Herb"],"picked":"SlaversCollar"},{"not_picked":[]},{"not_picked":["aspiration:MobileForge","Ring of Chaos"],"picked":"Runesmith:UraniumAnvil"},{"not_picked":[]},{"not_picked":["ReplayTheSpireMod:DimensionalGlitch","aspiration:RunicSpoon"],"picked":"aspiration:RitualDagger"},{"not_picked":[]}],"items_purged_floors":[],"is_endless":true,"potions_floor_spawned":[2,7,8,16,19,20,28,29,33,35,40,41,46,50,52,62,64],"killed_by":"Delirium","ascension_level":0}}