{"host":"ix2a18c4ohfsrslv","time":1611961919,"event":{"mods":["BaseMod","Better Third Choice","Downfall","Hubris","Minty Spire (QoL Compilation)","StSLib","TheFirefly"],"gold_per_floor":[99,113,19,119,419,23,23,38,53,176,176,176,188,188,206,301,301,301,301,319,336,352,352,379,405,58,58,88,103,103,117,136,136,136,136],"floor_reached":33,"language":"ENG","playtime":2807,"items_purged":[],"score":360,"play_id":"40f7dc3c-20a3-4bd9-af72-f69e583d5030","local_time":"20210129151159","is_ascension_mode":true,"campfire_choices":[{"data":"sneckomod:SnekBite","floor":1.0,"key":"SMITH"},{"data":"Finesse","floor":11,"key":"SMITH"}],"circlet_count":0,"master_deck":["sneckomod:Strike+1","sneckomod:Strike","sneckomod:Strike+1","sneckomod:Defend+1","sneckomod:Defend","sneckomod:TailWhip+1","sneckomod:SnekBite+1","sneckomod:Unknown","sneckomod:Unknown","sneckomod:UnknownDexterity","downfall:Icky","sneckomod:UnknownVulnerable+1","Finesse+1","sneckomod:Nope+1","sneckomod:Nope+1","sneckomod:ImprovisedAttack","Regret","sneckomod:UnknownRarePower","downfall:Malfunctioning","sneckomod:UnknownBoss","Battle Trance+1","sneckomod:Rotation+1","sneckomod:SnakeSap","sneckomod:CheapStock","Reprogram+1","sneckomod:UnknownClassBLUE+1","sneckomod:WideSting+1","Die Die Die"],"relics":["sneckomod:SneckoSoul","Orichalcum","Lantern","Whetstone","hubris:BundleOfHerbs","Boot","Pen Nib","hubris:Backtick","Du-Vu Doll","hubris:BottledHeart","War Paint","Smiling Mask","Thread and Needle","Oddly Smooth Stone"],"acts_visited":["Exordium","TheCity"],"potions_floor_usage":[16,16,28,31,33],"damage_taken":[{"damage":5.0,"enemies":"Small Slimes","floor":2.0,"turns":3.0},{"damage":0.0,"enemies":"downfall:FleeingMerchant","floor":3.0,"turns":4.0},{"damage":9.0,"enemies":"downfall:FleeingMerchant","floor":6.0,"turns":4.0},{"damage":5.0,"enemies":"Jaw Worm","floor":8.0,"turns":4.0},{"damage":0.0,"enemies":"2 Louse","floor":9.0,"turns":3.0},{"damage":10.0,"enemies":"downfall:Heads","floor":10.0,"turns":5.0},{"damage":12,"enemies":"2 Fungi Beasts","floor":13,"turns":3},{"damage":6,"enemies":"Lots of Slimes","floor":15,"turns":3},{"damage":36,"enemies":"SI_SHIV_ARCHETYPE","floor":16,"turns":7},{"damage":10,"enemies":"Chosen","floor":20,"turns":5},{"damage":6,"enemies":"Spheric Guardian","floor":21,"turns":3},{"damage":19,"enemies":"Snecko","floor":22,"turns":5},{"damage":0,"enemies":"Book of Stabbing","floor":25,"turns":5},{"damage":0,"enemies":"downfall:FleeingMerchant","floor":26,"turns":4},{"damage":0,"enemies":"Gremlin Leader","floor":28,"turns":6},{"damage":0,"enemies":"3 Cultists","floor":29,"turns":5},{"damage":0,"enemies":"Centurion and Healer","floor":31,"turns":6},{"damage":0,"enemies":"Shelled Parasite and Fungi","floor":32,"turns":2},{"damage":19,"enemies":"IC_MUSHROOM_ARCHETYPE","floor":33,"turns":7}],"seed_played":"8872859841619395107","potions_obtained":[{"floor":2.0,"key":"LiquidBronze"},{"floor":8.0,"key":"DistilledChaos"},{"floor":10,"key":"champ:CounterPotion"},{"floor":15,"key":"DistilledChaos"},{"floor":21,"key":"Explosive Potion"},{"floor":28,"key":"PowerPotion"},{"floor":29,"key":"EssenceOfSteel"}],"is_trial":false,"path_per_floor":["R","M","$","?","?","$","T","M","M","?","R","?","M","?","M","B",null,"R","?","M","M","M","?","T","E","$","R","E","M","?","M","M","B"],"character_chosen":"THE_SNECKO","items_purchased":["sneckomod:UnknownDexterity","Lantern","Whetstone","Finesse","Thread and Needle","sneckomod:CheapStock"],"campfire_rested":0,"item_purchase_floors":[3,6,6,6,26,26],"current_hp_per_floor":[90,85,85,85,85,76,76,77,77,67,67,67,66,66,60,24,90,90,82,72,66,47,1,1,1,1,1,1,1,1,1,1,0,0,0],"gold":136,"neow_bonus":"RANDOM_COMMON_RELIC","is_daily":false,"chose_seed":false,"campfire_upgraded":2,"win_rate":0.0,"timestamp":1611961919,"path_taken":["R","M","$","?","?","$","T","M","M","?","R","?","M","?","M","BOSS","R","?","M","?","M","?","T","E","$","R","E","M","?","M","M","BOSS"],"items_purchased_type":["Card","Relic","Relic","Card","Relic","Card"],"build_version":"2020-12-22","purchased_purges":0,"victory":false,"max_hp_per_floor":[90,90,90,90,90,90,90,90,90,90,90,90,90,90,90,90,90,90,90,90,90,90,1,1,1,1,1,1,1,1,1,1,1,1,1],"card_choices":[{"not_picked":["sneckomod:Nope","sneckomod:UnknownWeak"],"picked":"sneckomod:UnknownDraw","floor":2.0},{"not_picked":["sneckomod:UnknownExhaust","sneckomod:RainOfDice"],"picked":"sneckomod:UnknownStrength","floor":3.0},{"not_picked":["sneckomod:SoulDraw","sneckomod:SerpentMind"],"picked":"sneckomod:UnknownVulnerable","floor":6.0},{"not_picked":["sneckomod:UnknownCommonSkill","sneckomod:UnknownExhaust"],"picked":"sneckomod:Nope","floor":8.0},{"not_picked":["sneckomod:SnekBeam","sneckomod:MixItUp"],"picked":"sneckomod:Nope","floor":9.0},{"not_picked":["sneckomod:UnknownClassRED","sneckomod:WideSting"],"picked":"sneckomod:UnknownRarePower","floor":13},{"not_picked":["sneckomod:SnekBeam","sneckomod:MixItUp","sneckomod:UnknownColorless"],"picked":"SKIP","floor":15},{"not_picked":["sneckomod:Cheat","sneckomod:Mudshield"],"picked":"sneckomod:UnknownBoss","floor":16},{"not_picked":["sneckomod:SoulCleanse+1","sneckomod:SoulRoll"],"picked":"sneckomod:UnknownClassGREEN","floor":20},{"not_picked":["sneckomod:UnknownColorless","sneckomod:DiceCrush"],"picked":"sneckomod:Rotation+1","floor":21},{"not_picked":["sneckomod:UnknownDraw","sneckomod:ImprovisedAttack"],"picked":"sneckomod:UnknownDexterity+1","floor":22},{"not_picked":["sneckomod:UnknownVulnerable","sneckomod:UnknownClassRED"],"picked":"sneckomod:SnakeSap","floor":25},{"not_picked":["sneckomod:Nope","sneckomod:RainOfDice","sneckomod:UnknownDraw"],"picked":"SKIP","floor":26},{"not_picked":["sneckomod:UnendingSupply","sneckomod:DiceCrush"],"picked":"sneckomod:UnknownClassBLUE+1","floor":28},{"not_picked":["sneckomod:SoulDraw","sneckomod:IronFang+1"],"picked":"sneckomod:WideSting+1","floor":29},{"not_picked":["sneckomod:UnknownBlock","sneckomod:MixItUp+1","sneckomod:RainOfDice"],"picked":"SKIP","floor":31},{"not_picked":["sneckomod:UnknownClassGREEN","sneckomod:DiceBlock"],"picked":"sneckomod:Memorize","floor":32}],"player_experience":178328,"relics_obtained":[{"floor":7.0,"key":"hubris:BundleOfHerbs"},{"floor":10,"key":"Boot"},{"floor":24,"key":"War Paint"},{"floor":25,"key":"Smiling Mask"},{"floor":28,"key":"Oddly Smooth Stone"}],"event_choices":[{"damage_healed":0,"gold_gain":0,"player_choice":"Box","damage_taken":0,"relics_obtained":["Pen Nib"],"max_hp_gain":0,"max_hp_loss":0,"event_name":"Big Fish","floor":12,"gold_loss":0,"cards_obtained":["Regret"]}],"is_beta":false,"boss_relics":[{"not_picked":["Black Star","hubris:HollowSoul"],"picked":"hubris:Backtick"}],"items_purged_floors":[],"is_endless":false,"potions_floor_spawned":[2,8,10,15,21,28,29],"killed_by":"IC_MUSHROOM_ARCHETYPE","ascension_level":2}}