{"host":"sq4meqxtkbsvyucx","time":1611915311,"event":{"mods":["2.2 Compatiblity","Aspiration","BaseMod","BetterRewards","Googly Eyes","Highlight Path","Hubris","Infinite Spire","Marisa????????","Mimic Mod","Minty Spire (QoL Compilation)","Rare Cards Sparkle","Replay The Spire","Shop Mod","StSLib","SuperFastMode","The Jungle","Unceasing Turn Reminder"],"gold_per_floor":[115,115,129,139,13,13,40,40,63,81,81,81,93,93,93,169,169,256,256,284,305,655,661,661],"floor_reached":23,"language":"ENG","playtime":704,"items_purged":["Pain"],"score":350,"play_id":"d70bb547-0487-414f-a9e0-ac00643e88dc","local_time":"20210129101511","is_ascension_mode":true,"campfire_choices":[{"data":"hubris:PowerSurge","floor":6,"key":"SMITH"},{"data":"Thunder Strike","floor":11,"key":"SMITH"},{"floor":17,"key":"REST"}],"circlet_count":0,"master_deck":["AscendersBane","Strike_B","Strike_B","Strike_B","Strike_B","Defend_B","Defend_B","Defend_B","Defend_B","Zap","Dualcast","Redo+1","hubris:PowerSurge+1","Ball Lightning","Ball Lightning","Hologram","Thunder Strike+1","infinitespire:Fortify","Pain","Steam","Echo Form","Chill","Spreading Infection","hubris:Sloth","hubris:Gluttony"],"relics":["Cracked Core","WarpedTongs","Replay:Kaleidoscope","Regal Pillow","Replay:Bandana","Replay:Fungal Core","ReplayTheSpireMod:Ring of Exchange","Ring of Greed","Replay:Wax Seal","Old Coin"],"acts_visited":["Exordium","TheCity"],"potions_floor_usage":[7,18],"damage_taken":[{"damage":2,"enemies":"2 Louse","floor":1,"turns":3},{"damage":0,"enemies":"Cultist","floor":3,"turns":2},{"damage":10,"enemies":"Jaw Worm","floor":4,"turns":2},{"damage":17,"enemies":"3 Sentries","floor":7,"turns":4},{"damage":4,"enemies":"Red Slaver","floor":10,"turns":2},{"damage":0,"enemies":"Looter","floor":13,"turns":1},{"damage":14,"enemies":"The Guardian","floor":18,"turns":7},{"damage":5,"enemies":"3 Byrds","floor":20,"turns":3},{"damage":3,"enemies":"Spheric Guardian","floor":21,"turns":3},{"damage":26,"enemies":"3 Cultists","floor":23,"turns":5}],"seed_played":"7566094065873644404","potions_obtained":[{"floor":3,"key":"Strength Potion"},{"floor":13,"key":"LiquidMemories"}],"is_trial":false,"path_per_floor":["M","?","M","M","$","R","E","?","T","M","R","?","M","PTL","PTL","?","R","B",null,"M","M","?","M"],"character_chosen":"DEFECT","items_purchased":["Redo+1","hubris:PowerSurge","Hologram"],"campfire_rested":1,"item_purchase_floors":[0,0,5],"current_hp_per_floor":[62,62,62,52,52,52,35,35,35,31,31,14,14,14,14,14,50,36,62,57,54,54,28,28],"gold":661,"neow_bonus":"","is_daily":false,"chose_seed":false,"campfire_upgraded":2,"win_rate":0.0,"timestamp":1611915311,"path_taken":["M","?","?","M","$","R","E","?","T","M","R","?","M","PTL","PTL","?","R","BOSS","M","M","?","M"],"items_purchased_type":["Card","Card","Card"],"build_version":"2020-12-22","purchased_purges":1,"victory":false,"max_hp_per_floor":[71,71,71,71,71,71,71,71,71,71,71,71,71,71,71,71,71,71,71,71,71,71,71,71],"card_choices":[{"not_picked":["Go for the Eyes","BasicCrystalCard"],"picked":"Ball Lightning","floor":1},{"not_picked":["Stack","Conserve Battery"],"picked":"Ball Lightning","floor":3},{"not_picked":["Redo","Fusion","Rebound"],"picked":"SKIP","floor":4},{"not_picked":["ReplaySolidLightProjector","Stack","Redo"],"picked":"SKIP","floor":7},{"not_picked":["Auto Shields","Conserve Battery"],"picked":"Thunder Strike","floor":10},{"not_picked":["infinitespire:Punishment","hubris:Fate"],"picked":"infinitespire:Fortify","floor":12},{"not_picked":["Stack","Sweeping Beam","Hologram"],"picked":"SKIP","floor":13},{"not_picked":["ReplayTheSpireMod:Repulse","Hologram"],"picked":"Steam","floor":16},{"not_picked":["Core Surge","hubris:Prefetch"],"picked":"Echo Form","floor":18},{"not_picked":["hubris:PowerSurge","Aggregate"],"picked":"Chill","floor":20},{"not_picked":["Compile Driver","Lockon","Streamline"],"picked":"SKIP","floor":21}],"player_experience":302971,"relics_obtained":[{"floor":7,"key":"Replay:Kaleidoscope"},{"floor":9,"key":"Regal Pillow"},{"floor":16,"key":"Replay:Bandana"},{"floor":22,"key":"ReplayTheSpireMod:Ring of Exchange"},{"floor":22,"key":"Ring of Greed"},{"floor":22,"key":"Replay:Wax Seal"},{"floor":22,"key":"Old Coin"}],"event_choices":[{"damage_healed":0,"gold_gain":0,"player_choice":"Rummage","damage_taken":0,"relics_obtained":["WarpedTongs"],"max_hp_gain":0,"max_hp_loss":0,"event_name":"Accursed Blacksmith","floor":2,"gold_loss":0,"cards_obtained":["Pain"]}],"is_beta":false,"boss_relics":[{"not_picked":["SacredBark","Honey Jar"],"picked":"Replay:Fungal Core"}],"items_purged_floors":[5],"is_endless":false,"potions_floor_spawned":[3,13],"killed_by":"3 Cultists","ascension_level":17}}