{"host":"08sn1703g14rasc1","time":1611891815,"event":{"mods":["AchievementEnabler","BaseMod","Colored Map","Colored Powertips","Hermit","Minty Spire (QoL Compilation)","StSLib"],"gold_per_floor":[119,119,130,5,20,195,195,270,270,270,1,32,32,42,42,143,143,153,118,33,33,33,33,33],"floor_reached":23,"language":"ENG","playtime":668,"items_purged":["Strike_P","Doubt"],"score":262,"play_id":"528dbb12-b016-4cb6-8cea-eb0a2a2b99bd","local_time":"20210128194335","is_ascension_mode":true,"campfire_choices":[{"data":"PathToVictory","floor":7,"key":"SMITH"},{"floor":10,"key":"REST"},{"data":"TalkToTheHand","floor":15,"key":"SMITH"}],"circlet_count":0,"master_deck":["Strike_P","Strike_P+1","Defend_P","Defend_P","Defend_P","Eruption+1","Vigilance","Weave+1","Weave","PathToVictory+1","ThirdEye","TalkToTheHand+1","DeusExMachina+1","ThirdEye","LessonLearned","EmptyBody","Pain"],"relics":["Cursed Key","Tiny Chest","Empty Cage","Matryoshka","Orichalcum","Whetstone"],"acts_visited":["Exordium","TheCity"],"potions_floor_usage":[16],"damage_taken":[{"damage":4,"enemies":"Small Slimes","floor":1,"turns":3},{"damage":0,"enemies":"Cultist","floor":3,"turns":3},{"damage":2,"enemies":"Jaw Worm","floor":5,"turns":3},{"damage":1,"enemies":"Lagavulin","floor":12,"turns":8},{"damage":1,"enemies":"Looter","floor":14,"turns":4},{"damage":27,"enemies":"Slime Boss","floor":16,"turns":10},{"damage":16,"enemies":"3 Byrds","floor":18,"turns":6},{"damage":10,"enemies":"2 Thieves","floor":19,"turns":5},{"damage":66,"enemies":"Book of Stabbing","floor":23,"turns":7}],"seed_played":"-5768545333363146466","potions_obtained":[{"floor":1,"key":"GamblersBrew"},{"floor":3,"key":"BottledMiracle"},{"floor":16,"key":"BlessingOfTheForge"}],"is_trial":false,"path_per_floor":["M","?","M","$","M","?","R","?","T","R","$","E","$","M","R","B",null,"M","M","?","?","T","E"],"character_chosen":"WATCHER","items_purchased":["PathToVictory","TalkToTheHand","FairyPotion"],"campfire_rested":1,"item_purchase_floors":[4,11,11],"current_hp_per_floor":[61,61,61,61,59,59,59,48,48,69,69,68,68,67,67,40,64,48,38,38,38,38,0,0],"gold":33,"neow_bonus":"BOSS_RELIC","is_daily":false,"chose_seed":false,"campfire_upgraded":2,"win_rate":0.0,"timestamp":1611891815,"path_taken":["M","?","?","$","M","?","R","?","T","R","?","E","?","M","R","BOSS","M","M","?","?","?","E"],"items_purchased_type":["Card","Card","Potion"],"build_version":"2020-12-22","purchased_purges":2,"victory":false,"max_hp_per_floor":[72,72,72,72,72,72,72,72,72,72,72,72,72,72,72,72,72,72,72,72,72,72,72,72],"card_choices":[{"not_picked":["BowlingBash","JustLucky"],"picked":"Weave","floor":1},{"not_picked":["Fasting2","Evaluate"],"picked":"Weave","floor":3},{"not_picked":["FlyingSleeves","Prostrate"],"picked":"ThirdEye","floor":5},{"not_picked":["Meditate","PathToVictory"],"picked":"DeusExMachina","floor":12},{"not_picked":["FlyingSleeves","Consecrate"],"picked":"ThirdEye","floor":14},{"not_picked":["Devotion","Wish"],"picked":"LessonLearned","floor":16},{"not_picked":["CrushJoints+1","Meditate"],"picked":"EmptyBody","floor":18},{"not_picked":["ForeignInfluence","FlyingSleeves","Prostrate"],"picked":"SKIP","floor":19},{"not_picked":["ForeignInfluence","FlyingSleeves","Prostrate"],"picked":"SKIP","floor":19}],"player_experience":486993,"relics_obtained":[{"floor":12,"key":"Tiny Chest"},{"floor":22,"key":"Orichalcum"},{"floor":22,"key":"Whetstone"}],"event_choices":[{"damage_healed":0,"gold_gain":0,"player_choice":"Upgraded","damage_taken":0,"max_hp_gain":0,"max_hp_loss":0,"event_name":"Upgrade Shrine","floor":2,"gold_loss":0,"cards_upgraded":["Eruption"]},{"damage_healed":0,"gold_gain":175,"player_choice":"AGREE","damage_taken":0,"max_hp_gain":0,"max_hp_loss":0,"event_name":"Liars Game","floor":6,"gold_loss":0,"cards_obtained":["Doubt"]},{"damage_healed":0,"gold_gain":75,"player_choice":"Gather Gold","damage_taken":11,"max_hp_gain":0,"max_hp_loss":0,"event_name":"World of Goop","floor":8,"gold_loss":0},{"damage_healed":0,"gold_gain":0,"player_choice":"Obtained Relic","damage_taken":0,"relics_obtained":["Matryoshka"],"max_hp_gain":0,"max_hp_loss":0,"event_name":"Addict","floor":20,"gold_loss":85},{"damage_healed":0,"gold_gain":0,"player_choice":"Ignored","damage_taken":0,"max_hp_gain":0,"max_hp_loss":0,"event_name":"Ghosts","floor":21,"gold_loss":0}],"is_beta":false,"boss_relics":[{"not_picked":["Calling Bell","Ectoplasm"],"picked":"Empty Cage"}],"items_purged_floors":[4,11],"is_endless":false,"potions_floor_spawned":[1,3,12,16,19],"killed_by":"Book of Stabbing","ascension_level":8}}