{"host":"5nj7t8259370g0gl","time":1611880565,"event":{"mods":["AchievementEnabler","BaseMod","Bestiary","Colored Map","Colored Powertips","Displayed Cursed Tome","Downfall","Minty Spire (QoL Compilation)","Permanent Neow","Relic Sorter","Shop Mod","StSLib"],"gold_per_floor":[117,499355,498428,497716,497734,497766,497794,497794,497818,497849,497874,497834,497834,497862,497862,497961,497961,497976,498076,497309,497323,497376,497408,497438,497472,497472,496602,496632,496649,496649,496015,496015,496125,496125,496149,495721,495369,495422,495422,495447,495483,495513,495525,495561,495356,495390,495422,495438,495438,495438],"floor_reached":51,"language":"ENG","playtime":10824,"items_purged":["bronze:InfiniteBeams","bronze:BuggyMess","bronze:BuggyMess","bronze:DonuBeam","bronze:DecaBeam+1","bronze:WhirlingStrike","bronze:Return","bronze:Return+1","bronze:Shield"],"score":1576,"play_id":"322aa69d-c8f0-4588-a65d-8aa81bceb9c9","local_time":"20210129113605","daily_mods":["SealedDeck","Flight","DeadlyEvents"],"is_ascension_mode":false,"campfire_choices":[{"data":"bronze:MaxOutput","floor":8,"key":"SMITH"},{"data":"bronze:MaxOutput","floor":13,"key":"SMITH"},{"data":"bronze:MaxOutput","floor":15,"key":"SMITH"},{"data":"bronze:Iterate","floor":30,"key":"SMITH"},{"data":"bronze:Repulsor","floor":32,"key":"SMITH"},{"data":"bronze:Iterate","floor":49,"key":"SMITH"}],"circlet_count":0,"master_deck":["bronze:Repulsor+1","bronze:MaxOutput+1","bronze:MaxOutput+1","bronze:ItsAFeature","bronze:Constructor+1","Impatience+1","bronze:FindAndReplace","bronze:ItsAFeature","bronze:FindAndReplace","bronze:Iterate+1","bronze:Terminator+1","Blind+1","bronze:MaxOutput+1","Deep Breath+1","bronze:Return+1","bronze:BurnOut","bronze:ShipIt","bronze:Constructor+1","bronze:Verify+1","Trip+1","Violence+1","bronze:FindAndReplace+1","bronze:Shell+1","bronze:BugBarrage","bronze:MaxOutput+1","bronze:MaxOutput+1","bronze:Iterate+1"],"relics":["bronze:BronzeCore","hexamod:BolsterEngine","MealTicket","DollysMirror","Toxic Egg 2","Slimebound:PreparedRelic","HandDrill","Art of War","Blood Vial","TheAbacus","Orichalcum","Blue Candle","bronze:ProtectiveGoggles","Oddly Smooth Stone","War Paint","Pocketwatch","Black Star","Sundial","Strawberry","Guardian:BottledAnomaly","Akabeko","PreservedInsect","bronze:DecasWashers","Frozen Egg 2","Omamori","Bronze Scales","StoneCalendar","Anchor","Eternal Feather","OrangePellets","FossilizedHelix","Meat on the Bone","Membership Card","hexamod:CandleOfCauterizing","CeramicFish","bronze:MakeshiftBattery","Ancient Tea Set","champ:DuelingGlove","champ:Barbells","Dream Catcher","Bag of Marbles","Medical Kit","Shovel","Pen Nib","Gremlin Horn","Du-Vu Doll","Bottled Tornado","Smiling Mask","MawBank","White Beast Statue","Vajra","Boot","Toy Ornithopter","StrikeDummy","Mummified Hand","Darkstone Periapt"],"acts_visited":["TheCity","TheBeyond"],"potions_floor_usage":[10,12,18,24,24],"damage_taken":[{"damage":11,"enemies":"Cultist","floor":1,"turns":4},{"damage":0,"enemies":"2 Louse","floor":5,"turns":1},{"damage":0,"enemies":"Gremlin Nob","floor":6,"turns":3},{"damage":0,"enemies":"Lagavulin","floor":7,"turns":3},{"damage":0,"enemies":"Gremlin Nob","floor":10,"turns":2},{"damage":0,"enemies":"Lagavulin","floor":11,"turns":3},{"damage":0,"enemies":"3 Sentries","floor":14,"turns":2},{"damage":0,"enemies":"The Guardian","floor":16,"turns":3},{"damage":4,"enemies":"3 Byrds","floor":18,"turns":4},{"damage":6,"enemies":"3 Byrds","floor":19,"turns":3},{"damage":0,"enemies":"Shell Parasite","floor":21,"turns":2},{"damage":0,"enemies":"Book of Stabbing","floor":23,"turns":3},{"damage":0,"enemies":"Slavers","floor":24,"turns":2},{"damage":0,"enemies":"Gremlin Leader","floor":25,"turns":2},{"damage":0,"enemies":"Slavers","floor":28,"turns":2},{"damage":0,"enemies":"Snake Plant","floor":29,"turns":2},{"damage":0,"enemies":"Champ","floor":33,"turns":2},{"damage":0,"enemies":"3 Darklings","floor":35,"turns":2},{"damage":0,"enemies":"2 Orb Walkers","floor":38,"turns":1},{"damage":0,"enemies":"Reptomancer","floor":40,"turns":1},{"damage":0,"enemies":"Giant Head","floor":41,"turns":3},{"damage":0,"enemies":"Nemesis","floor":42,"turns":3},{"damage":0,"enemies":"3 Shapes","floor":44,"turns":2},{"damage":0,"enemies":"Giant Head","floor":46,"turns":2},{"damage":0,"enemies":"Nemesis","floor":47,"turns":1},{"damage":0,"enemies":"Maw","floor":48,"turns":2},{"damage":0,"enemies":"Time Eater","floor":50,"turns":3}],"seed_played":"-5373430684601243232","potions_obtained":[{"floor":6,"key":"hexamod:SoulburnPotion"},{"floor":10,"key":"AttackPotion"},{"floor":11,"key":"Fire Potion"},{"floor":12,"key":"Fruit Juice"},{"floor":12,"key":"bronze:CleanCodePotion"},{"floor":21,"key":"SkillPotion"},{"floor":24,"key":"DistilledChaos"},{"floor":35,"key":"Explosive Potion"}],"is_trial":true,"path_per_floor":["M","$","$","$","M","E","E","R","T","E","E","?","R","E","R","B",null,"M","?","$","M","T","E","E","E","T","$","E","M","R","$","R","B",null,"M","$","$","?","?","E","E","E","T","M","$","E","E","M","R","B",null],"character_chosen":"THE_AUTOMATON","items_purchased":["hexamod:BolsterEngine","Impatience","MealTicket","bronze:FindAndReplace","bronze:ItsAFeature","DollysMirror","Toxic Egg 2","Slimebound:PreparedRelic","HandDrill","bronze:Iterate","bronze:Terminator+1","Blind+1","Art of War","Blood Vial","TheAbacus","bronze:MaxOutput","Deep Breath+1","Sundial","Strawberry","Guardian:BottledAnomaly","bronze:Return+1","Eternal Feather","OrangePellets","FossilizedHelix","Membership Card","hexamod:CandleOfCauterizing","CeramicFish","bronze:Verify+1","Trip+1","Violence+1","bronze:BugBarrage","Ancient Tea Set","champ:DuelingGlove","champ:Barbells","Dream Catcher","Bag of Marbles","Medical Kit","Vajra","Boot","bronze:Iterate"],"campfire_rested":0,"item_purchase_floors":[2,2,2,2,2,2,3,3,3,3,3,3,4,4,4,4,4,20,20,20,20,27,27,27,31,31,31,31,31,31,36,36,36,36,37,37,37,45,45,45],"current_hp_per_floor":[59,59,70,70,70,70,70,70,70,70,70,75,75,75,75,75,75,71,67,82,82,82,82,82,82,82,82,82,82,82,82,82,82,82,82,82,82,82,82,82,82,82,82,82,82,82,82,82,82,82],"gold":495438,"neow_bonus":"","is_daily":false,"chose_seed":false,"campfire_upgraded":6,"win_rate":0.0,"timestamp":1611880565,"path_taken":["M","$","$","$","?","E","E","R","T","E","E","?","R","?","R","BOSS","M","?","$","M","?","E","E","E","T","$","?","?","R","$","R","BOSS","M","$","$","?","?","E","E","E","T","?","$","?","E","M","R","BOSS"],"items_purchased_type":["Relic","Card","Relic","Card","Card","Relic","Relic","Relic","Relic","Card","Card","Card","Relic","Relic","Relic","Card","Card","Relic","Relic","Relic","Card","Relic","Relic","Relic","Relic","Relic","Relic","Card","Card","Card","Card","Relic","Relic","Relic","Relic","Relic","Relic","Relic","Relic","Card"],"build_version":"2020-12-22","purchased_purges":9,"victory":true,"max_hp_per_floor":[70,70,70,70,70,70,70,70,70,70,70,75,75,75,75,75,75,75,75,82,82,82,82,82,82,82,82,82,82,82,82,82,82,82,82,82,82,82,82,82,82,82,82,82,82,82,82,82,82,82],"card_choices":[{"not_picked":["bronze:WhirlingStrike","bronze:BronzeOrb"],"picked":"bronze:Constructor","floor":1},{"not_picked":["bronze:Deprecate+1","bronze:NullPointer","bronze:Shield+1"],"picked":"SKIP","floor":5},{"not_picked":["bronze:Overheat","bronze:AlphaBuild","bronze:Deprecate+1"],"picked":"SKIP","floor":6},{"not_picked":["bronze:BuggyMess+1","bronze:Overheat","bronze:Frontload+1"],"picked":"SKIP","floor":7},{"not_picked":["bronze:BuggyMess+1","bronze:WhirlingStrike","bronze:InfiniteBeams"],"picked":"SKIP","floor":10},{"not_picked":["bronze:CloningBeam","bronze:Safeguard+1","bronze:Shield+1"],"picked":"SKIP","floor":11},{"not_picked":["bronze:Philosophize+1","bronze:Overheat"],"picked":"bronze:Return+1","floor":14},{"not_picked":["bronze:Break","bronze:Assembly+1"],"picked":"bronze:BurnOut","floor":16},{"not_picked":["bronze:ChildClass+1","bronze:CutThrough+1","bronze:Turbo+1"],"picked":"SKIP","floor":18},{"not_picked":[],"picked":"bronze:DonuBeam","floor":19},{"not_picked":[],"picked":"bronze:DecaBeam","floor":19},{"not_picked":["bronze:BitShift+1","bronze:Branch","bronze:FollowUp"],"picked":"SKIP","floor":21},{"not_picked":["bronze:Invalidate+1","bronze:Allocate+1"],"picked":"bronze:ShipIt","floor":23},{"not_picked":["bronze:Shield+1","bronze:Overload+1","bronze:Break"],"picked":"SKIP","floor":24},{"not_picked":["bronze:FineTuning+1","bronze:Return+1"],"picked":"bronze:Constructor+1","floor":25},{"not_picked":["bronze:Safeguard+1","bronze:OilSpill+1","bronze:BitShift+1"],"picked":"SKIP","floor":28},{"not_picked":["bronze:Constructor+1","bronze:ClassDefault+1","bronze:Frontload+1"],"picked":"SKIP","floor":29},{"not_picked":["bronze:Verify+1","bronze:HardenedForm+1"],"picked":"bronze:FindAndReplace+1","floor":33},{"not_picked":["bronze:BuggyMess+1","bronze:DelayedSlice+1"],"picked":"bronze:Shell+1","floor":35},{"not_picked":["bronze:Invalidate+1","bronze:Iterate","bronze:WildBeam+1"],"picked":"SKIP","floor":40},{"not_picked":["bronze:BuggyMess+1","bronze:Overheat"],"picked":"bronze:MaxOutput+1","floor":41},{"not_picked":["bronze:RecursiveStrike","bronze:BronzeArmor+1","bronze:WhirlingStrike"],"picked":"SKIP","floor":42},{"not_picked":["bronze:Separator+1","bronze:ForLoop+1"],"picked":"bronze:MaxOutput+1","floor":44},{"not_picked":["bronze:Return+1","bronze:BronzeArmor+1","bronze:Separator+1"],"picked":"SKIP","floor":46},{"not_picked":["bronze:WhirlingStrike","bronze:Separator","bronze:Return+1"],"picked":"SKIP","floor":47},{"not_picked":["bronze:Safeguard+1","bronze:Repulsor+1","bronze:BuggyMess+1"],"picked":"SKIP","floor":48}],"player_experience":830435,"relics_obtained":[{"floor":6,"key":"Orichalcum"},{"floor":7,"key":"Blue Candle"},{"floor":9,"key":"bronze:ProtectiveGoggles"},{"floor":10,"key":"Oddly Smooth Stone"},{"floor":11,"key":"War Paint"},{"floor":14,"key":"Pocketwatch"},{"floor":22,"key":"Akabeko"},{"floor":23,"key":"PreservedInsect"},{"floor":23,"key":"bronze:DecasWashers"},{"floor":24,"key":"Frozen Egg 2"},{"floor":24,"key":"Omamori"},{"floor":25,"key":"Bronze Scales"},{"floor":25,"key":"StoneCalendar"},{"floor":26,"key":"Anchor"},{"floor":28,"key":"Meat on the Bone"},{"floor":38,"key":"Shovel"},{"floor":40,"key":"Pen Nib"},{"floor":40,"key":"Gremlin Horn"},{"floor":41,"key":"Du-Vu Doll"},{"floor":41,"key":"Bottled Tornado"},{"floor":42,"key":"Smiling Mask"},{"floor":42,"key":"MawBank"},{"floor":43,"key":"White Beast Statue"},{"floor":46,"key":"Toy Ornithopter"},{"floor":46,"key":"StrikeDummy"},{"floor":47,"key":"Mummified Hand"},{"floor":47,"key":"Darkstone Periapt"}],"event_choices":[{"damage_healed":0,"gold_gain":0,"player_choice":"Bought 3 Potions","damage_taken":0,"max_hp_gain":0,"max_hp_loss":0,"event_name":"The Woman in Blue","floor":12,"gold_loss":0},{"damage_healed":0,"gold_gain":0,"player_choice":"Fight","damage_taken":0,"max_hp_gain":0,"max_hp_loss":0,"event_name":"Mysterious Sphere","floor":38,"gold_loss":0},{"damage_healed":0,"gold_gain":0,"player_choice":"Memory 1","damage_taken":0,"max_hp_gain":0,"max_hp_loss":0,"event_name":"SensoryStone","floor":39,"gold_loss":0}],"is_beta":false,"boss_relics":[{"not_picked":["Sozu","Runic Pyramid"],"picked":"Black Star"},{"not_picked":["Cursed Key","expansioncontent:StudyCardRelic"],"picked":"bronze:MakeshiftBattery"}],"items_purged_floors":[2,3,4,20,27,31,36,37,45],"is_endless":false,"potions_floor_spawned":[6,10,11,14,16,21,24,28,35,38,44,46,47,48],"ascension_level":0}}