{"host":"9qk11wtevf51xvhl","time":1611945570,"event":{"mods":["BaseMod","Minty Spire (QoL Compilation)"],"gold_per_floor":[114,114,129,129,34,60,80,105,130,145,176,191,366,381,381,478,478,497,508,508,508,95,95,95,95],"floor_reached":24,"language":"ENG","playtime":2171,"items_purged":["Strike_G","Doubt"],"score":313,"play_id":"e4eebc02-a97c-4cda-99b9-aed53b263b48","local_time":"20210129193930","is_ascension_mode":true,"campfire_choices":[{"floor":15,"key":"REST"},{"data":"Burst","floor":23,"key":"SMITH"}],"circlet_count":0,"master_deck":["Strike_G","Strike_G","Strike_G","Strike_G","Defend_G","Defend_G","Defend_G","Defend_G","Defend_G","Survivor","Neutralize","Deadly Poison+1","Underhanded Strike","Dagger Throw","Dagger Spray","Cloak And Dagger","Dodge and Roll","Dash","Bouncing Flask","Footwork","Burst+1","Prepared+1","Accuracy","Cloak And Dagger"],"relics":["Ring of the Snake","Toy Ornithopter","Smiling Mask","Vajra","Sundial","PreservedInsect","Blue Candle","Cursed Key","Nilry\u0027s Codex","Bottled Lightning"],"acts_visited":["Exordium","TheCity"],"potions_floor_usage":[16,16],"damage_taken":[{"damage":1,"enemies":"2 Louse","floor":1,"turns":3},{"damage":0,"enemies":"Cultist","floor":3,"turns":4},{"damage":15,"enemies":"Lagavulin","floor":6,"turns":5},{"damage":0,"enemies":"Jaw Worm","floor":7,"turns":3},{"damage":12,"enemies":"Gremlin Nob","floor":8,"turns":4},{"damage":4,"enemies":"Large Slime","floor":10,"turns":4},{"damage":8,"enemies":"3 Sentries","floor":11,"turns":6},{"damage":0,"enemies":"Exordium Wildlife","floor":12,"turns":5},{"damage":4,"enemies":"Blue Slaver","floor":14,"turns":5},{"damage":36,"enemies":"Slime Boss","floor":16,"turns":12},{"damage":6,"enemies":"Chosen","floor":18,"turns":6},{"damage":1,"enemies":"Shell Parasite","floor":19,"turns":5},{"damage":34,"enemies":"Gremlin Leader","floor":24,"turns":2}],"seed_played":"8267149406059847323","potions_obtained":[{"floor":3,"key":"Explosive Potion"},{"floor":10,"key":"Dexterity Potion"},{"floor":11,"key":"EssenceOfSteel"},{"floor":16,"key":"Dexterity Potion"}],"is_trial":false,"path_per_floor":["M","?","M","?","$","E","M","E","T","M","E","M","?","M","R","B",null,"M","M","?","?","$","R","E"],"character_chosen":"THE_SILENT","items_purchased":["Dagger Throw","Bottled Lightning","Accuracy","Cloak And Dagger"],"campfire_rested":1,"item_purchase_floors":[5,22,22,22],"current_hp_per_floor":[62,62,62,55,55,40,40,28,28,24,16,16,16,12,33,7,54,48,47,31,31,31,31,0,0],"gold":95,"neow_bonus":"RANDOM_COMMON_RELIC","is_daily":false,"chose_seed":false,"campfire_upgraded":1,"win_rate":0.0,"timestamp":1611945570,"path_taken":["M","?","?","?","$","E","M","E","T","M","E","M","?","?","R","BOSS","M","M","?","?","$","R","E"],"items_purchased_type":["Card","Relic","Card","Card"],"build_version":"2020-12-22","purchased_purges":2,"victory":false,"max_hp_per_floor":[70,70,70,70,70,70,70,70,70,70,70,70,70,70,70,70,70,70,70,70,70,70,70,70,70],"card_choices":[{"not_picked":["Eviscerate","Dagger Throw"],"picked":"Deadly Poison","floor":1},{"not_picked":["Dodge and Roll","Quick Slash"],"picked":"Underhanded Strike","floor":3},{"not_picked":["Outmaneuver","Bane"],"picked":"Dagger Spray","floor":6},{"not_picked":["Flying Knee","Skewer"],"picked":"Cloak And Dagger","floor":7},{"not_picked":["Bane","Underhanded Strike"],"picked":"Dodge and Roll","floor":8},{"not_picked":["Underhanded Strike","Bane","Eviscerate"],"picked":"SKIP","floor":10},{"not_picked":["Cloak And Dagger","Doppelganger"],"picked":"Dash","floor":11},{"not_picked":["Backflip","Underhanded Strike"],"picked":"Bouncing Flask","floor":12},{"not_picked":["Blade Dance","Underhanded Strike"],"picked":"Footwork","floor":14},{"not_picked":["Wraith Form v2","Bullet Time"],"picked":"Burst","floor":16},{"not_picked":["Masterful Stab","All Out Attack","Endless Agony"],"picked":"SKIP","floor":18},{"not_picked":["Dodge and Roll+1","Dash"],"picked":"Prepared+1","floor":19}],"player_experience":537523,"relics_obtained":[{"floor":6,"key":"Vajra"},{"floor":8,"key":"Sundial"},{"floor":9,"key":"PreservedInsect"},{"floor":11,"key":"Blue Candle"},{"floor":20,"key":"Nilry\u0027s Codex"}],"event_choices":[{"damage_healed":0,"gold_gain":0,"player_choice":"Upgraded","damage_taken":0,"max_hp_gain":0,"max_hp_loss":0,"event_name":"Upgrade Shrine","floor":2,"gold_loss":0,"cards_upgraded":["Deadly Poison"]},{"damage_healed":0,"gold_gain":0,"player_choice":"Success","damage_taken":7,"relics_obtained":["Smiling Mask"],"max_hp_gain":0,"max_hp_loss":0,"event_name":"Scrap Ooze","floor":4,"gold_loss":0},{"damage_healed":0,"gold_gain":175,"player_choice":"AGREE","damage_taken":0,"max_hp_gain":0,"max_hp_loss":0,"event_name":"Liars Game","floor":13,"gold_loss":0,"cards_obtained":["Doubt"]},{"damage_healed":0,"gold_gain":0,"player_choice":"Obtained Book","damage_taken":16,"max_hp_gain":0,"max_hp_loss":0,"event_name":"Cursed Tome","floor":20,"gold_loss":0},{"damage_healed":0,"gold_gain":0,"player_choice":"Ignored","damage_taken":0,"max_hp_gain":0,"max_hp_loss":0,"event_name":"Ghosts","floor":21,"gold_loss":0}],"is_beta":false,"boss_relics":[{"not_picked":["Fusion Hammer","Pandora\u0027s Box"],"picked":"Cursed Key"}],"items_purged_floors":[5,22],"is_endless":false,"potions_floor_spawned":[3,10,11,16],"killed_by":"Gremlin Leader","ascension_level":9}}