{"host":"h5cp71fj81sc4mn8","time":1611906071,"event":{"mods":["AchievementEnabler","BaseMod","Colored Map","Minty Spire (QoL Compilation)","Quick Restart","Relic Stats","Slay-I","Spicy Shops","StSLib","SuperFastMode"],"gold_per_floor":[116,134,152,165,29,57,57,79,103,103,135,135,155,166,166,265,265,275,289,289,13,113,147,147,147,147],"floor_reached":25,"language":"ENG","playtime":2410,"items_purged":["Strike_B"],"score":379,"play_id":"c4ee2f48-80b5-4cf8-bf5f-9c577e5d897a","local_time":"20210128234111","is_ascension_mode":true,"campfire_choices":[{"data":"Defragment","floor":7,"key":"SMITH"},{"floor":12,"key":"REST"},{"floor":15,"key":"REST"},{"floor":24,"key":"REST"}],"circlet_count":0,"master_deck":["Strike_B","Strike_B","Defend_B+1","Defend_B","Defend_B","Defend_B","Zap","Dualcast","Ball Lightning","Defragment+1","Coolheaded+1","Ball Lightning","Electrodynamics","Beam Cell","Beam Cell","Thunder Strike","Storm","Storm","Heatsinks"],"relics":["Cracked Core","NeowsBlessing","Smiling Mask","Odd Mushroom","War Paint","Juzu Bracelet","Sozu","Runic Capacitor","Lantern"],"acts_visited":["Exordium","TheCity"],"potions_floor_usage":[4,6,11,19],"damage_taken":[{"damage":0,"enemies":"Small Slimes","floor":1,"turns":1},{"damage":0,"enemies":"2 Louse","floor":2,"turns":1},{"damage":0,"enemies":"Cultist","floor":3,"turns":1},{"damage":4,"enemies":"Exordium Wildlife","floor":4,"turns":3},{"damage":25,"enemies":"3 Sentries","floor":6,"turns":3},{"damage":5,"enemies":"The Mushroom Lair","floor":8,"turns":3},{"damage":10,"enemies":"Gremlin Nob","floor":11,"turns":3},{"damage":10,"enemies":"Gremlin Gang","floor":13,"turns":3},{"damage":0,"enemies":"Large Slime","floor":14,"turns":2},{"damage":0,"enemies":"Slime Boss","floor":16,"turns":4},{"damage":1,"enemies":"Spheric Guardian","floor":18,"turns":3},{"damage":17,"enemies":"2 Thieves","floor":19,"turns":2},{"damage":52,"enemies":"Slavers","floor":23,"turns":4},{"damage":26,"enemies":"Book of Stabbing","floor":25,"turns":2}],"seed_played":"-2481312398225439433","potions_obtained":[{"floor":2,"key":"Block Potion"},{"floor":4,"key":"AttackPotion"},{"floor":8,"key":"AttackPotion"},{"floor":13,"key":"DistilledChaos"}],"is_trial":false,"path_per_floor":["M","M","M","M","$","E","R","?","T","?","E","R","M","M","R","B",null,"M","M","?","$","?","E","R","E"],"character_chosen":"DEFECT","items_purchased":["Electrodynamics","Runic Capacitor","Heatsinks"],"campfire_rested":3,"item_purchase_floors":[5,21,21],"current_hp_per_floor":[68,68,68,64,64,39,39,34,34,34,24,46,36,36,58,58,71,70,53,53,53,53,1,23,0,0],"gold":147,"neow_bonus":"THREE_ENEMY_KILL","is_daily":false,"chose_seed":false,"campfire_upgraded":1,"win_rate":0.0,"timestamp":1611906071,"path_taken":["M","M","M","M","$","E","R","?","T","?","E","R","M","M","R","BOSS","M","M","?","$","?","E","R","E"],"items_purchased_type":["Card","Relic","Card"],"build_version":"2020-12-22","purchased_purges":1,"victory":false,"max_hp_per_floor":[75,75,75,75,75,75,75,75,75,75,75,75,75,75,75,75,75,75,75,75,75,75,75,75,75,75],"relic_stats":{"Sozu":2,"counters":[14,35],"Juzu Bracelet":0,"War Paint":["Defend_B","Coolheaded"],"Smiling Mask":25,"obtain_stats":[{"Sozu":17,"Lantern":23,"NeowsBlessing":0,"Juzu Bracelet":11,"Runic Capacitor":21,"Odd Mushroom":8,"War Paint":9,"Cracked Core":0,"Smiling Mask":6},{"Sozu":10,"Lantern":13,"NeowsBlessing":0,"Juzu Bracelet":7,"Runic Capacitor":12,"Odd Mushroom":6,"War Paint":6,"Cracked Core":0,"Smiling Mask":5},{"Sozu":24,"Lantern":33,"NeowsBlessing":0,"Juzu Bracelet":15,"Runic Capacitor":29,"Odd Mushroom":12,"War Paint":12,"Cracked Core":0,"Smiling Mask":9}]},"card_choices":[{"not_picked":["Steam","Skim"],"picked":"Ball Lightning","floor":1},{"not_picked":["Conserve Battery","Sweeping Beam"],"picked":"Defragment","floor":2},{"not_picked":["Genetic Algorithm","Go for the Eyes"],"picked":"Coolheaded","floor":3},{"not_picked":["Streamline","Rebound"],"picked":"Ball Lightning","floor":4},{"not_picked":["Chill","Heatsinks","Tempest"],"picked":"SKIP","floor":6},{"not_picked":["Echo Form","Darkness"],"picked":"Beam Cell","floor":11},{"not_picked":["Turbo","Go for the Eyes"],"picked":"Beam Cell","floor":13},{"not_picked":["Fusion","Compile Driver","Go for the Eyes"],"picked":"SKIP","floor":14},{"not_picked":["Amplify","Machine Learning"],"picked":"Thunder Strike","floor":16},{"not_picked":["Gash+1","Fusion"],"picked":"Storm","floor":18},{"not_picked":["Darkness+1","Hologram","Gash"],"picked":"SKIP","floor":19},{"not_picked":["Go for the Eyes","Reprogram","Conserve Battery"],"picked":"SKIP","floor":23}],"player_experience":473285,"relics_obtained":[{"floor":6,"key":"Smiling Mask"},{"floor":8,"key":"Odd Mushroom"},{"floor":9,"key":"War Paint"},{"floor":11,"key":"Juzu Bracelet"},{"floor":23,"key":"Lantern"}],"event_choices":[{"damage_healed":0,"gold_gain":0,"player_choice":"Fought Mushrooms","damage_taken":0,"max_hp_gain":0,"max_hp_loss":0,"event_name":"Mushrooms","floor":8,"gold_loss":0},{"cards_removed":["Strike_B"],"damage_healed":0,"gold_gain":0,"player_choice":"Offered Basic","damage_taken":0,"max_hp_gain":0,"max_hp_loss":0,"event_name":"Bonfire Elementals","floor":10,"gold_loss":0},{"damage_healed":0,"gold_gain":0,"player_choice":"Read","damage_taken":0,"max_hp_gain":0,"max_hp_loss":0,"event_name":"The Library","floor":20,"gold_loss":0,"cards_obtained":["Storm"]},{"damage_healed":0,"gold_gain":100,"player_choice":"Pray","damage_taken":0,"max_hp_gain":0,"max_hp_loss":0,"event_name":"Golden Shrine","floor":22,"gold_loss":0}],"is_beta":false,"boss_relics":[{"not_picked":["SacredBark","Astrolabe"],"picked":"Sozu"}],"items_purged_floors":[21],"is_endless":false,"potions_floor_spawned":[2,4,8,13,18,19],"killed_by":"Book of Stabbing","ascension_level":7}}