{"host":"d73an99q9oevilk5","time":1611918815,"event":{"mods":["2.2 Compatiblity","AchievementEnabler","Act Like it!","Aspiration","BaseMod","Beaked The Cultist","Better Third Choice","BetterRewards","Colored Map","Colored Powertips","Conspire","Downfall","GifTheSpireLib","Halation","Hubris","Infinite Spire","Mimic Mod","Minty Spire (QoL Compilation)","Quick Restart","Relic Sorter","Reliquary","Replay The Spire","Shop Mod","Spikes Relics","StSLib","Stuff the Spire","The Cursed","The Necromancer","The Saiyan","Waifu the Spire","egg","slay the spire mod where everything is the same but ironclad has a cowboy hat"],"gold_per_floor":[99,99,99,110,110,110,140,173,192,177,190,365,375,402,415,510,510,510,510,525,197,207,207,207,217,242,242,242,259,279,307,322,418,418,418,428,428,438,438,469,494,505,525,51,51,71,81,91,103,103],"floor_reached":51,"language":"ENG","playtime":2976,"items_purged":["Doubt","beaked:Replenish"],"score":808,"play_id":"46799f80-a2d2-43f6-9277-84532eebe1e3","local_time":"20210129041335","is_ascension_mode":false,"campfire_choices":[{"data":"beaked:Ceremony","floor":1.0,"key":"SMITH"},{"data":"beaked:Evade","floor":23.0,"key":"SMITH"},{"data":"beaked:AwakenedForm","floor":27.0,"key":"SMITH"}],"circlet_count":0,"master_deck":["beaked:Strike_Y+1","beaked:Strike_Y+1","beaked:Strike_Y+1","beaked:Strike_Y+1","beaked:Defend_Y+1","beaked:Defend_Y+1","beaked:Defend_Y+1","beaked:Defend_Y+1","beaked:Ceremony","beaked:Ceremony","beaked:Ceremony+1","beaked:CursingBlood+1","beaked:Pecker","StuffTheSpire:CelestialWarden","beaked:Foresight","beaked:Brace","beaked:Evade+1","beaked:CursingBlood","beaked:Foresight","beaked:Evade","beaked:WarriorSpirit","beaked:AwakenedForm+1","RitualDagger","Replay:SS_hec_1","beaked:MachineSpirit","Pot Of Greed","Pot Of Greed","Pot Of Greed","beaked:ScreechingChant+1","expansioncontent:Hexaburn","beaked:WarriorSpirit+1","beaked:Brace+1","beaked:Pecker+1","beaked:Insight+1","beaked:BounceBack+1"],"relics":["beaked:BlessedCoat","Garlic","Regal Pillow","Bag of Preparation","StuffTheSpire:MayFlowers","Sandwich","MiniBlackHole","Iron Hammer","Grinning Jar","reliquary:SharkskinSheath","infinitespire:PuzzleCube","Molten Egg 2","beaked:ThroatLozenge","infinitespire:Bottled Soul","Medical Kit"],"acts_visited":["Exordium","TheCity","TheBeyond"],"potions_floor_usage":[50],"damage_taken":[{"damage":8.0,"enemies":"Small Slimes","floor":4.0,"turns":5.0},{"damage":1.0,"enemies":"2 Louse","floor":7.0,"turns":8.0},{"damage":38.0,"enemies":"Gremlin Nob","floor":8.0,"turns":7.0},{"damage":4.0,"enemies":"2 Louse","floor":9.0,"turns":5.0},{"damage":0.0,"enemies":"downfall:FleeingMerchant","floor":10.0,"turns":4.0},{"damage":13.0,"enemies":"infinitespire:Voidling","floor":11.0,"turns":8.0},{"damage":14.0,"enemies":"2 Fungi Beasts","floor":13.0,"turns":5.0},{"damage":26.0,"enemies":"3 Sentries","floor":14.0,"turns":12.0},{"damage":26.0,"enemies":"Exordium Thugs","floor":15.0,"turns":8.0},{"damage":50.0,"enemies":"IC_STATUS_ARCHETYPE","floor":16.0,"turns":10.0},{"damage":3.0,"enemies":"Shell Parasite","floor":20.0,"turns":6.0},{"damage":0.0,"enemies":"downfall:FleeingMerchant","floor":21.0,"turns":4.0},{"damage":4.0,"enemies":"Spheric Guardian","floor":22.0,"turns":6.0},{"damage":8.0,"enemies":"Centurion and Healer","floor":25.0,"turns":6.0},{"damage":10.0,"enemies":"conspire:Head Lice","floor":26.0,"turns":7.0},{"damage":0.0,"enemies":"Sentry and Sphere","floor":29.0,"turns":6.0},{"damage":11.0,"enemies":"3 Cultists","floor":30.0,"turns":6.0},{"damage":10.0,"enemies":"Replay:Snechameleon","floor":31.0,"turns":5.0},{"damage":24.0,"enemies":"Chosen and Byrds","floor":32.0,"turns":6.0},{"damage":10.0,"enemies":"WA_ARCHETYPE_CALM","floor":33.0,"turns":8.0},{"damage":0.0,"enemies":"Orb Walker","floor":36.0,"turns":4.0},{"damage":23.0,"enemies":"3 Darklings","floor":38.0,"turns":5.0},{"damage":0.0,"enemies":"Giant Head","floor":40.0,"turns":6.0},{"damage":20.0,"enemies":"Maw","floor":42.0,"turns":8.0},{"damage":13.0,"enemies":"Writhing Mass","floor":43.0,"turns":5.0},{"damage":0.0,"enemies":"downfall:FleeingMerchant","floor":44.0,"turns":4.0},{"damage":3.0,"enemies":"Sphere and 2 Shapes","floor":46.0,"turns":5.0},{"damage":4.0,"enemies":"Jaw Worm Horde","floor":47.0,"turns":5.0},{"damage":17.0,"enemies":"3 Darklings","floor":48.0,"turns":5.0},{"damage":51,"enemies":"Transient","floor":49,"turns":5},{"damage":10,"enemies":"SI_POISON_ARCHETYPE","floor":50,"turns":6}],"seed_played":"-6056840696683294968","potions_obtained":[{"floor":8.0,"key":"hexamod:SoulburnPotion"},{"floor":9.0,"key":"Slimebound:ThreeZeroPotion"},{"floor":11.0,"key":"hexamod:SoulburnPotion"},{"floor":22.0,"key":"Weak Potion"},{"floor":25.0,"key":"Milkshake"},{"floor":26.0,"key":"Dexterity Potion"},{"floor":30.0,"key":"Energy Potion"},{"floor":32.0,"key":"PowerPotion"},{"floor":38.0,"key":"Explosive Potion"},{"floor":40.0,"key":"champ:CounterPotion"},{"floor":46.0,"key":"SpeedPotion"}],"is_trial":false,"path_per_floor":["R","?","?","M","?","?","MIM","E","M","$","M","?","M","E","M","B",null,"R_BF","?","M","$","M","R","T","M","E","R","AVR","M","M","E","M","B",null,"R","M","?","M","?","E","T","M","M","$","R","M","M","M","M","B",null],"character_chosen":"BEAKED_THE_CULTIST","items_purchased":["Replay:SS_hec_1","MiniBlackHole","infinitespire:Bottled Soul","Medical Kit","LiquidBronze"],"campfire_rested":0,"item_purchase_floors":[21,21,44,44,44],"current_hp_per_floor":[35,32,32,35,35,35,50,23,32,44,50,50,45,42,47,27,50,50,44,50,50,50,50,50,52,52,52,52,52,48,54,41,54,54,54,54,54,41,41,54,54,54,54,54,54,54,54,54,40,53],"gold":103,"neow_bonus":"TRANSFORM_TWO_CARDS","is_daily":false,"chose_seed":false,"campfire_upgraded":3,"win_rate":0.0,"timestamp":1611918815,"path_taken":["R","?","?","M","?","?","MIM","E","M","$","M","?","M","E","M","BOSS","R_BF","?","M","?","M","R","T","M","E","R","AVR","M","M","E","M","BOSS","R","M","?","M","?","E","T","M","M","$","R","M","M","M","M","BOSS"],"items_purchased_type":["Card","Relic","Relic","Relic","Potion"],"build_version":"2020-12-22","purchased_purges":2,"victory":true,"max_hp_per_floor":[50,50,50,50,50,50,50,50,50,50,50,50,50,50,50,50,50,50,50,50,50,52,52,52,52,52,52,52,52,54,54,54,54,54,54,54,54,54,54,54,54,54,54,54,54,54,54,54,54,56],"card_choices":[{"not_picked":["beaked:FeelMyPain","beaked:Devastation"],"picked":"beaked:Pecker","floor":4.0},{"not_picked":["StuffTheSpire:Harmony","StuffTheSpire:Brawn"],"picked":"StuffTheSpire:CelestialWarden","floor":5.0},{"not_picked":["beaked:BloodForTheGods","beaked:Tweet"],"picked":"beaked:Foresight","floor":7.0},{"not_picked":["beaked:SurvivalInstinct","beaked:ShadowFade"],"picked":"beaked:Brace","floor":8.0},{"not_picked":["beaked:WarriorEssence","beaked:Foresight"],"picked":"beaked:Evade","floor":9.0},{"not_picked":["beaked:Molting","beaked:Daydream"],"picked":"beaked:CursingBlood","floor":10.0},{"not_picked":["beaked:DesperateSwing","beaked:TuckingFeathers"],"picked":"beaked:Foresight","floor":11.0},{"not_picked":["beaked:Tweet","beaked:Daydream"],"picked":"beaked:Evade","floor":13.0},{"not_picked":["beaked:Tradeoff","beaked:Tweet","beaked:BarbedWire"],"picked":"SKIP","floor":14.0},{"not_picked":["beaked:TuckingFeathers","ReplayTheSpireMod:RavenHex"],"picked":"beaked:WarriorSpirit","floor":15.0},{"not_picked":["beaked:CheekyTricks","beaked:Sacrifice"],"picked":"beaked:AwakenedForm","floor":16.0},{"not_picked":["beaked:Redirect","beaked:Daydream+1","beaked:RitualOfBody"],"picked":"SKIP","floor":20.0},{"not_picked":["beaked:Devastation","ReplayTheSpireMod:RavenHex+1","beaked:BloodForTheGods"],"picked":"SKIP","floor":21.0},{"not_picked":["beaked:Mantra+1","beaked:SurvivalInstinct","beaked:DigDeep"],"picked":"SKIP","floor":22.0},{"not_picked":["beaked:RuinSticks","beaked:DesperateSwing+1"],"picked":"beaked:MachineSpirit","floor":25.0},{"not_picked":["beaked:Resilience+1","beaked:Redirect","beaked:FeelMyPain"],"picked":"SKIP","floor":26.0},{"not_picked":["beaked:WindBringer+1","beaked:Foresight","beaked:VigorBurst+1"],"picked":"SKIP","floor":29.0},{"not_picked":["beaked:Resilience","beaked:Brace","beaked:Foresight"],"picked":"SKIP","floor":30.0},{"not_picked":["beaked:Devastation+1","beaked:Hexing","beaked:CursingBlood+1"],"picked":"SKIP","floor":31.0},{"not_picked":["beaked:RuinSticks","beaked:StunningBlow","beaked:Redirect"],"picked":"SKIP","floor":32.0},{"not_picked":["beaked:VolatileMisfortune","beaked:AwakenedForm"],"picked":"beaked:ScreechingChant","floor":33.0},{"not_picked":["beaked:DigDeep+1","beaked:WindBringer+1","beaked:Windmill+1"],"picked":"SKIP","floor":36.0},{"not_picked":["beaked:Poke","beaked:SurvivalInstinct+1","beaked:Foresight"],"picked":"SKIP","floor":38.0},{"not_picked":["Replay:SS_forest_2","expansioncontent:AwakenDeath"],"picked":"expansioncontent:Hexaburn","floor":39.0},{"not_picked":["beaked:Evade","beaked:Brainwash","beaked:Tweet+1"],"picked":"SKIP","floor":40.0},{"not_picked":["beaked:SacrificialDive+1","beaked:Overexert"],"picked":"beaked:WarriorSpirit+1","floor":42.0},{"not_picked":["beaked:Tweet+1","beaked:Evade","beaked:Windmill+1"],"picked":"SKIP","floor":43.0},{"not_picked":["beaked:Tradeoff","beaked:MachineEssence"],"picked":"beaked:Brace+1","floor":44.0},{"not_picked":["beaked:DigDeep+1","beaked:Cower+1","beaked:MaddeningMurmurs+1"],"picked":"SKIP","floor":46.0},{"not_picked":["beaked:Daydream+1","ReplayTheSpireMod:Prepare the Ceremony+1"],"picked":"beaked:Pecker+1","floor":47.0},{"not_picked":["beaked:HuntressEssence","beaked:DigDeep"],"picked":"beaked:Insight+1","floor":48.0},{"not_picked":["beaked:BraceForImpact","beaked:DigDeep+1"],"picked":"beaked:BounceBack+1","floor":49}],"player_experience":1798486,"relics_obtained":[{"floor":3.0,"key":"Garlic"},{"floor":7.0,"key":"Regal Pillow"},{"floor":8.0,"key":"Bag of Preparation"},{"floor":14.0,"key":"StuffTheSpire:MayFlowers"},{"floor":24.0,"key":"Iron Hammer"},{"floor":26.0,"key":"Grinning Jar"},{"floor":31.0,"key":"infinitespire:PuzzleCube"},{"floor":40.0,"key":"Molten Egg 2"},{"floor":41.0,"key":"beaked:ThroatLozenge"}],"event_choices":[{"damage_healed":0.0,"max_hp_gain":0.0,"max_hp_loss":0.0,"gold_gain":0.0,"event_name":"betterThird:BetterScrap","player_choice":"Relic ","floor":2.0,"gold_loss":0.0,"damage_taken":3.0,"cards_obtained":["Perseverance"]},{"damage_healed":0.0,"max_hp_gain":0.0,"max_hp_loss":0.0,"gold_gain":0.0,"event_name":"conspire:LoneGhost","player_choice":"Disagree","floor":6.0,"gold_loss":0.0,"damage_taken":0.0},{"damage_healed":0.0,"max_hp_gain":0.0,"max_hp_loss":7.0,"gold_gain":0.0,"event_name":"betterThird:BetterWriting","player_choice":"Simplicity","floor":18.0,"gold_loss":0.0,"damage_taken":0.0}],"is_beta":false,"boss_relics":[{"not_picked":["hubris:VirtuousBlindfold","Replay:Drink Me"],"picked":"Sandwich"},{"not_picked":["halation:HeavySnake","halation:Prosthetics"],"picked":"beaked:BlessedCoat"}],"items_purged_floors":[21,28],"is_endless":false,"potions_floor_spawned":[8,9,11,22,25,26,30,32,38,40,46],"ascension_level":0}}