{"host":"6bsan6hkua32tfq7","time":1611891078,"event":{"mods":["BaseMod","Better Third Choice","Colored Map","Highlight Path","Minty Spire (QoL Compilation)","StSLib"],"gold_per_floor":[118,118,118,56,73,73,83,83,136,136,61,61,61,93,93,172,172,191,191,217,251,134,134,49,80,161,172,172,172,72,89,89,163,163,181,194,194,69,88,88,88,88,88,116,116,141,141,154,154,154,154,154,154,77,104,104,104],"floor_reached":56,"language":"ENG","playtime":4458,"items_purged":["Defend_P","Strike_P","Defend_P+1"],"score":1795,"play_id":"7e024a8e-5c2e-40ba-a4de-1099527df68a","local_time":"20210129043118","is_ascension_mode":true,"campfire_choices":[{"data":"PathToVictory","floor":6.0,"key":"SMITH"},{"data":"Meditate","floor":8.0,"key":"SMITH"},{"floor":12.0,"key":"REST"},{"data":"Eruption","floor":15.0,"key":"SMITH"},{"data":"PathToVictory","floor":23.0,"key":"SMITH"},{"data":"SignatureMove","floor":29.0,"key":"SMITH"},{"floor":32.0,"key":"REST"},{"floor":40.0,"key":"RECALL"},{"floor":45.0,"key":"REST"},{"floor":47.0,"key":"REST"},{"floor":49.0,"key":"REST"},{"floor":53,"key":"REST"}],"circlet_count":0,"master_deck":["AscendersBane","Defend_P+1","Eruption+1","Vigilance+1","PathToVictory+1","Meditate+1","LessonLearned+1","PathToVictory+1","LikeWater+1","SignatureMove+1","DeceiveReality+1","Vengeance+1","PathToVictory+1","EmptyMind+1","Perseverance+1","EmptyMind"],"relics":["Runic Pyramid","betterThird:SlimedRelic","Potion Belt","Sundial","Thread and Needle","Blood Vial","Philosopher\u0027s Stone","Damaru","Red Mask","Juzu Bracelet","Pocketwatch","Matryoshka","VioletLotus","War Paint","StoneCalendar","Gambling Chip","Bronze Scales"],"acts_visited":["Exordium","TheCity","TheBeyond","TheEnding"],"potions_floor_usage":[56,56,56,56],"damage_taken":[{"damage":4.0,"enemies":"Jaw Worm","floor":1.0,"turns":4.0},{"damage":1.0,"enemies":"2 Louse","floor":5.0,"turns":7.0},{"damage":0.0,"enemies":"Small Slimes","floor":7.0,"turns":2.0},{"damage":12.0,"enemies":"Lagavulin","floor":14.0,"turns":4.0},{"damage":4.0,"enemies":"The Guardian","floor":16.0,"turns":8.0},{"damage":0.0,"enemies":"2 Thieves","floor":18.0,"turns":4.0},{"damage":3.0,"enemies":"Masked Bandits","floor":21.0,"turns":3.0},{"damage":18.0,"enemies":"Book of Stabbing","floor":25.0,"turns":4.0},{"damage":0.0,"enemies":"3 Byrds","floor":27.0,"turns":3.0},{"damage":0.0,"enemies":"Cultist and Chosen","floor":31.0,"turns":2.0},{"damage":3.0,"enemies":"Champ","floor":33.0,"turns":6.0},{"damage":0.0,"enemies":"Orb Walker","floor":35.0,"turns":2.0},{"damage":1.0,"enemies":"3 Shapes","floor":36.0,"turns":4.0},{"damage":0.0,"enemies":"Spire Growth","floor":39.0,"turns":5.0},{"damage":32.0,"enemies":"Reptomancer","floor":44.0,"turns":6.0},{"damage":0.0,"enemies":"Mind Bloom Boss Battle","floor":46.0,"turns":7.0},{"damage":10.0,"enemies":"Writhing Mass","floor":48.0,"turns":3.0},{"damage":8.0,"enemies":"Awakened One","floor":50.0,"turns":10.0},{"damage":10.0,"enemies":"Time Eater","floor":51.0,"turns":6.0},{"damage":43,"enemies":"Shield and Spear","floor":55,"turns":6},{"damage":34,"enemies":"The Heart","floor":56,"turns":3}],"seed_played":"7259192283225835285","potions_obtained":[{"floor":16.0,"key":"BlessingOfTheForge"},{"floor":21.0,"key":"SpeedPotion"},{"floor":33.0,"key":"StancePotion"},{"floor":35.0,"key":"BottledMiracle"},{"floor":46.0,"key":"Block Potion"},{"floor":48.0,"key":"Energy Potion"}],"is_trial":false,"path_per_floor":["M","?","?","?","M","R","M","R","T","T","?","R","T","E","R","B",null,"M","?","T","?","$","R","?","E","T","M","?","R","$","M","R","B",null,"M","M","?","$","M","R","?","?","T","E","R","?","R","M","R","B","B",null,"R","$","E","B"],"character_chosen":"WATCHER","items_purchased":["LikeWater","Perseverance"],"campfire_rested":6,"item_purchase_floors":[22,54],"current_hp_per_floor":[57,57,37,26,25,25,25,25,25,25,25,45,45,33,33,31,59,61,61,61,60,60,60,60,44,44,46,46,46,46,48,68,65,67,68,67,67,67,68,68,49,49,49,19,40,42,63,55,73,65,57,69,73,73,30,0,0],"gold":104,"neow_bonus":"BOSS_RELIC","is_daily":false,"chose_seed":false,"campfire_upgraded":5,"win_rate":0.0,"timestamp":1611891078,"path_taken":["M","?","?","?","M","R","M","R","T","?","?","R","?","E","R","BOSS","M","?","?","?","?","R","?","E","T","M","?","R","$","M","R","BOSS","M","M","?","?","M","R","?","?","T","E","R","?","R","M","R","BOSS","BOSS","R","$","E","BOSS"],"items_purchased_type":["Card","Card"],"build_version":"2020-12-22","purchased_purges":3,"victory":false,"max_hp_per_floor":[68,68,68,68,68,68,68,68,68,68,68,68,68,68,68,68,68,68,68,68,68,68,68,68,68,68,68,68,68,68,68,68,68,68,68,68,68,68,68,68,73,73,73,73,73,73,73,73,73,73,73,73,73,73,73,73,73],"card_choices":[{"not_picked":["EmptyBody","FlyingSleeves","InnerPeace"],"picked":"SKIP","floor":1.0},{"not_picked":["ClearTheMind","Fasting2"],"picked":"PathToVictory","floor":5.0},{"not_picked":["SandsOfTime","FollowUp"],"picked":"Meditate","floor":7.0},{"not_picked":["Pray","Wireheading","Sanctity"],"picked":"SKIP","floor":14.0},{"not_picked":["MasterReality","ConjureBlade"],"picked":"LessonLearned","floor":16.0},{"not_picked":["Tantrum","Protect","EmptyFist+1"],"picked":"SKIP","floor":18.0},{"not_picked":["Sanctity","FlyingSleeves","ThirdEye"],"picked":"SKIP","floor":25.0},{"not_picked":["Sanctity","FlyingSleeves","ThirdEye"],"picked":"SKIP","floor":25.0},{"not_picked":["FollowUp","SignatureMove","Nirvana"],"picked":"SKIP","floor":27.0},{"not_picked":["FollowUp","Nirvana"],"picked":"SignatureMove","floor":27.0},{"not_picked":["Conclude","WheelKick","CutThroughFate+1"],"picked":"SKIP","floor":31.0},{"not_picked":["BowlingBash","Nirvana"],"picked":"DeceiveReality+1","floor":35.0},{"not_picked":["Evaluate","CrushJoints","ForeignInfluence+1"],"picked":"SKIP","floor":36.0},{"not_picked":["Crescendo","Collect","Sanctity"],"picked":"SKIP","floor":39.0},{"not_picked":["Collect","Weave"],"picked":"EmptyMind","floor":44.0},{"not_picked":["Collect","PathToVictory","BowlingBash"],"picked":"SKIP","floor":48.0},{"not_picked":["DevaForm","FollowUp"],"picked":"EmptyMind","floor":55}],"player_experience":5341287,"relics_obtained":[{"floor":9.0,"key":"Potion Belt"},{"floor":10.0,"key":"Sundial"},{"floor":13.0,"key":"Thread and Needle"},{"floor":14.0,"key":"Blood Vial"},{"floor":20.0,"key":"Damaru"},{"floor":21.0,"key":"Red Mask"},{"floor":25.0,"key":"Pocketwatch"},{"floor":26.0,"key":"Matryoshka"},{"floor":43.0,"key":"War Paint"},{"floor":44.0,"key":"StoneCalendar"},{"floor":46.0,"key":"Gambling Chip"},{"floor":55,"key":"Bronze Scales"}],"event_choices":[{"cards_removed":["Defend_P"],"damage_healed":0.0,"max_hp_gain":0.0,"max_hp_loss":0.0,"gold_gain":0.0,"event_name":"Living Wall","player_choice":"Forget","floor":2.0,"gold_loss":0.0,"damage_taken":0.0},{"damage_healed":57.0,"max_hp_gain":0.0,"max_hp_loss":68.0,"gold_gain":0.0,"event_name":"betterThird:BetterShining","player_choice":"Upgrade","floor":3.0,"gold_loss":0.0,"damage_taken":20.0,"cards_upgraded":["Defend_P","Strike_P"]},{"damage_healed":0.0,"max_hp_gain":0.0,"max_hp_loss":0.0,"gold_gain":0.0,"event_name":"betterThird:BetterGoop","player_choice":"Slimed","floor":4.0,"gold_loss":62.0,"damage_taken":11.0},{"cards_removed":["Strike_P"],"damage_healed":0.0,"max_hp_gain":0.0,"max_hp_loss":0.0,"gold_gain":0.0,"event_name":"The Cleric","player_choice":"Card Removal","floor":11.0,"gold_loss":75.0,"damage_taken":0.0},{"damage_healed":0.0,"max_hp_gain":0.0,"max_hp_loss":0.0,"gold_gain":0.0,"event_name":"The Library","player_choice":"Read","floor":19.0,"gold_loss":0.0,"damage_taken":0.0,"cards_obtained":["PathToVictory"]},{"damage_healed":0.0,"max_hp_gain":0.0,"max_hp_loss":0.0,"gold_gain":0.0,"event_name":"Masked Bandits","player_choice":"Fought Bandits","floor":21.0,"gold_loss":0.0,"damage_taken":0.0},{"damage_healed":0.0,"max_hp_gain":0.0,"max_hp_loss":0.0,"gold_gain":0.0,"event_name":"Addict","player_choice":"Obtained Relic","floor":24.0,"gold_loss":85.0,"damage_taken":0.0,"relics_obtained":["Juzu Bracelet"]},{"cards_removed":["Strike_P"],"damage_healed":0.0,"max_hp_gain":0.0,"max_hp_loss":0.0,"gold_gain":0.0,"event_name":"Purifier","player_choice":"Purged","floor":28.0,"gold_loss":0.0,"damage_taken":0.0},{"damage_healed":0.0,"max_hp_gain":0.0,"max_hp_loss":0.0,"gold_gain":0.0,"cards_transformed":["Strike_P"],"event_name":"Transmorgrifier","player_choice":"Transformed","floor":37.0,"gold_loss":0.0,"damage_taken":0.0,"cards_obtained":["Vengeance"]},{"damage_healed":0.0,"max_hp_gain":0.0,"max_hp_loss":0.0,"gold_gain":0.0,"event_name":"betterThird:BetterPortal","player_choice":"Random: Violet","floor":41.0,"gold_loss":0.0,"damage_taken":0.0},{"damage_healed":0.0,"max_hp_gain":5.0,"max_hp_loss":0.0,"gold_gain":0.0,"event_name":"Forgotten Altar","player_choice":"Shed Blood","floor":41.0,"gold_loss":0.0,"damage_taken":24.0},{"damage_healed":0.0,"max_hp_gain":0.0,"max_hp_loss":0.0,"gold_gain":0.0,"event_name":"Duplicator","player_choice":"Copied","floor":42.0,"gold_loss":0.0,"damage_taken":0.0,"cards_obtained":["PathToVictory"]},{"damage_healed":0.0,"max_hp_gain":0.0,"max_hp_loss":0.0,"gold_gain":0.0,"event_name":"MindBloom","player_choice":"Fight","floor":46.0,"gold_loss":0.0,"damage_taken":0.0}],"is_beta":false,"boss_relics":[{"not_picked":["Coffee Dripper","Cursed Key"],"picked":"Philosopher\u0027s Stone"},{"not_picked":["Sozu","Black Star"],"picked":"VioletLotus"}],"items_purged_floors":[22,30,38],"is_endless":false,"potions_floor_spawned":[16,21,33,35,46,48],"killed_by":"The Heart","ascension_level":20}}