{"host":"jhy70w0yh8dayqay","time":1611903022,"event":{"mods":["AchievementEnabler","BaseMod","Colored Map","Colored Powertips","DeckTracker","Minty Spire (QoL Compilation)","Permanent Neow","SuperFastMode"],"gold_per_floor":[116,116,129,143,155,183,195,228,228,240,282,294,338,366,378,486,498,495,351,369,99,111,111,111],"floor_reached":23,"language":"KOR","playtime":827,"items_purged":[],"score":341,"play_id":"6b976f9c-2190-47f1-b594-3bde16c8815a","local_time":"20210129155022","is_ascension_mode":true,"campfire_choices":[{"floor":10,"key":"REST"},{"data":"Armaments","floor":12,"key":"SMITH"},{"data":"Infernal Blade","floor":15,"key":"SMITH"}],"circlet_count":0,"master_deck":["AscendersBane","Strike_R","Strike_R","Strike_R","Strike_R","Strike_R","Defend_R","Defend_R","Defend_R","Defend_R","Bash","Reaper","Clothesline","Infernal Blade+1","Twin Strike","Wild Strike","Disarm","Armaments+1","Inflame","Bludgeon","Perfected Strike+1","Feel No Pain","Pommel Strike"],"relics":["Burning Blood","Bird Faced Urn","Boot","MawBank","Potion Belt","Kunai","Mark of Pain","ClockworkSouvenir","Akabeko"],"acts_visited":["Exordium","TheCity"],"potions_floor_usage":[6,13,14,16,16,18],"damage_taken":[{"damage":0,"enemies":"Small Slimes","floor":1,"turns":3},{"damage":2,"enemies":"2 Louse","floor":3,"turns":3},{"damage":20,"enemies":"Jaw Worm","floor":4,"turns":4},{"damage":36,"enemies":"Gremlin Gang","floor":5,"turns":6},{"damage":30,"enemies":"Lagavulin","floor":6,"turns":6},{"damage":2,"enemies":"2 Fungi Beasts","floor":7,"turns":4},{"damage":22,"enemies":"Gremlin Nob","floor":8,"turns":4},{"damage":30,"enemies":"Lagavulin","floor":13,"turns":6},{"damage":4,"enemies":"3 Louse","floor":14,"turns":2},{"damage":20,"enemies":"Hexaghost","floor":16,"turns":10},{"damage":19,"enemies":"2 Thieves","floor":18,"turns":4},{"damage":28,"enemies":"Spheric Guardian","floor":20,"turns":4},{"damage":9,"enemies":"Centurion and Healer","floor":22,"turns":3},{"damage":18,"enemies":"Gremlin Leader","floor":23,"turns":3}],"seed_played":"5130207971290660435","potions_obtained":[{"floor":3,"key":"PowerPotion"},{"floor":5,"key":"Fire Potion"},{"floor":8,"key":"LiquidBronze"},{"floor":13,"key":"Block Potion"},{"floor":14,"key":"Block Potion"},{"floor":16,"key":"DuplicationPotion"}],"is_trial":false,"path_per_floor":["M","?","M","M","M","E","M","E","T","R","?","R","E","M","R","B",null,"M","$","M","$","M","E"],"character_chosen":"IRONCLAD","items_purchased":["ClockworkSouvenir","Feel No Pain","Akabeko","Pommel Strike"],"campfire_rested":1,"item_purchase_floors":[19,21,21,21],"current_hp_per_floor":[78,78,80,66,45,21,29,13,13,37,37,37,19,31,31,29,67,56,56,36,36,35,21,21],"gold":111,"neow_bonus":"ONE_RANDOM_RARE_CARD","is_daily":false,"chose_seed":false,"campfire_upgraded":2,"win_rate":0.0,"timestamp":1611903022,"path_taken":["M","?","M","M","M","E","M","E","T","R","?","R","E","M","R","BOSS","M","$","M","$","M","E"],"items_purchased_type":["Relic","Card","Relic","Card"],"build_version":"2020-12-22","purchased_purges":0,"victory":false,"max_hp_per_floor":[80,80,80,80,80,80,80,80,80,80,80,80,80,80,80,80,80,80,80,80,80,80,80,80],"card_choices":[{"not_picked":["Havoc","Twin Strike"],"picked":"Clothesline","floor":1},{"not_picked":["Thunderclap","Wild Strike"],"picked":"Infernal Blade","floor":3},{"not_picked":["Power Through","Entrench"],"picked":"Twin Strike","floor":4},{"not_picked":["Flex","Cleave"],"picked":"Wild Strike","floor":5},{"not_picked":["Sever Soul","Wild Strike"],"picked":"Disarm","floor":6},{"not_picked":["Berserk","Sentinel"],"picked":"Armaments","floor":7},{"not_picked":["Shockwave","Headbutt","Intimidate"],"picked":"SKIP","floor":8},{"not_picked":["Warcry","Clash"],"picked":"Inflame","floor":13},{"not_picked":["Reckless Charge","Clothesline","Havoc"],"picked":"SKIP","floor":14},{"not_picked":["Impervious","Feed"],"picked":"Bludgeon","floor":16},{"not_picked":["Twin Strike","Iron Wave","Intimidate"],"picked":"SKIP","floor":18},{"not_picked":["Carnage","Iron Wave"],"picked":"Perfected Strike+1","floor":20},{"not_picked":["Searing Blow","Feel No Pain","Anger"],"picked":"SKIP","floor":22}],"player_experience":442561,"relics_obtained":[{"floor":6,"key":"Bird Faced Urn"},{"floor":8,"key":"Boot"},{"floor":9,"key":"MawBank"},{"floor":13,"key":"Kunai"}],"event_choices":[{"damage_healed":0,"gold_gain":0,"player_choice":"Ignored","damage_taken":0,"max_hp_gain":0,"max_hp_loss":0,"event_name":"Liars Game","floor":2,"gold_loss":0},{"damage_healed":0,"gold_gain":30,"player_choice":"Searched \u00273\u0027 times","damage_taken":0,"relics_obtained":["Potion Belt"],"max_hp_gain":0,"max_hp_loss":0,"event_name":"Dead Adventurer","floor":11,"gold_loss":0}],"is_beta":false,"boss_relics":[{"not_picked":["Tiny House","Runic Dome"],"picked":"Mark of Pain"}],"items_purged_floors":[],"is_endless":false,"potions_floor_spawned":[3,5,8,13,14,16],"killed_by":"Gremlin Leader","ascension_level":12}}