{"host":"5jyeqch4fosnsiz2","time":1611950975,"event":{"mods":["BaseMod","Bestiary","Colored Map","Colored Powertips","Filter the Spire","Minty Spire (QoL Compilation)","Relic Stats","StSLib","Waifu the Spire","ojb\u0027s Better Paths Mod","ojb\u0027s Info Mod"],"gold_per_floor":[119,130,157,169,139,139,174,174,174,192,207,22,57,57,57,155,155,143,155,27,40,51,81,81,98,125,136,136,136,136,166,166,166,166],"floor_reached":33,"language":"ENG","playtime":1418,"items_purged":["Strike_R","Strike_R"],"score":297,"play_id":"158790e0-cabd-4ebc-8ae4-454f02b7cdbf","local_time":"20210129150935","is_ascension_mode":false,"campfire_choices":[{"data":"Rage","floor":6,"key":"SMITH"},{"data":"Hemokinesis","floor":8,"key":"SMITH"},{"data":"Rupture","floor":15,"key":"SMITH"},{"data":"Heavy Blade","floor":24,"key":"SMITH"},{"data":"Bloodletting","floor":30,"key":"SMITH"},{"data":"Spot Weakness","floor":32,"key":"SMITH"}],"circlet_count":0,"master_deck":["Strike_R","Strike_R","Strike_R","Defend_R","Defend_R","Defend_R+1","Bash","Armaments","Rupture+1","Flame Barrier","Rage+1","Hemokinesis+1","Clash","Pommel Strike","Blood for Blood","Spot Weakness+1","Heavy Blade+1","Offering+1","Bloodletting+1"],"relics":["Burning Blood","Blood Vial","Paper Frog","MealTicket","Membership Card","Matryoshka","Coffee Dripper","Orrery","War Paint","HornCleat","Vajra","Eternal Feather"],"acts_visited":["Exordium","TheCity"],"potions_floor_usage":[7,7,13,16,23,23,31],"damage_taken":[{"damage":10,"enemies":"Cultist","floor":1,"turns":4},{"damage":0,"enemies":"Small Slimes","floor":2,"turns":3},{"damage":1,"enemies":"2 Louse","floor":4,"turns":3},{"damage":0,"enemies":"Looter","floor":5,"turns":4},{"damage":40,"enemies":"Lagavulin","floor":7,"turns":11},{"damage":4,"enemies":"Large Slime","floor":10,"turns":5},{"damage":4,"enemies":"3 Louse","floor":11,"turns":3},{"damage":22,"enemies":"3 Sentries","floor":13,"turns":6},{"damage":27,"enemies":"Hexaghost","floor":16,"turns":8},{"damage":5,"enemies":"2 Thieves","floor":18,"turns":4},{"damage":10,"enemies":"Spheric Guardian","floor":19,"turns":5},{"damage":20,"enemies":"Chosen and Byrds","floor":21,"turns":5},{"damage":5,"enemies":"Centurion and Healer","floor":22,"turns":4},{"damage":42,"enemies":"Slavers","floor":23,"turns":4},{"damage":26,"enemies":"Cultist and Chosen","floor":25,"turns":7},{"damage":17,"enemies":"3 Cultists","floor":27,"turns":4},{"damage":33,"enemies":"Gremlin Leader","floor":31,"turns":5},{"damage":64,"enemies":"Collector","floor":33,"turns":8}],"seed_played":"2210189282349174262","potions_obtained":[{"floor":1,"key":"SkillPotion"},{"floor":4,"key":"LiquidBronze"},{"floor":7,"key":"SteroidPotion"},{"floor":11,"key":"PowerPotion"},{"floor":13,"key":"FairyPotion"},{"floor":19,"key":"Regen Potion"},{"floor":22,"key":"Explosive Potion"},{"floor":27,"key":"Dexterity Potion"}],"is_trial":false,"path_per_floor":["M","M","T","M","M","R","E","R","T","M","M","$","E","?","R","B",null,"M","M","$","M","M","E","R","M","T","M","?","?","R","E","R","B"],"character_chosen":"IRONCLAD","items_purchased":["Membership Card","Orrery"],"campfire_rested":0,"item_purchase_floors":[12,20],"current_hp_per_floor":[76,80,80,80,80,80,46,46,46,50,54,69,55,55,55,36,80,80,76,80,66,69,47,47,29,29,20,46,46,46,21,30,0,0],"gold":166,"neow_bonus":"RANDOM_COMMON_RELIC","is_daily":false,"chose_seed":false,"campfire_upgraded":6,"win_rate":0.0,"timestamp":1611950975,"path_taken":["M","M","?","M","M","R","E","R","T","M","M","$","E","?","R","BOSS","M","M","$","M","M","E","R","M","T","?","?","?","R","E","R","BOSS"],"items_purchased_type":["Relic","Relic"],"build_version":"2020-12-22","purchased_purges":2,"victory":false,"max_hp_per_floor":[80,80,80,80,80,80,80,80,80,80,80,80,80,80,80,80,80,80,80,80,80,80,80,80,80,80,80,80,80,80,80,80,80,80],"relic_stats":{"Blood Vial":22,"counters":[18,93],"MealTicket":19,"Eternal Feather":9,"War Paint":["Offering","Defend_R"],"obtain_stats":[{"Blood Vial":0,"Matryoshka":13,"HornCleat":26,"Orrery":20,"Vajra":26,"MealTicket":9,"Eternal Feather":31,"Coffee Dripper":17,"Membership Card":12,"War Paint":23,"Burning Blood":0,"Paper Frog":7},{"Blood Vial":0,"Matryoshka":8,"HornCleat":15,"Orrery":11,"Vajra":15,"MealTicket":5,"Eternal Feather":17,"Coffee Dripper":9,"Membership Card":7,"War Paint":14,"Burning Blood":0,"Paper Frog":5},{"Blood Vial":0,"Matryoshka":39,"HornCleat":76,"Orrery":56,"Vajra":76,"MealTicket":25,"Eternal Feather":85,"Coffee Dripper":47,"Membership Card":33,"War Paint":69,"Burning Blood":0,"Paper Frog":25}],"Burning Blood":86},"card_choices":[{"not_picked":["Battle Trance","Heavy Blade"],"picked":"Armaments","floor":1},{"not_picked":["Anger","Searing Blow"],"picked":"Rupture","floor":2},{"not_picked":["Perfected Strike","Anger"],"picked":"Flame Barrier","floor":4},{"not_picked":["Sever Soul","Iron Wave"],"picked":"Rage","floor":5},{"not_picked":["Dropkick","Thunderclap"],"picked":"Hemokinesis","floor":7},{"not_picked":["Body Slam","Bludgeon"],"picked":"Clash","floor":10},{"not_picked":["True Grit","Battle Trance","Second Wind"],"picked":"SKIP","floor":11},{"not_picked":["Evolve","Carnage"],"picked":"Pommel Strike","floor":13},{"not_picked":["Uppercut","Iron Wave+1"],"picked":"Blood for Blood","floor":18},{"not_picked":["Uppercut","Headbutt","Wild Strike"],"picked":"SKIP","floor":19},{"not_picked":["Inflame","Seeing Red+1"],"picked":"Spot Weakness","floor":20},{"not_picked":["Wild Strike","Twin Strike"],"picked":"Heavy Blade","floor":20},{"not_picked":["Havoc","Perfected Strike","Pommel Strike+1"],"picked":"SKIP","floor":21},{"not_picked":["Infernal Blade","Dark Embrace+1"],"picked":"Offering","floor":22},{"not_picked":["Sever Soul+1","Warcry","Anger"],"picked":"SKIP","floor":23},{"not_picked":["Infernal Blade+1","Thunderclap","Shrug It Off"],"picked":"SKIP","floor":25},{"not_picked":["Bludgeon","Inflame"],"picked":"Bloodletting","floor":27},{"not_picked":["Sword Boomerang","True Grit+1","Uppercut+1"],"picked":"SKIP","floor":31}],"player_experience":336181,"relics_obtained":[{"floor":7,"key":"Paper Frog"},{"floor":9,"key":"MealTicket"},{"floor":13,"key":"Matryoshka"},{"floor":23,"key":"War Paint"},{"floor":26,"key":"HornCleat"},{"floor":26,"key":"Vajra"},{"floor":31,"key":"Eternal Feather"}],"event_choices":[{"cards_removed":["Defend_R"],"damage_healed":0,"gold_gain":0,"player_choice":"Offered Basic","damage_taken":0,"max_hp_gain":0,"max_hp_loss":0,"event_name":"Bonfire Elementals","floor":14,"gold_loss":0},{"damage_healed":26,"gold_gain":0,"player_choice":"Heal","damage_taken":0,"max_hp_gain":0,"max_hp_loss":0,"event_name":"The Library","floor":28,"gold_loss":0},{"damage_healed":0,"gold_gain":0,"player_choice":"Ignored","damage_taken":0,"max_hp_gain":0,"max_hp_loss":0,"event_name":"Ghosts","floor":29,"gold_loss":0}],"is_beta":false,"boss_relics":[{"not_picked":["Fusion Hammer","Runic Pyramid"],"picked":"Coffee Dripper"}],"items_purged_floors":[12,20],"is_endless":false,"potions_floor_spawned":[1,4,7,11,13,19,22,27],"killed_by":"Collector","ascension_level":0}}