{"host":"g01l53quoe6lrer0","time":1611913937,"event":{"mods":["2.2 Compatiblity","AchievementEnabler","BaseMod","Colored Map","Highlight Path","Keyboard Shortcuts","Minty Spire (QoL Compilation)","Permanent Neow","StSLib","SuperFastMode","everything is the same but u backflip on backflip"],"gold_per_floor":[113,113,46,59,75,102,27,27,27,27,59,13,13,24,24,129,129,146,161,61,72,84,84,111,111,137,152,163,179,0,99,99,196,196,211,86,86,86,86,118,118,136,185,195,155,171,21,35,35,35],"floor_reached":51,"language":"KOR","playtime":3139,"items_purged":["Defend_P","Defend_P","Strike_P","Defend_P"],"score":1348,"play_id":"f9d204c1-482b-41df-8bbd-aa7fdaa12977","local_time":"20210129185217","is_ascension_mode":true,"campfire_choices":[{"data":"Eruption","floor":8.0,"key":"SMITH"},{"floor":15.0,"key":"REST"},{"floor":23.0,"key":"REST"},{"floor":25.0,"key":"REST"},{"floor":32.0,"key":"REST"},{"floor":41,"key":"REST"},{"data":"Adaptation","floor":49,"key":"SMITH"}],"circlet_count":0,"master_deck":["AscendersBane","Strike_P","Strike_P","Eruption+1","Vigilance","Indignation","Adaptation+1","MentalFortress","InnerPeace+1","FearNoEvil+1"],"relics":["PureWater","Omamori","Sundial","TungstenRod","Question Card","HornCleat","Kunai","Vajra","Black Star","TeardropLocket","Nunchaku","Akabeko","Empty Cage","Ornamental Fan","PreservedInsect","Damaru"],"acts_visited":["Exordium","TheCity","TheBeyond"],"potions_floor_usage":[35,48],"damage_taken":[{"damage":1.0,"enemies":"Cultist","floor":1.0,"turns":3.0},{"damage":11.0,"enemies":"2 Louse","floor":4.0,"turns":2.0},{"damage":0.0,"enemies":"Jaw Worm","floor":5.0,"turns":3.0},{"damage":13.0,"enemies":"Lagavulin","floor":6.0,"turns":6.0},{"damage":1.0,"enemies":"Gremlin Nob","floor":11.0,"turns":3.0},{"damage":7.0,"enemies":"Blue Slaver","floor":14.0,"turns":3.0},{"damage":18.0,"enemies":"Slime Boss","floor":16.0,"turns":7.0},{"damage":1.0,"enemies":"Chosen","floor":18.0,"turns":3.0},{"damage":4.0,"enemies":"3 Byrds","floor":19.0,"turns":5.0},{"damage":30.0,"enemies":"Cultist and Chosen","floor":21.0,"turns":5.0},{"damage":25.0,"enemies":"Chosen and Byrds","floor":22.0,"turns":6.0},{"damage":37.0,"enemies":"Slavers","floor":24.0,"turns":6.0},{"damage":3.0,"enemies":"Centurion and Healer","floor":27.0,"turns":3.0},{"damage":0.0,"enemies":"Cultist and Chosen","floor":28.0,"turns":4.0},{"damage":0.0,"enemies":"Snecko","floor":29.0,"turns":3.0},{"damage":31.0,"enemies":"Champ","floor":33.0,"turns":8.0},{"damage":15,"enemies":"3 Shapes","floor":35,"turns":4},{"damage":0,"enemies":"Giant Head","floor":40,"turns":2},{"damage":0,"enemies":"Orb Walker","floor":42,"turns":3},{"damage":0,"enemies":"3 Darklings","floor":44,"turns":2},{"damage":0,"enemies":"Sphere and 2 Shapes","floor":46,"turns":3},{"damage":0,"enemies":"Transient","floor":48,"turns":1},{"damage":0,"enemies":"Donu and Deca","floor":50,"turns":2}],"seed_played":"-782564131476948863","potions_obtained":[{"floor":1.0,"key":"Energy Potion"},{"floor":5.0,"key":"DuplicationPotion"},{"floor":16.0,"key":"Block Potion"},{"floor":21.0,"key":"Regen Potion"},{"floor":22.0,"key":"Fire Potion"},{"floor":28.0,"key":"LiquidMemories"},{"floor":33.0,"key":"SkillPotion"},{"floor":40,"key":"DistilledChaos"},{"floor":45,"key":"Weak Potion"},{"floor":48,"key":"GamblersBrew"}],"is_trial":false,"path_per_floor":["M","T","$","M","M","E","$","R","T","?","E","$","T","M","R","B",null,"M","M","$","M","M","R","E","R","T","M","M","M","?","?","R","B",null,"M","$","?","?","?","E","R","M","T","M","?","M","$","M","R","B",null],"character_chosen":"WATCHER","items_purchased":["Adaptation","FlurryOfBlows"],"campfire_rested":5,"item_purchase_floors":[3,12],"current_hp_per_floor":[64,64,64,53,53,40,40,40,40,40,39,39,39,32,53,35,63,62,58,58,28,18,39,2,23,23,20,20,20,20,20,41,10,57,42,42,42,42,42,42,62,62,62,62,62,62,62,62,62,62],"gold":35,"neow_bonus":"RANDOM_COMMON_RELIC","is_daily":false,"chose_seed":false,"campfire_upgraded":2,"win_rate":0.0,"timestamp":1611913937,"path_taken":["M","?","$","M","M","E","$","R","T","?","E","?","?","M","R","BOSS","BOSS","M","M","$","M","M","R","E","R","T","?","M","M","?","?","R","BOSS","M","$","?","?","?","E","R","M","T","M","?","?","$","M","R","BOSS"],"items_purchased_type":["Card","Card"],"build_version":"2020-12-22","purchased_purges":4,"victory":true,"max_hp_per_floor":[72,72,72,72,72,72,72,72,72,72,72,72,72,72,72,72,72,72,72,72,72,72,72,72,72,72,72,72,72,72,72,72,72,72,72,72,72,68,68,68,68,68,68,68,68,68,68,68,68,68],"card_choices":[{"not_picked":["EmptyBody","ClearTheMind"],"picked":"Indignation","floor":1.0},{"not_picked":["BowlingBash","FlyingSleeves","PathToVictory"],"picked":"SKIP","floor":4.0},{"not_picked":["SashWhip","FlyingSleeves"],"picked":"MentalFortress","floor":5.0},{"not_picked":["MasterReality","Tantrum","EmptyMind"],"picked":"SKIP","floor":6.0},{"not_picked":["DeceiveReality","FlyingSleeves","WheelKick","SashWhip"],"picked":"SKIP","floor":11.0},{"not_picked":["CutThroughFate","FlyingSleeves","WindmillStrike","Collect"],"picked":"SKIP","floor":14.0},{"not_picked":["Halt","Sanctity","FollowUp"],"picked":"InnerPeace+1","floor":18.0},{"not_picked":["ClearTheMind","SashWhip","Evaluate","Crescendo+1"],"picked":"SKIP","floor":19.0},{"not_picked":["Prostrate","JustLucky","SashWhip","PathToVictory"],"picked":"SKIP","floor":21.0},{"not_picked":["WreathOfFlame","CrushJoints+1","DeceiveReality","Establishment"],"picked":"SKIP","floor":22.0},{"not_picked":["Fasting2","TalkToTheHand","BowlingBash","Worship+1"],"picked":"SKIP","floor":24.0},{"not_picked":["BattleHymn+1","EmptyMind+1","EmptyFist"],"picked":"FearNoEvil+1","floor":27.0},{"not_picked":["CutThroughFate","SashWhip","Collect+1","InnerPeace"],"picked":"SKIP","floor":28.0},{"not_picked":["CutThroughFate","SashWhip","Collect+1","InnerPeace"],"picked":"SKIP","floor":28.0},{"not_picked":["Fasting2","Halt","FollowUp","Evaluate"],"picked":"SKIP","floor":29.0},{"not_picked":["BowlingBash","ClearTheMind","EmptyBody","FlyingSleeves"],"picked":"SKIP","floor":35},{"not_picked":["PathToVictory","BowlingBash","JustLucky","FollowUp"],"picked":"SKIP","floor":40},{"not_picked":["Halt+1","FlurryOfBlows+1","Prostrate+1","CutThroughFate"],"picked":"SKIP","floor":42},{"not_picked":["FlurryOfBlows","BattleHymn","Evaluate+1","CarveReality+1"],"picked":"SKIP","floor":44},{"not_picked":["BattleHymn+1","LessonLearned","CrushJoints","ReachHeaven+1"],"picked":"SKIP","floor":46},{"not_picked":["TalkToTheHand","Crescendo","InnerPeace","FlurryOfBlows"],"picked":"SKIP","floor":48}],"player_experience":321893,"relics_obtained":[{"floor":2.0,"key":"Sundial"},{"floor":6.0,"key":"TungstenRod"},{"floor":9.0,"key":"Question Card"},{"floor":11.0,"key":"Kunai"},{"floor":13.0,"key":"Vajra"},{"floor":24.0,"key":"TeardropLocket"},{"floor":24.0,"key":"Nunchaku"},{"floor":26.0,"key":"Akabeko"},{"floor":40,"key":"Ornamental Fan"},{"floor":40,"key":"PreservedInsect"},{"floor":43,"key":"Damaru"}],"event_choices":[{"damage_healed":0.0,"max_hp_gain":0.0,"max_hp_loss":0.0,"gold_gain":0.0,"event_name":"Dead Adventurer","player_choice":"Searched \u00271\u0027 times","floor":10.0,"gold_loss":0.0,"damage_taken":0.0,"relics_obtained":["HornCleat"]},{"damage_healed":0.0,"max_hp_gain":0.0,"max_hp_loss":0.0,"gold_gain":0.0,"event_name":"Masked Bandits","player_choice":"Paid Fearfully","floor":30.0,"gold_loss":179.0,"damage_taken":0.0},{"damage_healed":0.0,"max_hp_gain":0.0,"max_hp_loss":0.0,"gold_gain":99.0,"event_name":"Nest","player_choice":"Stole From Cult","floor":31.0,"gold_loss":0.0,"damage_taken":0.0},{"cards_removed":["FlurryOfBlows"],"damage_healed":0,"gold_gain":0,"player_choice":"Removed Attack","damage_taken":0,"max_hp_gain":0,"max_hp_loss":0,"event_name":"Falling","floor":37,"gold_loss":0},{"damage_healed":0,"gold_gain":0,"player_choice":"Max HP","damage_taken":0,"max_hp_gain":0,"max_hp_loss":4,"event_name":"Winding Halls","floor":38,"gold_loss":0},{"damage_healed":0,"gold_gain":0,"player_choice":"Ignored","damage_taken":0,"max_hp_gain":0,"max_hp_loss":0,"event_name":"Mysterious Sphere","floor":39,"gold_loss":0},{"damage_healed":0,"gold_gain":0,"player_choice":"Bought 3 Potions","damage_taken":0,"max_hp_gain":0,"max_hp_loss":0,"event_name":"The Woman in Blue","floor":45,"gold_loss":0}],"is_beta":false,"boss_relics":[{"not_picked":["Ectoplasm","Snecko Eye"],"picked":"Black Star"},{"not_picked":["Coffee Dripper","Fusion Hammer"],"picked":"Empty Cage"}],"items_purged_floors":[7,20,36,47],"is_endless":false,"potions_floor_spawned":[1,5,16,21,22,28,33,40,48],"ascension_level":11}}