{"host":"na09lpbrez4gbfiz","time":1611905191,"event":{"mods":["Act Like it!","BaseMod","BetterRewards","Colored Map","Colored Powertips","DeckTracker","Googly Eyes","Highlight Path","Minty Spire (QoL Compilation)","Quick Restart","Spicy Shops","StSLib","SuperFastMode","Synergy Search"],"gold_per_floor":[109,109,35,310,321,347,347,358,385,310,310,339,339,372,372,468,468,485,485,485,499,96,96,128,144,171,171,171,171,184,203,203,298,298,311,331,331,343,343,343,343],"floor_reached":40,"language":"ENG","playtime":1841,"items_purged":["Regret","Strike_B"],"score":536,"play_id":"d20d0246-6975-4743-8652-9a78eaf3bdf4","local_time":"20210129082631","is_ascension_mode":true,"campfire_choices":[{"data":"Static Discharge","floor":7,"key":"SMITH"},{"data":"Zap","floor":11,"key":"SMITH"},{"data":"Leap","floor":13,"key":"SMITH"},{"floor":15,"key":"REST"},{"data":"Fission","floor":23,"key":"SMITH"},{"floor":27,"key":"REST"},{"data":"Self Repair","floor":29,"key":"SMITH"},{"data":"Conserve Battery","floor":32,"key":"SMITH"}],"circlet_count":0,"master_deck":["Defend_B+1","Defend_B+1","Defend_B","Defend_B","Zap+1","Dualcast","Conserve Battery+1","Static Discharge+1","Leap+1","Fission+1","Tempest+1","Redo","Steam","Barrage","Self Repair+1","Ball Lightning+1","Creative AI","Lockon"],"relics":["Cracked Core","NeowsBlessing","Bag of Marbles","Bronze Scales","Strawberry","War Paint","Ornamental Fan","Inserter","PreservedInsect","Boot","Regal Pillow","Orichalcum","Black Star"],"acts_visited":["Exordium","TheCity","TheBeyond"],"potions_floor_usage":[14,16,33,33,36,36,40],"damage_taken":[{"damage":0,"enemies":"2 Louse","floor":1,"turns":1},{"damage":0,"enemies":"Jaw Worm","floor":5,"turns":1},{"damage":0,"enemies":"3 Sentries","floor":6,"turns":1},{"damage":1,"enemies":"Cultist","floor":8,"turns":4},{"damage":20,"enemies":"Lagavulin","floor":12,"turns":7},{"damage":31,"enemies":"Gremlin Nob","floor":14,"turns":3},{"damage":18,"enemies":"Hexaghost","floor":16,"turns":9},{"damage":23,"enemies":"Chosen","floor":18,"turns":6},{"damage":12,"enemies":"Spheric Guardian","floor":21,"turns":3},{"damage":18,"enemies":"Book of Stabbing","floor":24,"turns":4},{"damage":8,"enemies":"Centurion and Healer","floor":25,"turns":8},{"damage":21,"enemies":"Cultist and Chosen","floor":30,"turns":5},{"damage":14,"enemies":"Snecko","floor":31,"turns":4},{"damage":36,"enemies":"Champ","floor":33,"turns":11},{"damage":47,"enemies":"3 Shapes","floor":35,"turns":5},{"damage":7,"enemies":"3 Darklings","floor":36,"turns":3},{"damage":31,"enemies":"Jaw Worm Horde","floor":38,"turns":5},{"damage":39,"enemies":"Giant Head","floor":40,"turns":6}],"seed_played":"-212113975060229800","potions_obtained":[{"floor":6,"key":"Energy Potion"},{"floor":8,"key":"Swift Potion"},{"floor":14,"key":"Block Potion"},{"floor":18,"key":"SmokeBomb"},{"floor":25,"key":"LiquidBronze"},{"floor":31,"key":"EssenceOfSteel"},{"floor":35,"key":"Block Potion"},{"floor":38,"key":"CultistPotion"}],"is_trial":false,"path_per_floor":["M","?","$","?","M","E","R","M","T","$","R","E","R","E","R","B",null,"M","?","?","M","$","R","E","M","T","R","?","R","M","M","R","B",null,"M","M","?","M","?","E"],"character_chosen":"DEFECT","items_purchased":["Bag of Marbles","PreservedInsect","Boot"],"campfire_rested":2,"item_purchase_floors":[3,22,22],"current_hp_per_floor":[75,75,75,75,75,75,75,74,81,81,81,61,61,30,54,36,82,59,59,43,31,31,31,13,12,12,53,82,82,71,67,67,41,87,50,53,53,32,32,0,0],"gold":343,"neow_bonus":"THREE_ENEMY_KILL","is_daily":false,"chose_seed":false,"campfire_upgraded":6,"win_rate":0.0,"timestamp":1611905191,"path_taken":["M","?","$","?","?","E","R","M","T","?","R","E","R","E","R","BOSS","M","?","?","M","$","R","E","M","T","R","?","R","M","?","R","BOSS","M","M","?","?","?","E"],"items_purchased_type":["Relic","Relic","Relic"],"build_version":"2020-12-22","purchased_purges":2,"victory":false,"max_hp_per_floor":[75,75,75,75,75,75,75,75,82,82,82,82,82,82,82,82,82,82,82,87,87,87,87,87,87,87,87,87,87,87,87,87,87,87,87,87,87,87,87,87,87],"card_choices":[{"not_picked":["Stack","Cold Snap","Self Repair"],"picked":"SKIP","floor":1},{"not_picked":["Coolheaded","Reinforced Body"],"picked":"Conserve Battery","floor":5},{"not_picked":["Turbo","Sunder"],"picked":"Static Discharge","floor":6},{"not_picked":["Rip and Tear","Sweeping Beam","Steam"],"picked":"SKIP","floor":8},{"not_picked":["Coolheaded","Sweeping Beam"],"picked":"Leap","floor":12},{"not_picked":["Doom and Gloom","Conserve Battery","Rip and Tear"],"picked":"SKIP","floor":14},{"not_picked":["Seek","Rainbow"],"picked":"Fission","floor":16},{"not_picked":["Steam","Leap+1","Tempest+1"],"picked":"SKIP","floor":18},{"not_picked":["Steam","Leap+1"],"picked":"Tempest+1","floor":18},{"not_picked":["Steam","Darkness"],"picked":"Barrage","floor":21},{"not_picked":["Streamline","Chaos"],"picked":"Self Repair","floor":24},{"not_picked":["Ball Lightning","Conserve Battery","Coolheaded"],"picked":"SKIP","floor":25},{"not_picked":["Hologram","Meteor Strike","Rip and Tear+1"],"picked":"SKIP","floor":30},{"not_picked":["Cold Snap","Redo"],"picked":"Ball Lightning+1","floor":31},{"not_picked":["Core Surge","Biased Cognition"],"picked":"Creative AI","floor":33},{"not_picked":["Rip and Tear+1","Redo"],"picked":"Lockon","floor":35},{"not_picked":["Gash","Compile Driver","Beam Cell+1"],"picked":"SKIP","floor":36},{"not_picked":["Steam","Sweeping Beam+1","Chaos+1"],"picked":"SKIP","floor":38}],"player_experience":203213,"relics_obtained":[{"floor":6,"key":"Bronze Scales"},{"floor":9,"key":"Strawberry"},{"floor":12,"key":"War Paint"},{"floor":14,"key":"Ornamental Fan"},{"floor":24,"key":"Regal Pillow"},{"floor":26,"key":"Orichalcum"}],"event_choices":[{"cards_removed":["Strike_B"],"damage_healed":0,"gold_gain":0,"player_choice":"Forget","damage_taken":0,"max_hp_gain":0,"max_hp_loss":0,"event_name":"Living Wall","floor":2,"gold_loss":0},{"damage_healed":0,"gold_gain":275,"player_choice":"Desecrate","damage_taken":0,"max_hp_gain":0,"max_hp_loss":0,"event_name":"Golden Shrine","floor":4,"gold_loss":0,"cards_obtained":["Regret"]},{"damage_healed":0,"gold_gain":0,"cards_transformed":["Strike_B","Strike_B"],"player_choice":"Became Test Subject","damage_taken":0,"max_hp_gain":0,"max_hp_loss":0,"event_name":"Drug Dealer","floor":19,"gold_loss":0,"cards_obtained":["Redo","Steam"]},{"damage_healed":0,"gold_gain":0,"player_choice":"Shed Blood","damage_taken":21,"max_hp_gain":5,"max_hp_loss":0,"event_name":"Forgotten Altar","floor":20,"gold_loss":0},{"damage_healed":29,"gold_gain":0,"player_choice":"Heal","damage_taken":0,"max_hp_gain":0,"max_hp_loss":0,"event_name":"The Library","floor":28,"gold_loss":0},{"damage_healed":0,"gold_gain":0,"player_choice":"0 cards matched","damage_taken":0,"max_hp_gain":0,"max_hp_loss":0,"event_name":"Match and Keep!","floor":37,"gold_loss":0,"cards_obtained":[]},{"damage_healed":0,"gold_gain":0,"player_choice":"Memory 1","damage_taken":0,"max_hp_gain":0,"max_hp_loss":0,"event_name":"SensoryStone","floor":39,"gold_loss":0}],"is_beta":false,"boss_relics":[{"not_picked":["Pandora\u0027s Box","Sozu"],"picked":"Inserter"},{"not_picked":["Astrolabe","Coffee Dripper"],"picked":"Black Star"}],"items_purged_floors":[10,22],"is_endless":false,"potions_floor_spawned":[6,8,14,18,25,31,35,38],"killed_by":"Giant Head","ascension_level":4}}