{"host":"pwjf0l6xyqjk5jnq","time":1611901259,"event":{"mods":["BaseMod","Hubris","Minty Spire (QoL Compilation)","Quarter Circle Forward PUNCH!","Replay The Spire","Spire Arcade","StSLib","The Construct","Wandering Minibosses"],"gold_per_floor":[118,40,53,3,19,19,52,52,52,52,52,52,37,0,0,0,0],"floor_reached":16,"language":"ENG","playtime":701,"items_purged":[],"score":170,"play_id":"5fa320ee-8469-4c8c-b287-23017c86a6c7","local_time":"20210129172059","is_ascension_mode":true,"campfire_choices":[{"data":"construct:LaserCore","floor":6,"key":"SMITH"},{"data":"construct:LaserCore+1","floor":8,"key":"SMITH"},{"data":"construct:DefenseMode","floor":11,"key":"SMITH"},{"data":"construct:Reinforce","floor":15,"key":"SMITH"}],"circlet_count":0,"master_deck":["AscendersBane","construct:Strike_Gold","construct:Strike_Gold","construct:Strike_Gold","construct:Strike_Gold","construct:Defend_Gold","construct:Defend_Gold","construct:Defend_Gold","construct:Defend_Gold","construct:Defend_Gold","construct:AttackMode","construct:DefenseMode+2","construct:LaserCore+2","construct:Reinforce+1"],"relics":["construct:ClockworkPhoenix","NeowsBlessing","FossilizedHelix","hubris:64BitClover","hubris:Icosahedron","Regal Pillow"],"acts_visited":["Exordium"],"potions_floor_usage":[7,7],"damage_taken":[{"damage":0,"enemies":"2 Louse","floor":1,"turns":1},{"damage":0,"enemies":"Jaw Worm","floor":3,"turns":1},{"damage":0,"enemies":"Cultist","floor":5,"turns":1},{"damage":26,"enemies":"3 Sentries","floor":7,"turns":15},{"damage":29,"enemies":"Gremlin Nob","floor":13,"turns":8},{"damage":0,"enemies":"Looter","floor":14,"turns":5},{"damage":30,"enemies":"Fading Forest","floor":16,"turns":7}],"seed_played":"4249586919906551117","potions_obtained":[{"floor":3,"key":"ColorlessPotion"},{"floor":5,"key":"DuplicationPotion"},{"floor":13,"key":"SteroidPotion"}],"is_trial":false,"path_per_floor":["M","$","M","?","M","R","E","R","T","?","R","?","E","M","R","B"],"character_chosen":"THE_CONSTRUCT_MOD","items_purchased":["construct:LaserCore"],"campfire_rested":0,"item_purchase_floors":[2],"current_hp_per_floor":[77,77,77,77,77,77,51,51,51,51,51,51,22,22,22,0,0],"gold":0,"neow_bonus":"THREE_ENEMY_KILL","is_daily":false,"chose_seed":false,"campfire_upgraded":4,"win_rate":0.0,"timestamp":1611901259,"path_taken":["M","$","M","?","M","R","E","R","T","?","R","?","E","M","R","BOSS"],"items_purchased_type":["Card"],"build_version":"2020-12-22","purchased_purges":0,"victory":false,"max_hp_per_floor":[85,85,85,85,85,85,85,85,85,85,85,85,85,85,85,85,85],"card_choices":[{"not_picked":["construct:FierceBash","construct:ModeShift","construct:VentSteam"],"picked":"SKIP","floor":1},{"not_picked":["construct:Zapper","construct:FierceBash","construct:Analyze"],"picked":"SKIP","floor":3},{"not_picked":["construct:Accumulate","construct:SweepLaser","construct:BatteryAcid"],"picked":"SKIP","floor":5},{"not_picked":["construct:ForceCore","construct:SaveState"],"picked":"construct:Reinforce","floor":7},{"not_picked":["construct:HyperBeam","construct:Failsafe","construct:Stasis"],"picked":"SKIP","floor":13},{"not_picked":["construct:Anticipate","construct:Overcharge","construct:VentSteam"],"picked":"SKIP","floor":14}],"player_experience":1279731,"relics_obtained":[{"floor":7,"key":"FossilizedHelix"},{"floor":9,"key":"hubris:64BitClover"},{"floor":13,"key":"Regal Pillow"}],"event_choices":[{"cards_removed":["construct:Strike_Gold"],"damage_healed":0,"gold_gain":0,"player_choice":"Card Removal","damage_taken":0,"max_hp_gain":0,"max_hp_loss":0,"event_name":"The Cleric","floor":4,"gold_loss":50},{"damage_healed":0,"gold_gain":0,"player_choice":"Upgraded","damage_taken":0,"max_hp_gain":0,"max_hp_loss":0,"event_name":"Upgrade Shrine","floor":12,"gold_loss":0,"cards_upgraded":["construct:DefenseMode"]}],"is_beta":false,"boss_relics":[],"items_purged_floors":[],"is_endless":false,"potions_floor_spawned":[3,5,13],"killed_by":"Fading Forest","ascension_level":12}}