{"host":"d2y4rmbezebiv8aj","time":1611902713,"event":{"mods":["AchievementEnabler","BaseMod","Bestiary","BetterRewards","Colored Map","Colored Powertips","Custom Start","Highlight Path","Minty Spire (QoL Compilation)","Quick Restart","Rare Cards Sparkle","Relic Sorter","Relic Stats","Shop Mod","Slay-I","StSLib","SuperFastMode"],"gold_per_floor":[367,367,386,170,190,190,207,239,239,96,115,115,62,78,78,78,78],"floor_reached":16,"language":"DEU","playtime":472,"items_purged":[],"score":153,"play_id":"36405cf2-e20d-41f9-bea1-ec067d3df484","local_time":"20210129074513","is_ascension_mode":true,"campfire_choices":[{"floor":6,"key":"REST"},{"floor":15,"key":"REST"}],"circlet_count":0,"master_deck":["AscendersBane","Strike_G","Strike_G","Strike_G","Strike_G","Strike_G","Defend_G","Defend_G","Defend_G","Defend_G","Defend_G","Survivor","Neutralize","Footwork+1","Poisoned Stab","Noxious Fumes","Adrenaline","Flying Knee","Footwork+1","Dagger Throw","Adrenaline","Deadly Poison","Sucker Punch"],"relics":["Ring of the Snake","Turnip","Girya","Blood Vial"],"acts_visited":["Exordium"],"potions_floor_usage":[8,8],"damage_taken":[{"damage":10,"enemies":"Jaw Worm","floor":1,"turns":8},{"damage":0,"enemies":"Cultist","floor":3,"turns":5},{"damage":0,"enemies":"2 Louse","floor":5,"turns":3},{"damage":11,"enemies":"Large Slime","floor":7,"turns":6},{"damage":9,"enemies":"Gremlin Nob","floor":8,"turns":5},{"damage":1,"enemies":"Blue Slaver","floor":11,"turns":5},{"damage":0,"enemies":"Looter","floor":14,"turns":3},{"damage":49,"enemies":"Slime Boss","floor":16,"turns":10}],"seed_played":"-3227446252580294413","potions_obtained":[{"floor":1,"key":"LiquidBronze"},{"floor":5,"key":"Swift Potion"},{"floor":11,"key":"Weak Potion"},{"floor":14,"key":"GamblersBrew"}],"is_trial":false,"path_per_floor":["M","?","M","$","M","R","M","E","T","$","M","?","$","M","R","B"],"character_chosen":"THE_SILENT","items_purchased":["Noxious Fumes","Adrenaline","Blood Vial","Deadly Poison"],"campfire_rested":2,"item_purchase_floors":[4,4,10,13],"current_hp_per_floor":[35,35,35,35,35,56,45,36,36,36,37,23,23,25,46,0,0],"gold":78,"neow_bonus":"TWO_FIFTY_GOLD","is_daily":false,"chose_seed":false,"campfire_upgraded":0,"win_rate":0.0,"timestamp":1611902713,"path_taken":["M","?","M","$","M","R","M","E","T","$","M","?","$","?","R","BOSS"],"items_purchased_type":["Card","Card","Relic","Card"],"build_version":"2020-12-22","purchased_purges":0,"victory":false,"max_hp_per_floor":[70,70,70,70,70,70,70,70,70,70,70,70,70,70,70,70,70],"relic_stats":{"Blood Vial":6,"counters":[8,45],"Turnip":[6],"obtain_stats":[{"Blood Vial":10,"Girya":9,"Turnip":8,"Ring of the Snake":0},{"Blood Vial":5,"Girya":5,"Turnip":5,"Ring of the Snake":0},{"Blood Vial":27,"Girya":27,"Turnip":27,"Ring of the Snake":0}],"Ring of the Snake":[16]},"card_choices":[{"not_picked":["All Out Attack","Poisoned Stab"],"picked":"Footwork","floor":1},{"not_picked":["Catalyst","Flechettes"],"picked":"Poisoned Stab","floor":3},{"not_picked":["Distraction","Prepared"],"picked":"Flying Knee","floor":5},{"not_picked":["Acrobatics","Choke"],"picked":"Footwork","floor":7},{"not_picked":["Choke","Infinite Blades"],"picked":"Dagger Throw","floor":8},{"not_picked":["Dodge and Roll","Reflex"],"picked":"Adrenaline","floor":11},{"not_picked":["Acrobatics","Accuracy"],"picked":"Sucker Punch","floor":14}],"player_experience":384661,"relics_obtained":[{"floor":8,"key":"Turnip"},{"floor":9,"key":"Girya"}],"event_choices":[{"damage_healed":0,"gold_gain":0,"player_choice":"Ignored","damage_taken":0,"max_hp_gain":0,"max_hp_loss":0,"event_name":"Golden Wing","floor":2,"gold_loss":0},{"damage_healed":0,"gold_gain":0,"player_choice":"Entered Light","damage_taken":14,"max_hp_gain":0,"max_hp_loss":0,"event_name":"Shining Light","floor":12,"gold_loss":0,"cards_upgraded":["Footwork","Footwork"]}],"is_beta":false,"boss_relics":[],"items_purged_floors":[],"is_endless":false,"potions_floor_spawned":[1,5,11,14],"killed_by":"Slime Boss","ascension_level":10}}