{"host":"6jrnojxwearbrjzo","time":1611929358,"event":{"mods":["BaseMod","Conspire","Highlight Path","Marisa（F雨　魔理沙）","Minty Spire (QoL Compilation)","MostiFishMod","Quick Restart","Random Character Button","Shop Mod","Spicy Shops","StSLib","The Construct","The Servant 0.9.4","[功能]功能增强和修复MOD","篝火指南"],"gold_per_floor":[119,0,13,80,30,65,1,35,109,144,174,218,24,52,52,126,126,146,196,19,55,134,34,51,51,103,103,135,135,3,29,20,94,94,106,106,106,71,116,144,169,94,94,128,92,106,106,135,30,30],"floor_reached":51,"language":"ZHS","playtime":1361,"items_purged":["Defend_G","Defend_G","Defend_G","Defend_G","Defend_G","Strike_G","Strike_G","Strike_G","Strike_G","Strike_G"],"score":2450,"play_id":"24702a75-f89d-4b3c-8866-bc679ac80db5","local_time":"20210129220918","is_ascension_mode":true,"campfire_choices":[{"data":"Choke","floor":15,"key":"SMITH"}],"circlet_count":0,"master_deck":["AscendersBane","Survivor","Neutralize+1","Choke+1","All Out Attack+1","Dagger Throw+1","Adrenaline","Tactician+1","MostiFishMod:GrandStart+1","Reflex","Acrobatics+1","MostiFishMod:ButterFly+1","HandOfGreed+1","Blade Dance","Initiator+1","MostiFishMod:#F4004+1","MostiFishMod:SupremeArchaeology+1"],"relics":["DaveBox","The Courier","OneHitWonderSystem","SynthV:TestCard","OriginationStaff","Molten Egg 2","Omamori","Akabeko","ImprovedEquipment","Eternal Feather","MawBank","conspire:BottledYoYo","Tiny Chest","SynthV","construct:FoamFinger","Mummified Hand","Odd Mushroom","Fusion Hammer","Cauldron","MetatronsCube","Dream Catcher","Shuriken","Kunai","PrismaticShard","SynthV:C4","Snake Skull","The Specimen","Vajra","Oddly Smooth Stone","Bottled Flame","Membership Card","Bag of Marbles","PreservedInsect","DaCapo","Whetstone","ExusiaiGun","conspire:TopHat","Lantern","Boot","Nunchaku","Question Card","Du-Vu Doll","BrkXgEgg","Tough Bandages","Pear","CeramicFish","conspire:Flyswatter","Blue Candle","Ying","Sundial","Tingsha","MostiFishMod:Haymaker","conspire:Boomerang","ArrowTower","Technique","CaptainsWheel","Torii"],"acts_visited":["Exordium","TheCity","TheBeyond"],"potions_floor_usage":[6,6],"damage_taken":[{"damage":0.0,"enemies":"Cultist","floor":1.0,"turns":5.0},{"damage":0.0,"enemies":"2 Louse","floor":3.0,"turns":2.0},{"damage":0,"enemies":"3 Sentries","floor":6,"turns":2},{"damage":0,"enemies":"Lagavulin","floor":8,"turns":3},{"damage":0,"enemies":"Gremlin Nob","floor":10,"turns":2},{"damage":0,"enemies":"Small Slimes","floor":11,"turns":1},{"damage":0,"enemies":"3 Sentries","floor":12,"turns":4},{"damage":0,"enemies":"The Mushroom Lair","floor":14,"turns":1},{"damage":0,"enemies":"Hexaghost","floor":16,"turns":4},{"damage":0,"enemies":"Shell Parasite","floor":18,"turns":1},{"damage":0,"enemies":"conspire:MimicChest","floor":21,"turns":3},{"damage":0,"enemies":"2 Thieves","floor":24,"turns":1},{"damage":0,"enemies":"Slavers","floor":28,"turns":3},{"damage":0,"enemies":"Book of Stabbing","floor":31,"turns":1},{"damage":0,"enemies":"Champ","floor":33,"turns":1},{"damage":0,"enemies":"3 Shapes","floor":35,"turns":1},{"damage":0,"enemies":"Giant Head","floor":40,"turns":1},{"damage":0,"enemies":"Mind Bloom Boss Battle","floor":41,"turns":1},{"damage":0,"enemies":"Nemesis","floor":44,"turns":1},{"damage":0,"enemies":"Orb Walker","floor":46,"turns":1},{"damage":0,"enemies":"Giant Head","floor":48,"turns":1},{"damage":0,"enemies":"Time Eater","floor":50,"turns":1}],"seed_played":"3197429886138326128","potions_obtained":[{"floor":1.0,"key":"Fire Potion"},{"floor":3.0,"key":"DuplicationPotion"},{"floor":6,"key":"GhostInAJar"},{"floor":8,"key":"AttackPotion"},{"floor":10,"key":"Strength Potion"},{"floor":16,"key":"AttackPotion"},{"floor":20,"key":"Explosive Potion"},{"floor":20,"key":"PowerPotion"},{"floor":20,"key":"LiquidBronze"},{"floor":20,"key":"Regen Potion"},{"floor":20,"key":"Swift Potion"},{"floor":21,"key":"Poison Potion"},{"floor":28,"key":"Block Potion"},{"floor":46,"key":"FearPotion"},{"floor":48,"key":"SteroidPotion"}],"is_trial":false,"path_per_floor":["M","$","M","?","?","E","$","E","T","E","M","E","$","?","R","B",null,"M","?","$","?","T","$","M","?","T","T","E","?","$","E","R","B",null,"M","?","?","$","T","E","?","$","T","E","R","M","T","E","R","B",null],"character_chosen":"THE_SILENT","items_purchased":["OriginationStaff","Molten Egg 2","Adrenaline","Akabeko","Tiny Chest","SynthV","construct:FoamFinger","Mummified Hand","MostiFishMod:GrandStart+1","Reflex","Swift Potion","Cauldron","MetatronsCube","MostiFishMod:ButterFly+1","Kunai","PrismaticShard","SynthV:C4","Snake Skull","Membership Card","Bag of Marbles","PreservedInsect","DaCapo","HandOfGreed+1","Blade Dance","conspire:TopHat","Lantern","Boot","BrkXgEgg","Tough Bandages","Pear","CeramicFish","Ying","Sundial","conspire:Boomerang","ArrowTower","Technique","CaptainsWheel","Torii"],"campfire_rested":0,"item_purchase_floors":[2,2,7,7,13,13,13,13,13,13,13,20,20,20,23,23,23,23,30,30,30,30,30,32,38,38,38,42,42,42,42,45,45,49,49,49,49,49],"current_hp_per_floor":[1,1,1,1,1,1,1,1,1,1,1,1,1,1,1,1,1,1,1,1,1,1,1,1,1,1,1,1,1,1,1,1,1,1,1,1,1,1,1,1,1,11,1,1,1,1,1,1,1,1],"gold":30,"neow_bonus":"BOSS_RELIC","is_daily":false,"chose_seed":false,"campfire_upgraded":1,"win_rate":0.0,"timestamp":1611929358,"path_taken":["M","$","?","?","?","E","?","E","T","E","?","E","?","?","R","BOSS","M","?","$","?","?","?","?","?","T","?","E","?","$","E","R","BOSS","M","?","?","$","?","E","?","?","T","E","R","?","?","E","R","BOSS"],"items_purchased_type":["Relic","Relic","Card","Relic","Relic","Relic","Relic","Relic","Card","Card","Potion","Relic","Relic","Card","Relic","Relic","Relic","Relic","Relic","Relic","Relic","Relic","Card","Card","Relic","Relic","Relic","Relic","Relic","Relic","Relic","Relic","Relic","Relic","Relic","Relic","Relic","Relic"],"build_version":"2020-12-22","purchased_purges":10,"victory":true,"max_hp_per_floor":[1,1,1,1,1,1,1,1,1,1,1,1,1,1,1,1,1,1,1,1,1,1,1,1,1,1,1,1,1,1,1,1,1,1,1,1,1,1,1,1,1,11,1,1,1,1,1,1,1,1],"card_choices":[{"not_picked":["Acrobatics","Outmaneuver"],"picked":"Choke","floor":1.0},{"not_picked":["Acrobatics","Deadly Poison","Outmaneuver","Dodge and Roll"],"picked":"All Out Attack+1","floor":3.0},{"not_picked":["Slice+1","Prepared","Dash+1","Sucker Punch+1"],"picked":"Dagger Throw+1","floor":6},{"not_picked":["Bouncing Flask","Catalyst","Distraction","Noxious Fumes","Sucker Punch+1"],"picked":"SKIP","floor":8},{"not_picked":["Riddle With Holes+1","Prepared","Deflect","Bullet Time","Infinite Blades"],"picked":"SKIP","floor":10},{"not_picked":["Flechettes+1","Quick Slash+1","Dodge and Roll","Deadly Poison"],"picked":"Tactician","floor":11},{"not_picked":["Flying Knee+1","Dagger Spray+1","Storm of Steel","MostiFishMod:PoisonShield","Poisoned Stab+1"],"picked":"SKIP","floor":12},{"not_picked":["Wraith Form v2","Envenom","MostiFishMod:Neurotoxin","MostiFishMod:HiddenBlade"],"picked":"Adrenaline","floor":16},{"not_picked":["conspire:PoisonWeapons","Prepared","Quick Slash+1","Dodge and Roll"],"picked":"Acrobatics+1","floor":18},{"not_picked":["Dagger Throw+1","Conserve Battery","Chaos","Flying Knee+1","Pummel+1"],"picked":"SKIP","floor":24},{"not_picked":["Study","Underhanded Strike+1","Storm","Steam","Leap"],"picked":"SKIP","floor":28},{"not_picked":["Revamp","Apotheosis","construct:Failsafe","Havoc","Battle Trance"],"picked":"SKIP","floor":31},{"not_picked":["Echo Form","Devotion","Exhume","Adrenaline"],"picked":"Initiator+1","floor":33},{"not_picked":["Acceleration","Spin+1","Infernal Blade","MostiFishMod:FluxCapactior","MostiFishMod:LinkProtocol"],"picked":"SKIP","floor":35},{"not_picked":["Turbo","Carnage+1","Hologram","Sword Boomerang+1","Compile Driver+1"],"picked":"SKIP","floor":40},{"not_picked":["ClearTheMind","Quick Slash+1","Footwork","construct:SaveState+1","DragonMeteor+1"],"picked":"MostiFishMod:#F4004","floor":41},{"not_picked":["EmptyFist+1","Anger+1","Enlightenment","Blasphemy+1","construct:ShiftGuard"],"picked":"MostiFishMod:SupremeArchaeology+1","floor":44},{"not_picked":["Sever Soul+1","FairyDestructionRay+1","Gash+1","construct:FocusedBeam+1","MysteriousBeam+1","UnstableBomb+1"],"picked":"SKIP","floor":46},{"not_picked":["6A+1","JA+1","MostiFishMod:VineMother","construct:Accumulate+1","FlurryOfBlows+1","InstantArmor"],"picked":"SKIP","floor":48}],"player_experience":124024,"relics_obtained":[{"floor":1.0,"key":"SynthV:TestCard"},{"floor":6,"key":"Omamori"},{"floor":8,"key":"ImprovedEquipment"},{"floor":9,"key":"Eternal Feather"},{"floor":10,"key":"MawBank"},{"floor":12,"key":"conspire:BottledYoYo"},{"floor":14,"key":"Odd Mushroom"},{"floor":21,"key":"Dream Catcher"},{"floor":22,"key":"Shuriken"},{"floor":26,"key":"Vajra"},{"floor":27,"key":"Oddly Smooth Stone"},{"floor":28,"key":"Bottled Flame"},{"floor":31,"key":"Whetstone"},{"floor":39,"key":"Nunchaku"},{"floor":40,"key":"Question Card"},{"floor":41,"key":"Du-Vu Doll"},{"floor":43,"key":"conspire:Flyswatter"},{"floor":44,"key":"Blue Candle"},{"floor":47,"key":"Tingsha"},{"floor":48,"key":"MostiFishMod:Haymaker"}],"event_choices":[{"damage_healed":0,"gold_gain":67,"player_choice":"Gained Gold","damage_taken":0,"max_hp_gain":0,"max_hp_loss":0,"event_name":"Golden Wing","floor":4,"gold_loss":0},{"damage_healed":0,"gold_gain":0,"player_choice":"Left Gold","damage_taken":0,"max_hp_gain":0,"max_hp_loss":0,"event_name":"World of Goop","floor":5,"gold_loss":50},{"damage_healed":0,"gold_gain":0,"player_choice":"Fought Mushrooms","damage_taken":0,"max_hp_gain":0,"max_hp_loss":0,"event_name":"Mushrooms","floor":14,"gold_loss":0},{"damage_healed":0,"gold_gain":50,"player_choice":"Stole From Cult","damage_taken":0,"max_hp_gain":0,"max_hp_loss":0,"event_name":"Nest","floor":19,"gold_loss":0},{"damage_healed":0,"gold_gain":0,"player_choice":"Opened","damage_taken":0,"relics_obtained":["The Specimen"],"max_hp_gain":0,"max_hp_loss":0,"event_name":"The Mausoleum","floor":25,"gold_loss":0,"cards_obtained":["Writhe"]},{"damage_healed":0,"gold_gain":0,"player_choice":"Ignored","damage_taken":0,"max_hp_gain":0,"max_hp_loss":0,"event_name":"Beggar","floor":29,"gold_loss":0},{"cards_removed":["Adrenaline"],"damage_healed":0,"gold_gain":0,"player_choice":"Removed Skill","damage_taken":0,"max_hp_gain":0,"max_hp_loss":0,"event_name":"Falling","floor":36,"gold_loss":0},{"damage_healed":0,"gold_gain":0,"player_choice":"Max HP","damage_taken":0,"max_hp_gain":0,"max_hp_loss":0,"event_name":"Winding Halls","floor":37,"gold_loss":0},{"damage_healed":0,"gold_gain":0,"player_choice":"Fight","damage_taken":0,"max_hp_gain":0,"max_hp_loss":0,"event_name":"MindBloom","floor":41,"gold_loss":0}],"is_beta":false,"boss_relics":[{"not_picked":["Philosopher\u0027s Stone","Cursed Key"],"picked":"Fusion Hammer"},{"not_picked":["SlaversCollar","Runic Dome"],"picked":"ExusiaiGun"}],"items_purged_floors":[2,2,2,2,2,7,7,13,30,30],"is_endless":false,"potions_floor_spawned":[1,3,3,6,8,10,10,11,12,16,18,21,28,28,28,40,40,41,44,46,46,48],"ascension_level":17}}