{"host":"gaqyve1328ta0etl","time":1611886738,"event":{"mods":["BaseMod","Colored Map","Colored Powertips","Googly Eyes","Minty Spire (QoL Compilation)","Shop Mod","StSLib","SuperFastMode","The Hierophant","The Runesmith"],"gold_per_floor":[214,214,139,139,139,139,153,228,278,295,295,324,324,356,356,454,454,467,566,566,584,390,421,440,440,494,494,494,514,440,455,455,455,455],"floor_reached":33,"language":"ENG","playtime":547,"items_purged":["Strike_R","Strike_R","Strike_R"],"score":418,"play_id":"e0ac4673-9327-4616-b328-840b182966e8","local_time":"20210128181858","is_ascension_mode":true,"campfire_choices":[{"data":"Wild Strike","floor":6,"key":"SMITH"},{"data":"Headbutt","floor":11,"key":"SMITH"},{"floor":13,"key":"REST"},{"floor":15,"key":"REST"},{"floor":25,"key":"REST"},{"floor":27,"key":"REST"},{"floor":32,"key":"REST"}],"circlet_count":0,"master_deck":["AscendersBane","Defend_R","Defend_R","Defend_R","Defend_R","Bash","Wild Strike+1","Headbutt+1","Bludgeon+1","Offering","Fire Breathing"],"relics":["Burning Blood","CultistMask","Centennial Puzzle","Odd Mushroom","Tiny Chest","Busted Crown","Membership Card","Bag of Marbles","CeramicFish"],"acts_visited":["Exordium","TheCity"],"potions_floor_usage":[16,23,33],"damage_taken":[{"damage":13,"enemies":"Jaw Worm","floor":1,"turns":4},{"damage":2,"enemies":"Small Slimes","floor":7,"turns":4},{"damage":1,"enemies":"Cultist","floor":10,"turns":3},{"damage":22,"enemies":"The Mushroom Lair","floor":12,"turns":4},{"damage":16,"enemies":"Gremlin Nob","floor":14,"turns":3},{"damage":65,"enemies":"Slime Boss","floor":16,"turns":11},{"damage":19,"enemies":"2 Thieves","floor":18,"turns":3},{"damage":0,"enemies":"Spheric Guardian","floor":21,"turns":2},{"damage":53,"enemies":"Book of Stabbing","floor":23,"turns":5},{"damage":9,"enemies":"Shelled Parasite and Fungi","floor":24,"turns":3},{"damage":32,"enemies":"Centurion and Healer","floor":29,"turns":5},{"damage":6,"enemies":"Snecko","floor":31,"turns":3},{"damage":74,"enemies":"Automaton","floor":33,"turns":6}],"seed_played":"-1986120256300368255","potions_obtained":[{"floor":10,"key":"PowerPotion"},{"floor":14,"key":"AttackPotion"},{"floor":16,"key":"Energy Potion"},{"floor":23,"key":"Weak Potion"}],"is_trial":false,"path_per_floor":["M","?","$","?","?","R","M","?","T","M","R","?","R","E","R","B",null,"M","?","?","M","$","E","M","R","T","R","?","M","$","M","R","B"],"character_chosen":"IRONCLAD","items_purchased":["Membership Card","Fire Breathing"],"campfire_rested":5,"item_purchase_floors":[22,30],"current_hp_per_floor":[65,65,65,58,58,58,62,51,51,56,56,40,64,54,78,19,65,52,52,52,58,58,11,8,32,32,56,56,30,30,30,54,0,0],"gold":455,"neow_bonus":"HUNDRED_GOLD","is_daily":false,"chose_seed":false,"campfire_upgraded":2,"win_rate":0.0,"timestamp":1611886738,"path_taken":["M","?","$","?","?","R","?","?","T","M","R","?","R","E","R","BOSS","M","?","?","M","$","E","M","R","T","R","?","M","$","M","R","BOSS"],"items_purchased_type":["Relic","Card"],"build_version":"2020-12-22","purchased_purges":3,"victory":false,"max_hp_per_floor":[80,80,80,80,80,80,80,80,80,80,80,80,80,80,80,80,80,80,80,80,80,80,80,80,80,80,80,80,80,80,80,80,80,80],"card_choices":[{"not_picked":["Havoc","Thunderclap"],"picked":"Wild Strike","floor":1},{"not_picked":["Armaments","Heavy Blade"],"picked":"Headbutt","floor":7},{"not_picked":["Bloodletting","Sword Boomerang","Headbutt"],"picked":"SKIP","floor":10},{"not_picked":["Carnage","Cleave"],"picked":"Bludgeon","floor":12},{"not_picked":["Feel No Pain","Clash","Infernal Blade"],"picked":"SKIP","floor":14},{"not_picked":["Barricade","Exhume"],"picked":"Offering","floor":16},{"not_picked":["Pommel Strike"],"picked":"SKIP","floor":18},{"not_picked":["Body Slam"],"picked":"SKIP","floor":21},{"not_picked":["Wild Strike"],"picked":"SKIP","floor":23},{"not_picked":["Warcry+1"],"picked":"SKIP","floor":24},{"not_picked":["Cleave"],"picked":"SKIP","floor":29},{"not_picked":["Clash"],"picked":"SKIP","floor":31}],"player_experience":2054561,"relics_obtained":[{"floor":9,"key":"Centennial Puzzle"},{"floor":12,"key":"Odd Mushroom"},{"floor":14,"key":"Tiny Chest"},{"floor":23,"key":"Bag of Marbles"},{"floor":26,"key":"CeramicFish"}],"event_choices":[{"cards_removed":["Strike_R"],"damage_healed":0,"gold_gain":0,"player_choice":"Forget","damage_taken":0,"max_hp_gain":0,"max_hp_loss":0,"event_name":"Living Wall","floor":2,"gold_loss":0},{"cards_removed":["Strike_R"],"damage_healed":0,"gold_gain":0,"player_choice":"Card Removal","damage_taken":7,"max_hp_gain":0,"max_hp_loss":0,"event_name":"Golden Wing","floor":4,"gold_loss":0},{"damage_healed":0,"gold_gain":0,"player_choice":"Trade","damage_taken":0,"relics_obtained":["CultistMask"],"max_hp_gain":0,"max_hp_loss":0,"event_name":"FaceTrader","floor":5,"gold_loss":0},{"damage_healed":0,"gold_gain":75,"player_choice":"Gather Gold","damage_taken":11,"max_hp_gain":0,"max_hp_loss":0,"event_name":"World of Goop","floor":8,"gold_loss":0},{"damage_healed":0,"gold_gain":0,"player_choice":"Fought Mushrooms","damage_taken":0,"max_hp_gain":0,"max_hp_loss":0,"event_name":"Mushrooms","floor":12,"gold_loss":0},{"damage_healed":0,"gold_gain":99,"player_choice":"Stole From Cult","damage_taken":0,"max_hp_gain":0,"max_hp_loss":0,"event_name":"Nest","floor":19,"gold_loss":0},{"damage_healed":0,"gold_gain":0,"player_choice":"Ignored","damage_taken":0,"max_hp_gain":0,"max_hp_loss":0,"event_name":"Ghosts","floor":20,"gold_loss":0},{"damage_healed":0,"gold_gain":0,"player_choice":"Forge","damage_taken":0,"max_hp_gain":0,"max_hp_loss":0,"event_name":"Accursed Blacksmith","floor":28,"gold_loss":0,"cards_upgraded":["Bludgeon"]}],"is_beta":false,"boss_relics":[{"not_picked":["Runic Cube","Runesmith:UraniumAnvil"],"picked":"Busted Crown"}],"items_purged_floors":[3,22,30],"is_endless":false,"potions_floor_spawned":[10,14,16,23,24,29],"killed_by":"Automaton","ascension_level":12}}