{"host":"mnpd8gh7cwxsn5kh","time":1611923392,"event":{"mods":["BaseMod","Bestiary","Block Reminder","Colored Map","Colored Powertips","Highlight Path","Minty Spire (QoL Compilation)","Relic Sorter","Relic Stats"],"gold_per_floor":[119,194,212,212,229,259,289,97,97,97,117,117,151,167,167,268,268,286,286,286,301,301,332,332,358,358,387,49,131,80,100,100,100,100],"floor_reached":33,"language":"ENG","playtime":2110,"items_purged":[],"score":389,"play_id":"cd0d1ff5-07bc-4635-9884-02562b846838","local_time":"20210129132952","is_ascension_mode":true,"campfire_choices":[{"data":"Rampage","floor":12,"key":"SMITH"},{"data":"Body Slam","floor":15,"key":"SMITH"},{"data":"Shrug It Off","floor":32,"key":"SMITH"}],"circlet_count":0,"master_deck":["Strike_R+1","Strike_R+1","Strike_R+1","Strike_R+1","Strike_R+1","Defend_R+1","Defend_R+1","Defend_R+1","Defend_R+1","Bash","Rampage+1","Warcry","Sever Soul","Shrug It Off+1","Fire Breathing+1","Parasite","Anger","Body Slam+1","Reckless Charge","Impervious","Carnage+1","RitualDagger","Flex+1","Decay","Whirlwind","Power Through","Iron Wave"],"relics":["Burning Blood","NeowsBlessing","Frozen Egg 2","Ginger","Strawberry","Anchor","Bag of Preparation","Regal Pillow","Busted Crown","Turnip","Red Skull","Bottled Lightning","Lantern","Bottled Tornado","Kunai"],"acts_visited":["Exordium","TheCity"],"potions_floor_usage":[13,13,16,23,33,33],"damage_taken":[{"damage":0,"enemies":"Small Slimes","floor":1,"turns":1},{"damage":0,"enemies":"2 Louse","floor":3,"turns":1},{"damage":0,"enemies":"Jaw Worm","floor":5,"turns":1},{"damage":32,"enemies":"Gremlin Nob","floor":6,"turns":4},{"damage":30,"enemies":"Exordium Thugs","floor":11,"turns":7},{"damage":5,"enemies":"3 Sentries","floor":13,"turns":5},{"damage":3,"enemies":"Large Slime","floor":14,"turns":5},{"damage":55,"enemies":"Hexaghost","floor":16,"turns":9},{"damage":0,"enemies":"2 Thieves","floor":18,"turns":4},{"damage":22,"enemies":"Shell Parasite","floor":21,"turns":5},{"damage":10,"enemies":"Gremlin Leader","floor":23,"turns":7},{"damage":28,"enemies":"Book of Stabbing","floor":25,"turns":5},{"damage":8,"enemies":"Gremlin Leader","floor":27,"turns":6},{"damage":0,"enemies":"Snake Plant","floor":31,"turns":2},{"damage":61,"enemies":"Collector","floor":33,"turns":8}],"seed_played":"-3099456495182074969","potions_obtained":[{"floor":1,"key":"CultistPotion"},{"floor":3,"key":"Strength Potion"},{"floor":11,"key":"SkillPotion"},{"floor":21,"key":"SneckoOil"},{"floor":25,"key":"GamblersBrew"},{"floor":31,"key":"FearPotion"}],"is_trial":false,"path_per_floor":["M","?","M","?","M","E","?","$","T","?","M","R","E","M","R","B",null,"M","?","?","M","?","E","?","E","T","E","$","T","$","M","R","B"],"character_chosen":"IRONCLAD","items_purchased":["Anchor","Fire Breathing+1","Bottled Tornado","Power Through","Iron Wave"],"campfire_rested":0,"item_purchase_floors":[8,8,28,28,30],"current_hp_per_floor":[80,69,75,68,74,48,55,55,55,76,52,52,53,56,56,7,67,73,67,87,71,71,67,67,45,45,43,43,43,43,49,49,0,0],"gold":100,"neow_bonus":"THREE_ENEMY_KILL","is_daily":false,"chose_seed":false,"campfire_upgraded":3,"win_rate":0.0,"timestamp":1611923392,"path_taken":["M","?","M","?","M","E","?","$","T","?","?","R","E","M","R","BOSS","M","?","?","?","?","E","?","E","T","E","$","?","$","M","R","BOSS"],"items_purchased_type":["Relic","Card","Relic","Card","Card"],"build_version":"2020-12-22","purchased_purges":0,"victory":false,"max_hp_per_floor":[80,80,80,80,80,80,87,87,87,87,87,87,87,87,87,87,87,87,87,87,87,87,87,87,87,87,87,87,87,87,87,87,87,87],"relic_stats":{"Regal Pillow":0,"Busted Crown":12,"counters":[15,70],"Turnip":[3],"Bag of Preparation":[22],"Ginger":[6],"Kunai":[2],"obtain_stats":[{"Regal Pillow":13,"Lantern":27,"NeowsBlessing":0,"Bag of Preparation":9,"Ginger":6,"Frozen Egg 2":4,"Bottled Tornado":28,"Burning Blood":0,"Anchor":8,"Busted Crown":17,"Strawberry":7,"Turnip":23,"Bottled Lightning":26,"Kunai":29,"Red Skull":25},{"Regal Pillow":6,"Lantern":13,"NeowsBlessing":0,"Bag of Preparation":4,"Ginger":4,"Frozen Egg 2":2,"Bottled Tornado":13,"Burning Blood":0,"Anchor":4,"Busted Crown":8,"Strawberry":4,"Turnip":11,"Bottled Lightning":12,"Kunai":13,"Red Skull":12},{"Regal Pillow":19,"Lantern":60,"NeowsBlessing":0,"Bag of Preparation":7,"Ginger":7,"Frozen Egg 2":2,"Bottled Tornado":60,"Burning Blood":0,"Anchor":7,"Busted Crown":33,"Strawberry":7,"Turnip":49,"Bottled Lightning":54,"Kunai":60,"Red Skull":54}],"Burning Blood":78},"card_choices":[{"not_picked":["Inflame","Warcry"],"picked":"Rampage","floor":1},{"not_picked":["Sever Soul","Shockwave"],"picked":"Warcry","floor":3},{"not_picked":["Havoc","Intimidate"],"picked":"Sever Soul","floor":5},{"not_picked":["Flex","Wild Strike"],"picked":"Shrug It Off","floor":6},{"not_picked":["Thunderclap","Dark Embrace+1"],"picked":"Anger","floor":11},{"not_picked":["Havoc","Heavy Blade"],"picked":"Body Slam","floor":13},{"not_picked":["Perfected Strike","Bloodletting"],"picked":"Reckless Charge","floor":14},{"not_picked":["Fiend Fire","Juggernaut+1"],"picked":"Impervious","floor":16},{"not_picked":[],"picked":"Carnage+1","floor":18},{"not_picked":[],"picked":"Flex+1","floor":21},{"not_picked":["Dropkick"],"picked":"SKIP","floor":23},{"not_picked":[],"picked":"Whirlwind","floor":25},{"not_picked":["Dropkick"],"picked":"SKIP","floor":27},{"not_picked":["Cleave"],"picked":"SKIP","floor":31}],"player_experience":169501,"relics_obtained":[{"floor":6,"key":"Ginger"},{"floor":9,"key":"Bag of Preparation"},{"floor":13,"key":"Regal Pillow"},{"floor":23,"key":"Turnip"},{"floor":25,"key":"Red Skull"},{"floor":26,"key":"Bottled Lightning"},{"floor":27,"key":"Lantern"},{"floor":29,"key":"Kunai"}],"event_choices":[{"damage_healed":0,"gold_gain":75,"player_choice":"Gather Gold","damage_taken":11,"max_hp_gain":0,"max_hp_loss":0,"event_name":"World of Goop","floor":2,"gold_loss":0},{"damage_healed":0,"gold_gain":0,"player_choice":"Success","damage_taken":7,"relics_obtained":["Frozen Egg 2"],"max_hp_gain":0,"max_hp_loss":0,"event_name":"Scrap Ooze","floor":4,"gold_loss":0},{"damage_healed":0,"gold_gain":30,"player_choice":"Searched \u00272\u0027 times","damage_taken":0,"relics_obtained":["Strawberry"],"max_hp_gain":0,"max_hp_loss":0,"event_name":"Dead Adventurer","floor":7,"gold_loss":0},{"damage_healed":21,"gold_gain":0,"player_choice":"Healed and dodged fight","damage_taken":0,"max_hp_gain":0,"max_hp_loss":0,"event_name":"Mushrooms","floor":10,"gold_loss":0,"cards_obtained":["Parasite"]},{"damage_healed":0,"gold_gain":0,"player_choice":"Joined the Cult","damage_taken":6,"max_hp_gain":0,"max_hp_loss":0,"event_name":"Nest","floor":19,"gold_loss":0,"cards_obtained":["RitualDagger"]},{"damage_healed":20,"gold_gain":0,"player_choice":"Full Heal","damage_taken":0,"max_hp_gain":0,"max_hp_loss":0,"event_name":"Wheel of Change","floor":20,"gold_loss":0},{"damage_healed":0,"gold_gain":0,"player_choice":"Smashed Altar","damage_taken":0,"max_hp_gain":0,"max_hp_loss":0,"event_name":"Forgotten Altar","floor":22,"gold_loss":0,"cards_obtained":["Decay"]},{"damage_healed":0,"gold_gain":0,"player_choice":"Simplicity","damage_taken":0,"max_hp_gain":0,"max_hp_loss":0,"event_name":"Back to Basics","floor":24,"gold_loss":0,"cards_upgraded":["Strike_R","Strike_R","Strike_R","Strike_R","Strike_R","Defend_R","Defend_R","Defend_R","Defend_R"]}],"is_beta":false,"boss_relics":[{"not_picked":["Astrolabe","Velvet Choker"],"picked":"Busted Crown"}],"items_purged_floors":[],"is_endless":false,"potions_floor_spawned":[1,3,11,21,25,31],"killed_by":"Collector","ascension_level":5}}