{"host":"6p0attdrtjqaih7v","time":1611957963,"event":{"mods":["2.2 Compatiblity","AchievementEnabler","Bard","BaseMod","Better Skull","Better Third Choice","Colored Powertips","Hermit","Highlight Path","Key Reminder","Minty Spire (QoL Compilation)","Permanent Neow","Quick Restart","Random Character Button","Relic Stats","Replay The Spire","Robot Space Explorer","StSLib","The Hayseed"],"gold_per_floor":[359,359,19,34,51,51,77,77,125,154,164,219,219,232,232,303,303,319,335,335,51,51,82,82,116,168,198,198,210,244,257,257,331,331,342,342,16,16,29,60,91,91,115,40,59,89,89,109,109,109,109],"floor_reached":52,"language":"ENG","playtime":2603,"items_purged":["RobotSpaceExplorer:Strike"],"score":2227,"play_id":"726a0bf4-32d8-4999-934f-f57b2b098adb","local_time":"20210129170603","is_ascension_mode":true,"campfire_choices":[{"data":"RobotSpaceExplorer:ExhaustFan","floor":6,"key":"SMITH"},{"data":"RobotSpaceExplorer:ExhaustFan","floor":13,"key":"SMITH"},{"data":"RobotSpaceExplorer:MiniLasers","floor":15,"key":"SMITH"},{"floor":24,"key":"REST"},{"floor":28,"key":"REST"},{"data":"RobotSpaceExplorer:Ammunition","floor":32,"key":"SMITH"},{"floor":42,"key":"REST"},{"floor":47,"key":"REST"},{"data":"RobotSpaceExplorer:Scan","floor":49,"key":"SMITH"}],"circlet_count":0,"master_deck":["AscendersBane","RobotSpaceExplorer:Strike","RobotSpaceExplorer:Strike","RobotSpaceExplorer:Defend","RobotSpaceExplorer:Defend","RobotSpaceExplorer:Defend","RobotSpaceExplorer:Defend","RobotSpaceExplorer:Scan+1","RobotSpaceExplorer:MiniLasers+1","RobotSpaceExplorer:Probe","RobotSpaceExplorer:StunGrenade+1","RobotSpaceExplorer:ExhaustFan+1","RobotSpaceExplorer:SlimeMissile+1","RobotSpaceExplorer:Explosion+1","RobotSpaceExplorer:MiniDrones+1","RobotSpaceExplorer:ExhaustFan+1","RobotSpaceExplorer:SlimeMissile+1","RobotSpaceExplorer:Asteroid+1","RobotSpaceExplorer:ImprovisedAttack+1","RobotSpaceExplorer:ScrapMissile+1","RitualDagger+1","RobotSpaceExplorer:ShovelStrike+1","RobotSpaceExplorer:Smokescreen","RobotSpaceExplorer:ShovelStrike+1","RobotSpaceExplorer:Ammunition+1","RobotSpaceExplorer:MiniDrones+1","RobotSpaceExplorer:ChargingLaser+1","RobotSpaceExplorer:StunGrenade+1","RobotSpaceExplorer:BigMissile+1"],"relics":["RobotSpaceExplorer:RoboCore","Molten Egg 2","Pen Nib","Meat on the Bone","RobotSpaceExplorer:Reprocessor","Bottled Tornado","Boot","InkBottle","RobotSpaceExplorer:FoglandsKnife","Blue Doll","WingedGreaves","Busted Crown","Torii","MealTicket","Gremlin Horn","Regal Pillow","Replay:WaspNest"],"acts_visited":["Exordium","TheCity","TheBeyond"],"potions_floor_usage":[7,10,12,16,23,25,27,30,33,41,50,51],"damage_taken":[{"damage":1,"enemies":"2 Louse","floor":1,"turns":4},{"damage":1,"enemies":"Cultist","floor":4,"turns":3},{"damage":3,"enemies":"Small Slimes","floor":5,"turns":5},{"damage":12,"enemies":"Gremlin Nob","floor":7,"turns":4},{"damage":0,"enemies":"Replay:BlueRogue","floor":10,"turns":4},{"damage":0,"enemies":"2 Fungi Beasts","floor":11,"turns":2},{"damage":0,"enemies":"Gremlin Nob","floor":12,"turns":5},{"damage":15,"enemies":"Large Slime","floor":14,"turns":7},{"damage":13,"enemies":"Hexaghost","floor":16,"turns":10},{"damage":0,"enemies":"Chosen","floor":18,"turns":3},{"damage":4,"enemies":"2 Thieves","floor":19,"turns":4},{"damage":18,"enemies":"Gremlin Leader","floor":23,"turns":9},{"damage":8,"enemies":"Book of Stabbing","floor":25,"turns":5},{"damage":14,"enemies":"Replay:Snechameleon","floor":27,"turns":7},{"damage":8,"enemies":"Snake Plant","floor":29,"turns":4},{"damage":0,"enemies":"Slavers","floor":30,"turns":4},{"damage":0,"enemies":"3 Cultists","floor":31,"turns":4},{"damage":31,"enemies":"Collector","floor":33,"turns":12},{"damage":7,"enemies":"3 Darklings","floor":35,"turns":5},{"damage":0,"enemies":"3 Shapes","floor":39,"turns":2},{"damage":0,"enemies":"Nemesis","floor":40,"turns":3},{"damage":25,"enemies":"Reptomancer","floor":41,"turns":5},{"damage":0,"enemies":"3 Darklings","floor":45,"turns":4},{"damage":12,"enemies":"R_Hoarder","floor":46,"turns":5},{"damage":0,"enemies":"Sphere and 2 Shapes","floor":48,"turns":3},{"damage":26,"enemies":"Time Eater","floor":50,"turns":9},{"damage":29,"enemies":"Awakened One","floor":51,"turns":8}],"seed_played":"-4795330203413117049","potions_obtained":[{"floor":4,"key":"CultistPotion"},{"floor":5,"key":"Fire Potion"},{"floor":11,"key":"PowerPotion"},{"floor":12,"key":"Swift Potion"},{"floor":14,"key":"ColorlessPotion"},{"floor":18,"key":"SpeedPotion"},{"floor":23,"key":"Strength Potion"},{"floor":27,"key":"ColorlessPotion"},{"floor":29,"key":"Toxic Potion"},{"floor":33,"key":"Dexterity Potion"},{"floor":39,"key":"SteroidPotion"},{"floor":41,"key":"PowerPotion"},{"floor":46,"key":"SkillPotion"}],"is_trial":false,"path_per_floor":["M","?","$","M","M","R","E","?","T","E","M","?","R","M","R","B",null,"M","M","?","$","?","E","R","E","T","E","R","M","E","M","R","B",null,"M","?","$","?","M","E","E","R","T","$","M","E","R","M","R","B","B",null],"character_chosen":"RobotSpaceExplorer","items_purchased":["Molten Egg 2","RobotSpaceExplorer:StunGrenade+1","Bottled Tornado","Torii"],"campfire_rested":4,"item_purchase_floors":[3,3,21,37],"current_hp_per_floor":[63,63,63,62,59,59,47,47,47,47,47,47,47,44,44,43,59,59,55,49,49,62,44,63,55,55,41,60,52,52,52,52,33,56,49,49,49,49,49,49,36,54,54,61,61,49,61,61,61,35,18],"gold":109,"neow_bonus":"TWO_FIFTY_GOLD","is_daily":false,"chose_seed":false,"campfire_upgraded":5,"win_rate":0.0,"timestamp":1611957963,"path_taken":["M","?","$","M","M","R","E","?","T","E","?","?","R","M","R","BOSS","M","M","?","$","?","E","R","E","T","E","R","M","E","M","R","BOSS","M","?","$","?","M","E","E","R","T","?","M","E","R","M","R","BOSS","BOSS"],"items_purchased_type":["Relic","Card","Relic","Relic"],"build_version":"2020-12-22","purchased_purges":1,"victory":true,"max_hp_per_floor":[64,64,64,64,64,64,64,64,64,64,64,64,64,64,64,64,64,64,64,64,64,64,64,64,64,64,64,64,64,64,64,64,64,64,64,61,61,61,61,61,61,61,61,61,61,61,61,61,61,61,61],"relic_stats":{"Regal Pillow":0,"Busted Crown":14,"Torii":4,"Gremlin Horn":[9,9],"counters":[27,140],"MealTicket":7,"Pen Nib":[46],"Boot":[282],"obtain_stats":[{"Regal Pillow":43,"Torii":37,"Gremlin Horn":41,"RobotSpaceExplorer:RoboCore":0,"Blue Doll":27,"Pen Nib":9,"Replay:WaspNest":46,"RobotSpaceExplorer:Reprocessor":17,"Bottled Tornado":21,"Boot":23,"RobotSpaceExplorer:FoglandsKnife":26,"Busted Crown":34,"Molten Egg 2":3,"MealTicket":40,"WingedGreaves":30,"InkBottle":25,"Meat on the Bone":12},{"Regal Pillow":22,"Torii":19,"Gremlin Horn":22,"RobotSpaceExplorer:RoboCore":0,"Blue Doll":14,"Pen Nib":4,"Replay:WaspNest":24,"RobotSpaceExplorer:Reprocessor":9,"Bottled Tornado":11,"Boot":12,"RobotSpaceExplorer:FoglandsKnife":13,"Busted Crown":18,"Molten Egg 2":1,"MealTicket":21,"WingedGreaves":16,"InkBottle":13,"Meat on the Bone":7},{"Regal Pillow":111,"Torii":101,"Gremlin Horn":111,"RobotSpaceExplorer:RoboCore":0,"Blue Doll":72,"Pen Nib":16,"Replay:WaspNest":120,"RobotSpaceExplorer:Reprocessor":44,"Bottled Tornado":51,"Boot":60,"RobotSpaceExplorer:FoglandsKnife":65,"Busted Crown":96,"Molten Egg 2":4,"MealTicket":106,"WingedGreaves":80,"InkBottle":65,"Meat on the Bone":27}],"InkBottle":[38],"Meat on the Bone":60},"card_choices":[{"not_picked":["RobotSpaceExplorer:Ammunition","RobotSpaceExplorer:Discharger"],"picked":"RobotSpaceExplorer:Probe","floor":1},{"not_picked":["RobotSpaceExplorer:ImprovisedAttack+1","RobotSpaceExplorer:FranticSearch"],"picked":"RobotSpaceExplorer:ExhaustFan","floor":4},{"not_picked":["RobotSpaceExplorer:DoubleBlock","RobotSpaceExplorer:Probe+1"],"picked":"RobotSpaceExplorer:SlimeMissile+1","floor":5},{"not_picked":["RobotSpaceExplorer:MiniBoosters","RobotSpaceExplorer:StarLightning+1"],"picked":"RobotSpaceExplorer:Explosion+1","floor":7},{"not_picked":["RobotSpaceExplorer:Calculate","RobotSpaceExplorer:FrostMissile+1"],"picked":"RobotSpaceExplorer:MiniDrones+1","floor":10},{"not_picked":["RobotSpaceExplorer:MiniBoosters","RobotSpaceExplorer:MiniDrones+1"],"picked":"RobotSpaceExplorer:ExhaustFan","floor":11},{"not_picked":["RobotSpaceExplorer:Probe+1","RobotSpaceExplorer:ShockKick+1"],"picked":"RobotSpaceExplorer:SlimeMissile+1","floor":14},{"not_picked":["RobotSpaceExplorer:Exploration","RobotSpaceExplorer:Wormhole"],"picked":"RobotSpaceExplorer:Asteroid+1","floor":16},{"not_picked":["RobotSpaceExplorer:GlueShot","RobotSpaceExplorer:Reload"],"picked":"RobotSpaceExplorer:ImprovisedAttack+1","floor":18},{"not_picked":["RobotSpaceExplorer:Pulsar","RobotSpaceExplorer:Probe+1"],"picked":"RobotSpaceExplorer:ScrapMissile+1","floor":19},{"not_picked":["RobotSpaceExplorer:MiniBoosters","RobotSpaceExplorer:FrostMissile+1"],"picked":"RobotSpaceExplorer:ShovelStrike+1","floor":23},{"not_picked":["RobotSpaceExplorer:SurgingShield","RobotSpaceExplorer:DoubleFind"],"picked":"RobotSpaceExplorer:Smokescreen","floor":25},{"not_picked":["RobotSpaceExplorer:BlastShield","RobotSpaceExplorer:SurgingShield+1","RobotSpaceExplorer:Counterblock"],"picked":"SKIP","floor":27},{"not_picked":["RobotSpaceExplorer:MetalStrike+1","RobotSpaceExplorer:TurboDodge"],"picked":"RobotSpaceExplorer:ShovelStrike+1","floor":29},{"not_picked":["RobotSpaceExplorer:SurgingShield","RobotSpaceExplorer:Pulsar"],"picked":"RobotSpaceExplorer:Ammunition","floor":30},{"not_picked":["RobotSpaceExplorer:Fix","RobotSpaceExplorer:SwiftStep"],"picked":"RobotSpaceExplorer:MiniDrones+1","floor":31},{"not_picked":["RobotSpaceExplorer:Scanner","RobotSpaceExplorer:Explosion+1"],"picked":"RobotSpaceExplorer:ChargingLaser+1","floor":33},{"not_picked":["RobotSpaceExplorer:Probe+1"],"picked":"SKIP","floor":35},{"not_picked":[],"picked":"RobotSpaceExplorer:StunGrenade+1","floor":39},{"not_picked":["RobotSpaceExplorer:ShockKick+1"],"picked":"SKIP","floor":40},{"not_picked":["RobotSpaceExplorer:Jetpack"],"picked":"SKIP","floor":41},{"not_picked":["RobotSpaceExplorer:DoubleFind"],"picked":"SKIP","floor":45},{"not_picked":["RobotSpaceExplorer:GlueShot"],"picked":"SKIP","floor":46},{"not_picked":[],"picked":"RobotSpaceExplorer:BigMissile+1","floor":48}],"player_experience":921594,"relics_obtained":[{"floor":9,"key":"Pen Nib"},{"floor":12,"key":"Meat on the Bone"},{"floor":23,"key":"Boot"},{"floor":25,"key":"InkBottle"},{"floor":26,"key":"RobotSpaceExplorer:FoglandsKnife"},{"floor":27,"key":"Blue Doll"},{"floor":30,"key":"WingedGreaves"},{"floor":40,"key":"MealTicket"},{"floor":41,"key":"Gremlin Horn"},{"floor":43,"key":"Regal Pillow"},{"floor":46,"key":"Replay:WaspNest"}],"event_choices":[{"damage_healed":0,"gold_gain":0,"player_choice":"Leave","damage_taken":0,"max_hp_gain":0,"max_hp_loss":0,"event_name":"The Cleric","floor":2,"gold_loss":0},{"cards_removed":["RobotSpaceExplorer:Strike"],"damage_healed":0,"gold_gain":0,"player_choice":"Purged","damage_taken":0,"max_hp_gain":0,"max_hp_loss":0,"event_name":"Purifier","floor":8,"gold_loss":0},{"damage_healed":0,"gold_gain":0,"player_choice":"Searched \u00271\u0027 times","damage_taken":0,"max_hp_gain":0,"max_hp_loss":0,"event_name":"Dead Adventurer","floor":12,"gold_loss":0},{"damage_healed":0,"gold_gain":0,"player_choice":"Joined the Cult","damage_taken":6,"max_hp_gain":0,"max_hp_loss":0,"event_name":"Nest","floor":20,"gold_loss":0,"cards_obtained":["RitualDagger"]},{"damage_healed":13,"gold_gain":0,"player_choice":"Heal","damage_taken":0,"max_hp_gain":0,"max_hp_loss":0,"event_name":"The Library","floor":22,"gold_loss":0},{"damage_healed":0,"gold_gain":0,"player_choice":"Max HP","damage_taken":0,"max_hp_gain":0,"max_hp_loss":3,"event_name":"Winding Halls","floor":36,"gold_loss":0}],"is_beta":false,"boss_relics":[{"not_picked":["Replay:Bronze Core","Replay:Ancient Bell"],"picked":"RobotSpaceExplorer:Reprocessor"},{"not_picked":["Kintsugi","Replay:Grab Bag"],"picked":"Busted Crown"}],"items_purged_floors":[44],"is_endless":false,"potions_floor_spawned":[4,5,11,12,14,18,23,27,29,33,39,41,46],"ascension_level":20}}