{"host":"7gnh07yij4i09woj","time":1611891446,"event":{"mods":["AchievementEnabler","BaseMod","Downfall","Minty Spire (QoL Compilation)","StSLib","Waifu the Spire"],"gold_per_floor":[211,211,223,235,247,294,322,334,346,376,407,419,466,492,504,642,654,679,691,703,736,771,817,829,859,871,903,928,443,466,466,466,466,466],"floor_reached":33,"language":"ENG","playtime":3789,"items_purged":[],"score":279,"play_id":"11de53a9-ca25-4d7b-ade2-c183b41ae2de","local_time":"20210128193726","is_ascension_mode":false,"campfire_choices":[{"floor":8,"key":"REST"},{"floor":15,"key":"REST"},{"floor":24,"key":"REST"},{"floor":32,"key":"REST"}],"circlet_count":0,"master_deck":["Strike_G+1","Strike_G+1","Strike_G+1","Strike_G+1","Strike_G+1","Defend_G+1","Defend_G+1","Defend_G+1","Defend_G+1","Defend_G+1","Survivor","Neutralize","Bane","Crippling Poison","Infinite Blades","Blade Dance","Poisoned Stab","Bane","Malaise","Burst","Backflip","Neutralize","Riddle With Holes+1","Flying Knee","Noxious Fumes","Terror","Corpse Explosion","PiercingWail"],"relics":["Ring of the Snake","MawBank","Golden Idol","Peace Pipe","Toy Ornithopter","MealTicket","Bronze Scales","Bottled Tornado","Regal Pillow","Thread and Needle","Unceasing Top"],"acts_visited":["Exordium","TheCity"],"potions_floor_usage":[6,7,13,14,16,16,23,23,27,28,30,33],"damage_taken":[{"damage":0,"enemies":"Small Slimes","floor":1,"turns":4},{"damage":35,"enemies":"Gremlin Nob","floor":6,"turns":5},{"damage":1,"enemies":"Cultist","floor":7,"turns":4},{"damage":0,"enemies":"2 Louse","floor":10,"turns":3},{"damage":0,"enemies":"Exordium Thugs","floor":11,"turns":5},{"damage":15,"enemies":"3 Sentries","floor":13,"turns":8},{"damage":3,"enemies":"2 Fungi Beasts","floor":14,"turns":3},{"damage":52,"enemies":"The Guardian","floor":16,"turns":15},{"damage":21,"enemies":"Shell Parasite","floor":18,"turns":8},{"damage":7,"enemies":"Chosen","floor":21,"turns":5},{"damage":10,"enemies":"Snake Plant","floor":22,"turns":8},{"damage":34,"enemies":"Gremlin Leader","floor":23,"turns":8},{"damage":7,"enemies":"Snecko","floor":25,"turns":5},{"damage":13,"enemies":"3 Cultists","floor":27,"turns":5},{"damage":12,"enemies":"Centurion and Healer","floor":28,"turns":7},{"damage":4,"enemies":"Shelled Parasite and Fungi","floor":30,"turns":5},{"damage":69,"enemies":"Collector","floor":33,"turns":7}],"seed_played":"-6658549225997309539","potions_obtained":[{"floor":5,"key":"Regen Potion"},{"floor":5,"key":"Explosive Potion"},{"floor":5,"key":"Slimebound:ThreeZeroPotion"},{"floor":10,"key":"CunningPotion"},{"floor":11,"key":"DistilledChaos"},{"floor":13,"key":"LiquidMemories"},{"floor":16,"key":"Explosive Potion"},{"floor":22,"key":"CunningPotion"},{"floor":23,"key":"LiquidMemories"},{"floor":27,"key":"hexamod:SoulburnPotion"},{"floor":30,"key":"DuplicationPotion"}],"is_trial":false,"path_per_floor":["M","?","?","$","?","E","M","R","T","M","M","$","E","M","R","B",null,"M","?","?","M","M","E","R","M","T","M","M","$","M","T","R","B"],"character_chosen":"THE_SILENT","items_purchased":["Regal Pillow","Thread and Needle","Energy Potion"],"campfire_rested":4,"item_purchase_floors":[29,29,29],"current_hp_per_floor":[70,67,50,50,50,15,26,47,47,47,47,47,37,39,60,18,70,49,49,49,42,32,8,29,22,22,14,7,22,23,23,59,0,0],"gold":466,"neow_bonus":"HUNDRED_GOLD","is_daily":false,"chose_seed":false,"campfire_upgraded":0,"win_rate":0.0,"timestamp":1611891446,"path_taken":["M","?","?","$","?","E","M","R","T","M","M","$","E","M","R","BOSS","M","?","?","M","M","E","R","M","T","M","?","$","M","?","R","BOSS"],"items_purchased_type":["Relic","Relic","Potion"],"build_version":"2020-12-22","purchased_purges":0,"victory":false,"max_hp_per_floor":[70,70,70,70,70,70,70,70,70,70,70,70,70,70,70,70,70,70,70,70,70,70,70,70,70,70,70,70,70,70,70,70,70,70],"card_choices":[{"not_picked":["Deflect","Dodge and Roll","PiercingWail"],"picked":"SKIP","floor":1},{"not_picked":["Crippling Poison","Leg Sweep"],"picked":"Bane","floor":6},{"not_picked":["Bane","Quick Slash"],"picked":"Crippling Poison","floor":7},{"not_picked":["Underhanded Strike","Acrobatics"],"picked":"Infinite Blades","floor":10},{"not_picked":["Prepared","Sucker Punch"],"picked":"Blade Dance","floor":11},{"not_picked":["Dodge and Roll","All Out Attack"],"picked":"Poisoned Stab","floor":13},{"not_picked":["Quick Slash","Deflect"],"picked":"Bane","floor":14},{"not_picked":["A Thousand Cuts","Burst"],"picked":"Malaise","floor":16},{"not_picked":["Masterful Stab+1","Dagger Throw","Dodge and Roll"],"picked":"SKIP","floor":18},{"not_picked":["Setup","Bane"],"picked":"Riddle With Holes+1","floor":21},{"not_picked":["Calculated Gamble+1","Dagger Spray"],"picked":"Flying Knee","floor":22},{"not_picked":["Setup","Slice"],"picked":"Noxious Fumes","floor":23},{"not_picked":["Bane+1","Crippling Poison"],"picked":"Terror","floor":25},{"not_picked":["Sucker Punch","Masterful Stab","Bane"],"picked":"SKIP","floor":27},{"not_picked":["Riddle With Holes+1","Blade Dance"],"picked":"Corpse Explosion","floor":28},{"not_picked":["Backflip+1","Deadly Poison"],"picked":"PiercingWail","floor":30}],"player_experience":224768,"relics_obtained":[{"floor":6,"key":"Peace Pipe"},{"floor":9,"key":"Toy Ornithopter"},{"floor":13,"key":"MealTicket"},{"floor":23,"key":"Bronze Scales"},{"floor":26,"key":"Bottled Tornado"},{"floor":31,"key":"Unceasing Top"}],"event_choices":[{"damage_healed":0,"gold_gain":0,"player_choice":"Success","damage_taken":3,"relics_obtained":["MawBank"],"max_hp_gain":0,"max_hp_loss":0,"event_name":"Scrap Ooze","floor":2,"gold_loss":0},{"damage_healed":0,"gold_gain":0,"player_choice":"Take Damage","damage_taken":17,"relics_obtained":["Golden Idol"],"max_hp_gain":0,"max_hp_loss":0,"event_name":"Golden Idol","floor":3,"gold_loss":0},{"damage_healed":0,"gold_gain":0,"player_choice":"Got Potions","damage_taken":0,"max_hp_gain":0,"max_hp_loss":0,"event_name":"Lab","floor":5,"gold_loss":0},{"damage_healed":0,"gold_gain":0,"player_choice":"Simplicity","damage_taken":0,"max_hp_gain":0,"max_hp_loss":0,"event_name":"Back to Basics","floor":19,"gold_loss":0,"cards_upgraded":["Strike_G","Strike_G","Strike_G","Strike_G","Strike_G","Defend_G","Defend_G","Defend_G","Defend_G","Defend_G"]},{"damage_healed":0,"gold_gain":0,"player_choice":"3 cards matched","damage_taken":0,"max_hp_gain":0,"max_hp_loss":0,"event_name":"Match and Keep!","floor":20,"gold_loss":0,"cards_obtained":["Burst","Backflip","Neutralize"]}],"is_beta":false,"boss_relics":[{"not_picked":["Philosopher\u0027s Stone","Runic Dome","Coffee Dripper"]}],"items_purged_floors":[],"is_endless":false,"potions_floor_spawned":[10,11,13,16,22,23,27,30],"killed_by":"Collector","ascension_level":0}}