{"host":"yvb207ks1sg3cxef","time":1611952261,"event":{"mods":["2.2 Compatiblity","BaseMod","Bestiary","Colored Powertips","Minty Spire (QoL Compilation)","Permanent Neow","Quick Restart","Relic Stats","StSLib"],"gold_per_floor":[109,259,259,275,292,292,308,308,360,360,378,391,408,437,437,515,515,525,525,575,575,575,575,602,517,517,559,488,504,543,38,38,111,111,135,149,149,149],"floor_reached":37,"language":"ENG","playtime":2671,"items_purged":["Strike_G"],"score":1154,"play_id":"f213a2d0-a8e7-422e-be86-b58432bb521c","local_time":"20210130020101","is_ascension_mode":true,"campfire_choices":[{"data":"Deadly Poison","floor":6.0,"key":"SMITH"},{"data":"Neutralize","floor":8.0,"key":"SMITH"},{"data":"Deflect","floor":10.0,"key":"SMITH"},{"data":"Acrobatics","floor":15.0,"key":"SMITH"},{"data":"Burst","floor":23.0,"key":"SMITH"},{"data":"Tactician","floor":32.0,"key":"SMITH"}],"circlet_count":0,"master_deck":["AscendersBane","Strike_G","Defend_G","Defend_G","Defend_G","Defend_G","Defend_G","Survivor","Neutralize+1","Calculated Gamble+1","PiercingWail+1","All Out Attack+1","Deflect+1","Deflect","Deadly Poison+1","Burst+1","Burst","Acrobatics+1","Venomology","Backflip","Ghostly","Ghostly","Ghostly","Tactician+1","Escape Plan","Catalyst","Acrobatics","PiercingWail","Noxious Fumes","PiercingWail","Tactician","Secret Technique","Flechettes+1"],"relics":["Astrolabe","Art of War","Oddly Smooth Stone","Cursed Key","Potion Belt","Bag of Preparation","CeramicFish","Molten Egg 2","DollysMirror","HoveringKite"],"acts_visited":["Exordium","TheCity","TheBeyond"],"potions_floor_usage":[35,35,36,37,37,37,37],"damage_taken":[{"damage":0.0,"enemies":"Jaw Worm","floor":1.0,"turns":6.0},{"damage":7.0,"enemies":"Cultist","floor":4.0,"turns":5.0},{"damage":0.0,"enemies":"2 Louse","floor":5.0,"turns":4.0},{"damage":9.0,"enemies":"Large Slime","floor":7.0,"turns":7.0},{"damage":2.0,"enemies":"2 Fungi Beasts","floor":11.0,"turns":4.0},{"damage":2.0,"enemies":"Blue Slaver","floor":12.0,"turns":4.0},{"damage":1.0,"enemies":"Exordium Wildlife","floor":13.0,"turns":4.0},{"damage":9.0,"enemies":"Lagavulin","floor":14.0,"turns":7.0},{"damage":8.0,"enemies":"The Guardian","floor":16.0,"turns":13.0},{"damage":8.0,"enemies":"Spheric Guardian","floor":18.0,"turns":6.0},{"damage":0.0,"enemies":"Gremlin Leader","floor":24.0,"turns":9.0},{"damage":18.0,"enemies":"Slavers","floor":27.0,"turns":11.0},{"damage":2.0,"enemies":"2 Thieves","floor":28.0,"turns":4.0},{"damage":2.0,"enemies":"Sentry and Sphere","floor":29.0,"turns":10.0},{"damage":0.0,"enemies":"Book of Stabbing","floor":30.0,"turns":6.0},{"damage":0.0,"enemies":"Automaton","floor":33.0,"turns":11.0},{"damage":10,"enemies":"3 Darklings","floor":35,"turns":9},{"damage":0,"enemies":"Orb Walker","floor":36,"turns":5},{"damage":36,"enemies":"2 Orb Walkers","floor":37,"turns":7}],"seed_played":"2178821144888853665","potions_obtained":[{"floor":1.0,"key":"DistilledChaos"},{"floor":11.0,"key":"Strength Potion"},{"floor":12.0,"key":"SteroidPotion"},{"floor":24.0,"key":"DistilledChaos"},{"floor":33.0,"key":"Explosive Potion"},{"floor":36,"key":"Block Potion"}],"is_trial":false,"path_per_floor":["M","?","?","M","M","R","M","R","T","R","M","M","M","E","R","B",null,"M","?","?","?","?","R","E","?","T","E","M","M","E","$","R","B",null,"M","M","?"],"character_chosen":"THE_SILENT","items_purchased":["Noxious Fumes","PiercingWail","DollysMirror","Secret Technique"],"campfire_rested":0,"item_purchase_floors":[31,31,31,31],"current_hp_per_floor":[59,59,59,52,52,52,43,43,43,43,41,39,38,29,29,21,55,47,33,33,33,33,33,33,33,33,15,27,25,25,25,25,25,31,21,21,0,0],"gold":149,"neow_bonus":"BOSS_RELIC","is_daily":false,"chose_seed":false,"campfire_upgraded":6,"win_rate":0.0,"timestamp":1611952261,"path_taken":["M","?","?","M","M","R","M","R","T","R","M","?","M","E","R","BOSS","M","?","?","?","?","R","E","?","T","E","M","M","E","$","R","BOSS","M","M","?"],"items_purchased_type":["Card","Card","Relic","Card"],"build_version":"2020-12-22","purchased_purges":1,"victory":false,"max_hp_per_floor":[66,66,66,66,66,66,66,66,66,66,66,66,66,66,66,66,66,66,33,33,33,33,33,33,33,33,33,33,33,33,33,33,33,33,33,33,33,33],"relic_stats":{"counters":[19,132],"Astrolabe":["Calculated Gamble","PiercingWail","All Out Attack"],"CeramicFish":72,"HoveringKite":[13],"Art of War":[55],"Bag of Preparation":[16],"Cursed Key":0,"obtain_stats":[{"Potion Belt":24,"DollysMirror":31,"Astrolabe":0,"CeramicFish":27,"Oddly Smooth Stone":14,"HoveringKite":34,"Molten Egg 2":30,"Art of War":9,"Bag of Preparation":25,"Cursed Key":17,"Ring of the Snake":0},{"Potion Belt":11,"DollysMirror":15,"Astrolabe":0,"CeramicFish":12,"Oddly Smooth Stone":8,"HoveringKite":16,"Molten Egg 2":15,"Art of War":4,"Bag of Preparation":11,"Cursed Key":9,"Ring of the Snake":0},{"Potion Belt":69,"DollysMirror":100,"Astrolabe":0,"CeramicFish":80,"Oddly Smooth Stone":41,"HoveringKite":111,"Molten Egg 2":100,"Art of War":22,"Bag of Preparation":69,"Cursed Key":54,"Ring of the Snake":0}]},"card_choices":[{"not_picked":["Heel Hook","Outmaneuver"],"picked":"Deflect","floor":1.0},{"not_picked":["Dodge and Roll","PiercingWail"],"picked":"Deflect","floor":4.0},{"not_picked":["Poisoned Stab","All Out Attack"],"picked":"Deadly Poison","floor":5.0},{"not_picked":["Sucker Punch","Blade Dance","Poisoned Stab"],"picked":"SKIP","floor":7.0},{"not_picked":["Flying Knee","Deadly Poison"],"picked":"Burst","floor":11.0},{"not_picked":["Quick Slash","Slice","Cloak And Dagger"],"picked":"SKIP","floor":12.0},{"not_picked":["Deflect","Heel Hook"],"picked":"Burst","floor":13.0},{"not_picked":["Prepared","PiercingWail"],"picked":"Acrobatics","floor":14.0},{"not_picked":["A Thousand Cuts","Phantasmal Killer"],"picked":"Venomology","floor":16.0},{"not_picked":["Outmaneuver","Acrobatics"],"picked":"Backflip","floor":18.0},{"not_picked":["Sucker Punch+1","Bane"],"picked":"Escape Plan","floor":24.0},{"not_picked":["Dodge and Roll","Accuracy"],"picked":"Catalyst","floor":27.0},{"not_picked":["Underhanded Strike+1","Dagger Throw"],"picked":"Acrobatics","floor":28.0},{"not_picked":["A Thousand Cuts","Dodge and Roll","Acrobatics"],"picked":"SKIP","floor":29.0},{"not_picked":["Flying Knee+1","Setup+1"],"picked":"PiercingWail","floor":30.0},{"not_picked":["Quick Slash+1","Dodge and Roll","Flechettes+1"],"picked":"SKIP","floor":35},{"not_picked":["Quick Slash+1","Dodge and Roll"],"picked":"Flechettes+1","floor":35},{"not_picked":["Bane+1","Outmaneuver","Heel Hook+1"],"picked":"SKIP","floor":36},{"not_picked":["Bane+1","Outmaneuver","Heel Hook+1"],"picked":"SKIP","floor":36}],"player_experience":500758,"relics_obtained":[{"floor":9.0,"key":"Art of War"},{"floor":14.0,"key":"Oddly Smooth Stone"},{"floor":24.0,"key":"Potion Belt"},{"floor":27.0,"key":"CeramicFish"},{"floor":30.0,"key":"Molten Egg 2"}],"event_choices":[{"damage_healed":0.0,"max_hp_gain":0.0,"max_hp_loss":0.0,"gold_gain":150.0,"event_name":"Liars Game","player_choice":"AGREE","floor":2.0,"gold_loss":0.0,"damage_taken":0.0,"cards_obtained":["Doubt"]},{"cards_removed":["Doubt"],"damage_healed":0.0,"max_hp_gain":0.0,"max_hp_loss":0.0,"gold_gain":0.0,"event_name":"Purifier","player_choice":"Purged","floor":3.0,"gold_loss":0.0,"damage_taken":0.0},{"damage_healed":0.0,"max_hp_gain":0.0,"max_hp_loss":33.0,"gold_gain":0.0,"event_name":"Ghosts","player_choice":"Became a Ghost","floor":19.0,"gold_loss":0.0,"damage_taken":0.0,"cards_obtained":["Ghostly","Ghostly","Ghostly"]},{"damage_healed":0.0,"max_hp_gain":0.0,"max_hp_loss":0.0,"gold_gain":50.0,"event_name":"Nest","player_choice":"Stole From Cult","floor":20.0,"gold_loss":0.0,"damage_taken":0.0},{"damage_healed":0.0,"max_hp_gain":0.0,"max_hp_loss":0.0,"gold_gain":0.0,"event_name":"Vampires","player_choice":"Ignored","floor":21.0,"gold_loss":0.0,"damage_taken":0.0},{"damage_healed":0.0,"max_hp_gain":0.0,"max_hp_loss":0.0,"gold_gain":0.0,"event_name":"The Library","player_choice":"Read","floor":22.0,"gold_loss":0.0,"damage_taken":0.0,"cards_obtained":["Tactician"]},{"damage_healed":0.0,"max_hp_gain":0.0,"max_hp_loss":0.0,"gold_gain":0.0,"event_name":"Addict","player_choice":"Obtained Relic","floor":25.0,"gold_loss":85.0,"damage_taken":0.0,"relics_obtained":["Bag of Preparation"]},{"damage_healed":0,"gold_gain":0,"player_choice":"Fight","damage_taken":0,"max_hp_gain":0,"max_hp_loss":0,"event_name":"Mysterious Sphere","floor":37,"gold_loss":0}],"is_beta":false,"boss_relics":[{"not_picked":["WristBlade","Busted Crown"],"picked":"Cursed Key"},{"not_picked":["Runic Dome","SlaversCollar"],"picked":"HoveringKite"}],"items_purged_floors":[31],"is_endless":false,"potions_floor_spawned":[1,11,12,13,18,24,33,36],"killed_by":"2 Orb Walkers","ascension_level":20}}