{"host":"640uue19m79c7wbt","time":1611891162,"event":{"mods":["BaseMod","Colored Map","Googly Eyes","Highlight Path","Minty Spire (QoL Compilation)","Quick Restart","StSLib"],"gold_per_floor":[115,129,129,34,109,147,147,182,208,45,66,85,85,44,44,143,143,167,9,9,24,24,24,65,65,92,92,136,155,171,171,171,249,249,261,110,110,125,125,125,140,166,189,189,189,206,206,206,206],"floor_reached":48,"language":"ENG","playtime":1724,"items_purged":["Injury","Strike_G","Shame"],"score":1004,"play_id":"6a75fdeb-3a2b-483c-b279-596964d79d7d","local_time":"20210128223242","is_ascension_mode":true,"campfire_choices":[{"data":"Adrenaline","floor":7.0,"key":"SMITH"},{"floor":13.0,"key":"REST"},{"floor":15.0,"key":"REST"},{"floor":23.0,"key":"REST"},{"floor":25.0,"key":"REST"},{"floor":27.0,"key":"REST"},{"floor":32.0,"key":"REST"},{"floor":40.0,"key":"REST"},{"data":"Tools of the Trade","floor":45.0,"key":"SMITH"}],"circlet_count":0,"master_deck":["AscendersBane","Strike_G","Strike_G","Strike_G","Defend_G","Defend_G","Defend_G","Defend_G","Defend_G","Survivor","Neutralize+1","Tactician","Dagger Spray","Underhanded Strike","Escape Plan","Adrenaline+1","Underhanded Strike","Bouncing Flask","Predator+1","Calculated Gamble","Terror+1","Noxious Fumes","Reflex","After Image","Prepared","Choke+1","Adrenaline+1","Acrobatics","Dagger Throw","Terror+1","Underhanded Strike","Adrenaline","Calculated Gamble+1","PiercingWail+1","Tools of the Trade+1","PiercingWail","Trip","Prepared+1","Acrobatics","Noxious Fumes+1","Writhe"],"relics":["Ring of the Snake","NeowsBlessing","Bloody Idol","Dream Catcher","Mango","Centennial Puzzle","WristBlade","Pen Nib","Pantograph","Whetstone","Bronze Scales","Juzu Bracelet","War Paint"],"acts_visited":["Exordium","TheCity","TheBeyond"],"potions_floor_usage":[],"damage_taken":[{"damage":0.0,"enemies":"Small Slimes","floor":1.0,"turns":1.0},{"damage":0.0,"enemies":"2 Louse","floor":2.0,"turns":1.0},{"damage":0.0,"enemies":"3 Sentries","floor":6.0,"turns":2.0},{"damage":31.0,"enemies":"Gremlin Nob","floor":8.0,"turns":5.0},{"damage":0.0,"enemies":"Jaw Worm","floor":11.0,"turns":1.0},{"damage":16.0,"enemies":"2 Fungi Beasts","floor":12.0,"turns":3.0},{"damage":38.0,"enemies":"Hexaghost","floor":16.0,"turns":9.0},{"damage":40.0,"enemies":"3 Byrds","floor":18.0,"turns":6.0},{"damage":7.0,"enemies":"Chosen","floor":21.0,"turns":4.0},{"damage":27.0,"enemies":"Gremlin Leader","floor":24.0,"turns":3.0},{"damage":12.0,"enemies":"Book of Stabbing","floor":28.0,"turns":3.0},{"damage":12.0,"enemies":"Snecko","floor":29.0,"turns":3.0},{"damage":13.0,"enemies":"Chosen and Byrds","floor":30.0,"turns":4.0},{"damage":73.0,"enemies":"Automaton","floor":33.0,"turns":9.0},{"damage":16.0,"enemies":"3 Darklings","floor":35.0,"turns":4.0},{"damage":19.0,"enemies":"3 Shapes","floor":38.0,"turns":7.0},{"damage":22.0,"enemies":"3 Darklings","floor":41.0,"turns":4.0},{"damage":47.0,"enemies":"Nemesis","floor":42.0,"turns":7.0},{"damage":24,"enemies":"Spire Growth","floor":46,"turns":4},{"damage":31,"enemies":"4 Shapes","floor":48,"turns":3}],"seed_played":"-7481134689635438209","potions_obtained":[{"floor":6.0,"key":"EssenceOfSteel"},{"floor":8.0,"key":"Energy Potion"},{"floor":24.0,"key":"FairyPotion"},{"floor":30.0,"key":"Block Potion"},{"floor":38.0,"key":"Poison Potion"},{"floor":41.0,"key":"LiquidMemories"}],"is_trial":false,"path_per_floor":["M","M","?","$","?","E","R","E","T","$","M","M","R","$","R","B",null,"M","$","?","M","?","R","E","R","T","R","E","M","M","?","R","B",null,"M","$","?","M","?","R","M","E","T","?","R","M","?","M"],"character_chosen":"THE_SILENT","items_purchased":["Underhanded Strike","Escape Plan","Bouncing Flask","Noxious Fumes","Prepared","PiercingWail"],"campfire_rested":7,"item_purchase_floors":[4,4,10,14,19,36],"current_hp_per_floor":[59,59,59,59,48,48,48,31,31,31,31,15,39,39,63,25,66,26,26,26,19,19,43,16,40,40,64,52,40,27,27,51,8,62,51,51,51,37,37,61,44,29,34,50,50,31,31,0,0],"gold":206,"neow_bonus":"THREE_ENEMY_KILL","is_daily":false,"chose_seed":false,"campfire_upgraded":2,"win_rate":0.0,"timestamp":1611891162,"path_taken":["M","M","?","$","?","E","R","E","T","$","M","M","R","?","R","BOSS","M","$","?","M","?","R","E","R","T","R","E","M","?","?","R","BOSS","M","$","?","M","?","R","?","E","T","?","R","M","?","M"],"items_purchased_type":["Card","Card","Card","Card","Card","Card"],"build_version":"2020-12-22","purchased_purges":3,"victory":false,"max_hp_per_floor":[66,66,66,66,66,66,66,80,80,80,80,80,80,80,80,80,80,80,80,80,80,80,80,80,80,80,80,80,80,80,80,80,80,80,80,80,80,80,80,80,80,80,80,80,80,80,80,80,80],"card_choices":[{"not_picked":["Deflect","Skewer"],"picked":"Tactician","floor":1.0},{"not_picked":["Quick Slash","Deflect"],"picked":"Dagger Spray","floor":2.0},{"not_picked":["Blur","Outmaneuver"],"picked":"Adrenaline","floor":6.0},{"not_picked":["Outmaneuver","Endless Agony"],"picked":"Underhanded Strike","floor":8.0},{"not_picked":["Flying Knee","Dagger Spray"],"picked":"Predator","floor":11.0},{"not_picked":["Backflip","Sucker Punch"],"picked":"Calculated Gamble","floor":12.0},{"not_picked":["Underhanded Strike","Endless Agony"],"picked":"Terror","floor":13.0},{"not_picked":["Accuracy","Bouncing Flask"],"picked":"Reflex","floor":15.0},{"not_picked":["Wraith Form v2","Storm of Steel"],"picked":"After Image","floor":16.0},{"not_picked":["Dodge and Roll","Heel Hook","Bane"],"picked":"SKIP","floor":18.0},{"not_picked":["Dodge and Roll+1","Deflect"],"picked":"Choke+1","floor":21.0},{"not_picked":["Dagger Spray","Slice"],"picked":"Acrobatics","floor":23.0},{"not_picked":["Outmaneuver","Cloak And Dagger"],"picked":"Dagger Throw","floor":24.0},{"not_picked":["Dagger Spray","Underhanded Strike"],"picked":"Terror+1","floor":25.0},{"not_picked":["Bouncing Flask+1","Flechettes"],"picked":"Underhanded Strike","floor":27.0},{"not_picked":["Deflect","Blur+1"],"picked":"Adrenaline","floor":28.0},{"not_picked":["Deadly Poison","Outmaneuver"],"picked":"Caltrops","floor":29.0},{"not_picked":["Slice","Noxious Fumes"],"picked":"Calculated Gamble+1","floor":30.0},{"not_picked":["Skewer","Prepared"],"picked":"PiercingWail","floor":32.0},{"not_picked":["A Thousand Cuts","Unload"],"picked":"Tools of the Trade","floor":33.0},{"not_picked":["Sucker Punch","Deflect","Slice"],"picked":"SKIP","floor":35.0},{"not_picked":["Chrysalis","Purity"],"picked":"Trip","floor":37.0},{"not_picked":["Masterful Stab","Sucker Punch+1","Heel Hook+1"],"picked":"SKIP","floor":38.0},{"not_picked":["Eviscerate","Backflip+1"],"picked":"Prepared+1","floor":40.0},{"not_picked":["Finisher","Predator+1"],"picked":"Acrobatics","floor":41.0},{"not_picked":["Dodge and Roll","Flying Knee"],"picked":"Noxious Fumes+1","floor":42.0},{"not_picked":["Deflect","Catalyst","Predator"],"picked":"SKIP","floor":46}],"player_experience":641365,"relics_obtained":[{"floor":6.0,"key":"Dream Catcher"},{"floor":8.0,"key":"Mango"},{"floor":9.0,"key":"Centennial Puzzle"},{"floor":24.0,"key":"Pantograph"},{"floor":26.0,"key":"Whetstone"},{"floor":28.0,"key":"Bronze Scales"},{"floor":42.0,"key":"Juzu Bracelet"},{"floor":43.0,"key":"War Paint"}],"event_choices":[{"damage_healed":0.0,"max_hp_gain":0.0,"max_hp_loss":0.0,"gold_gain":0.0,"event_name":"Golden Idol","player_choice":"Take Wound","floor":3.0,"gold_loss":0.0,"damage_taken":0.0,"relics_obtained":["Golden Idol"],"cards_obtained":["Injury"]},{"damage_healed":0.0,"max_hp_gain":0.0,"max_hp_loss":0.0,"gold_gain":75.0,"event_name":"World of Goop","player_choice":"Gather Gold","floor":5.0,"gold_loss":0.0,"damage_taken":11.0},{"damage_healed":0.0,"max_hp_gain":0.0,"max_hp_loss":0.0,"gold_gain":0.0,"event_name":"Addict","player_choice":"Stole Relic","floor":20.0,"gold_loss":0.0,"damage_taken":0.0,"relics_obtained":["Pen Nib"],"cards_obtained":["Shame"]},{"damage_healed":0.0,"max_hp_gain":0.0,"max_hp_loss":0.0,"gold_gain":0.0,"event_name":"Duplicator","player_choice":"Copied","floor":22.0,"gold_loss":0.0,"damage_taken":0.0,"cards_obtained":["Adrenaline"]},{"damage_healed":0.0,"max_hp_gain":0.0,"max_hp_loss":0.0,"gold_gain":0.0,"event_name":"Forgotten Altar","player_choice":"Gave Idol","floor":31.0,"relics_lost":["Golden Idol"],"gold_loss":0.0,"damage_taken":0.0,"relics_obtained":["Bloody Idol"]},{"damage_healed":0.0,"max_hp_gain":0.0,"max_hp_loss":0.0,"gold_gain":0.0,"event_name":"SensoryStone","player_choice":"Memory 1","floor":37.0,"gold_loss":0.0,"damage_taken":0.0},{"cards_removed":["Strike_G"],"damage_healed":0.0,"max_hp_gain":0.0,"max_hp_loss":0.0,"gold_gain":0.0,"event_name":"Wheel of Change","player_choice":"Card Removal","floor":39.0,"gold_loss":0.0,"damage_taken":0.0},{"damage_healed":16.0,"max_hp_gain":0.0,"max_hp_loss":0.0,"gold_gain":0.0,"event_name":"Winding Halls","player_choice":"Writhe","floor":44.0,"gold_loss":0.0,"damage_taken":0.0,"cards_obtained":["Writhe"]},{"cards_removed":["Caltrops"],"damage_healed":0,"gold_gain":0,"player_choice":"Removed Power","damage_taken":0,"max_hp_gain":0,"max_hp_loss":0,"event_name":"Falling","floor":47,"gold_loss":0}],"is_beta":false,"boss_relics":[{"not_picked":["Velvet Choker","Busted Crown"],"picked":"WristBlade"},{"not_picked":["Philosopher\u0027s Stone","Sozu","Runic Dome"]}],"items_purged_floors":[10,19,36],"is_endless":false,"potions_floor_spawned":[6,8,24,30,38,41],"killed_by":"4 Shapes","ascension_level":17}}