{"host":"mnpd8gh7cwxsn5kh","time":1611954076,"event":{"mods":["BaseMod","Bestiary","Block Reminder","Colored Map","Colored Powertips","Highlight Path","Minty Spire (QoL Compilation)","Relic Sorter","Relic Stats"],"gold_per_floor":[118,136,17,17,29,29,63,63,63,74,107,182,86,97,97,196,196,212,212,212,228,238,238,92,117,117,117,150,150,162,137,137,137,137],"floor_reached":33,"language":"ENG","playtime":2589,"items_purged":[],"score":429,"play_id":"e6211a02-e61f-4df9-8513-cabe9044cdf1","local_time":"20210129220116","is_ascension_mode":true,"campfire_choices":[{"data":"Crescendo","floor":6,"key":"SMITH"},{"data":"Eruption","floor":8,"key":"SMITH"},{"data":"Scrawl","floor":15,"key":"SMITH"},{"data":"Evaluate","floor":23,"key":"SMITH"},{"data":"Perseverance","floor":27,"key":"SMITH"},{"floor":29,"key":"REST"},{"data":"Evaluate","floor":32,"key":"SMITH"}],"circlet_count":0,"master_deck":["Strike_P+1","Strike_P+1","Strike_P+1","Strike_P+1","Defend_P+1","Defend_P+1","Defend_P+1","Eruption+1","Vigilance","Consecrate","Evaluate+1","Scrawl+1","Crescendo+1","CrushJoints","WindmillStrike","Protect","Perseverance+1","FearNoEvil","Bandage Up","CutThroughFate","Ragnarok","CutThroughFate+1","BowlingBash+1","FlyingSleeves","Establishment","MentalFortress+1","JustLucky","Evaluate+1"],"relics":["PureWater","NeowsBlessing","Ice Cream","Gremlin Horn","Ginger","Busted Crown","Art of War","Prayer Wheel","Oddly Smooth Stone"],"acts_visited":["Exordium","TheCity"],"potions_floor_usage":[14,16,16,21,22,25,33],"damage_taken":[{"damage":0,"enemies":"2 Louse","floor":1,"turns":1},{"damage":0,"enemies":"Cultist","floor":2,"turns":1},{"damage":0,"enemies":"Jaw Worm","floor":5,"turns":1},{"damage":16,"enemies":"Lagavulin","floor":7,"turns":7},{"damage":6,"enemies":"Exordium Thugs","floor":10,"turns":3},{"damage":7,"enemies":"3 Sentries","floor":11,"turns":4},{"damage":9,"enemies":"Large Slime","floor":14,"turns":3},{"damage":0,"enemies":"Slime Boss","floor":16,"turns":3},{"damage":0,"enemies":"3 Byrds","floor":18,"turns":3},{"damage":0,"enemies":"Shell Parasite","floor":21,"turns":2},{"damage":25,"enemies":"Shelled Parasite and Fungi","floor":22,"turns":4},{"damage":4,"enemies":"Book of Stabbing","floor":25,"turns":4},{"damage":28,"enemies":"Slavers","floor":28,"turns":4},{"damage":5,"enemies":"Snake Plant","floor":30,"turns":3},{"damage":49,"enemies":"Champ","floor":33,"turns":12}],"seed_played":"-8024218999547016625","potions_obtained":[{"floor":2,"key":"Swift Potion"},{"floor":10,"key":"Swift Potion"},{"floor":11,"key":"SteroidPotion"},{"floor":14,"key":"Strength Potion"},{"floor":16,"key":"Dexterity Potion"},{"floor":18,"key":"SkillPotion"},{"floor":25,"key":"Ancient Potion"}],"is_trial":false,"path_per_floor":["M","M","$","?","M","R","E","R","T","M","E","?","$","M","R","B",null,"M","?","?","M","M","R","$","E","T","R","E","R","M","$","R","B"],"character_chosen":"WATCHER","items_purchased":["Scrawl","Crescendo","Bandage Up","Establishment","Evaluate"],"campfire_rested":1,"item_purchase_floors":[3,3,13,24,31],"current_hp_per_floor":[72,72,72,72,72,72,56,56,56,50,43,36,36,31,31,35,63,67,67,67,71,49,49,49,45,45,45,21,42,37,37,37,0,0],"gold":137,"neow_bonus":"THREE_ENEMY_KILL","is_daily":false,"chose_seed":false,"campfire_upgraded":6,"win_rate":0.0,"timestamp":1611954076,"path_taken":["M","M","$","?","?","R","E","R","T","M","E","?","$","M","R","BOSS","M","?","?","M","M","R","$","E","T","R","E","R","M","?","R","BOSS"],"items_purchased_type":["Card","Card","Card","Card","Card"],"build_version":"2020-12-22","purchased_purges":0,"victory":false,"max_hp_per_floor":[72,72,72,72,72,72,72,72,72,72,72,72,72,72,72,72,72,72,72,72,72,72,72,72,72,72,72,72,72,72,72,72,72,72],"relic_stats":{"Busted Crown":14,"Gremlin Horn":[8,8],"counters":[15,55],"Prayer Wheel":1,"Art of War":[1],"Ginger":[6],"obtain_stats":[{"Ice Cream":7,"Busted Crown":17,"NeowsBlessing":0,"Gremlin Horn":9,"Oddly Smooth Stone":28,"Prayer Wheel":26,"Art of War":25,"Ginger":11,"PureWater":0},{"Ice Cream":4,"Busted Crown":8,"NeowsBlessing":0,"Gremlin Horn":4,"Oddly Smooth Stone":13,"Prayer Wheel":12,"Art of War":12,"Ginger":6,"PureWater":0},{"Ice Cream":10,"Busted Crown":23,"NeowsBlessing":0,"Gremlin Horn":10,"Oddly Smooth Stone":40,"Prayer Wheel":36,"Art of War":36,"Ginger":17,"PureWater":0}]},"card_choices":[{"not_picked":["Swivel","Vengeance"],"picked":"Consecrate","floor":1},{"not_picked":["FlyingSleeves","Prostrate"],"picked":"Evaluate","floor":2},{"not_picked":["BattleHymn","Weave"],"picked":"WindmillStrike","floor":5},{"not_picked":["FollowUp","WheelKick"],"picked":"Protect","floor":7},{"not_picked":["InnerPeace","ThirdEye"],"picked":"Perseverance","floor":10},{"not_picked":["SashWhip","FlyingSleeves"],"picked":"FearNoEvil","floor":11},{"not_picked":["BowlingBash","FlurryOfBlows"],"picked":"CutThroughFate","floor":14},{"not_picked":["DeusExMachina","SpiritShield"],"picked":"Ragnarok","floor":16},{"not_picked":[],"picked":"CutThroughFate+1","floor":18},{"not_picked":[],"picked":"BowlingBash+1","floor":21},{"not_picked":[],"picked":"FlyingSleeves","floor":22},{"not_picked":["Consecrate"],"picked":"SKIP","floor":25},{"not_picked":["WindmillStrike"],"picked":"SKIP","floor":28},{"not_picked":[],"picked":"MentalFortress+1","floor":30},{"not_picked":[],"picked":"JustLucky","floor":30}],"player_experience":189079,"relics_obtained":[{"floor":7,"key":"Ice Cream"},{"floor":9,"key":"Gremlin Horn"},{"floor":11,"key":"Ginger"},{"floor":25,"key":"Art of War"},{"floor":26,"key":"Prayer Wheel"},{"floor":28,"key":"Oddly Smooth Stone"}],"event_choices":[{"damage_healed":0,"gold_gain":0,"cards_transformed":["Defend_P"],"player_choice":"Transformed","damage_taken":0,"max_hp_gain":0,"max_hp_loss":0,"event_name":"Transmorgrifier","floor":4,"gold_loss":0,"cards_obtained":["CrushJoints"]},{"damage_healed":0,"gold_gain":75,"player_choice":"Touch","damage_taken":7,"max_hp_gain":0,"max_hp_loss":0,"event_name":"FaceTrader","floor":12,"gold_loss":0},{"damage_healed":0,"gold_gain":0,"player_choice":"Ignored","damage_taken":0,"max_hp_gain":0,"max_hp_loss":0,"event_name":"Ghosts","floor":19,"gold_loss":0},{"damage_healed":0,"gold_gain":0,"player_choice":"Simplicity","damage_taken":0,"max_hp_gain":0,"max_hp_loss":0,"event_name":"Back to Basics","floor":20,"gold_loss":0,"cards_upgraded":["Strike_P","Strike_P","Strike_P","Strike_P","Defend_P","Defend_P","Defend_P"]}],"is_beta":false,"boss_relics":[{"not_picked":["Velvet Choker","Coffee Dripper"],"picked":"Busted Crown"}],"items_purged_floors":[],"is_endless":false,"potions_floor_spawned":[2,10,11,14,16,18,25],"killed_by":"Champ","ascension_level":5}}