{"host":"otdcrrn8ri3oipri","time":1611940822,"event":{"mods":["BaseMod","Downfall","Hermit","Marisa????????","Minty Spire (QoL Compilation)","StSLib","The Cursed"],"gold_per_floor":[110,185,110,120,295,325,325,352,352,367,13,32,32,44,44,148,148,167,4,4,17,17,17],"floor_reached":22,"language":"ENG","playtime":1454,"items_purged":["Strike_MRS","Defend_MRS","Doubt"],"score":194,"play_id":"98458d01-be82-4d78-8e82-2b2fc93ce93a","local_time":"20210129112022","is_ascension_mode":false,"campfire_choices":[{"floor":7,"key":"REST"},{"floor":13,"key":"REST"},{"floor":15,"key":"REST"}],"circlet_count":0,"master_deck":["Strike_MRS","Strike_MRS","Defend_MRS","Defend_MRS+1","Defend_MRS+1","MasterSpark","UpSweep","DarkMatter","Acceleration","Singularity","Acceleration","MysteriousBeam","Acceleration","DarkMatter","StarDustReverie","EarthLightRay","EarthLightRay+1"],"relics":["BewitchedHakkero","Darkstone Periapt","Lizard Tail","Bag of Preparation","War Paint"],"acts_visited":["Exordium","TheCity"],"potions_floor_usage":[6,8,16,21],"damage_taken":[{"damage":0,"enemies":"Small Slimes","floor":1,"turns":3},{"damage":0,"enemies":"Cultist","floor":4,"turns":4},{"damage":46,"enemies":"Lagavulin","floor":6,"turns":14},{"damage":20,"enemies":"Gremlin Nob","floor":8,"turns":5},{"damage":0,"enemies":"2 Louse","floor":10,"turns":2},{"damage":0,"enemies":"Blue Slaver","floor":12,"turns":3},{"damage":0,"enemies":"Large Slime","floor":14,"turns":5},{"damage":36,"enemies":"The Guardian","floor":16,"turns":11},{"damage":0,"enemies":"Spheric Guardian","floor":18,"turns":3},{"damage":0,"enemies":"3 Byrds","floor":21,"turns":5},{"damage":12,"enemies":"Snake Plant","floor":22,"turns":3}],"seed_played":"364964015999750778","potions_obtained":[{"floor":4,"key":"Swift Potion"},{"floor":6,"key":"Guardian:BlockOnCardUsePotion"},{"floor":10,"key":"BlessingOfTheForge"},{"floor":14,"key":"Fire Potion"},{"floor":18,"key":"hexamod:SoulburnPotion"}],"is_trial":false,"path_per_floor":["M","?","$","M","?","E","R","E","T","M","$","M","R","M","R","B",null,"M","$","?","M","M"],"character_chosen":"MARISA","items_purchased":["MysteriousBeam","War Paint","Acceleration","EarthLightRay"],"campfire_rested":3,"item_purchase_floors":[11,11,11,19],"current_hp_per_floor":[75,68,68,68,68,22,44,24,24,24,24,24,46,46,68,32,75,75,75,75,75,69,69],"gold":17,"neow_bonus":"REMOVE_CARD","is_daily":false,"chose_seed":false,"campfire_upgraded":0,"win_rate":0.0,"timestamp":1611940822,"path_taken":["M","?","$","?","?","E","R","E","T","M","$","M","R","M","R","BOSS","M","$","?","M","M"],"items_purchased_type":["Card","Relic","Card","Card"],"build_version":"2020-12-22","purchased_purges":3,"victory":false,"max_hp_per_floor":[75,75,75,75,75,75,75,75,75,75,75,75,75,75,75,75,75,75,75,75,75,75,75],"card_choices":[{"not_picked":["WitchOfGreed","SporeBomb"],"picked":"DarkMatter","floor":1},{"not_picked":["EnergyFlow","GalacticHalo"],"picked":"Acceleration","floor":4},{"not_picked":["IllusionStar","6A"],"picked":"Singularity","floor":6},{"not_picked":["CasketOfStar","AsteroidBelt","NonDirectionalLaser"],"picked":"SKIP","floor":8},{"not_picked":["ShootTheMoon","EnergyRecoil"],"picked":"Acceleration","floor":10},{"not_picked":["IllusionStar","OpenUniverse","StarBarrage"],"picked":"SKIP","floor":12},{"not_picked":["WitchOfGreed","MeteoricShower"],"picked":"DarkMatter","floor":14},{"not_picked":["CollectingQuirk","AbsoluteMagnitude"],"picked":"StarDustReverie","floor":16},{"not_picked":["SporeBomb","MilkyWay","EnergyRecoil"],"picked":"SKIP","floor":18},{"not_picked":["6A+1","SporeBomb+1"],"picked":"EarthLightRay+1","floor":21}],"player_experience":52346,"relics_obtained":[{"floor":6,"key":"Darkstone Periapt"},{"floor":8,"key":"Lizard Tail"},{"floor":9,"key":"Bag of Preparation"}],"event_choices":[{"damage_healed":0,"gold_gain":75,"player_choice":"Touch","damage_taken":7,"max_hp_gain":0,"max_hp_loss":0,"event_name":"FaceTrader","floor":2,"gold_loss":0},{"damage_healed":0,"gold_gain":175,"player_choice":"AGREE","damage_taken":0,"max_hp_gain":0,"max_hp_loss":0,"event_name":"Liars Game","floor":5,"gold_loss":0,"cards_obtained":["Doubt"]}],"is_beta":false,"boss_relics":[{"not_picked":["Snecko Eye","Astrolabe"],"picked":"BewitchedHakkero"}],"items_purged_floors":[3,11,19],"is_endless":false,"potions_floor_spawned":[4,6,10,14,18],"killed_by":"Snake Plant","ascension_level":0}}