{"host":"dl909bjyolgrn2uw","time":1611949290,"event":{"mods":["2.2 Compatiblity","AlwaysNeverKeys","BaseMod","Bestiary","Better Altar","Better Note","Better Sensory Stone","Better Skull","Better Vampires","Better-Laid Plans","BetterRewards","Colored Powertips","Curses Come First","Disable Question Mark Monsters","Displayed Cursed Tome","Emptier Cage","Evolution","Minty Spire (QoL Compilation)","Permanent Neow","Quick Restart","Rare Cards Sparkle","Relic Stats","Shop Mod","Spicy Shops","StSLib","SuperFastMode","Transform Curses"],"gold_per_floor":[116,116,116,133,148,178,178,208,208,239,251,267,286,303,303,379,379,397,397,427,22,41,41,71,71,71,103,17,44,63,78,78,154,154,171,186,197,197,212,541,555,555,555,610,610,620,646,9,9,9],"floor_reached":51,"language":"ENG","playtime":3190,"items_purged":["Strike_G","Strike_G","Strike_G","Strike_G","Defend_G","Defend_G"],"score":2535,"play_id":"3dc0c1b2-5cc9-446e-8575-8864aab66c9f","local_time":"20210129134130","is_ascension_mode":true,"campfire_choices":[{"data":"Accuracy","floor":7.0,"key":"SMITH"},{"data":"Infinite Blades","floor":15.0,"key":"SMITH"},{"data":"Acrobatics","floor":23.0,"key":"SMITH"},{"data":"After Image","floor":25.0,"key":"SMITH"},{"data":"Backflip","floor":32,"key":"SMITH"},{"data":"Adrenaline","floor":45,"key":"SMITH"},{"data":"Well Laid Plans","floor":49,"key":"SMITH"}],"circlet_count":0,"master_deck":["AscendersBane","Defend_G","Defend_G","Defend_G","Survivor+1","Neutralize","Accuracy","Blade Dance","Infinite Blades+1","Leg Sweep","Accuracy+1","Apotheosis+1","Cloak And Dagger+1","Footwork+1","PiercingWail","Acrobatics+1","Blade Dance","After Image+1","Blade Dance","Dodge and Roll","Prepared","Die Die Die","Acrobatics+1","Well Laid Plans+1","Backflip","Backflip+1","Tactician+1","Adrenaline+1","Accuracy"],"relics":["Ring of the Snake","EVO:Axolotl","Ornamental Fan","Ninja Scroll","Membership Card","Vajra","Omamori","Shuriken","War Paint","Tingsha","Letter Opener","Juzu Bracelet","Busted Crown","Bloody Idol","Red Mask","White Beast Statue","Potion Belt","Darkstone Periapt","Ancient Tea Set","Dead Branch","Singing Bowl","Coffee Dripper","Old Coin","InkBottle","CaptainsWheel","Orichalcum","Medical Kit","Kunai","Toy Ornithopter","Strawberry"],"acts_visited":["TheCity","TheBeyond"],"potions_floor_usage":[],"damage_taken":[{"damage":0.0,"enemies":"2 Louse","floor":1.0,"turns":1.0},{"damage":0.0,"enemies":"Jaw Worm","floor":4.0,"turns":1.0},{"damage":0.0,"enemies":"Small Slimes","floor":5.0,"turns":1.0},{"damage":2.0,"enemies":"Lagavulin","floor":6.0,"turns":4.0},{"damage":0.0,"enemies":"3 Sentries","floor":8.0,"turns":3.0},{"damage":0.0,"enemies":"Lagavulin","floor":10.0,"turns":3.0},{"damage":0.0,"enemies":"Looter","floor":11.0,"turns":1.0},{"damage":0.0,"enemies":"2 Fungi Beasts","floor":12.0,"turns":1.0},{"damage":0.0,"enemies":"Gremlin Gang","floor":13.0,"turns":2.0},{"damage":1.0,"enemies":"Large Slime","floor":14.0,"turns":3.0},{"damage":0.0,"enemies":"The Guardian","floor":16.0,"turns":3.0},{"damage":0.0,"enemies":"Shell Parasite","floor":18.0,"turns":3.0},{"damage":0.0,"enemies":"Masked Bandits","floor":20.0,"turns":3.0},{"damage":0.0,"enemies":"2 Thieves","floor":22.0,"turns":2.0},{"damage":0.0,"enemies":"Book of Stabbing","floor":24.0,"turns":2.0},{"damage":0.0,"enemies":"Slavers","floor":27.0,"turns":6.0},{"damage":0,"enemies":"Gremlin Leader","floor":29,"turns":2},{"damage":1,"enemies":"Snake Plant","floor":30,"turns":2},{"damage":0,"enemies":"Cultist and Chosen","floor":31,"turns":1},{"damage":0,"enemies":"Automaton","floor":33,"turns":3},{"damage":0,"enemies":"3 Darklings","floor":35,"turns":3},{"damage":0,"enemies":"Orb Walker","floor":36,"turns":2},{"damage":0,"enemies":"Maw","floor":37,"turns":3},{"damage":0,"enemies":"Writhing Mass","floor":39,"turns":3},{"damage":0,"enemies":"Nemesis","floor":40,"turns":3},{"damage":0,"enemies":"Transient","floor":41,"turns":5},{"damage":0,"enemies":"2 Orb Walkers","floor":44,"turns":3},{"damage":0,"enemies":"3 Darklings","floor":46,"turns":1},{"damage":0,"enemies":"Reptomancer","floor":47,"turns":3},{"damage":0,"enemies":"Donu and Deca","floor":50,"turns":3}],"seed_played":"702791372385034993","potions_obtained":[{"floor":5.0,"key":"Fire Potion"},{"floor":6.0,"key":"SteroidPotion"},{"floor":13.0,"key":"FearPotion"},{"floor":20.0,"key":"PowerPotion"},{"floor":22.0,"key":"Dexterity Potion"},{"floor":24.0,"key":"BlessingOfTheForge"},{"floor":27.0,"key":"GhostInAJar"},{"floor":31,"key":"SteroidPotion"},{"floor":37,"key":"EntropicBrew"}],"is_trial":false,"path_per_floor":["M","?","?","M","M","E","R","E","T","E","M","M","M","M","R","B",null,"M","?","?","$","M","R","E","R","T","E","$","E","M","M","R","B",null,"M","M","M","?","M","E","M","?","T","?","R","M","E","$","R","B",null],"character_chosen":"THE_SILENT","items_purchased":["Accuracy","Ornamental Fan","Ninja Scroll","Blade Dance","Infinite Blades","Membership Card","Leg Sweep","Vajra","Accuracy","Omamori","Shuriken","Apotheosis","Cloak And Dagger","Footwork","White Beast Statue","Potion Belt","Well Laid Plans","Backflip","Medical Kit","Accuracy","Kunai","Toy Ornithopter","CultistPotion","Strawberry"],"campfire_rested":0,"item_purchase_floors":[0,0,0,0,0,0,0,0,0,0,0,0,0,0,21,21,21,28,48,48,48,48,48,48],"current_hp_per_floor":[59,39,39,39,39,37,37,37,37,37,37,37,37,36,36,36,59,59,4,27,27,37,37,42,42,42,47,47,52,58,65,65,70,70,72,74,76,80,82,84,86,86,86,88,88,90,92,99,99,99],"gold":9,"neow_bonus":"","is_daily":false,"chose_seed":false,"campfire_upgraded":7,"win_rate":0.0,"timestamp":1611949290,"path_taken":["M","?","?","M","M","E","R","E","T","E","M","M","M","M","R","BOSS","M","?","?","$","M","R","E","R","T","E","$","E","M","M","R","BOSS","M","M","M","?","M","E","M","?","T","?","R","M","E","$","R","BOSS"],"items_purchased_type":["Card","Relic","Relic","Card","Card","Relic","Card","Relic","Card","Relic","Relic","Card","Card","Card","Relic","Relic","Card","Card","Relic","Card","Relic","Relic","Potion","Relic"],"build_version":"2020-12-22","purchased_purges":6,"victory":true,"max_hp_per_floor":[66,66,66,66,66,66,66,66,66,66,66,66,66,66,66,66,66,66,66,66,66,66,66,66,66,66,66,66,66,68,70,70,70,70,72,74,76,80,82,84,86,86,86,88,88,90,92,99,99,99],"relic_stats":{"Darkstone Periapt":0,"Singing Bowl":44,"counters":[143,611],"Dead Branch":[232],"Tingsha":[286],"Juzu Bracelet":1,"Letter Opener":[294],"War Paint":["Deflect","Defend_G","Survivor","Acrobatics"],"Orichalcum":[0],"Medical Kit":[0],"Busted Crown":40,"Ornamental Fan":[448],"Shuriken":[167],"Bloody Idol":45,"Kunai":[8],"obtain_stats":[{"Ice Cream":19,"Gremlin Horn":9,"Vajra":6,"EVO:Axolotl":0,"Whetstone":46,"Boot":48,"Sling":37,"Old Coin":40,"Centennial Puzzle":43,"HornCleat":29,"DollysMirror":47,"Strawberry":27,"MealTicket":7,"Prayer Wheel":0,"Necronomicon":20,"Kunai":48,"Astrolabe":17,"Dead Branch":27,"Oddly Smooth Stone":0,"Tingsha":8,"Pen Nib":24,"Letter Opener":26,"War Paint":12,"Paper Crane":12,"Akabeko":42,"Du-Vu Doll":12,"Runic Dome":0,"OrangePellets":0,"Shuriken":46,"Molten Egg 2":43,"Pandora\u0027s Box":17,"StrikeDummy":31,"Meat on the Bone":47,"Darkstone Periapt":24,"Regal Pillow":11,"Singing Bowl":9,"Mango":14,"StoneCalendar":28,"Snake Skull":19,"Juzu Bracelet":8,"Ancient Tea Set":0,"ClockworkSouvenir":47,"Dream Catcher":12,"Nunchaku":37,"Shovel":45,"Ninja Scroll":25,"Pantograph":6,"Gambling Chip":0,"WingedGreaves":36,"Red Mask":30,"Cracked Core":0,"InkBottle":43,"Runic Pyramid":17,"Ring of the Snake":0,"Potion Belt":26,"Inserter":17,"Golden Idol":3,"Thread and Needle":43,"PreservedInsect":0,"Omamori":23,"Orichalcum":31,"Medical Kit":48,"White Beast Statue":40,"Mercury Hourglass":31,"Peace Pipe":44,"CaptainsWheel":42,"Anchor":26,"Busted Crown":34,"Ornamental Fan":47,"Bloody Idol":19,"Orrery":0,"Coffee Dripper":0,"Art of War":27,"Membership Card":19,"Bottled Lightning":25,"FossilizedHelix":37,"Toy Ornithopter":48},{"Ice Cream":12,"Gremlin Horn":24,"Vajra":65,"EVO:Axolotl":0,"Whetstone":86,"Boot":87,"Sling":106,"Old Coin":138,"Centennial Puzzle":57,"HornCleat":102,"DollysMirror":59,"Strawberry":101,"MealTicket":6,"Prayer Wheel":88,"Necronomicon":12,"Kunai":142,"Astrolabe":70,"Dead Branch":129,"Oddly Smooth Stone":60,"Tingsha":118,"Pen Nib":14,"Letter Opener":14,"War Paint":41,"Paper Crane":68,"Akabeko":85,"Du-Vu Doll":8,"Runic Dome":1,"OrangePellets":33,"Shuriken":86,"Molten Egg 2":85,"Pandora\u0027s Box":97,"StrikeDummy":79,"Meat on the Bone":59,"Darkstone Periapt":128,"Regal Pillow":95,"Singing Bowl":6,"Mango":27,"StoneCalendar":78,"Snake Skull":98,"Juzu Bracelet":24,"Ancient Tea Set":18,"ClockworkSouvenir":59,"Dream Catcher":26,"Nunchaku":82,"Shovel":110,"Ninja Scroll":49,"Pantograph":38,"Gambling Chip":88,"WingedGreaves":82,"Red Mask":50,"Cracked Core":0,"InkBottle":139,"Runic Pyramid":43,"Ring of the Snake":0,"Potion Belt":49,"Inserter":28,"Golden Idol":62,"Thread and Needle":108,"PreservedInsect":33,"Omamori":47,"Orichalcum":17,"Medical Kit":142,"White Beast Statue":56,"Mercury Hourglass":51,"Peace Pipe":58,"CaptainsWheel":57,"Anchor":77,"Busted Crown":52,"Ornamental Fan":59,"Bloody Idol":125,"Orrery":60,"Coffee Dripper":0,"Art of War":15,"Membership Card":12,"Bottled Lightning":77,"FossilizedHelix":106,"Toy Ornithopter":142},{"Ice Cream":38,"Gremlin Horn":75,"Vajra":292,"EVO:Axolotl":0,"Whetstone":410,"Boot":415,"Sling":499,"Old Coin":596,"Centennial Puzzle":264,"HornCleat":482,"DollysMirror":275,"Strawberry":479,"MealTicket":19,"Prayer Wheel":422,"Necronomicon":38,"Kunai":608,"Astrolabe":312,"Dead Branch":574,"Oddly Smooth Stone":280,"Tingsha":545,"Pen Nib":45,"Letter Opener":45,"War Paint":165,"Paper Crane":298,"Akabeko":405,"Du-Vu Doll":23,"Runic Dome":1,"OrangePellets":129,"Shuriken":410,"Molten Egg 2":405,"Pandora\u0027s Box":462,"StrikeDummy":361,"Meat on the Bone":275,"Darkstone Periapt":568,"Regal Pillow":453,"Singing Bowl":19,"Mango":90,"StoneCalendar":352,"Snake Skull":468,"Juzu Bracelet":75,"Ancient Tea Set":58,"ClockworkSouvenir":275,"Dream Catcher":86,"Nunchaku":386,"Shovel":515,"Ninja Scroll":216,"Pantograph":148,"Gambling Chip":422,"WingedGreaves":386,"Red Mask":221,"Cracked Core":0,"InkBottle":601,"Runic Pyramid":178,"Ring of the Snake":0,"Potion Belt":216,"Inserter":101,"Golden Idol":283,"Thread and Needle":503,"PreservedInsect":129,"Omamori":203,"Orichalcum":55,"Medical Kit":608,"White Beast Statue":258,"Mercury Hourglass":229,"Peace Pipe":270,"CaptainsWheel":264,"Anchor":347,"Busted Crown":236,"Ornamental Fan":275,"Bloody Idol":561,"Orrery":280,"Coffee Dripper":0,"Art of War":48,"Membership Card":38,"Bottled Lightning":347,"FossilizedHelix":499,"Toy Ornithopter":608}],"InkBottle":[9],"Toy Ornithopter":0,"Ring of the Snake":[218]},"card_choices":[{"not_picked":["Bane","Finisher"],"picked":"PiercingWail","floor":1.0},{"not_picked":["Deflect","Dagger Throw"],"picked":"Acrobatics","floor":4.0},{"not_picked":["Caltrops","Dagger Throw","Underhanded Strike"],"picked":"SKIP","floor":5.0},{"not_picked":["Choke","Slice"],"picked":"Blade Dance","floor":6.0},{"not_picked":["Riddle With Holes","Underhanded Strike"],"picked":"After Image","floor":8.0},{"not_picked":["Flechettes","Grand Finale","Sucker Punch"],"picked":"SKIP","floor":10.0},{"not_picked":["Deflect","Dash"],"picked":"Blade Dance","floor":11.0},{"not_picked":["Dodge and Roll","Heel Hook","Quick Slash"],"picked":"SKIP","floor":12.0},{"not_picked":["Eviscerate","Skewer"],"picked":"Dodge and Roll","floor":13.0},{"not_picked":["Dagger Throw","Deflect"],"picked":"Prepared","floor":14.0},{"not_picked":["After Image","Malaise"],"picked":"Die Die Die","floor":16.0},{"not_picked":["Riddle With Holes"],"picked":"SKIP","floor":18.0},{"not_picked":[],"picked":"Acrobatics","floor":20.0},{"not_picked":["Dagger Spray"],"picked":"SKIP","floor":22.0},{"not_picked":["Glass Knife"],"picked":"SKIP","floor":24.0},{"not_picked":[],"picked":"Backflip","floor":27.0},{"not_picked":[],"picked":"Tactician+1","floor":29},{"not_picked":["Reflex"],"picked":"Singing Bowl","floor":30},{"not_picked":["Bane"],"picked":"Singing Bowl","floor":31},{"not_picked":[],"picked":"Adrenaline","floor":33},{"not_picked":["Backflip+1"],"picked":"Singing Bowl","floor":35},{"not_picked":["Underhanded Strike"],"picked":"Singing Bowl","floor":36},{"not_picked":["Backflip+1"],"picked":"Singing Bowl","floor":37},{"not_picked":["Discovery"],"picked":"Singing Bowl","floor":38},{"not_picked":["Good Instincts"],"picked":"Singing Bowl","floor":38},{"not_picked":["Flying Knee+1"],"picked":"Singing Bowl","floor":39},{"not_picked":["Deadly Poison"],"picked":"Singing Bowl","floor":40},{"not_picked":["Dagger Spray"],"picked":"Singing Bowl","floor":41},{"not_picked":["Dodge and Roll"],"picked":"Singing Bowl","floor":44},{"not_picked":["Catalyst+1"],"picked":"Singing Bowl","floor":46},{"not_picked":["Deflect"],"picked":"Singing Bowl","floor":47}],"player_experience":334751,"relics_obtained":[{"floor":6.0,"key":"War Paint"},{"floor":8.0,"key":"Tingsha"},{"floor":9.0,"key":"Letter Opener"},{"floor":10.0,"key":"Juzu Bracelet"},{"floor":20.0,"key":"Red Mask"},{"floor":24.0,"key":"Darkstone Periapt"},{"floor":26.0,"key":"Ancient Tea Set"},{"floor":27.0,"key":"Dead Branch"},{"floor":29,"key":"Singing Bowl"},{"floor":40,"key":"Old Coin"},{"floor":43,"key":"InkBottle"},{"floor":44,"key":"CaptainsWheel"},{"floor":47,"key":"Orichalcum"}],"event_choices":[{"damage_healed":0.0,"max_hp_gain":0.0,"max_hp_loss":0.0,"gold_gain":0.0,"event_name":"Shining Light","player_choice":"Entered Light","floor":2.0,"gold_loss":0.0,"damage_taken":20.0,"cards_upgraded":["Cloak And Dagger","Footwork"]},{"damage_healed":0.0,"max_hp_gain":0.0,"max_hp_loss":0.0,"gold_gain":0.0,"event_name":"Living Wall","player_choice":"Grow","floor":3.0,"gold_loss":0.0,"damage_taken":0.0,"cards_upgraded":["Apotheosis"]},{"damage_healed":0.0,"max_hp_gain":59.0,"max_hp_loss":4.0,"gold_gain":0.0,"event_name":"betterAltar:BetterAltar","player_choice":" Idol Potion ","floor":19.0,"potions_obtained":["betterAltar:AltarPotion"],"relics_lost":[],"gold_loss":0.0,"damage_taken":55.0,"relics_obtained":["Bloody Idol"]},{"damage_healed":0.0,"max_hp_gain":0.0,"max_hp_loss":0.0,"gold_gain":0.0,"event_name":"Masked Bandits","player_choice":"Fought Bandits","floor":20.0,"gold_loss":0.0,"damage_taken":0.0},{"damage_healed":0,"gold_gain":3,"player_choice":"1","damage_taken":0,"max_hp_gain":0,"max_hp_loss":0,"event_name":"betterStone:BetterStone","floor":38,"gold_loss":0},{"cards_removed":["Strike_G"],"damage_healed":0,"gold_gain":0,"player_choice":"Purged","damage_taken":0,"max_hp_gain":0,"max_hp_loss":0,"event_name":"Purifier","floor":42,"gold_loss":0},{"damage_healed":0,"gold_gain":0,"player_choice":"Fight","damage_taken":0,"max_hp_gain":0,"max_hp_loss":0,"event_name":"Mysterious Sphere","floor":44,"gold_loss":0}],"is_beta":false,"boss_relics":[{"not_picked":["SlaversCollar","Black Star"],"picked":"Busted Crown"},{"not_picked":["Pandora\u0027s Box","Fusion Hammer"],"picked":"Coffee Dripper"}],"items_purged_floors":[0,0,21,21,48,48],"is_endless":false,"potions_floor_spawned":[5,6,10,13,14,20,22,24,27,29,30,31,33,35,36,37,39,40,41,44,46,47],"ascension_level":16}}