{"host":"zk71suw73lg2r165","time":1611886806,"event":{"mods":["BaseMod","Colored Map","Minty Spire (QoL Compilation)","Permanent Neow","Relic Stats","StSLib"],"gold_per_floor":[110,126,140,152,169,202,202,218,218,243,8,21,46,66,66,66,66],"floor_reached":16,"language":"ENG","playtime":655,"items_purged":["Strike_R"],"score":252,"play_id":"ce0b5717-8965-4c25-9518-79fe38b6b4b0","local_time":"20210128212006","is_ascension_mode":true,"campfire_choices":[{"data":"Uppercut","floor":7.0,"key":"SMITH"},{"floor":15.0,"key":"REST"}],"circlet_count":0,"master_deck":["AscendersBane","Strike_R","Strike_R","Strike_R","Strike_R","Defend_R","Defend_R","Defend_R","Defend_R","Bash+1","Iron Wave","True Grit","Ghostly Armor","Uppercut+1","Shrug It Off","Pommel Strike","Burning Pact","Demon Form"],"relics":["Burning Blood","Omamori","Ornamental Fan","Mummified Hand","Orichalcum","White Beast Statue"],"acts_visited":["Exordium"],"potions_floor_usage":[16],"damage_taken":[{"damage":9.0,"enemies":"Jaw Worm","floor":1.0,"turns":4.0},{"damage":9.0,"enemies":"2 Louse","floor":2.0,"turns":3.0},{"damage":4.0,"enemies":"Small Slimes","floor":3.0,"turns":4.0},{"damage":43.0,"enemies":"Exordium Thugs","floor":4.0,"turns":10.0},{"damage":5.0,"enemies":"2 Fungi Beasts","floor":5.0,"turns":4.0},{"damage":16.0,"enemies":"Gremlin Nob","floor":6.0,"turns":4.0},{"damage":3.0,"enemies":"Red Slaver","floor":8.0,"turns":4.0},{"damage":31.0,"enemies":"3 Sentries","floor":10.0,"turns":11.0},{"damage":2.0,"enemies":"Exordium Wildlife","floor":12.0,"turns":5.0},{"damage":11.0,"enemies":"Lagavulin","floor":13.0,"turns":6.0},{"damage":1.0,"enemies":"3 Louse","floor":14.0,"turns":5.0},{"damage":59,"enemies":"Slime Boss","floor":16,"turns":10}],"seed_played":"-9222881343095511319","potions_obtained":[{"floor":3.0,"key":"Fire Potion"},{"floor":4.0,"key":"Dexterity Potion"},{"floor":6.0,"key":"FairyPotion"},{"floor":12.0,"key":"DistilledChaos"},{"floor":14.0,"key":"DistilledChaos"}],"is_trial":false,"path_per_floor":["M","M","M","M","M","E","R","M","T","E","$","M","E","M","R","B"],"character_chosen":"IRONCLAD","items_purchased":["Orichalcum"],"campfire_rested":1,"item_purchase_floors":[11],"current_hp_per_floor":[65,62,64,27,28,18,18,21,21,23,23,27,22,27,49,0,0],"gold":66,"neow_bonus":"UPGRADE_CARD","is_daily":false,"chose_seed":false,"campfire_upgraded":1,"win_rate":0.0,"timestamp":1611886806,"path_taken":["M","M","M","M","M","E","R","M","T","E","$","M","E","M","R","BOSS"],"items_purchased_type":["Relic"],"build_version":"2020-12-22","purchased_purges":1,"victory":false,"max_hp_per_floor":[75,75,75,75,75,75,75,75,75,75,75,75,75,75,75,75,75],"relic_stats":{"counters":[12,70],"Ornamental Fan":[12],"Mummified Hand":[2],"Orichalcum":[54],"obtain_stats":[{"Ornamental Fan":9,"Mummified Hand":10,"Omamori":6,"Orichalcum":11,"Burning Blood":0,"White Beast Statue":13},{"Ornamental Fan":7,"Mummified Hand":8,"Omamori":6,"Orichalcum":8,"Burning Blood":0,"White Beast Statue":10},{"Ornamental Fan":33,"Mummified Hand":44,"Omamori":29,"Orichalcum":44,"Burning Blood":0,"White Beast Statue":55}],"Burning Blood":66},"card_choices":[{"not_picked":["Body Slam","Sentinel"],"picked":"Iron Wave","floor":1.0},{"not_picked":["Wild Strike","Fire Breathing"],"picked":"True Grit","floor":2.0},{"not_picked":["Headbutt","Flex"],"picked":"Ghostly Armor","floor":3.0},{"not_picked":["Exhume","Wild Strike"],"picked":"Uppercut","floor":4.0},{"not_picked":["Anger","True Grit"],"picked":"Shrug It Off","floor":5.0},{"not_picked":["Iron Wave","Armaments","Fire Breathing"],"picked":"SKIP","floor":6.0},{"not_picked":["Reckless Charge","Armaments"],"picked":"Pommel Strike","floor":8.0},{"not_picked":["Uppercut","Twin Strike","True Grit"],"picked":"SKIP","floor":10.0},{"not_picked":["Armaments","Warcry","Pommel Strike"],"picked":"SKIP","floor":12.0},{"not_picked":["Sever Soul","Pommel Strike"],"picked":"Burning Pact","floor":13.0},{"not_picked":["Uppercut","Battle Trance"],"picked":"Demon Form","floor":14.0}],"player_experience":1408869,"relics_obtained":[{"floor":6.0,"key":"Omamori"},{"floor":9.0,"key":"Ornamental Fan"},{"floor":10.0,"key":"Mummified Hand"},{"floor":13.0,"key":"White Beast Statue"}],"event_choices":[],"is_beta":false,"boss_relics":[],"items_purged_floors":[11],"is_endless":false,"potions_floor_spawned":[3,4,6,12,14],"killed_by":"Slime Boss","ascension_level":20}}