{"host":"jm9833yuloeli2yd","time":1611931676,"event":{"mods":["BaseMod","Better Altar","Better Match","Better Note","Better Sensory Stone","Better Skull","Better Third Choice","Better Vampires","BetterRewards","Colored Map","Colored Powertips","DeckTracker","Minty Spire (QoL Compilation)","Permanent Neow","Quick Restart","Slay-I","StSLib","SuperFastMode"],"gold_per_floor":[112,123,142,155,170,199,209,243,243,243,255,255,281,292,292,369,369,387,387,403,318,331,344,358,7,7,27,59,85,117,136,136,212,212,224,224,238,248,248,248,273,273,298,330,346,346,364,375,375,375,375],"floor_reached":50,"language":"ENG","playtime":1732,"items_purged":[],"score":1169,"play_id":"ad90b1d8-3bef-4b88-8b1c-c9e54fac033a","local_time":"20210129094756","is_ascension_mode":true,"campfire_choices":[{"data":"Loop","floor":10.0,"key":"SMITH"},{"floor":12.0,"key":"REST"},{"data":"Dualcast","floor":15.0,"key":"SMITH"},{"data":"Defragment","floor":32,"key":"SMITH"},{"data":"Go for the Eyes","floor":40,"key":"SMITH"},{"floor":42,"key":"RECALL"},{"data":"Zap","floor":49,"key":"SMITH"}],"circlet_count":0,"master_deck":["AscendersBane","Strike_B","Strike_B","Defend_B","Defend_B","Defend_B","Defend_B","Zap+1","Dualcast+1","Electrodynamics","BootSequence","Coolheaded","Loop+1","Sweeping Beam","Go for the Eyes","Biased Cognition","Coolheaded","Go for the Eyes+1","Force Field+1","Ball Lightning","Biased Cognition","Coolheaded+1","Ball Lightning","Cold Snap","Defragment+1","FTL+1","Self Repair","White Noise+1","Chaos+1","Steam+1","Hologram+1","Reinforced Body+1","Rainbow+1","Pain","Turbo+1","Glacier+1","Reboot+1","Recycle+1"],"relics":["Cracked Core","Happy Flower","Centennial Puzzle","Cables","Toxic Egg 2","Inserter","Meat on the Bone","Eternal Feather","Bottled Lightning","Letter Opener","Lantern","Bottled Tornado","Runic Pyramid","WarpedTongs","Sundial","Bag of Marbles","Incense Burner"],"acts_visited":["Exordium","TheCity","TheBeyond"],"potions_floor_usage":[44],"damage_taken":[{"damage":1.0,"enemies":"Cultist","floor":1.0,"turns":3.0},{"damage":4.0,"enemies":"Small Slimes","floor":2.0,"turns":3.0},{"damage":0.0,"enemies":"Jaw Worm","floor":3.0,"turns":3.0},{"damage":2.0,"enemies":"Large Slime","floor":4.0,"turns":4.0},{"damage":0.0,"enemies":"Red Slaver","floor":5.0,"turns":4.0},{"damage":11.0,"enemies":"Lagavulin","floor":6.0,"turns":6.0},{"damage":0.0,"enemies":"2 Fungi Beasts","floor":7.0,"turns":3.0},{"damage":15.0,"enemies":"3 Sentries","floor":8.0,"turns":3.0},{"damage":15.0,"enemies":"3 Louse","floor":11.0,"turns":3.0},{"damage":3.0,"enemies":"Lagavulin","floor":13.0,"turns":6.0},{"damage":5.0,"enemies":"Gremlin Gang","floor":14.0,"turns":2.0},{"damage":1.0,"enemies":"The Guardian","floor":16.0,"turns":9.0},{"damage":7.0,"enemies":"Shell Parasite","floor":18.0,"turns":3.0},{"damage":9.0,"enemies":"Spheric Guardian","floor":20.0,"turns":4.0},{"damage":0.0,"enemies":"3 Cultists","floor":22.0,"turns":4.0},{"damage":14.0,"enemies":"Snake Plant","floor":23.0,"turns":3.0},{"damage":7.0,"enemies":"Centurion and Healer","floor":24.0,"turns":5.0},{"damage":8.0,"enemies":"Shelled Parasite and Fungi","floor":27.0,"turns":2.0},{"damage":13.0,"enemies":"Slavers","floor":28.0,"turns":3.0},{"damage":12.0,"enemies":"Gremlin Leader","floor":30.0,"turns":4.0},{"damage":0,"enemies":"Chosen and Byrds","floor":31,"turns":3},{"damage":1,"enemies":"Automaton","floor":33,"turns":9},{"damage":0,"enemies":"Orb Walker","floor":35,"turns":3},{"damage":2,"enemies":"3 Shapes","floor":37,"turns":2},{"damage":0,"enemies":"Jaw Worm Horde","floor":38,"turns":2},{"damage":18,"enemies":"Reptomancer","floor":41,"turns":4},{"damage":54,"enemies":"Giant Head","floor":44,"turns":12},{"damage":5,"enemies":"Transient","floor":45,"turns":6},{"damage":15,"enemies":"Maw","floor":47,"turns":6},{"damage":8,"enemies":"Spire Growth","floor":48,"turns":6},{"damage":72,"enemies":"Awakened One","floor":50,"turns":8}],"seed_played":"-1731690086607278254","potions_obtained":[{"floor":1.0,"key":"Explosive Potion"},{"floor":3.0,"key":"Strength Potion"},{"floor":11.0,"key":"Fruit Juice"},{"floor":14.0,"key":"Swift Potion"},{"floor":22.0,"key":"AttackPotion"},{"floor":28.0,"key":"EntropicBrew"},{"floor":33,"key":"EssenceOfDarkness"},{"floor":44,"key":"DistilledChaos"}],"is_trial":false,"path_per_floor":["M","M","M","M","M","E","M","E","T","R","M","R","E","M","R","B",null,"M","?","M","?","M","M","M","$","T","M","E","T","E","M","R","B",null,"M","?","M","M","?","R","E","R","T","E","M","?","M","M","R","B"],"character_chosen":"DEFECT","items_purchased":["Eternal Feather","White Noise+1"],"campfire_rested":1,"item_purchase_floors":[25,25],"current_hp_per_floor":[63,59,59,57,57,46,46,31,31,31,16,35,32,32,32,31,60,53,53,44,44,44,42,35,35,35,39,38,38,45,52,69,69,69,69,69,67,67,67,69,58,69,69,37,54,54,39,50,69,0,0],"gold":375,"neow_bonus":"THREE_RARE_CARDS","is_daily":false,"chose_seed":false,"campfire_upgraded":5,"win_rate":0.0,"timestamp":1611931676,"path_taken":["M","M","M","M","M","E","M","E","T","R","M","R","E","?","R","BOSS","M","?","M","?","M","M","M","$","T","M","E","?","E","M","R","BOSS","M","?","?","M","?","R","E","R","T","E","M","?","?","M","R","BOSS"],"items_purchased_type":["Relic","Card"],"build_version":"2020-12-22","purchased_purges":0,"victory":false,"max_hp_per_floor":[64,64,64,64,64,64,64,64,64,64,64,64,64,69,69,69,69,69,69,69,69,69,69,69,69,69,69,69,69,69,69,69,69,69,69,69,69,69,69,69,69,69,69,69,69,69,69,69,69,69,69],"card_choices":[{"not_picked":["Seek","Thunder Strike"],"picked":"Electrodynamics","floor":0.0},{"not_picked":["Blizzard","Hello World"],"picked":"BootSequence","floor":1.0},{"not_picked":["Turbo","Gash"],"picked":"Coolheaded","floor":2.0},{"not_picked":["Coolheaded","Redo"],"picked":"Loop","floor":3.0},{"not_picked":["Steam","Leap"],"picked":"Sweeping Beam","floor":4.0},{"not_picked":["Reinforced Body","Stack"],"picked":"Go for the Eyes","floor":5.0},{"not_picked":["Stack","Barrage"],"picked":"Streamline","floor":6.0},{"not_picked":["Barrage","BootSequence"],"picked":"Biased Cognition","floor":7.0},{"not_picked":["Compile Driver","White Noise"],"picked":"Coolheaded","floor":8.0},{"not_picked":["Sweeping Beam","Turbo"],"picked":"Go for the Eyes","floor":11.0},{"not_picked":["Blizzard","Thunder Strike"],"picked":"Force Field+1","floor":13.0},{"not_picked":["Go for the Eyes","Scrape"],"picked":"Ball Lightning","floor":14.0},{"not_picked":["All For One","Fission+1"],"picked":"Biased Cognition","floor":16.0},{"not_picked":["Redo+1","Beam Cell"],"picked":"Coolheaded+1","floor":18.0},{"not_picked":["Skim+1","Gash"],"picked":"Defragment","floor":20.0},{"not_picked":["Cold Snap","Go for the Eyes","Tempest+1"],"picked":"SKIP","floor":22.0},{"not_picked":["Coolheaded+1","Compile Driver"],"picked":"FTL+1","floor":23.0},{"not_picked":["Sunder","Aggregate+1"],"picked":"Self Repair","floor":24.0},{"not_picked":["Self Repair+1","Creative AI"],"picked":"Chaos+1","floor":27.0},{"not_picked":["Darkness+1","Rebound"],"picked":"Steam+1","floor":28.0},{"not_picked":["Self Repair","Beam Cell"],"picked":"Hologram+1","floor":30.0},{"not_picked":["Recycle+1","Gash+1"],"picked":"Reinforced Body+1","floor":31},{"not_picked":["Thunder Strike","Machine Learning"],"picked":"Rainbow+1","floor":33},{"not_picked":["Stack+1","Auto Shields+1","Redo+1"],"picked":"SKIP","floor":35},{"not_picked":["Stack+1","Heatsinks"],"picked":"Turbo+1","floor":37},{"not_picked":["Compile Driver","Rip and Tear","Turbo+1"],"picked":"SKIP","floor":38},{"not_picked":["Beam Cell+1","Stack+1"],"picked":"Glacier+1","floor":41},{"not_picked":["Melter","Heatsinks"],"picked":"Reboot+1","floor":44},{"not_picked":["Fusion+1","Reprogram+1","Conserve Battery+1"],"picked":"SKIP","floor":45},{"not_picked":["Redo+1","Ball Lightning","Darkness+1"],"picked":"SKIP","floor":47},{"not_picked":["Redo+1","Streamline"],"picked":"Recycle+1","floor":48}],"player_experience":1337686,"relics_obtained":[{"floor":6.0,"key":"Happy Flower"},{"floor":8.0,"key":"Centennial Puzzle"},{"floor":9.0,"key":"Cables"},{"floor":13.0,"key":"Toxic Egg 2"},{"floor":26.0,"key":"Bottled Lightning"},{"floor":28.0,"key":"Letter Opener"},{"floor":29.0,"key":"Lantern"},{"floor":30.0,"key":"Bottled Tornado"},{"floor":41,"key":"Sundial"},{"floor":44,"key":"Bag of Marbles"}],"event_choices":[{"damage_healed":0.0,"max_hp_gain":0.0,"max_hp_loss":0.0,"gold_gain":0.0,"cards_transformed":["Strike_B","Strike_B"],"event_name":"Drug Dealer","player_choice":"Became Test Subject","floor":19.0,"gold_loss":0.0,"damage_taken":0.0,"cards_obtained":["Ball Lightning","Cold Snap"]},{"damage_healed":0.0,"max_hp_gain":0.0,"max_hp_loss":0.0,"gold_gain":0.0,"event_name":"Addict","player_choice":"Obtained Relic","floor":21.0,"gold_loss":85.0,"damage_taken":0.0,"relics_obtained":["Meat on the Bone"]},{"damage_healed":0,"gold_gain":0,"player_choice":"Rummage","damage_taken":0,"relics_obtained":["WarpedTongs"],"max_hp_gain":0,"max_hp_loss":0,"event_name":"Accursed Blacksmith","floor":36,"gold_loss":0,"cards_obtained":["Pain"]},{"cards_removed":["Streamline"],"damage_healed":0,"gold_gain":0,"player_choice":"Removed Attack","damage_taken":0,"max_hp_gain":0,"max_hp_loss":0,"event_name":"Falling","floor":39,"gold_loss":0},{"damage_healed":0,"gold_gain":0,"player_choice":"Gave Potion","damage_taken":0,"relics_obtained":["Incense Burner"],"max_hp_gain":0,"max_hp_loss":0,"event_name":"WeMeetAgain","floor":46,"gold_loss":0}],"is_beta":false,"boss_relics":[{"not_picked":["Snecko Eye","Cursed Key"],"picked":"Inserter"},{"not_picked":["FrozenCore","Nuclear Battery"],"picked":"Runic Pyramid"}],"items_purged_floors":[],"is_endless":false,"potions_floor_spawned":[1,3,11,14,22,24,27,28,33,37,38,41,44],"killed_by":"Awakened One","ascension_level":20}}