{"host":"9slw7l0ws16384qq","time":1611919243,"event":{"mods":["A Penny For Your Troubles","BaseMod","Colored Map","Downfall","Evolution","Hubris","Minty Spire (QoL Compilation)","Replay The Spire","StS++","StSLib"],"gold_per_floor":[99,111,125,145,145,145,168,202,202,216,216,216,216,234,253,253,253,253],"floor_reached":16,"language":"FRA","playtime":647,"items_purged":[],"score":127,"play_id":"eae72a60-697d-4585-8b16-d24ef53eb716","local_time":"20210129122043","is_ascension_mode":false,"campfire_choices":[{"data":"bronze:Replicate","floor":1.0,"key":"SMITH"},{"data":"bronze:DarkDash","floor":6.0,"key":"SMITH"},{"data":"bronze:HyperBeam","floor":13.0,"key":"SMITH"}],"circlet_count":0,"master_deck":["bronze:Strike","bronze:Strike","bronze:Strike","bronze:Defend","bronze:Defend","bronze:Defend","bronze:Replicate+1","bronze:DarkDash+1","bronze:Frontload+1","bronze:HyperBeam+1"],"relics":["bronze:BronzeCore","EVO:Axolotl","Anchor","Bag of Preparation","Dead Branch","Blue Candle"],"acts_visited":["Exordium"],"potions_floor_usage":[16,16],"damage_taken":[{"damage":0.0,"enemies":"2 Louse","floor":2.0,"turns":3.0},{"damage":0.0,"enemies":"Small Slimes","floor":3.0,"turns":3.0},{"damage":0.0,"enemies":"Jaw Worm","floor":4.0,"turns":3.0},{"damage":0.0,"enemies":"Lagavulin","floor":8.0,"turns":6.0},{"damage":0.0,"enemies":"2 Fungi Beasts","floor":10.0,"turns":3.0},{"damage":0.0,"enemies":"Large Slime","floor":14.0,"turns":4.0},{"damage":0,"enemies":"Gremlin Gang","floor":15,"turns":3},{"damage":46,"enemies":"SI_SHIV_ARCHETYPE","floor":16,"turns":13}],"seed_played":"-6605190879531004536","potions_obtained":[{"floor":8.0,"key":"Adrenaline Potion"},{"floor":14,"key":"Toxic Potion"},{"floor":15,"key":"SmokeBomb"}],"is_trial":false,"path_per_floor":["R","M","M","M","?","R","T","E","?","M","?","?","R","M","M","B"],"character_chosen":"THE_AUTOMATON","items_purchased":[],"campfire_rested":0,"item_purchase_floors":[],"current_hp_per_floor":[63,63,63,63,51,51,51,51,46,46,46,46,46,46,46,0,0,0],"gold":253,"neow_bonus":"REMOVE_TWO","is_daily":false,"chose_seed":false,"campfire_upgraded":3,"win_rate":0.0,"timestamp":1611919243,"path_taken":["R","M","M","M","?","R","T","E","?","?","?","?","R","M","M","BOSS"],"items_purchased_type":[],"build_version":"2020-12-22","purchased_purges":0,"victory":false,"max_hp_per_floor":[63,63,63,63,63,63,63,63,63,63,63,63,63,63,63,63,63,63],"card_choices":[{"not_picked":["bronze:FineTuning","bronze:BuggyMess"],"picked":"bronze:DarkDash","floor":2.0},{"not_picked":["bronze:BitShift","bronze:FineTuning","bronze:Safeguard"],"picked":"SKIP","floor":3.0},{"not_picked":["bronze:BronzeOrb","bronze:WildBeam"],"picked":"bronze:Frontload","floor":4.0},{"not_picked":["bronze:ClassDefault","bronze:OilSpill"],"picked":"bronze:HyperBeam","floor":8.0},{"not_picked":["bronze:BronzeArmor","bronze:BugBarrage","bronze:Deprecate"],"picked":"SKIP","floor":10.0},{"not_picked":["bronze:MaxOutput","bronze:Deprecate","bronze:Iterate"],"picked":"SKIP","floor":14},{"not_picked":["bronze:CloningBeam","bronze:ClassDefault","bronze:FollowUp"],"picked":"SKIP","floor":15}],"player_experience":1536408,"relics_obtained":[{"floor":7.0,"key":"Bag of Preparation"},{"floor":8.0,"key":"Dead Branch"}],"event_choices":[{"damage_healed":0.0,"max_hp_gain":0.0,"max_hp_loss":0.0,"gold_gain":0.0,"event_name":"Scrap Ooze","player_choice":"Success","floor":5.0,"gold_loss":0.0,"damage_taken":12.0,"relics_obtained":["Anchor"]},{"damage_healed":0.0,"max_hp_gain":0.0,"max_hp_loss":0.0,"gold_gain":0.0,"event_name":"Living Wall","player_choice":"Grow","floor":11.0,"gold_loss":0.0,"damage_taken":0.0,"cards_upgraded":["bronze:Frontload"]}],"is_beta":false,"boss_relics":[],"items_purged_floors":[],"is_endless":false,"potions_floor_spawned":[8,14,15],"killed_by":"SI_SHIV_ARCHETYPE","ascension_level":0}}