{"host":"Sylvester","time":1611899427,"event":{"mods":["BaseMod","Colored Map","Lobotomy","Minty Spire (QoL Compilation)","Replay The Spire","StSLib"],"gold_per_floor":[118,128,128,128,148,182,182,182,258,290,2,2,2,22,22,122,122,132,132,150,150,75,75,100,0,0,32,32,44,64,74,74,74,74],"floor_reached":33,"language":"ENG","playtime":1972,"items_purged":["BlackSwan","CherryBlossoms"],"score":293,"play_id":"e07c4d26-f53a-46aa-a955-9152d92e4893","local_time":"20210128215027","is_ascension_mode":false,"campfire_choices":[{"floor":13,"key":"REST"},{"data":"All For One","floor":23,"key":"SMITH"},{"floor":28,"key":"RECALL"},{"floor":32,"key":"DIG"}],"circlet_count":0,"master_deck":["Defend_B","Defend_B","Defend_B","Defend_B+1","Zap","Dualcast","OSAHOGD","Rebound","Streamline","Woodsman","Electrodynamics+1","VoidDream","Coolheaded+1","FairyFestival","LongBird","Echo Form","Double Energy+1","Defragment+1","Force Field+1","GalaxyChild","HappyTeddy","Ball Lightning+1","All For One+1","MHz","Sunder+1","Scarecrow","CENSORED","QueenOfHatred"],"relics":["Cracked Core","CogitoBucket","Pen Nib","Regal Pillow","ReplayTheSpireMod:Ring of Collecting","Ring of Panic","Ring of Fury","PreservedInsect","Torii","BackwardClock","Astrolabe","Omamori","Ring of Peace","Replay:Bottled Snecko","ReplayTheSpireMod:Lightbulb","ResearcherNote","TungstenRod"],"acts_visited":["Exordium","TheCity"],"potions_floor_usage":[10,10,10,16,33,33],"damage_taken":[{"damage":2,"enemies":"2 Louse","floor":1,"turns":2},{"damage":6,"enemies":"Jaw Worm","floor":2,"turns":3},{"damage":5,"enemies":"Small Slimes","floor":5,"turns":2},{"damage":25,"enemies":"3 Sentries","floor":6,"turns":7},{"damage":15,"enemies":"Lagavulin","floor":10,"turns":5},{"damage":21,"enemies":"3 Louse","floor":14,"turns":3},{"damage":112,"enemies":"Fading Forest","floor":16,"turns":11},{"damage":1,"enemies":"2 Thieves","floor":18,"turns":2},{"damage":0,"enemies":"3 Byrds","floor":20,"turns":2},{"damage":37,"enemies":"Book of Stabbing","floor":24,"turns":5},{"damage":21,"enemies":"Gremlin Leader","floor":27,"turns":7},{"damage":0,"enemies":"Sentry and Sphere","floor":29,"turns":3},{"damage":4,"enemies":"Snake Plant","floor":30,"turns":3},{"damage":1,"enemies":"Snecko","floor":31,"turns":6},{"damage":58,"enemies":"Collector","floor":33,"turns":9}],"seed_played":"3060260864953125434","potions_obtained":[{"floor":2,"key":"Weak Potion"},{"floor":5,"key":"Regen Potion"},{"floor":6,"key":"SkillPotion"},{"floor":10,"key":"Strength Potion"},{"floor":16,"key":"SmokeBomb"},{"floor":20,"key":"GamblersBrew"},{"floor":29,"key":"BlessingOfTheForge"}],"is_trial":false,"path_per_floor":["M","M","?","T","M","E","?","?","T","E","$","?","R","M","R_BF","B",null,"M","?","M","?","$","R","E","$","T","E","R","M","M","M","R_BF","B"],"character_chosen":"DEFECT","items_purchased":["Torii"],"campfire_rested":1,"item_purchase_floors":[11],"current_hp_per_floor":[73,67,72,72,67,42,26,26,26,31,31,24,63,42,80,15,80,80,80,80,80,80,80,49,49,49,64,64,80,80,80,80,51,51],"gold":74,"neow_bonus":"","is_daily":false,"chose_seed":false,"campfire_upgraded":1,"win_rate":0.0,"timestamp":1611899427,"path_taken":["M","M","?","?","M","E","?","?","T","E","?","?","R","M","R_BF","BOSS","M","?","M","?","$","R","E","?","T","E","R","M","M","M","R_BF","BOSS"],"items_purchased_type":["Relic"],"build_version":"2020-11-17","purchased_purges":2,"victory":false,"max_hp_per_floor":[75,75,80,80,80,80,80,80,80,80,80,80,80,80,80,80,80,80,80,80,80,80,80,80,80,80,80,80,80,80,80,80,80,80],"card_choices":[{"not_picked":["Wellcheers","Laetitia"],"picked":"OSAHOGD","floor":1},{"not_picked":["Barrage","Leap","ReplayTheSpireMod:Repulse"],"picked":"SKIP","floor":1},{"not_picked":["DespairKnight","WallGazer","FairyFestival"],"picked":"Singing Bowl","floor":2},{"not_picked":["FairyFestival","MHz"],"picked":"CherryBlossoms","floor":2},{"not_picked":["BasicCrystalCard","Lockon"],"picked":"Rebound","floor":2},{"not_picked":["BeautyBeast","Bloodbath"],"picked":"BlackSwan","floor":5},{"not_picked":["Steam","Double Energy"],"picked":"Streamline","floor":5},{"not_picked":["CrumblingArmor","WallGazer"],"picked":"Woodsman","floor":6},{"not_picked":["White Noise","Recycle"],"picked":"Electrodynamics","floor":6},{"not_picked":["SingingMachine","BigBadWolf"],"picked":"VoidDream","floor":10},{"not_picked":["Redo","Sweeping Beam"],"picked":"Coolheaded","floor":10},{"not_picked":["PlagueDoctor","BeautyBeast"],"picked":"FairyFestival","floor":14},{"not_picked":["Stack","Compile Driver","Hologram"],"picked":"SKIP","floor":14},{"not_picked":["OldLady","Bloodbath"],"picked":"LongBird","floor":16},{"not_picked":["Reboot","Buffer"],"picked":"Echo Form","floor":16},{"not_picked":["MeatLantern","OldLady"],"picked":"GalaxyChild","floor":18},{"not_picked":["Panic Button","Rebound","Compile Driver"],"picked":"SKIP","floor":18},{"not_picked":["WallGazer","ShyLook"],"picked":"HappyTeddy","floor":20},{"not_picked":["Beam Cell+1","BasicCrystalCard"],"picked":"Ball Lightning+1","floor":20},{"not_picked":["SpiderBud","BlackSwan","LittleHelper"],"picked":"Singing Bowl","floor":24},{"not_picked":["Bloodbath","PlagueDoctor"],"picked":"MHz","floor":24},{"not_picked":["Stack","Crystallizer","Coolheaded+1"],"picked":"SKIP","floor":24},{"not_picked":["Yin","CherryBlossoms","GreedKing"],"picked":"Singing Bowl","floor":27},{"not_picked":["Stack","Coolheaded","Beam Cell"],"picked":"SKIP","floor":27},{"not_picked":["BasicCrystalCard","Steam Power"],"picked":"Sunder+1","floor":29},{"not_picked":["DreamingCurrent","OldLady"],"picked":"Scarecrow","floor":29},{"not_picked":["PlagueDoctor","BigBird","LaLuna"],"picked":"Singing Bowl","floor":30},{"not_picked":["Bloodbath","Scorched"],"picked":"CENSORED","floor":30},{"not_picked":["Steam","Coolheaded","ReplaySolidLightProjector"],"picked":"SKIP","floor":30},{"not_picked":["SingingMachine","PlagueDoctor"],"picked":"QueenOfHatred","floor":31},{"not_picked":["Streamline","Steam","Turbo"],"picked":"SKIP","floor":31}],"player_experience":157713,"relics_obtained":[{"floor":4,"key":"Pen Nib"},{"floor":6,"key":"Regal Pillow"},{"floor":8,"key":"ReplayTheSpireMod:Ring of Collecting"},{"floor":8,"key":"Ring of Panic"},{"floor":9,"key":"Ring of Fury"},{"floor":10,"key":"PreservedInsect"},{"floor":24,"key":"Omamori"},{"floor":26,"key":"Ring of Peace"},{"floor":26,"key":"Replay:Bottled Snecko"},{"floor":27,"key":"ReplayTheSpireMod:Lightbulb"},{"floor":32,"key":"TungstenRod"}],"event_choices":[{"damage_healed":0,"gold_gain":0,"player_choice":"Donut","damage_taken":0,"max_hp_gain":5,"max_hp_loss":0,"event_name":"Big Fish","floor":3,"gold_loss":0},{"damage_healed":0,"gold_gain":0,"player_choice":"Entered Light","damage_taken":16,"max_hp_gain":0,"max_hp_loss":0,"event_name":"Shining Light","floor":7,"gold_loss":0,"cards_upgraded":["Defend_B","Electrodynamics"]},{"cards_removed":["Strike_B"],"damage_healed":0,"gold_gain":0,"player_choice":"Card Removal","damage_taken":7,"max_hp_gain":0,"max_hp_loss":0,"event_name":"Golden Wing","floor":12,"gold_loss":0},{"damage_healed":0,"gold_gain":0,"player_choice":"Ignored","damage_taken":0,"max_hp_gain":0,"max_hp_loss":0,"event_name":"Ghosts","floor":19,"gold_loss":0},{"damage_healed":0,"gold_gain":0,"player_choice":"Read","damage_taken":0,"max_hp_gain":0,"max_hp_loss":0,"event_name":"The Library","floor":21,"gold_loss":0,"cards_obtained":["All For One"]}],"is_beta":true,"boss_relics":[{"not_picked":["SacredBark","Inserter"],"picked":"Astrolabe"}],"items_purged_floors":[22,25],"is_endless":false,"potions_floor_spawned":[2,5,6,10,16,20,29,30,31],"killed_by":"Collector","ascension_level":0}}