{"host":"i0avyit1s6jb1siw","time":1611915647,"event":{"mods":["BaseMod","DeckTracker","Dota2Spire","Highlight Path","Minty Spire (QoL Compilation)","Quick Restart","StSLib","SuperFastMode"],"gold_per_floor":[118,43,116,41,57,57,83,100,100,100,116,133,133,153,24,24,102,102,102,173,173,189,203,173,73,73,73,99,118,118,143,176,176,188,202,227,227,302,302,318,318,318,331,346,380,41,57,81,81,81,93,111,163,191,203,203,203,203,203,203,203,53,87,87],"floor_reached":65,"language":"ENG","playtime":2167,"items_purged":["Strike_R","Strike_R","Strike_R","Feed"],"score":3632,"play_id":"160ec5c0-3382-467c-8e01-6ed20d05e871","local_time":"20210129112047","is_ascension_mode":true,"campfire_choices":[{"data":"Bash","floor":6.0,"key":"SMITH"},{"data":"Uppercut","floor":10.0,"key":"SMITH"},{"data":"Combust","floor":13.0,"key":"SMITH"},{"data":"Evolve","floor":16.0,"key":"SMITH"},{"data":"Double Tap","floor":19.0,"key":"SMITH"},{"data":"Rupture","floor":27.0,"key":"SMITH"},{"data":"Carnage","floor":37,"key":"SMITH"},{"data":"Feel No Pain","floor":50,"key":"SMITH"},{"data":"Strike_R","floor":56,"key":"PURGE"},{"floor":57,"key":"RECALL"},{"data":"Impervious","floor":61,"key":"SMITH"}],"circlet_count":0,"master_deck":["AscendersBane","Defend_R","Defend_R","Defend_R","Defend_R","Bash+1","Headbutt","Combust+1","Burning Pact","Uppercut+1","Shrug It Off","Double Tap+1","Evolve+1","Clothesline","Pommel Strike","Barricade","Rupture+1","Sentinel","Carnage+1","Corruption","Impervious+1","Shrug It Off","Bludgeon","Feel No Pain+1","Second Wind","Ghostly Armor","Shrug It Off","Shrug It Off","Seeing Red","Dark Embrace","Disarm","Power Through"],"relics":["Snecko Eye","InkBottle","Shuriken","Bird Faced Urn","Coffee Dripper","SlaversCollar","Dota2Spire:Butterfly","Dream Catcher","Gambling Chip","Dota2Spire:EtherealBlade","Mark of Pain","Peace Pipe","Dota2Spire:EchoSabre","Paper Frog","TungstenRod","Mummified Hand","Du-Vu Doll"],"acts_visited":["Exordium","TheCity","TheBeyond","TheEnding"],"potions_floor_usage":[35,36,53],"damage_taken":[{"damage":6.0,"enemies":"Cultist","floor":1.0,"turns":3.0},{"damage":8.0,"enemies":"Jaw Worm","floor":5.0,"turns":3.0},{"damage":11.0,"enemies":"Gremlin Nob","floor":7.0,"turns":3.0},{"damage":1.0,"enemies":"Small Slimes","floor":8.0,"turns":2.0},{"damage":4.0,"enemies":"Exordium Thugs","floor":11.0,"turns":3.0},{"damage":4.0,"enemies":"Large Slime","floor":12.0,"turns":5.0},{"damage":9.0,"enemies":"Blue Slaver","floor":14.0,"turns":3.0},{"damage":21.0,"enemies":"Slime Boss","floor":17.0,"turns":5.0},{"damage":0.0,"enemies":"Slime Boss","floor":20.0,"turns":5.0},{"damage":16.0,"enemies":"Shell Parasite","floor":22.0,"turns":4.0},{"damage":0.0,"enemies":"Spheric Guardian","floor":23.0,"turns":2.0},{"damage":40.0,"enemies":"Slavers","floor":28.0,"turns":4.0},{"damage":18.0,"enemies":"Cultist and Chosen","floor":29.0,"turns":6.0},{"damage":10.0,"enemies":"Book of Stabbing","floor":32.0,"turns":5.0},{"damage":9.0,"enemies":"Centurion and Healer","floor":34.0,"turns":6.0},{"damage":4,"enemies":"Sentry and Sphere","floor":35,"turns":3},{"damage":21,"enemies":"Slavers","floor":36,"turns":3},{"damage":21,"enemies":"Collector","floor":38,"turns":4},{"damage":0,"enemies":"Orb Walker","floor":40,"turns":1},{"damage":7,"enemies":"3 Shapes","floor":43,"turns":3},{"damage":20,"enemies":"Maw","floor":44,"turns":6},{"damage":10,"enemies":"Nemesis","floor":45,"turns":5},{"damage":6,"enemies":"Transient","floor":47,"turns":6},{"damage":8,"enemies":"Writhing Mass","floor":51,"turns":4},{"damage":1,"enemies":"Maw","floor":52,"turns":4},{"damage":22,"enemies":"2 Orb Walkers","floor":53,"turns":5},{"damage":0,"enemies":"Reptomancer","floor":54,"turns":4},{"damage":0,"enemies":"Spire Growth","floor":55,"turns":3},{"damage":5,"enemies":"Donu and Deca","floor":58,"turns":6},{"damage":3,"enemies":"Time Eater","floor":59,"turns":4},{"damage":12,"enemies":"Shield and Spear","floor":63,"turns":3},{"damage":3,"enemies":"The Heart","floor":64,"turns":6}],"seed_played":"5335704849955034693","potions_obtained":[{"floor":5.0,"key":"Dota2Spire:HealingSalve"},{"floor":7.0,"key":"BloodPotion"},{"floor":8.0,"key":"SteroidPotion"},{"floor":24.0,"key":"PowerPotion"},{"floor":28.0,"key":"BlessingOfTheForge"},{"floor":29.0,"key":"EssenceOfSteel"},{"floor":34.0,"key":"DuplicationPotion"},{"floor":38,"key":"FairyPotion"},{"floor":40,"key":"Energy Potion"},{"floor":53,"key":"Regen Potion"}],"is_trial":false,"path_per_floor":["M","?","T","$","M","R","E","M","T","R","M","M","R","M","$","R","B",null,"R","B",null,"M","M","?","$","$","R","E","M","T","T","E","?","M","M","E","R","B",null,"M","?","?","M","M","E","$","M","T","T","R","M","M","?","E","M","R","R","B","B",null,"R","$","E","B",null],"character_chosen":"IRONCLAD","items_purchased":["Combust","Pommel Strike","Feel No Pain","Second Wind","Ghostly Armor"],"campfire_rested":0,"item_purchase_floors":[4,15,46,46,46],"current_hp_per_floor":[62,62,62,62,54,54,43,42,42,42,38,36,36,27,27,27,10,10,10,15,62,53,55,55,55,55,55,44,28,28,28,27,27,27,25,15,15,4,71,73,73,73,75,68,66,66,72,72,72,72,77,91,84,96,103,103,103,101,106,106,106,106,96,106],"gold":87,"neow_bonus":"BOSS_RELIC","is_daily":false,"chose_seed":false,"campfire_upgraded":9,"win_rate":0.0,"timestamp":1611915647,"path_taken":["M","?","?","?","M","R","E","M","T","R","M","?","R","M","$","R","BOSS","R","BOSS","M","?","?","?","$","R","E","M","T","T","E","?","?","M","E","R","BOSS","M","?","?","M","M","E","?","M","T","T","R","M","?","?","E","M","R","R","BOSS","BOSS","R","$","E","BOSS"],"items_purchased_type":["Card","Card","Card","Card","Card"],"build_version":"2020-12-22","purchased_purges":4,"victory":true,"max_hp_per_floor":[75,75,75,75,75,75,75,75,75,75,75,75,75,75,75,75,75,75,75,78,78,81,81,81,81,81,81,84,84,84,84,87,87,90,90,93,93,93,93,93,93,88,91,94,94,94,94,94,94,94,97,100,103,103,103,103,103,106,106,106,106,106,106,106],"card_choices":[{"not_picked":["Warcry","True Grit"],"picked":"Headbutt","floor":1.0},{"not_picked":["Reckless Charge","Seeing Red"],"picked":"Burning Pact","floor":5.0},{"not_picked":["Searing Blow","Clothesline"],"picked":"Uppercut","floor":7.0},{"not_picked":["Twin Strike","Whirlwind"],"picked":"Shrug It Off","floor":8.0},{"not_picked":["Clash","Pommel Strike"],"picked":"Double Tap","floor":11.0},{"not_picked":["Infernal Blade","True Grit"],"picked":"Evolve","floor":12.0},{"not_picked":["Dropkick","Warcry"],"picked":"Clothesline","floor":14.0},{"not_picked":["Limit Break","Berserk"],"picked":"Feed","floor":17.0},{"not_picked":["Juggernaut","Double Tap"],"picked":"Barricade","floor":20.0},{"not_picked":["Wild Strike","Body Slam"],"picked":"Rupture","floor":22.0},{"not_picked":["Pommel Strike","Headbutt","Metallicize"],"picked":"SKIP","floor":23.0},{"not_picked":["Reckless Charge+1","Thunderclap","Cleave+1"],"picked":"SKIP","floor":28.0},{"not_picked":["Warcry","Pommel Strike","Sword Boomerang"],"picked":"SKIP","floor":29.0},{"not_picked":["Sword Boomerang","Wild Strike"],"picked":"Sentinel","floor":32.0},{"not_picked":["Cleave","Combust"],"picked":"Carnage","floor":34.0},{"not_picked":["Warcry","Dark Embrace"],"picked":"Corruption","floor":35},{"not_picked":["Pommel Strike","Second Wind","Havoc"],"picked":"SKIP","floor":36},{"not_picked":["Reaper","Juggernaut"],"picked":"Impervious","floor":38},{"not_picked":["Wild Strike+1","Pummel+1"],"picked":"Shrug It Off","floor":40},{"not_picked":["Evolve","Iron Wave","Havoc"],"picked":"SKIP","floor":43},{"not_picked":["Iron Wave","Pummel"],"picked":"Bludgeon","floor":44},{"not_picked":["True Grit","Hemokinesis+1","Evolve+1"],"picked":"SKIP","floor":45},{"not_picked":["Twin Strike+1","Sword Boomerang"],"picked":"Shrug It Off","floor":47},{"not_picked":["Anger","Juggernaut"],"picked":"Shrug It Off","floor":51},{"not_picked":["Ghostly Armor","Armaments"],"picked":"Seeing Red","floor":52},{"not_picked":["Corruption","Disarm"],"picked":"Dark Embrace","floor":54},{"not_picked":["Body Slam","Warcry"],"picked":"Disarm","floor":55},{"not_picked":["Dropkick","Bludgeon"],"picked":"Power Through","floor":63}],"player_experience":2368673,"relics_obtained":[{"floor":3.0,"key":"InkBottle"},{"floor":7.0,"key":"Shuriken"},{"floor":9.0,"key":"Bird Faced Urn"},{"floor":28.0,"key":"Dota2Spire:Butterfly"},{"floor":31.0,"key":"Dream Catcher"},{"floor":32.0,"key":"Gambling Chip"},{"floor":36,"key":"Dota2Spire:EtherealBlade"},{"floor":45,"key":"Peace Pipe"},{"floor":48,"key":"Dota2Spire:EchoSabre"},{"floor":49,"key":"Paper Frog"},{"floor":53,"key":"TungstenRod"},{"floor":54,"key":"Mummified Hand"},{"floor":63,"key":"Du-Vu Doll"}],"event_choices":[{"cards_removed":["Strike_R"],"damage_healed":0.0,"max_hp_gain":0.0,"max_hp_loss":0.0,"gold_gain":0.0,"event_name":"The Cleric","player_choice":"Card Removal","floor":2.0,"gold_loss":75.0,"damage_taken":0.0},{"damage_healed":0.0,"max_hp_gain":0.0,"max_hp_loss":0.0,"gold_gain":0.0,"event_name":"The Woman in Blue","player_choice":"Bought 2 Potions","floor":24.0,"gold_loss":0.0,"damage_taken":0.0},{"damage_healed":0.0,"max_hp_gain":0.0,"max_hp_loss":0.0,"gold_gain":0.0,"event_name":"Vampires","player_choice":"Ignored","floor":33.0,"gold_loss":0.0,"damage_taken":0.0},{"damage_healed":0,"gold_gain":0,"player_choice":"Ignored","damage_taken":0,"max_hp_gain":0,"max_hp_loss":0,"event_name":"Tomb of Lord Red Mask","floor":41,"gold_loss":0},{"damage_healed":0,"gold_gain":0,"player_choice":"Max HP","damage_taken":0,"max_hp_gain":0,"max_hp_loss":5,"event_name":"Winding Halls","floor":42,"gold_loss":0},{"damage_healed":0,"gold_gain":0,"player_choice":"Fight","damage_taken":0,"max_hp_gain":0,"max_hp_loss":0,"event_name":"Mysterious Sphere","floor":53,"gold_loss":0}],"is_beta":false,"boss_relics":[{"not_picked":["Pandora\u0027s Box","Velvet Choker"],"picked":"Coffee Dripper"},{"not_picked":["Fusion Hammer","Runic Dome"],"picked":"SlaversCollar"},{"not_picked":["Runic Pyramid","Philosopher\u0027s Stone"],"picked":"Mark of Pain"}],"items_purged_floors":[15,25,46,62],"is_endless":false,"potions_floor_spawned":[5,7,8,12,17,28,29,34,38,40,43,47,52,53,55],"ascension_level":20}}