{"host":"fbnmuibw0uyiaf00","time":1611895543,"event":{"mods":["BaseMod","Colored Powertips","Lobotomy","LobotomyExtend","Marisa£®ÏF”Í°°ƒß¿Ì…≥£©","Minty Spire (QoL Compilation)","Remilia£®¿Ÿ√◊¿Ú—«£©","UnlockEverythingMod","Youmu£®ªÍ∆«—˝√Œ£©","[IsaacMod]“‘»ˆº‚À˛"],"gold_per_floor":[110,285,300,315,334,365,383,409,409,409,28,38,38,38,38,140,140,154,154,5,21,120,136,136,136],"floor_reached":24,"language":"ZHS","playtime":1538,"items_purged":["Doubt"],"score":233,"play_id":"506d8e6b-8f62-4ad5-bb61-cf20a54c6499","local_time":"20210129124543","is_ascension_mode":false,"campfire_choices":[{"floor":10,"key":"RECALL"},{"data":"QueenOfMidnight","floor":13,"key":"SMITH"},{"data":"CeilingFear","floor":15,"key":"SMITH"}],"circlet_count":0,"master_deck":["Strike_RM","Strike_RM","Strike_RM","Strike_RM","Defend_RM","Defend_RM","Defend_RM","Defend_RM","RedMoon","ScarletShoot","EpicFetus","TwelveNightmare","BloodHunter","CeilingFear+1","BombardNight","FitfulNightmare","SuperhumanBloodyKnife","QueenOfMidnight+1","LeisurelyOfLord","BloodySeventeenLaser","RedRainbow","VampireKiss","EmergencyRegeneration"],"relics":["ScarletHat","HushsDoor","BelialBook","NeowsBlessing","LetterFromLob","Eternal Feather","Omamori","Matryoshka","HandDrill","Art of War","ScarletEmblem","Necronomicon","TheBattery"],"acts_visited":["Exordium","TheCity"],"potions_floor_usage":[16],"damage_taken":[{"damage":0,"enemies":"Cultist","floor":1,"turns":1},{"damage":0,"enemies":"Small Slimes","floor":3,"turns":2},{"damage":0,"enemies":"Jaw Worm","floor":4,"turns":1},{"damage":15,"enemies":"2 Fungi Beasts","floor":5,"turns":7},{"damage":3,"enemies":"Gremlin Nob","floor":6,"turns":3},{"damage":12,"enemies":"Red Slaver","floor":7,"turns":8},{"damage":0,"enemies":"3 Sentries","floor":8,"turns":10},{"damage":8,"enemies":"Blue Slaver","floor":12,"turns":5},{"damage":28,"enemies":"Slime Boss","floor":16,"turns":15},{"damage":24,"enemies":"Spheric Guardian","floor":18,"turns":7},{"damage":14,"enemies":"Shell Parasite","floor":21,"turns":8},{"damage":1,"enemies":"Cultist and Chosen","floor":23,"turns":3},{"damage":83,"enemies":"Book of Stabbing","floor":24,"turns":3}],"seed_played":"2017761587611152115","potions_obtained":[{"floor":1,"key":"Dexterity Potion"},{"floor":3,"key":"AttackPotion"},{"floor":6,"key":"Dexterity Potion"}],"is_trial":false,"path_per_floor":["M","?","M","M","M","E","M","E","T","R","$","M","R","M","R","B",null,"M","?","$","M","?","M","E"],"character_chosen":"REMILIA","items_purchased":["HandDrill","Art of War","TheBattery"],"campfire_rested":0,"item_purchase_floors":[11,11,20],"current_hp_per_floor":[75,75,75,75,62,60,50,51,51,60,60,53,62,62,71,54,75,53,37,37,26,26,26,0,0],"gold":136,"neow_bonus":"THREE_ENEMY_KILL","is_daily":false,"chose_seed":false,"campfire_upgraded":2,"win_rate":0.0,"timestamp":1611895543,"path_taken":["M","?","M","M","M","E","M","E","T","R","?","M","R","?","R","BOSS","M","?","$","M","?","M","E"],"items_purchased_type":["Relic","Relic","Relic"],"build_version":"2020-12-22","purchased_purges":1,"victory":false,"max_hp_per_floor":[75,75,75,75,75,75,75,75,75,75,75,75,75,75,75,75,75,75,75,75,75,75,75,75,75],"card_choices":[{"not_picked":[],"picked":"EpicFetus","floor":0},{"not_picked":["UnderTheZenith","Stigmanizer"],"picked":"TwelveNightmare","floor":1},{"not_picked":["EndlessAdversity","Bomb"],"picked":"BloodHunter","floor":3},{"not_picked":["UnstableMagic","BloodHunter"],"picked":"CeilingFear","floor":4},{"not_picked":["BloodHunter","RedMagic"],"picked":"BombardNight","floor":5},{"not_picked":["Bomb","VampirishNight"],"picked":"FitfulNightmare","floor":6},{"not_picked":["FitfulNightmare","UnstableMagic"],"picked":"SuperhumanBloodyKnife","floor":7},{"not_picked":["EquivalentExchange","MastersStateliness"],"picked":"QueenOfMidnight","floor":8},{"not_picked":["VampireFantasy","MillenniumVampire"],"picked":"LeisurelyOfLord","floor":12},{"not_picked":["BloodRain","CeilingFear"],"picked":"BloodySeventeenLaser","floor":16},{"not_picked":["BombardNight","NightDance"],"picked":"RedRainbow","floor":18},{"not_picked":["NightDance","ScarletDevil"],"picked":"VampireKiss","floor":21},{"not_picked":["ScarletDevil","Maim"],"picked":"EmergencyRegeneration","floor":23}],"player_experience":32168,"relics_obtained":[{"floor":1,"key":"LetterFromLob"},{"floor":6,"key":"Eternal Feather"},{"floor":8,"key":"Omamori"},{"floor":9,"key":"Matryoshka"},{"floor":19,"key":"Necronomicon"}],"event_choices":[{"damage_healed":0,"gold_gain":175,"player_choice":"AGREE","damage_taken":0,"max_hp_gain":0,"max_hp_loss":0,"event_name":"Liars Game","floor":2,"gold_loss":0,"cards_obtained":["Doubt"]},{"damage_healed":0,"gold_gain":0,"player_choice":"Obtained Book","damage_taken":16,"max_hp_gain":0,"max_hp_loss":0,"event_name":"Cursed Tome","floor":19,"gold_loss":0},{"damage_healed":0,"gold_gain":99,"player_choice":"Stole From Cult","damage_taken":0,"max_hp_gain":0,"max_hp_loss":0,"event_name":"Nest","floor":22,"gold_loss":0}],"is_beta":false,"boss_relics":[{"not_picked":["Calling Bell","Velvet Choker"],"picked":"ScarletEmblem"},{"not_picked":[]}],"items_purged_floors":[11],"is_endless":false,"potions_floor_spawned":[1,3,6,7],"killed_by":"Book of Stabbing","ascension_level":0}}