{"host":"6affnl2vk6en9o4b","time":1611945102,"event":{"mods":["AchievementEnabler","Aspiration","BaseMod","BetterRewards","Colored Powertips","Conspire","Downfall","Friendly Minions","Googly Eyes","Highlight Path","Hubris","Minty Spire (QoL Compilation)","Replay The Spire","StSLib","Trackpad","Unceasing Turn Reminder"],"gold_per_floor":[99,111,111,127,138,163,163,63,77,77,88,117,135,135,146,146,146,146],"floor_reached":16,"language":"ENG","playtime":677,"items_purged":[],"score":114,"play_id":"0c7e8cea-4a11-4706-9cb2-ab036c0e6d90","local_time":"20210129183142","is_ascension_mode":false,"campfire_choices":[{"floor":1,"key":"RECALL"},{"floor":8,"key":"REST"}],"circlet_count":0,"master_deck":["Slimebound:Strike_Slimebound","Slimebound:Strike_Slimebound","Slimebound:Strike_Slimebound","Slimebound:Tackle","Slimebound:Defend_Slimebound","Slimebound:Defend_Slimebound","Slimebound:Defend_Slimebound","Slimebound:Defend_Slimebound","Slimebound:Split","Slimebound:CorrosiveSpit","ReplayTheSpireMod:Private Reserves","Slimebound:RejuvenatingLick","Slimebound:MegaLick","Slimebound:SamplingLick","Slimebound:AcidTongue+1","Slimebound:Schlurp","Slimebound:HungryTackle","Slimebound:LeadByExample","Slimebound:WasteNot+1","Slimebound:LeechingTouch","Injury","Slimebound:RollThrough"],"relics":["Slimebound:AbsorbEndCombat","Oddly Smooth Stone","Dream Catcher","StoneCalendar","downfall:HeartBlessingRed","White Beast Statue"],"acts_visited":["Exordium"],"potions_floor_usage":[12,12,12,16,16],"damage_taken":[{"damage":1,"enemies":"Cultist","floor":2,"turns":3},{"damage":2,"enemies":"2 Louse","floor":4,"turns":3},{"damage":8,"enemies":"Jaw Worm","floor":5,"turns":4},{"damage":38,"enemies":"Lagavulin","floor":6,"turns":8},{"damage":19,"enemies":"Exordium Thugs","floor":9,"turns":6},{"damage":3,"enemies":"conspire:2 RoseBushes","floor":11,"turns":4},{"damage":11,"enemies":"Gremlin Nob","floor":12,"turns":4},{"damage":13,"enemies":"3 Louse","floor":13,"turns":4},{"damage":11,"enemies":"conspire:2 RoseBushes","floor":15,"turns":4},{"damage":32,"enemies":"SI_SHIV_ARCHETYPE","floor":16,"turns":3}],"seed_played":"-367695741329071627","potions_obtained":[{"floor":6,"key":"Guardian:BlockOnCardUsePotion"},{"floor":9,"key":"Energy Potion"},{"floor":11,"key":"DistilledChaos"},{"floor":13,"key":"ColorlessPotion"},{"floor":15,"key":"Slimebound:ThreeZeroPotion"}],"is_trial":false,"path_per_floor":["R","M","?","M","M","E","T","R","M","?","M","E","M","?","M","B"],"character_chosen":"SLIMEBOUND","items_purchased":[],"campfire_rested":1,"item_purchase_floors":[],"current_hp_per_floor":[65,64,64,63,59,29,29,48,37,37,40,37,30,30,23,0,0,0],"gold":146,"neow_bonus":"RANDOM_COLORLESS","is_daily":false,"chose_seed":false,"campfire_upgraded":0,"win_rate":0.0,"timestamp":1611945102,"path_taken":["R","M","?","M","M","E","T","R","M","?","M","E","?","?","M","BOSS"],"items_purchased_type":[],"build_version":"2020-12-22","purchased_purges":0,"victory":false,"max_hp_per_floor":[65,65,65,65,65,65,65,65,65,65,65,65,65,65,65,65,65,65],"card_choices":[{"not_picked":["Dark Shackles","Purity"],"picked":"ReplayTheSpireMod:Private Reserves","floor":0},{"not_picked":["Slimebound:Prepare","Slimebound:SplitAcid"],"picked":"Slimebound:RejuvenatingLick","floor":2},{"not_picked":["Slimebound:SplitMire","Slimebound:ForwardTackle"],"picked":"Slimebound:MegaLick","floor":4},{"not_picked":["Slimebound:SlimeSpikes","Slimebound:SplitBruiser"],"picked":"Slimebound:SamplingLick","floor":5},{"not_picked":["Slimebound:FinishingTackle","Slimebound:ComboTackle"],"picked":"Slimebound:AcidTongue","floor":6},{"not_picked":["Slimebound:LeechingTouch","Slimebound:Prepare"],"picked":"Slimebound:Schlurp","floor":8},{"not_picked":["Slimebound:Nibble","Slimebound:SelfFormingGoo"],"picked":"Slimebound:HungryTackle","floor":9},{"not_picked":["Slimebound:LivingWall","Slimebound:Schlurp"],"picked":"Slimebound:LeadByExample","floor":11},{"not_picked":["Slimebound:GoopSpray","Slimebound:Prepare"],"picked":"Slimebound:WasteNot","floor":12},{"not_picked":["Slimebound:SplitBruiser","Slimebound:LivingWall"],"picked":"Slimebound:LeechingTouch","floor":13},{"not_picked":["Slimebound:Replication","Slimebound:HungryTackle"],"picked":"Slimebound:RollThrough","floor":15}],"player_experience":210517,"relics_obtained":[{"floor":6,"key":"Dream Catcher"},{"floor":7,"key":"StoneCalendar"},{"floor":12,"key":"White Beast Statue"}],"event_choices":[{"damage_healed":0,"gold_gain":0,"player_choice":"Box","damage_taken":0,"relics_obtained":["Oddly Smooth Stone"],"max_hp_gain":0,"max_hp_loss":0,"event_name":"Big Fish","floor":3,"gold_loss":0,"cards_obtained":["Regret"]}],"is_beta":false,"boss_relics":[],"items_purged_floors":[],"is_endless":false,"potions_floor_spawned":[6,9,11,13,15],"killed_by":"SI_SHIV_ARCHETYPE","ascension_level":0}}