{"host":"johnydays","time":1611929073,"event":{"mods":["BaseMod","Bestiary","Block Reminder","Colored Map","Colored Powertips","DeckTracker","Highlight Path","Minty Spire (QoL Compilation)","Relic Stats","Slay-I","StSLib","SuperFastMode"],"gold_per_floor":[118,118,166,72,91,91,122,138,163,195,242,242,277,377,377,507,507,541,561,405,424,424,424,464,464,491,538,342,387,387,486,486,486,486],"floor_reached":33,"language":"ENG","playtime":1237,"items_purged":[],"score":543,"play_id":"13ba55ac-58d9-43bd-af49-96945487dc8b","local_time":"20210129140433","is_ascension_mode":true,"campfire_choices":[{"data":"Dash","floor":6,"key":"SMITH"},{"data":"Noxious Fumes","floor":15,"key":"SMITH"},{"data":"Leg Sweep","floor":23,"key":"SMITH"},{"floor":25,"key":"REST"},{"floor":32,"key":"REST"}],"circlet_count":0,"master_deck":["AscendersBane","Defend_G","Defend_G","Defend_G","Defend_G","Survivor","Neutralize","Backstab","Acrobatics","Dash+1","Noxious Fumes+1","Leg Sweep+1","Masterful Stab","Dash","Dagger Spray","Unload","Dodge and Roll","Tools of the Trade","Dagger Throw","Bite","Bite","Bite","Bite","Bite"],"relics":["Ring of the Snake","NeowsBlessing","Golden Idol","Tiny Chest","Mango","CeramicFish","Akabeko","Regal Pillow","Lantern","Black Star","Snake Skull","Kunai","Unceasing Top","Bag of Preparation","Dream Catcher","Juzu Bracelet","Singing Bowl","Anchor"],"acts_visited":["Exordium","TheCity"],"potions_floor_usage":[13,13,16,33,33],"damage_taken":[{"damage":0,"enemies":"Jaw Worm","floor":1,"turns":1},{"damage":0,"enemies":"Cultist","floor":5,"turns":1},{"damage":0,"enemies":"Lagavulin","floor":7,"turns":1},{"damage":0,"enemies":"Small Slimes","floor":8,"turns":3},{"damage":5,"enemies":"Exordium Thugs","floor":10,"turns":5},{"damage":10,"enemies":"3 Sentries","floor":11,"turns":8},{"damage":19,"enemies":"Gremlin Nob","floor":13,"turns":4},{"damage":32,"enemies":"The Guardian","floor":16,"turns":14},{"damage":0,"enemies":"Chosen","floor":18,"turns":4},{"damage":8,"enemies":"Shell Parasite","floor":19,"turns":6},{"damage":19,"enemies":"Shelled Parasite and Fungi","floor":21,"turns":11},{"damage":17,"enemies":"Gremlin Leader","floor":24,"turns":8},{"damage":17,"enemies":"Book of Stabbing","floor":27,"turns":7},{"damage":71,"enemies":"Automaton","floor":33,"turns":6}],"seed_played":"1877661068991864879","potions_obtained":[{"floor":1,"key":"EssenceOfSteel"},{"floor":5,"key":"Explosive Potion"},{"floor":8,"key":"EntropicBrew"},{"floor":10,"key":"BlessingOfTheForge"},{"floor":18,"key":"Explosive Potion"}],"is_trial":false,"path_per_floor":["M","?","T","$","M","R","E","M","T","M","E","?","E","?","R","B",null,"M","M","$","M","T","R","E","R","T","E","$","?","?","?","R","B"],"character_chosen":"THE_SILENT","items_purchased":["Acrobatics","Dash","Snake Skull","Dagger Throw","Anchor"],"campfire_rested":2,"item_purchase_floors":[4,4,20,28,28],"current_hp_per_floor":[63,46,46,46,46,46,60,60,60,55,45,42,23,23,23,6,65,65,57,57,38,38,38,21,61,61,44,44,44,44,44,60,0,0],"gold":486,"neow_bonus":"THREE_ENEMY_KILL","is_daily":false,"chose_seed":false,"campfire_upgraded":3,"win_rate":0.0,"timestamp":1611929073,"path_taken":["M","?","?","$","M","R","E","M","T","?","E","?","E","?","R","BOSS","M","M","$","M","?","R","E","R","T","E","$","?","?","?","R","BOSS"],"items_purchased_type":["Card","Card","Relic","Card","Relic"],"build_version":"2020-12-18","purchased_purges":0,"victory":false,"max_hp_per_floor":[70,70,70,70,70,70,84,84,84,84,84,84,84,84,84,84,84,84,84,84,84,84,84,84,84,84,84,84,58,58,58,60,60,60],"relic_stats":{"Regal Pillow":15,"Singing Bowl":2,"counters":[14,79],"Golden Idol":86,"CeramicFish":99,"Snake Skull":[31],"Bag of Preparation":[4],"Juzu Bracelet":0,"Dream Catcher":1,"Tiny Chest":1,"Black Star":2,"Kunai":[5],"obtain_stats":[{"Regal Pillow":12,"Lantern":13,"NeowsBlessing":0,"Singing Bowl":27,"Golden Idol":2,"CeramicFish":9,"Mango":7,"Snake Skull":20,"Bag of Preparation":24,"Juzu Bracelet":27,"Akabeko":11,"Dream Catcher":26,"Anchor":28,"Tiny Chest":3,"Black Star":17,"Kunai":22,"Unceasing Top":24,"Ring of the Snake":0},{"Regal Pillow":6,"Lantern":7,"NeowsBlessing":0,"Singing Bowl":13,"Golden Idol":1,"CeramicFish":4,"Mango":3,"Snake Skull":10,"Bag of Preparation":12,"Juzu Bracelet":13,"Akabeko":6,"Dream Catcher":12,"Anchor":13,"Tiny Chest":1,"Black Star":8,"Kunai":11,"Unceasing Top":12,"Ring of the Snake":0},{"Regal Pillow":19,"Lantern":23,"NeowsBlessing":0,"Singing Bowl":73,"Golden Idol":1,"CeramicFish":6,"Mango":3,"Snake Skull":47,"Bag of Preparation":66,"Juzu Bracelet":73,"Akabeko":19,"Dream Catcher":66,"Anchor":73,"Tiny Chest":1,"Black Star":37,"Kunai":58,"Unceasing Top":66,"Ring of the Snake":0}],"Unceasing Top":[0],"Ring of the Snake":[28]},"card_choices":[{"not_picked":["Calculated Gamble","Acrobatics"],"picked":"Backstab","floor":1},{"not_picked":["Choke","PiercingWail"],"picked":"Noxious Fumes","floor":5},{"not_picked":["Dagger Throw","Deadly Poison"],"picked":"Leg Sweep","floor":7},{"not_picked":["Phantasmal Killer","Deadly Poison"],"picked":"Masterful Stab","floor":8},{"not_picked":["Slice","Riddle With Holes"],"picked":"Dash","floor":10},{"not_picked":["Underhanded Strike","Outmaneuver"],"picked":"Dagger Spray","floor":11},{"not_picked":["Bane","Heel Hook","Dagger Throw"],"picked":"SKIP","floor":13},{"not_picked":["Bullet Time","Phantasmal Killer"],"picked":"Unload","floor":16},{"not_picked":["Masterful Stab","Slice"],"picked":"Dodge and Roll","floor":18},{"not_picked":["Dagger Spray","Deadly Poison","Quick Slash"],"picked":"SKIP","floor":19},{"not_picked":["Predator","Acrobatics","Sucker Punch"],"picked":"SKIP","floor":21},{"not_picked":["Dagger Spray","Dodge and Roll","Setup"],"picked":"SKIP","floor":24},{"not_picked":["Bane","Unload"],"picked":"Tools of the Trade","floor":27},{"not_picked":["Riddle With Holes","Prepared","Eviscerate"],"picked":"Singing Bowl","floor":32}],"player_experience":477040,"relics_obtained":[{"floor":3,"key":"Tiny Chest"},{"floor":7,"key":"Mango"},{"floor":9,"key":"CeramicFish"},{"floor":11,"key":"Akabeko"},{"floor":13,"key":"Lantern"},{"floor":22,"key":"Kunai"},{"floor":24,"key":"Unceasing Top"},{"floor":24,"key":"Bag of Preparation"},{"floor":26,"key":"Dream Catcher"},{"floor":27,"key":"Juzu Bracelet"},{"floor":27,"key":"Singing Bowl"}],"event_choices":[{"damage_healed":0,"gold_gain":0,"player_choice":"Take Damage","damage_taken":17,"relics_obtained":["Golden Idol"],"max_hp_gain":0,"max_hp_loss":0,"event_name":"Golden Idol","floor":2,"gold_loss":0},{"damage_healed":0,"gold_gain":0,"player_choice":"Success","damage_taken":3,"relics_obtained":["Regal Pillow"],"max_hp_gain":0,"max_hp_loss":0,"event_name":"Scrap Ooze","floor":12,"gold_loss":0},{"damage_healed":0,"gold_gain":100,"player_choice":"Pray","damage_taken":0,"max_hp_gain":0,"max_hp_loss":0,"event_name":"Golden Shrine","floor":14,"gold_loss":0},{"damage_healed":0,"gold_gain":0,"player_choice":"Became a vampire","damage_taken":0,"max_hp_gain":0,"max_hp_loss":26,"event_name":"Vampires","floor":29,"gold_loss":0,"cards_obtained":["Bite","Bite","Bite","Bite","Bite"]},{"cards_removed":["Defend_G"],"damage_healed":0,"gold_gain":0,"player_choice":"Elegance","damage_taken":0,"max_hp_gain":0,"max_hp_loss":0,"event_name":"Back to Basics","floor":30,"gold_loss":0},{"damage_healed":0,"gold_gain":99,"player_choice":"Stole From Cult","damage_taken":0,"max_hp_gain":0,"max_hp_loss":0,"event_name":"Nest","floor":31,"gold_loss":0}],"is_beta":true,"boss_relics":[{"not_picked":["Coffee Dripper","Calling Bell"],"picked":"Black Star"}],"items_purged_floors":[],"is_endless":false,"potions_floor_spawned":[1,5,8,10,18,27],"killed_by":"Automaton","ascension_level":12}}