{"host":"2j5d0uw0vihq8b8w","time":1611902586,"event":{"mods":["2.2 Compatiblity","AchievementEnabler","BaseMod","BetterRewards","Colored Map","Colored Powertips","Custom Start","DeckTracker","Minty Spire (QoL Compilation)","Permanent Neow","Quick Restart","Rare Cards Sparkle","StSLib","SuperFastMode"],"gold_per_floor":[110,285,61,61,73,73,100,100,127,127,41,59,87,15,15,114,114,129,129,144,160,160,194,213,241,268,268,297,396,407,407,407,507,507,525,570,570,585,378,378,411,264,288,288,322,322,96,146,146,146],"floor_reached":51,"language":"KOR","playtime":9502,"items_purged":["Doubt","Strike_R","Strike_R+1","Defend_R+1","Strike_R+1"],"score":853,"play_id":"73c033e7-f1cd-4168-87cc-9a9de3630470","local_time":"20210129154306","is_ascension_mode":true,"campfire_choices":[{"data":"Bludgeon","floor":6.0,"key":"SMITH"},{"data":"Whirlwind","floor":8.0,"key":"SMITH"},{"data":"Bash","floor":10.0,"key":"SMITH"},{"data":"Whirlwind","floor":15.0,"key":"SMITH"},{"data":"Feel No Pain","floor":27,"key":"SMITH"},{"data":"Offering","floor":32,"key":"SMITH"},{"data":"True Grit","floor":40,"key":"SMITH"},{"data":"Enlightenment","floor":44,"key":"SMITH"},{"data":"Power Through","floor":46,"key":"SMITH"},{"data":"Deep Breath","floor":49,"key":"SMITH"}],"circlet_count":0,"master_deck":["Strike_R+1","Strike_R+1","Defend_R+1","Defend_R+1","Defend_R+1","Bash+1","Bludgeon+1","Power Through+1","Whirlwind+1","Thunderclap","Disarm","True Grit+1","Whirlwind+1","Offering+1","Second Wind","Feel No Pain+1","Seeing Red+1","Flex+1","Brutality","Rupture+1","Ghostly Armor+1","Enlightenment+1","Combust","Deep Breath+1","Rupture+1"],"relics":["Burning Blood","Chemical X","StoneCalendar","Centennial Puzzle","Smiling Mask","Strawberry","Sozu","FaceOfCleric","Vajra","Red Skull","Ancient Tea Set","Mercury Hourglass","Runic Cube","Magic Flower","Bag of Preparation","White Beast Statue","Pen Nib","Anchor","Bird Faced Urn"],"acts_visited":["Exordium","TheCity","TheBeyond"],"potions_floor_usage":[33,50],"damage_taken":[{"damage":0.0,"enemies":"2 Louse","floor":1.0,"turns":4.0},{"damage":0.0,"enemies":"Small Slimes","floor":5.0,"turns":2.0},{"damage":21.0,"enemies":"Lagavulin","floor":7.0,"turns":4.0},{"damage":6.0,"enemies":"Jaw Worm","floor":12.0,"turns":2.0},{"damage":4.0,"enemies":"Gremlin Nob","floor":13.0,"turns":3.0},{"damage":14,"enemies":"Hexaghost","floor":16,"turns":6},{"damage":4,"enemies":"Shell Parasite","floor":18,"turns":3},{"damage":0,"enemies":"Spheric Guardian","floor":20,"turns":1},{"damage":12,"enemies":"Centurion and Healer","floor":21,"turns":3},{"damage":13,"enemies":"Book of Stabbing","floor":23,"turns":4},{"damage":16,"enemies":"Cultist and Chosen","floor":24,"turns":4},{"damage":13,"enemies":"Slavers","floor":25,"turns":3},{"damage":6,"enemies":"Gremlin Leader","floor":28,"turns":1},{"damage":13,"enemies":"Snake Plant","floor":30,"turns":2},{"damage":45,"enemies":"Champ","floor":33,"turns":5},{"damage":13,"enemies":"3 Shapes","floor":35,"turns":2},{"damage":10,"enemies":"2 Orb Walkers","floor":36,"turns":2},{"damage":6,"enemies":"Orb Walker","floor":38,"turns":1},{"damage":14,"enemies":"Reptomancer","floor":41,"turns":3},{"damage":7,"enemies":"Giant Head","floor":45,"turns":3},{"damage":8,"enemies":"Mind Bloom Boss Battle","floor":48,"turns":4},{"damage":34,"enemies":"Donu and Deca","floor":50,"turns":6}],"seed_played":"6397745729880903166","potions_obtained":[{"floor":13.0,"key":"Strength Potion"},{"floor":16,"key":"LiquidBronze"}],"is_trial":false,"path_per_floor":["M","?","$","?","M","R","E","R","T","R","$","M","E","$","R","B",null,"M","?","M","M","?","E","M","E","T","R","E","?","M","?","R","B",null,"M","?","?","M","$","R","E","$","T","R","E","R","$","?","R","B",null],"character_chosen":"IRONCLAD","items_purchased":["Chemical X","Disarm","Whirlwind","Bag of Preparation","Enlightenment","Combust","Deep Breath"],"campfire_rested":0,"item_purchase_floors":[3,11,14,39,42,47,47],"current_hp_per_floor":[62,62,62,44,50,50,35,35,35,35,35,35,44,44,44,36,87,87,87,87,81,81,75,66,60,60,60,61,61,55,55,55,17,93,87,84,84,89,89,89,86,86,86,86,90,90,90,93,93,82],"gold":146,"neow_bonus":"THREE_RARE_CARDS","is_daily":false,"chose_seed":false,"campfire_upgraded":10,"win_rate":0.0,"timestamp":1611902586,"path_taken":["M","?","$","?","M","R","E","R","T","R","?","?","E","$","R","BOSS","M","?","M","M","?","E","?","E","T","R","E","?","M","?","R","BOSS","M","?","?","?","$","R","E","$","T","R","E","R","$","?","R","BOSS"],"items_purchased_type":["Relic","Card","Card","Relic","Card","Card","Card"],"build_version":"2020-12-22","purchased_purges":5,"victory":true,"max_hp_per_floor":[80,80,80,80,80,80,80,80,80,80,80,80,87,87,87,87,87,87,87,87,87,87,88,89,90,90,90,91,91,92,92,92,93,93,94,95,95,96,96,96,97,97,97,97,98,98,98,99,99,100],"card_choices":[{"not_picked":["Juggernaut","Feed"],"picked":"Bludgeon","floor":0.0},{"not_picked":["Havoc","Perfected Strike"],"picked":"Power Through","floor":1.0},{"not_picked":["Shrug It Off","True Grit"],"picked":"Whirlwind","floor":5.0},{"not_picked":["Burning Pact","Flex"],"picked":"Thunderclap","floor":7.0},{"not_picked":["Wild Strike","Limit Break","Rage"],"picked":"SKIP","floor":12.0},{"not_picked":["Headbutt","Cleave"],"picked":"True Grit","floor":13.0},{"not_picked":["Reaper","Impervious"],"picked":"Offering","floor":16},{"not_picked":["Thunderclap","Iron Wave","Hemokinesis"],"picked":"SKIP","floor":18},{"not_picked":["Dropkick","Armaments"],"picked":"Second Wind","floor":20},{"not_picked":["Fiend Fire","Perfected Strike+1"],"picked":"Feel No Pain","floor":21},{"not_picked":["Fiend Fire","Flex+1"],"picked":"Seeing Red+1","floor":23},{"not_picked":["Seeing Red","Warcry","Headbutt+1"],"picked":"SKIP","floor":24},{"not_picked":["Burning Pact","Fiend Fire"],"picked":"Flex+1","floor":25},{"not_picked":["Entrench","Combust"],"picked":"Brutality","floor":28},{"not_picked":["Sword Boomerang","Clash","Heavy Blade+1"],"picked":"SKIP","floor":30},{"not_picked":["Armaments","Rampage"],"picked":"Rupture+1","floor":35},{"not_picked":["Headbutt","True Grit","Spot Weakness"],"picked":"SKIP","floor":38},{"not_picked":["Uppercut","Armaments+1"],"picked":"Ghostly Armor+1","floor":41},{"not_picked":["Clash","Perfected Strike","Exhume"],"picked":"SKIP","floor":45},{"not_picked":["Flex","Rampage"],"picked":"Rupture+1","floor":48}],"player_experience":619294,"relics_obtained":[{"floor":7.0,"key":"Centennial Puzzle"},{"floor":9.0,"key":"Smiling Mask"},{"floor":13.0,"key":"Strawberry"},{"floor":23,"key":"Vajra"},{"floor":25,"key":"Red Skull"},{"floor":26,"key":"Ancient Tea Set"},{"floor":28,"key":"Mercury Hourglass"},{"floor":36,"key":"Magic Flower"},{"floor":41,"key":"White Beast Statue"},{"floor":43,"key":"Pen Nib"},{"floor":45,"key":"Anchor"},{"floor":48,"key":"Bird Faced Urn"}],"event_choices":[{"damage_healed":0.0,"max_hp_gain":0.0,"max_hp_loss":0.0,"gold_gain":175.0,"event_name":"Liars Game","player_choice":"AGREE","floor":2.0,"gold_loss":0.0,"damage_taken":0.0,"cards_obtained":["Doubt"]},{"damage_healed":0.0,"max_hp_gain":0.0,"max_hp_loss":0.0,"gold_gain":0.0,"event_name":"Scrap Ooze","player_choice":"Success","floor":4.0,"gold_loss":0.0,"damage_taken":18.0,"relics_obtained":["StoneCalendar"]},{"damage_healed":0,"gold_gain":0,"player_choice":"Simplicity","damage_taken":0,"max_hp_gain":0,"max_hp_loss":0,"event_name":"Back to Basics","floor":19,"gold_loss":0,"cards_upgraded":["Strike_R","Strike_R","Strike_R","Strike_R","Defend_R","Defend_R","Defend_R","Defend_R"]},{"damage_healed":0,"gold_gain":0,"player_choice":"Trade","damage_taken":0,"relics_obtained":["FaceOfCleric"],"max_hp_gain":0,"max_hp_loss":0,"event_name":"FaceTrader","floor":22,"gold_loss":0},{"damage_healed":0,"gold_gain":99,"player_choice":"Stole From Cult","damage_taken":0,"max_hp_gain":0,"max_hp_loss":0,"event_name":"Nest","floor":29,"gold_loss":0},{"damage_healed":0,"gold_gain":0,"player_choice":"Ignored","damage_taken":0,"max_hp_gain":0,"max_hp_loss":0,"event_name":"Ghosts","floor":31,"gold_loss":0},{"damage_healed":0,"gold_gain":0,"player_choice":"Fight","damage_taken":0,"max_hp_gain":0,"max_hp_loss":0,"event_name":"Mysterious Sphere","floor":36,"gold_loss":0},{"damage_healed":0,"gold_gain":0,"player_choice":"Got Potions","damage_taken":0,"max_hp_gain":0,"max_hp_loss":0,"event_name":"Lab","floor":37,"gold_loss":0},{"damage_healed":0,"gold_gain":0,"player_choice":"Fight","damage_taken":0,"max_hp_gain":0,"max_hp_loss":0,"event_name":"MindBloom","floor":48,"gold_loss":0}],"is_beta":false,"boss_relics":[{"not_picked":["Fusion Hammer","Tiny House"],"picked":"Sozu"},{"not_picked":["Black Blood","Snecko Eye"],"picked":"Runic Cube"}],"items_purged_floors":[3,11,39,42,47],"is_endless":false,"potions_floor_spawned":[13,16,20,24,25,33,35,36,41,45,48],"ascension_level":1}}