{"host":"3y2rtlgteqp2nuo3","time":1611911385,"event":{"mods":["2.2 Compatiblity","AchievementEnabler","BaseMod","Colored Map","DeckTracker","Highlight Path","Keyboard Shortcuts","Minty Spire (QoL Compilation)","Permanent Neow","Quick Restart","StSLib","SuperFastMode","everything is the same but u backflip on backflip"],"gold_per_floor":[117,133,58,73,23,23,48,65,65,65,76,76,26,26,26],"floor_reached":14,"language":"KOR","playtime":198,"items_purged":["Regret","Strike_R"],"score":126,"play_id":"cc06dbea-605a-4b36-9a0b-e1624ae137f3","local_time":"20210129180945","is_ascension_mode":true,"campfire_choices":[{"data":"Bash","floor":6,"key":"SMITH"},{"data":"Immolate","floor":10,"key":"SMITH"}],"circlet_count":0,"master_deck":["Strike_R","Strike_R","Defend_R","Defend_R","Defend_R","Bash+1","Immolate+1","Immolate","Evolve+1","Whirlwind","Shrug It Off","Pummel","Wild Strike"],"relics":["Burning Blood","Potion Belt","Smiling Mask"],"acts_visited":["Exordium"],"potions_floor_usage":[],"damage_taken":[{"damage":20,"enemies":"Jaw Worm","floor":1,"turns":4},{"damage":0,"enemies":"2 Louse","floor":2,"turns":1},{"damage":6,"enemies":"Cultist","floor":4,"turns":4},{"damage":20,"enemies":"3 Sentries","floor":7,"turns":3},{"damage":39,"enemies":"Exordium Wildlife","floor":8,"turns":5},{"damage":16,"enemies":"Blue Slaver","floor":11,"turns":5},{"damage":30,"enemies":"Gremlin Nob","floor":14,"turns":3}],"seed_played":"5206429976337595080","potions_obtained":[{"floor":1,"key":"GamblersBrew"},{"floor":7,"key":"EssenceOfSteel"}],"is_trial":false,"path_per_floor":["M","M","$","M","?","R","E","M","T","R","M","?","$","E"],"character_chosen":"IRONCLAD","items_purchased":[],"campfire_rested":0,"item_purchase_floors":[],"current_hp_per_floor":[58,64,64,64,64,64,50,17,17,17,7,7,7,0,0],"gold":26,"neow_bonus":"TRANSFORM_TWO_CARDS","is_daily":false,"chose_seed":false,"campfire_upgraded":2,"win_rate":0.0,"timestamp":1611911385,"path_taken":["M","M","$","M","?","R","E","M","T","R","M","?","$","E"],"items_purchased_type":[],"build_version":"2020-12-22","purchased_purges":2,"victory":false,"max_hp_per_floor":[80,80,80,80,80,80,80,80,80,80,80,80,80,80,80],"card_choices":[{"not_picked":["Pommel Strike","Battle Trance"],"picked":"Evolve","floor":1},{"not_picked":["Body Slam","Havoc","Cleave"],"picked":"SKIP","floor":2},{"not_picked":["Body Slam","Havoc","Cleave"],"picked":"SKIP","floor":2},{"not_picked":["Seeing Red","Inflame"],"picked":"Whirlwind","floor":4},{"not_picked":["Clothesline","Sword Boomerang"],"picked":"Shrug It Off","floor":7},{"not_picked":["Iron Wave","Feel No Pain"],"picked":"Pummel","floor":8},{"not_picked":["Intimidate","Evolve"],"picked":"Wild Strike","floor":11}],"player_experience":728537,"relics_obtained":[{"floor":7,"key":"Potion Belt"},{"floor":9,"key":"Smiling Mask"}],"event_choices":[{"cards_removed":["Strike_R"],"damage_healed":0,"gold_gain":0,"player_choice":"Card Removal","damage_taken":0,"max_hp_gain":0,"max_hp_loss":0,"event_name":"The Cleric","floor":5,"gold_loss":50},{"damage_healed":0,"gold_gain":0,"player_choice":"Upgraded","damage_taken":0,"max_hp_gain":0,"max_hp_loss":0,"event_name":"Upgrade Shrine","floor":12,"gold_loss":0,"cards_upgraded":["Evolve"]}],"is_beta":false,"boss_relics":[],"items_purged_floors":[3,13],"is_endless":false,"potions_floor_spawned":[1,7],"killed_by":"Gremlin Nob","ascension_level":8}}