{"host":"kk2i87xhq8q4h0un","time":1611952758,"event":{"mods":["BaseMod","Evolution","Minty Spire (QoL Compilation)","Shop Mod","StSLib"],"gold_per_floor":[15,32,32,51,51,51,51,51,51,76,95,95,95,110,110,205,205,219,38,38,38,113,113,136,179,179,195,195,195,105,129,129,129,129],"floor_reached":33,"language":"ENG","playtime":1810,"items_purged":["Defend_G"],"score":447,"play_id":"e9546195-c2a4-4f04-aaa3-c98646b226c0","local_time":"20210129123918","is_ascension_mode":true,"campfire_choices":[{"data":"Venomology","floor":6.0,"key":"SMITH"},{"data":"Survivor","floor":8.0,"key":"SMITH"},{"data":"Bullet Time","floor":13.0,"key":"SMITH"},{"floor":15.0,"key":"REST"},{"data":"A Thousand Cuts","floor":23.0,"key":"SMITH"},{"data":"Acrobatics","floor":29.0,"key":"SMITH"},{"data":"Eviscerate","floor":32.0,"key":"SMITH"}],"circlet_count":0,"master_deck":["AscendersBane","Strike_G","Strike_G","Strike_G+1","Strike_G+1","Defend_G","Defend_G","Defend_G+1","Survivor+1","Neutralize+1","Venomology+1","PiercingWail","Deflect","Bullet Time+1","Predator","A Thousand Cuts+1","Riddle With Holes","Prepared","Underhanded Strike","Heel Hook","Acrobatics+1","Eviscerate+1"],"relics":["Ring of the Snake","EVO:Axolotl","Calipers","The Courier","Gambling Chip","Golden Idol","Philosopher\u0027s Stone","Chemical X","Ornamental Fan","Bronze Scales","Darkstone Periapt"],"acts_visited":["Exordium","TheCity"],"potions_floor_usage":[33,33,33],"damage_taken":[{"damage":3.0,"enemies":"Jaw Worm","floor":1.0,"turns":9.0},{"damage":0.0,"enemies":"2 Louse","floor":2.0,"turns":3.0},{"damage":2.0,"enemies":"Small Slimes","floor":4.0,"turns":6.0},{"damage":17.0,"enemies":"Gremlin Nob","floor":10.0,"turns":5.0},{"damage":0.0,"enemies":"Blue Slaver","floor":11.0,"turns":5.0},{"damage":5.0,"enemies":"Gremlin Gang","floor":14.0,"turns":6.0},{"damage":7.0,"enemies":"The Guardian","floor":16.0,"turns":13.0},{"damage":9.0,"enemies":"Shell Parasite","floor":18.0,"turns":7.0},{"damage":2.0,"enemies":"2 Thieves","floor":24.0,"turns":3.0},{"damage":2.0,"enemies":"Slavers","floor":25.0,"turns":4.0},{"damage":8.0,"enemies":"Sentry and Sphere","floor":27.0,"turns":3.0},{"damage":0.0,"enemies":"Centurion and Healer","floor":31.0,"turns":3.0},{"damage":36,"enemies":"Collector","floor":33,"turns":6}],"seed_played":"-666166239896485948","potions_obtained":[{"floor":2.0,"key":"DistilledChaos"},{"floor":10.0,"key":"Dexterity Potion"},{"floor":14.0,"key":"Fruit Juice"},{"floor":16.0,"key":"AttackPotion"},{"floor":25.0,"key":"Fire Potion"}],"is_trial":false,"path_per_floor":["M","M","?","M","?","R","?","R","T","E","M","?","R","M","R","B",null,"M","$","?","?","?","R","M","E","T","M","?","R","?","M","R","B"],"character_chosen":"THE_SILENT","items_purchased":["Chemical X"],"campfire_rested":1,"item_purchase_floors":[19],"current_hp_per_floor":[56,56,56,66,53,53,41,41,41,24,24,24,24,19,43,36,59,50,50,50,50,44,44,42,40,40,32,32,32,32,32,32,0,0],"gold":129,"neow_bonus":"THREE_RARE_CARDS","is_daily":false,"chose_seed":false,"campfire_upgraded":6,"win_rate":0.0,"timestamp":1611952758,"path_taken":["M","M","?","M","?","R","?","R","T","E","M","?","R","M","R","BOSS","M","$","?","?","?","R","?","E","T","M","?","R","?","M","R","BOSS"],"items_purchased_type":["Relic"],"build_version":"2020-12-22","purchased_purges":1,"victory":false,"max_hp_per_floor":[66,66,66,66,66,66,66,66,66,66,66,61,61,61,66,66,66,66,66,66,66,66,66,66,66,66,66,66,66,66,66,66,66,66],"card_choices":[{"not_picked":["Glass Knife","Doppelganger"],"picked":"Venomology","floor":0.0},{"not_picked":["Outmaneuver","Slice"],"picked":"PiercingWail","floor":1.0},{"not_picked":["Slice","Backflip","Flying Knee"],"picked":"SKIP","floor":2.0},{"not_picked":["Backflip","Poisoned Stab","Quick Slash"],"picked":"SKIP","floor":4.0},{"not_picked":["Outmaneuver","Backflip"],"picked":"Deflect","floor":10.0},{"not_picked":["Deadly Poison","Poisoned Stab"],"picked":"Bullet Time","floor":11.0},{"not_picked":["Infinite Blades","Underhanded Strike"],"picked":"Predator","floor":14.0},{"not_picked":["Storm of Steel","Doppelganger"],"picked":"A Thousand Cuts","floor":16.0},{"not_picked":["Reflex","Expertise","Infinite Blades"],"picked":"SKIP","floor":18.0},{"not_picked":["Sucker Punch","Outmaneuver","Distraction"],"picked":"SKIP","floor":24.0},{"not_picked":["Sucker Punch","Outmaneuver","Distraction"],"picked":"SKIP","floor":24.0},{"not_picked":["Backstab","Terror"],"picked":"Underhanded Strike","floor":25.0},{"not_picked":["Bane","Noxious Fumes+1"],"picked":"Heel Hook","floor":27.0},{"not_picked":["All Out Attack","Caltrops"],"picked":"Eviscerate","floor":31.0}],"player_experience":1014639,"relics_obtained":[{"floor":9.0,"key":"The Courier"},{"floor":10.0,"key":"Gambling Chip"},{"floor":25.0,"key":"Bronze Scales"},{"floor":26.0,"key":"Darkstone Periapt"}],"event_choices":[{"damage_healed":0.0,"max_hp_gain":0.0,"max_hp_loss":0.0,"gold_gain":0.0,"event_name":"Living Wall","player_choice":"Grow","floor":3.0,"gold_loss":0.0,"damage_taken":0.0,"cards_upgraded":["Neutralize"]},{"damage_healed":0.0,"max_hp_gain":0.0,"max_hp_loss":0.0,"gold_gain":0.0,"event_name":"Shining Light","player_choice":"Entered Light","floor":5.0,"gold_loss":0.0,"damage_taken":13.0,"cards_upgraded":["Defend_G","Strike_G"]},{"damage_healed":0.0,"max_hp_gain":0.0,"max_hp_loss":0.0,"gold_gain":0.0,"event_name":"Scrap Ooze","player_choice":"Success","floor":7.0,"gold_loss":0.0,"damage_taken":12.0,"relics_obtained":["Calipers"]},{"damage_healed":0.0,"max_hp_gain":0.0,"max_hp_loss":5.0,"gold_gain":0.0,"event_name":"Golden Idol","player_choice":"Lose Max HP","floor":12.0,"gold_loss":0.0,"damage_taken":0.0,"relics_obtained":["Golden Idol"]},{"damage_healed":0.0,"max_hp_gain":0.0,"max_hp_loss":0.0,"gold_gain":0.0,"event_name":"The Mausoleum","player_choice":"Opened","floor":20.0,"gold_loss":0.0,"damage_taken":0.0,"relics_obtained":["Ornamental Fan"],"cards_obtained":["Writhe"]},{"damage_healed":0.0,"max_hp_gain":0.0,"max_hp_loss":0.0,"gold_gain":0.0,"cards_transformed":["Defend_G","Strike_G"],"event_name":"Drug Dealer","player_choice":"Became Test Subject","floor":21.0,"gold_loss":0.0,"damage_taken":0.0,"cards_obtained":["Riddle With Holes","Prepared"]},{"damage_healed":0.0,"max_hp_gain":0.0,"max_hp_loss":0.0,"gold_gain":75.0,"event_name":"FaceTrader","player_choice":"Touch","floor":22.0,"gold_loss":0.0,"damage_taken":6.0},{"damage_healed":0.0,"max_hp_gain":0.0,"max_hp_loss":0.0,"gold_gain":0.0,"event_name":"The Library","player_choice":"Read","floor":28.0,"gold_loss":0.0,"damage_taken":0.0,"cards_obtained":["Acrobatics"]},{"cards_removed":["Writhe"],"damage_healed":0.0,"max_hp_gain":0.0,"max_hp_loss":0.0,"gold_gain":0.0,"event_name":"Designer","player_choice":"Upgrade and Remove","floor":30.0,"gold_loss":90.0,"damage_taken":0.0,"cards_upgraded":["Strike_G"]}],"is_beta":false,"boss_relics":[{"not_picked":["Astrolabe","Runic Dome"],"picked":"Philosopher\u0027s Stone"}],"items_purged_floors":[19],"is_endless":false,"potions_floor_spawned":[2,10,14,16,24,25],"killed_by":"Collector","ascension_level":14}}