{"host":"wghdsg8ym2wc7ov9","time":1611960745,"event":{"mods":["A Penny For Your Troubles","AchievementEnabler","Astrologer","BaseMod","Beaked The Cultist","Better Altar","Better Note","ChefMod","Colored Map","Evolution","Fox Events","Hermit","Highlight Path","Jorbs\u0027s Wanderer Trilogy","KinomotoSakuraMod(????)","Minty Spire (QoL Compilation)","Random Character Button","Relic Stats","SIMod","Shop Mod","StSLib","The Blackbeard","The Bladedancer","The Construct","The Cursed","The Death Knight","The Gatherer","The Hierophant","The Marked","The Mystic","The Necromancer","The Runesmith","The Senshi","The Servant 0.9.4","Weighted Paths"],"gold_per_floor":[111,131,141,141,151,185,185,205,505,505,505],"floor_reached":10,"language":"ENG","playtime":2118,"items_purged":[],"score":70,"play_id":"984fa620-c98f-440b-96ea-8da00097236a","local_time":"20210129145225","is_ascension_mode":false,"campfire_choices":[{"floor":7,"key":"REST"}],"circlet_count":0,"master_deck":["beaked:Poke","beaked:Strike_Y","beaked:Strike_Y","beaked:Strike_Y","beaked:Strike_Y","beaked:Strike_Y","beaked:Defend_Y","beaked:Defend_Y","beaked:Defend_Y","beaked:Defend_Y","beaked:Ceremony","beaked:Ceremony","beaked:Ceremony","beaked:DesperateSwing","beaked:BarbedWire","beaked:Cower","beaked:Foresight","beaked:Overexert","beaked:Tweet","beaked:RuinSticks"],"relics":["beaked:MendingPlumage","EVO:Axolotl","Blood Vial","Old Coin"],"acts_visited":["Exordium"],"potions_floor_usage":[6,10,10],"damage_taken":[{"damage":10,"enemies":"Small Slimes","floor":1,"turns":5},{"damage":9,"enemies":"Jaw Worm","floor":2,"turns":4},{"damage":0,"enemies":"2 Louse","floor":3,"turns":3},{"damage":35,"enemies":"Large Slime","floor":5,"turns":7},{"damage":41,"enemies":"Gremlin Nob","floor":6,"turns":6},{"damage":16,"enemies":"2 Fungi Beasts","floor":8,"turns":5},{"damage":51,"enemies":"3 Sentries","floor":10,"turns":8}],"seed_played":"-9179607734420147206","potions_obtained":[{"floor":1,"key":"Weak Potion"},{"floor":5,"key":"EssenceOfSteel"},{"floor":6,"key":"SteroidPotion"}],"is_trial":false,"path_per_floor":["M","M","M","?","M","E","R","M","T","E"],"character_chosen":"BEAKED_THE_CULTIST","items_purchased":[],"campfire_rested":1,"item_purchase_floors":[],"current_hp_per_floor":[48,49,50,55,37,11,27,28,28,0,0],"gold":505,"neow_bonus":"THREE_CARDS","is_daily":false,"chose_seed":false,"campfire_upgraded":0,"win_rate":0.0,"timestamp":1611960745,"path_taken":["M","M","M","?","M","E","R","M","T","E"],"items_purchased_type":[],"build_version":"2020-12-22","purchased_purges":0,"victory":false,"max_hp_per_floor":[50,50,50,55,55,55,55,55,55,55,55],"relic_stats":{"Blood Vial":4,"counters":[7,38],"obtain_stats":[{"Blood Vial":6,"EVO:Axolotl":0,"beaked:MendingPlumage":0,"Old Coin":9},{"Blood Vial":5,"EVO:Axolotl":0,"beaked:MendingPlumage":0,"Old Coin":6},{"Blood Vial":25,"EVO:Axolotl":0,"beaked:MendingPlumage":0,"Old Coin":30}]},"card_choices":[{"not_picked":["beaked:Daydream","beaked:DigDeep"],"picked":"beaked:DesperateSwing","floor":0},{"not_picked":["beaked:Replenish","beaked:Tradeoff"],"picked":"beaked:BarbedWire","floor":1},{"not_picked":["beaked:CursingBlood","beaked:BarbedWire"],"picked":"beaked:Cower","floor":2},{"not_picked":["beaked:SurvivalInstinct","beaked:DesperateSwing"],"picked":"beaked:Foresight","floor":3},{"not_picked":["beaked:WindBringer","beaked:Resilience"],"picked":"beaked:Overexert","floor":5},{"not_picked":["beaked:Flinch","beaked:VolatileMisfortune"],"picked":"beaked:Tweet","floor":6},{"not_picked":["beaked:Resilience","beaked:Redirect"],"picked":"beaked:RuinSticks","floor":8}],"player_experience":830635,"relics_obtained":[{"floor":6,"key":"Blood Vial"},{"floor":9,"key":"Old Coin"}],"event_choices":[{"damage_healed":0,"gold_gain":0,"player_choice":"Donut","damage_taken":0,"max_hp_gain":5,"max_hp_loss":0,"event_name":"Big Fish","floor":4,"gold_loss":0}],"is_beta":false,"boss_relics":[],"items_purged_floors":[],"is_endless":false,"potions_floor_spawned":[1,5,6],"killed_by":"3 Sentries","ascension_level":0}}