{"host":"fdq5pmhluajjrf8d","time":1611885424,"event":{"mods":["BaseMod","Minty Spire (QoL Compilation)"],"gold_per_floor":[115,125,125,135,185,185,185,185,185,218,218,174,184,195,195,273,273,290,290,290,131,148,148,148],"floor_reached":23,"language":"ENG","playtime":588,"items_purged":["Steam Power"],"score":428,"play_id":"5b6a5e86-a0ae-49a1-bbc0-0cdb6212ab43","local_time":"20210128205704","is_ascension_mode":true,"campfire_choices":[{"data":"Zap","floor":6,"key":"SMITH"},{"data":"Tempest","floor":8,"key":"SMITH"},{"data":"Tempest","floor":11,"key":"SMITH"},{"data":"Ball Lightning","floor":15,"key":"SMITH"}],"circlet_count":0,"master_deck":["AscendersBane","Strike_B","Strike_B","Strike_B","Defend_B","Defend_B","Defend_B","Zap+1","Dualcast","Tempest+1","Tempest+1","Ball Lightning+1","Reinforced Body","Multi-Cast","Necronomicurse","Defragment"],"relics":["Cracked Core","Bag of Marbles","Pear","Ornamental Fan","Sozu","Necronomicon"],"acts_visited":["Exordium","TheCity"],"potions_floor_usage":[10,16,22],"damage_taken":[{"damage":4,"enemies":"Jaw Worm","floor":1,"turns":4},{"damage":3,"enemies":"2 Louse","floor":2,"turns":3},{"damage":14,"enemies":"Small Slimes","floor":4,"turns":2},{"damage":0,"enemies":"Gremlin Nob","floor":10,"turns":3},{"damage":0,"enemies":"Looter","floor":13,"turns":2},{"damage":0,"enemies":"Blue Slaver","floor":14,"turns":2},{"damage":50,"enemies":"Slime Boss","floor":16,"turns":5},{"damage":1,"enemies":"Spheric Guardian","floor":18,"turns":3},{"damage":26,"enemies":"2 Thieves","floor":22,"turns":5},{"damage":23,"enemies":"Book of Stabbing","floor":23,"turns":2}],"seed_played":"1749294848594385038","potions_obtained":[{"floor":2,"key":"Swift Potion"},{"floor":4,"key":"Block Potion"},{"floor":13,"key":"AttackPotion"}],"is_trial":false,"path_per_floor":["M","M","?","M","T","R","?","R","T","E","R","$","M","M","R","B",null,"M","?","?","$","M","E"],"character_chosen":"DEFECT","items_purchased":["Reinforced Body","Defragment"],"campfire_rested":0,"item_purchase_floors":[12,21],"current_hp_per_floor":[67,64,57,43,43,43,43,43,53,53,53,53,53,53,53,3,67,66,66,45,45,19,0,0],"gold":148,"neow_bonus":"TEN_PERCENT_HP_BONUS","is_daily":false,"chose_seed":false,"campfire_upgraded":4,"win_rate":0.0,"timestamp":1611885424,"path_taken":["M","M","?","M","?","R","?","R","T","E","R","$","M","M","R","BOSS","M","?","?","$","M","E"],"items_purchased_type":["Card","Card"],"build_version":"2020-12-22","purchased_purges":1,"victory":false,"max_hp_per_floor":[78,78,78,78,78,78,78,78,88,88,88,88,88,88,88,88,88,88,88,88,88,88,88,88],"card_choices":[{"not_picked":["Go for the Eyes","Chill"],"picked":"Tempest","floor":1},{"not_picked":["Rip and Tear","Hologram"],"picked":"Tempest","floor":2},{"not_picked":["Heatsinks","Leap"],"picked":"Ball Lightning","floor":4},{"not_picked":["Turbo","Lockon","Fusion"],"picked":"SKIP","floor":10},{"not_picked":["Coolheaded","Beam Cell","Steam"],"picked":"SKIP","floor":13},{"not_picked":["Cold Snap","Rebound","Reinforced Body"],"picked":"SKIP","floor":14},{"not_picked":["Amplify","All For One"],"picked":"Multi-Cast","floor":16},{"not_picked":["Reinforced Body","Cold Snap","FTL"],"picked":"SKIP","floor":18},{"not_picked":["Darkness","Chaos","Compile Driver"],"picked":"SKIP","floor":22}],"player_experience":1939494,"relics_obtained":[{"floor":5,"key":"Bag of Marbles"},{"floor":9,"key":"Pear"},{"floor":10,"key":"Ornamental Fan"},{"floor":20,"key":"Necronomicon"}],"event_choices":[{"cards_removed":["Defend_B"],"damage_healed":0,"gold_gain":0,"player_choice":"Card Removal","damage_taken":7,"max_hp_gain":0,"max_hp_loss":0,"event_name":"Golden Wing","floor":3,"gold_loss":0},{"damage_healed":0,"gold_gain":0,"cards_transformed":["Strike_B"],"player_choice":"Change","damage_taken":0,"max_hp_gain":0,"max_hp_loss":0,"event_name":"Living Wall","floor":7,"gold_loss":0,"cards_obtained":["Steam Power"]},{"damage_healed":0,"gold_gain":0,"player_choice":"Ignored","damage_taken":0,"max_hp_gain":0,"max_hp_loss":0,"event_name":"Beggar","floor":19,"gold_loss":0},{"damage_healed":0,"gold_gain":0,"player_choice":"Obtained Book","damage_taken":21,"max_hp_gain":0,"max_hp_loss":0,"event_name":"Cursed Tome","floor":20,"gold_loss":0}],"is_beta":false,"boss_relics":[{"not_picked":["Tiny House","Coffee Dripper"],"picked":"Sozu"}],"items_purged_floors":[21],"is_endless":false,"potions_floor_spawned":[2,4,13,18],"killed_by":"Book of Stabbing","ascension_level":20}}