{"host":"7tvb1em0d2fx72q7","time":1611902455,"event":{"mods":["BaseMod","Challenge The Spire","Minty Spire (QoL Compilation)","StSLib","everything is the same but u backflip on backflip"],"gold_per_floor":[119,129,139,139,152,180,180,212,212,29,29,47,62,73,73,145,145,163,163,175,185,185,185,217,242,268,368,368,40,40,55,55,129,129,146,368,368,387,412,440,450,477,477,201,201,216,216,235,235,235,235,235,235,48,73,73],"floor_reached":57,"language":"ENG","playtime":7148,"items_purged":["Strike_B","Defend_B"],"score":2684,"play_id":"adb15a71-3477-4a72-8781-21573fbab710","local_time":"20210129014055","is_ascension_mode":true,"campfire_choices":[{"data":"Hyperbeam","floor":7.0,"key":"SMITH"},{"data":"Consume","floor":11.0,"key":"SMITH"},{"data":"Hologram","floor":15.0,"key":"SMITH"},{"data":"Ghostly","floor":23.0,"key":"SMITH"},{"data":"Fusion","floor":28.0,"key":"SMITH"},{"data":"Defragment","floor":30.0,"key":"SMITH"},{"data":"Echo Form","floor":32.0,"key":"SMITH"},{"floor":45.0,"key":"RECALL"},{"data":"Ghostly","floor":49.0,"key":"SMITH"},{"data":"Recycle","floor":53.0,"key":"SMITH"}],"circlet_count":0,"master_deck":["AscendersBane","Defend_B","Defend_B","Zap","Dualcast","Hyperbeam+1","Compile Driver","Cold Snap","Doom and Gloom","Self Repair","Conserve Battery","Consume+1","Cold Snap","Self Repair","Hologram+1","Echo Form+1","Self Repair+1","Compile Driver+1","Heatsinks+1","Recycle+1","Ghostly","Ghostly+1","Ghostly+1","Fusion+1","Steam Power","Consume+1","Defragment+1","Seek","Loop","Coolheaded","Recycle+1","Meteor Strike","Seek","Capacitor","Seek"],"relics":["Cracked Core","DataDisk","Lantern","Eternal Feather","Runic Capacitor","Astrolabe","Peace Pipe","Red Mask","Calipers","Pear","DollysMirror","Inserter","Prayer Wheel","Dream Catcher","Anchor","StrikeDummy","Bottled Tornado","Bronze Scales"],"acts_visited":["Exordium","TheCity","TheBeyond","TheEnding"],"potions_floor_usage":[56,56],"damage_taken":[{"damage":0.0,"enemies":"Jaw Worm","floor":1.0,"turns":3.0},{"damage":1.0,"enemies":"Cultist","floor":2.0,"turns":3.0},{"damage":0.0,"enemies":"Small Slimes","floor":3.0,"turns":2.0},{"damage":0.0,"enemies":"3 Louse","floor":5.0,"turns":1.0},{"damage":13.0,"enemies":"3 Sentries","floor":6.0,"turns":4.0},{"damage":8.0,"enemies":"Lagavulin","floor":8.0,"turns":4.0},{"damage":2.0,"enemies":"2 Fungi Beasts","floor":12.0,"turns":4.0},{"damage":0.0,"enemies":"Exordium Wildlife","floor":13.0,"turns":1.0},{"damage":17.0,"enemies":"Large Slime","floor":14.0,"turns":5.0},{"damage":18.0,"enemies":"The Guardian","floor":16.0,"turns":12.0},{"damage":27.0,"enemies":"2 Thieves","floor":18.0,"turns":3.0},{"damage":0.0,"enemies":"Chosen","floor":20.0,"turns":5.0},{"damage":18.0,"enemies":"Snecko","floor":21.0,"turns":6.0},{"damage":12.0,"enemies":"Slavers","floor":24.0,"turns":7.0},{"damage":5.0,"enemies":"Masked Bandits","floor":25.0,"turns":2.0},{"damage":1.0,"enemies":"Colosseum Slavers","floor":27.0,"turns":5.0},{"damage":18.0,"enemies":"Colosseum Nobs","floor":27.0,"turns":5.0},{"damage":0.0,"enemies":"Shelled Parasite and Fungi","floor":31.0,"turns":8.0},{"damage":14.0,"enemies":"Collector","floor":33.0,"turns":28.0},{"damage":39.0,"enemies":"3 Darklings","floor":35.0,"turns":10.0},{"damage":19.0,"enemies":"3 Shapes","floor":38.0,"turns":8.0},{"damage":24.0,"enemies":"Mind Bloom Boss Battle","floor":39.0,"turns":11.0},{"damage":5.0,"enemies":"Giant Head","floor":40.0,"turns":25.0},{"damage":1.0,"enemies":"Maw","floor":41.0,"turns":16.0},{"damage":32.0,"enemies":"Reptomancer","floor":42.0,"turns":11.0},{"damage":12.0,"enemies":"Writhing Mass","floor":46.0,"turns":9.0},{"damage":2.0,"enemies":"4 Shapes","floor":48.0,"turns":8.0},{"damage":1.0,"enemies":"Time Eater","floor":50.0,"turns":17.0},{"damage":14.0,"enemies":"Donu and Deca","floor":51.0,"turns":17.0},{"damage":32.0,"enemies":"Shield and Spear","floor":55.0,"turns":15.0},{"damage":42,"enemies":"The Heart","floor":56,"turns":15}],"seed_played":"-1413578263469426462","potions_obtained":[{"floor":1.0,"key":"Block Potion"},{"floor":3.0,"key":"Swift Potion"},{"floor":13.0,"key":"CultistPotion"},{"floor":20.0,"key":"Swift Potion"},{"floor":24.0,"key":"PotionOfCapacity"},{"floor":40.0,"key":"EssenceOfSteel"},{"floor":42.0,"key":"Energy Potion"},{"floor":55.0,"key":"DuplicationPotion"}],"is_trial":false,"path_per_floor":["M","M","M","?","M","E","R","E","T","$","R","M","M","M","R","B",null,"M","?","M","M","?","R","E","?","T","?","R","$","R","M","R","B",null,"M","?","?","M","?","E","M","E","T","$","R","M","$","M","R","B","B",null,"R","$","E","B",null],"character_chosen":"DEFECT","items_purchased":["Runic Capacitor","Cold Snap","DollysMirror","Defragment","Bottled Tornado","Capacitor"],"campfire_rested":0,"item_purchase_floors":[10,10,29,29,44,54],"current_hp_per_floor":[46,45,45,45,45,39,39,38,38,38,47,52,52,49,61,57,68,58,35,35,31,31,35,35,30,30,45,45,45,45,45,45,45,45,45,45,43,43,43,43,43,42,42,42,43,43,43,43,43,43,43,43,43,43,43,25],"gold":73,"neow_bonus":"THREE_RARE_CARDS","is_daily":false,"chose_seed":false,"campfire_upgraded":9,"win_rate":0.0,"timestamp":1611902455,"path_taken":["M","M","M","?","?","E","R","E","T","?","R","M","M","M","R","BOSS","M","?","M","M","?","R","E","?","T","?","R","$","R","M","R","BOSS","M","?","?","M","?","E","M","E","T","$","R","M","$","M","R","BOSS","BOSS","R","$","E","BOSS"],"items_purchased_type":["Relic","Card","Relic","Card","Relic","Card"],"build_version":"2020-12-22","purchased_purges":2,"victory":true,"max_hp_per_floor":[71,71,71,71,71,71,71,71,71,71,71,71,71,71,71,71,71,71,35,35,35,35,35,35,35,35,45,45,45,45,45,45,45,45,45,45,43,43,43,43,43,43,43,43,43,43,43,43,43,43,43,43,43,43,43,43],"card_choices":[{"not_picked":["Reboot","Machine Learning"],"picked":"Hyperbeam","floor":0.0},{"not_picked":["Storm","Stack"],"picked":"Compile Driver","floor":1.0},{"not_picked":["Heatsinks","Conserve Battery"],"picked":"Cold Snap","floor":2.0},{"not_picked":["Rebound","Leap"],"picked":"Doom and Gloom","floor":3.0},{"not_picked":["Hologram","Blizzard"],"picked":"Self Repair","floor":5.0},{"not_picked":["Gash","Redo"],"picked":"Conserve Battery","floor":6.0},{"not_picked":["Sweeping Beam","Lockon"],"picked":"Consume","floor":8.0},{"not_picked":["Loop","Aggregate"],"picked":"Self Repair","floor":12.0},{"not_picked":["Aggregate","Heatsinks"],"picked":"Hologram","floor":13.0},{"not_picked":["Beam Cell","Streamline","Gash"],"picked":"SKIP","floor":14.0},{"not_picked":["All For One","Amplify"],"picked":"Echo Form","floor":16.0},{"not_picked":["Coolheaded","Ball Lightning"],"picked":"Recycle","floor":18.0},{"not_picked":["Rebound","Cold Snap","Reprogram"],"picked":"SKIP","floor":20.0},{"not_picked":["Steam","Rebound","Stack+1"],"picked":"SKIP","floor":21.0},{"not_picked":["Barrage","Go for the Eyes"],"picked":"Fusion","floor":24.0},{"not_picked":["Stack","Go for the Eyes+1"],"picked":"Steam Power","floor":25.0},{"not_picked":["Heatsinks","Turbo","Hologram"],"picked":"SKIP","floor":31.0},{"not_picked":["Meteor Strike","Reboot"],"picked":"Seek","floor":33.0},{"not_picked":["Recycle","Steam+1"],"picked":"Loop","floor":35.0},{"not_picked":["Rebound","Conserve Battery"],"picked":"Coolheaded","floor":38.0},{"not_picked":["Self Repair","Coolheaded"],"picked":"Recycle+1","floor":39.0},{"not_picked":["Reboot","Recycle"],"picked":"Meteor Strike","floor":40.0},{"not_picked":["Barrage+1","Turbo+1","Genetic Algorithm"],"picked":"SKIP","floor":41.0},{"not_picked":["Leap","Redo","Melter"],"picked":"SKIP","floor":41.0},{"not_picked":["Coolheaded","Force Field"],"picked":"Seek","floor":42.0},{"not_picked":["White Noise","Leap","Self Repair"],"picked":"SKIP","floor":46.0},{"not_picked":["Heatsinks","Gash","Leap"],"picked":"SKIP","floor":46.0},{"not_picked":["Steam Power","Static Discharge","Genetic Algorithm"],"picked":"SKIP","floor":48.0},{"not_picked":["Hologram","Compile Driver","Ball Lightning"],"picked":"SKIP","floor":48.0},{"not_picked":["Stack","Compile Driver"],"picked":"Seek","floor":55.0}],"player_experience":1977883,"relics_obtained":[{"floor":6.0,"key":"DataDisk"},{"floor":8.0,"key":"Lantern"},{"floor":9.0,"key":"Eternal Feather"},{"floor":24.0,"key":"Peace Pipe"},{"floor":25.0,"key":"Red Mask"},{"floor":27.0,"key":"Calipers"},{"floor":27.0,"key":"Pear"},{"floor":39.0,"key":"Prayer Wheel"},{"floor":40.0,"key":"Dream Catcher"},{"floor":42.0,"key":"Anchor"},{"floor":43.0,"key":"StrikeDummy"},{"floor":55.0,"key":"Bronze Scales"}],"event_choices":[{"cards_removed":["Strike_B"],"damage_healed":0.0,"max_hp_gain":0.0,"max_hp_loss":0.0,"gold_gain":0.0,"event_name":"Bonfire Elementals","player_choice":"Offered Basic","floor":4.0,"gold_loss":0.0,"damage_taken":0.0},{"damage_healed":0.0,"max_hp_gain":0.0,"max_hp_loss":36.0,"gold_gain":0.0,"event_name":"Ghosts","player_choice":"Became a Ghost","floor":19.0,"gold_loss":0.0,"damage_taken":0.0,"cards_obtained":["Ghostly","Ghostly","Ghostly"]},{"damage_healed":0.0,"max_hp_gain":0.0,"max_hp_loss":0.0,"gold_gain":0.0,"event_name":"Vampires","player_choice":"Ignored","floor":22.0,"gold_loss":0.0,"damage_taken":0.0},{"damage_healed":0.0,"max_hp_gain":0.0,"max_hp_loss":0.0,"gold_gain":0.0,"event_name":"Masked Bandits","player_choice":"Fought Bandits","floor":25.0,"gold_loss":0.0,"damage_taken":0.0},{"damage_healed":0.0,"max_hp_gain":0.0,"max_hp_loss":0.0,"gold_gain":0.0,"event_name":"Colosseum","player_choice":"Fight","floor":27.0,"gold_loss":0.0,"damage_taken":0.0},{"damage_healed":0.0,"max_hp_gain":0.0,"max_hp_loss":0.0,"gold_gain":0.0,"event_name":"Colosseum","player_choice":"Fought Nobs","floor":27.0,"gold_loss":0.0,"damage_taken":0.0},{"damage_healed":0.0,"max_hp_gain":0.0,"max_hp_loss":0.0,"gold_gain":222.0,"event_name":"Tomb of Lord Red Mask","player_choice":"Wore Mask","floor":36.0,"gold_loss":0.0,"damage_taken":0.0},{"damage_healed":0.0,"max_hp_gain":0.0,"max_hp_loss":2.0,"gold_gain":0.0,"event_name":"Winding Halls","player_choice":"Max HP","floor":37.0,"gold_loss":0.0,"damage_taken":0.0},{"damage_healed":0.0,"max_hp_gain":0.0,"max_hp_loss":0.0,"gold_gain":0.0,"event_name":"MindBloom","player_choice":"Fight","floor":39.0,"gold_loss":0.0,"damage_taken":0.0}],"is_beta":false,"boss_relics":[{"not_picked":["Empty Cage","SacredBark"],"picked":"Astrolabe"},{"not_picked":["SlaversCollar","Busted Crown"],"picked":"Inserter"}],"items_purged_floors":[29,54],"is_endless":false,"potions_floor_spawned":[1,3,5,13,20,24,31,33,39,40,42,55],"ascension_level":20}}