{"host":"Jinnai","time":1611940060,"event":{"mods":["BaseMod","Bestiary","Block Reminder","Colored Map","Colored Powertips","Highlight Path","Minty Spire (QoL Compilation)","Quick Restart","Relic Stats","StSLib"],"gold_per_floor":[118,128,128,147,147,180,180,211,264,281,310,310,310,339,339,414,414,427,459,459,66,84,84,113,113,136,162,162,190,190,208,208,280,280,291,291,291,291,310,345,365,365,391,420,430,430,430],"floor_reached":46,"language":"ENG","playtime":7438,"items_purged":["Strike_R"],"score":1224,"play_id":"839742e2-f761-495d-9406-2115d271cbc6","local_time":"20210129120740","is_ascension_mode":true,"campfire_choices":[{"floor":7,"key":"REST"},{"data":"The Bomb","floor":13,"key":"SMITH"},{"floor":15,"key":"REST"},{"data":"Juggernaut","floor":23,"key":"SMITH"},{"data":"Feel No Pain","floor":25,"key":"SMITH"},{"data":"Metallicize","floor":28,"key":"SMITH"},{"floor":32,"key":"REST"},{"floor":42,"key":"RECALL"}],"circlet_count":0,"master_deck":["AscendersBane","Strike_R","Strike_R+1","Strike_R","Defend_R","Defend_R","Defend_R","Defend_R","Bash","The Bomb+1","Sword Boomerang+1","Hemokinesis","Exhume","Cleave","Power Through","Metallicize+1","Impervious","Parasite","Clothesline","Juggernaut+1","Burning Pact","Battle Trance","Apotheosis","Dark Embrace","Corruption","Feel No Pain+1","Iron Wave+1","Seeing Red","Immolate","Demon Form","Magnetism","Mayhem","Purity","Double Tap","Dark Embrace+1"],"relics":["Burning Blood","Pantograph","Tiny Chest","Toy Ornithopter","Orichalcum","Happy Flower","Snecko Eye","Red Mask","Paper Frog","Incense Burner","Strawberry","Matryoshka","Dream Catcher","StrikeDummy","Runic Dome","Question Card","Whetstone","Singing Bowl","Blood Vial","Ice Cream"],"acts_visited":["Exordium","TheCity","TheBeyond"],"potions_floor_usage":[6,11,11,27,32,45],"damage_taken":[{"damage":15,"enemies":"Small Slimes","floor":1,"turns":3},{"damage":4,"enemies":"2 Louse","floor":2,"turns":3},{"damage":7,"enemies":"Jaw Worm","floor":4,"turns":3},{"damage":45,"enemies":"3 Sentries","floor":6,"turns":5},{"damage":20,"enemies":"Lagavulin","floor":8,"turns":6},{"damage":26,"enemies":"Exordium Thugs","floor":10,"turns":4},{"damage":22,"enemies":"Gremlin Nob","floor":11,"turns":4},{"damage":18,"enemies":"Lagavulin","floor":14,"turns":5},{"damage":11,"enemies":"Slime Boss","floor":16,"turns":10},{"damage":23,"enemies":"Spheric Guardian","floor":18,"turns":7},{"damage":20,"enemies":"Masked Bandits","floor":19,"turns":5},{"damage":0,"enemies":"Shell Parasite","floor":22,"turns":4},{"damage":1,"enemies":"Book of Stabbing","floor":24,"turns":4},{"damage":33,"enemies":"Slavers","floor":27,"turns":5},{"damage":14,"enemies":"Gremlin Leader","floor":29,"turns":6},{"damage":0,"enemies":"Centurion and Healer","floor":31,"turns":4},{"damage":21,"enemies":"Champ","floor":33,"turns":7},{"damage":8,"enemies":"3 Shapes","floor":35,"turns":5},{"damage":9,"enemies":"Orb Walker","floor":39,"turns":3},{"damage":11,"enemies":"Giant Head","floor":40,"turns":5},{"damage":6,"enemies":"Writhing Mass","floor":41,"turns":4},{"damage":42,"enemies":"Nemesis","floor":44,"turns":4},{"damage":37,"enemies":"Spire Growth","floor":45,"turns":4},{"damage":16,"enemies":"Jaw Worm Horde","floor":46,"turns":2}],"seed_played":"-1547234866461089249","potions_obtained":[{"floor":1,"key":"Regen Potion"},{"floor":6,"key":"ColorlessPotion"},{"floor":8,"key":"DuplicationPotion"},{"floor":16,"key":"AttackPotion"},{"floor":18,"key":"ColorlessPotion"},{"floor":24,"key":"Fruit Juice"},{"floor":33,"key":"GamblersBrew"},{"floor":37,"key":"Dexterity Potion"},{"floor":45,"key":"SpeedPotion"}],"is_trial":false,"path_per_floor":["M","M","?","M","?","E","R","E","T","M","E","?","R","E","R","B",null,"M","?","T","$","M","R","E","R","T","E","R","E","T","M","R","B",null,"M","?","?","T","M","E","M","R","T","E","M","M"],"character_chosen":"IRONCLAD","items_purchased":["Battle Trance","Apotheosis","Dark Embrace"],"campfire_rested":3,"item_purchase_floors":[21,21,21],"current_hp_per_floor":[41,43,43,42,47,23,47,33,33,13,7,27,27,15,39,59,75,58,44,44,44,50,50,55,55,55,40,40,32,32,38,75,77,88,86,76,76,76,73,68,70,70,70,38,14,0,0],"gold":430,"neow_bonus":"RANDOM_COLORLESS_2","is_daily":false,"chose_seed":false,"campfire_upgraded":4,"win_rate":0.0,"timestamp":1611940060,"path_taken":["M","M","?","M","?","E","R","E","T","M","E","?","R","E","R","BOSS","M","?","?","$","M","R","E","R","T","E","R","E","?","?","R","BOSS","M","?","?","?","?","E","M","R","T","E","M","M"],"items_purchased_type":["Card","Card","Card"],"build_version":"2020-12-18","purchased_purges":1,"victory":false,"max_hp_per_floor":[75,75,75,75,80,80,80,80,80,80,80,80,80,80,80,80,80,80,80,80,80,80,80,80,80,80,87,87,87,87,87,92,92,92,92,92,92,92,92,92,94,94,94,96,96,96,96],"relic_stats":{"Happy Flower":[26],"Singing Bowl":4,"counters":[24,112],"Whetstone":["Sword Boomerang","Strike_R"],"Orichalcum":[186],"Question Card":5,"Burning Blood":138,"Blood Vial":6,"Dream Catcher":1,"Pantograph":42,"Snecko Eye":[153,118,148,152],"Tiny Chest":2,"obtain_stats":[{"Ice Cream":44,"Happy Flower":14,"Singing Bowl":40,"Incense Burner":24,"Whetstone":38,"Orichalcum":11,"Question Card":38,"Burning Blood":0,"Blood Vial":43,"Runic Dome":34,"Dream Catcher":30,"Matryoshka":29,"Pantograph":6,"Strawberry":27,"Snecko Eye":17,"Tiny Chest":8,"Red Mask":19,"StrikeDummy":30,"Toy Ornithopter":9,"Paper Frog":20},{"Ice Cream":22,"Happy Flower":8,"Singing Bowl":20,"Incense Burner":13,"Whetstone":18,"Orichalcum":7,"Question Card":18,"Burning Blood":0,"Blood Vial":21,"Runic Dome":17,"Dream Catcher":15,"Matryoshka":15,"Pantograph":4,"Strawberry":14,"Snecko Eye":9,"Tiny Chest":5,"Red Mask":11,"StrikeDummy":15,"Toy Ornithopter":5,"Paper Frog":11},{"Ice Cream":106,"Happy Flower":33,"Singing Bowl":98,"Incense Burner":63,"Whetstone":90,"Orichalcum":28,"Question Card":90,"Burning Blood":0,"Blood Vial":102,"Runic Dome":85,"Dream Catcher":74,"Matryoshka":74,"Pantograph":14,"Strawberry":68,"Snecko Eye":43,"Tiny Chest":20,"Red Mask":55,"StrikeDummy":74,"Toy Ornithopter":20,"Paper Frog":55}],"Toy Ornithopter":25},"card_choices":[{"not_picked":["Secret Weapon","Thinking Ahead"],"picked":"The Bomb","floor":0},{"not_picked":["Thunderclap","Ghostly Armor"],"picked":"Sword Boomerang","floor":1},{"not_picked":["Flex","Warcry"],"picked":"Hemokinesis","floor":2},{"not_picked":["Pommel Strike","Havoc"],"picked":"Cleave","floor":4},{"not_picked":["Ghostly Armor","Clothesline"],"picked":"Power Through","floor":6},{"not_picked":["Wild Strike","Blood for Blood","Heavy Blade"],"picked":"SKIP","floor":8},{"not_picked":["Cleave","Seeing Red"],"picked":"Metallicize","floor":10},{"not_picked":["Warcry","Thunderclap"],"picked":"Impervious","floor":11},{"not_picked":["Pommel Strike","Exhume"],"picked":"Clothesline","floor":14},{"not_picked":["Offering","Feed"],"picked":"Juggernaut","floor":16},{"not_picked":["Anger","Warcry","Heavy Blade"],"picked":"SKIP","floor":18},{"not_picked":["Heavy Blade","Infernal Blade"],"picked":"Burning Pact","floor":19},{"not_picked":["Body Slam","Feel No Pain"],"picked":"Corruption","floor":22},{"not_picked":["Shockwave+1","Sword Boomerang+1"],"picked":"Feel No Pain","floor":24},{"not_picked":["Rupture","True Grit"],"picked":"Iron Wave+1","floor":27},{"not_picked":["Anger+1","Clothesline"],"picked":"Seeing Red","floor":29},{"not_picked":["Pommel Strike","Blood for Blood","Seeing Red"],"picked":"SKIP","floor":31},{"not_picked":["Iron Wave","Seeing Red"],"picked":"Immolate","floor":32},{"not_picked":["Exhume","Brutality"],"picked":"Demon Form","floor":33},{"not_picked":["Pommel Strike","Dropkick+1","Thunderclap+1"],"picked":"SKIP","floor":35},{"not_picked":["Trip","Apotheosis"],"picked":"Magnetism","floor":36},{"not_picked":["Panacea","Finesse"],"picked":"Mayhem","floor":36},{"not_picked":["Trip","Madness"],"picked":"Purity","floor":36},{"not_picked":["Body Slam","Clothesline+1","Rampage+1","Cleave"],"picked":"SKIP","floor":39},{"not_picked":["Bloodletting","Rupture","Rage"],"picked":"Double Tap","floor":40},{"not_picked":["Body Slam","Evolve","Heavy Blade","Twin Strike"],"picked":"Singing Bowl","floor":41},{"not_picked":["Rupture+1","Clothesline+1","Blood for Blood+1","Battle Trance"],"picked":"Singing Bowl","floor":44},{"not_picked":["Reckless Charge+1","Inflame","Carnage"],"picked":"Dark Embrace+1","floor":45}],"player_experience":1590413,"relics_obtained":[{"floor":6,"key":"Pantograph"},{"floor":8,"key":"Tiny Chest"},{"floor":9,"key":"Toy Ornithopter"},{"floor":11,"key":"Orichalcum"},{"floor":14,"key":"Happy Flower"},{"floor":19,"key":"Red Mask"},{"floor":20,"key":"Paper Frog"},{"floor":24,"key":"Incense Burner"},{"floor":27,"key":"Strawberry"},{"floor":29,"key":"Matryoshka"},{"floor":30,"key":"Dream Catcher"},{"floor":30,"key":"StrikeDummy"},{"floor":38,"key":"Question Card"},{"floor":38,"key":"Whetstone"},{"floor":40,"key":"Singing Bowl"},{"floor":43,"key":"Blood Vial"},{"floor":44,"key":"Ice Cream"}],"event_choices":[{"damage_healed":0,"gold_gain":0,"cards_transformed":["Strike_R"],"player_choice":"Change","damage_taken":0,"max_hp_gain":0,"max_hp_loss":0,"event_name":"Living Wall","floor":3,"gold_loss":0,"cards_obtained":["Exhume"]},{"damage_healed":0,"gold_gain":0,"player_choice":"Donut","damage_taken":0,"max_hp_gain":5,"max_hp_loss":0,"event_name":"Big Fish","floor":5,"gold_loss":0},{"damage_healed":20,"gold_gain":0,"player_choice":"Healed and dodged fight","damage_taken":0,"max_hp_gain":0,"max_hp_loss":0,"event_name":"Mushrooms","floor":12,"gold_loss":0,"cards_obtained":["Parasite"]},{"damage_healed":0,"gold_gain":0,"player_choice":"Fought Bandits","damage_taken":0,"max_hp_gain":0,"max_hp_loss":0,"event_name":"Masked Bandits","floor":19,"gold_loss":0},{"damage_healed":0,"gold_gain":0,"player_choice":"Memory 3","damage_taken":10,"max_hp_gain":0,"max_hp_loss":0,"event_name":"SensoryStone","floor":36,"gold_loss":0},{"damage_healed":0,"gold_gain":0,"player_choice":"Got Potions","damage_taken":0,"max_hp_gain":0,"max_hp_loss":0,"event_name":"Lab","floor":37,"gold_loss":0}],"is_beta":true,"boss_relics":[{"not_picked":["Black Blood","Mark of Pain"],"picked":"Snecko Eye"},{"not_picked":["Tiny House","Philosopher\u0027s Stone"],"picked":"Runic Dome"}],"items_purged_floors":[21],"is_endless":false,"potions_floor_spawned":[1,6,8,16,18,24,33,40,45],"killed_by":"Jaw Worm Horde","ascension_level":20}}