{"host":"d5i1qeb9dejicw1z","time":1611896340,"event":{"mods":["AchievementEnabler","BaseMod","Better Note","BetterRewards","Clawfect","Gold Saver","Minty Spire (QoL Compilation)","Permanent Neow","Reliquary","StSLib"],"gold_per_floor":[335,335,335,349,361,361,386,386,386,386,404,415,415,415,415],"floor_reached":14,"language":"ENG","playtime":406,"items_purged":[],"score":196,"play_id":"f1427553-4565-4d8b-94e0-b088955a85c5","local_time":"20210128205900","is_ascension_mode":true,"campfire_choices":[{"floor":6,"key":"REST"},{"data":"Gash","floor":10,"key":"SMITH"}],"circlet_count":0,"master_deck":["AscendersBane","Gash+1","Gash","Gash+1","Gash","Gash","Defend_B","Defend_B","Defend_B+1","Defend_B","Defend_B","Skim","Clawfect:ClawLightning","Clawfect:ClawAndTear","Decay","Clawfect:ScrapingClaw"],"relics":["Clawfect:DRClaw","Regal Pillow","CaptainsWheel","Ginger"],"acts_visited":["Exordium"],"potions_floor_usage":[7,14],"damage_taken":[{"damage":1,"enemies":"Cultist","floor":1,"turns":4},{"damage":15,"enemies":"2 Louse","floor":4,"turns":4},{"damage":9,"enemies":"Jaw Worm","floor":5,"turns":4},{"damage":15,"enemies":"Lagavulin","floor":7,"turns":5},{"damage":8,"enemies":"Blue Slaver","floor":11,"turns":3},{"damage":16,"enemies":"Red Slaver","floor":12,"turns":4},{"damage":15,"enemies":"3 Sentries","floor":14,"turns":2}],"seed_played":"7451495280859661766","potions_obtained":[{"floor":1,"key":"FearPotion"},{"floor":12,"key":"Strength Potion"}],"is_trial":false,"path_per_floor":["M","$","?","M","M","R","E","?","T","R","M","M","?","E"],"character_chosen":"DEFECT","items_purchased":[],"campfire_rested":1,"item_purchase_floors":[],"current_hp_per_floor":[63,63,63,48,39,71,56,56,56,56,48,32,11,0,0],"gold":415,"neow_bonus":"RANDOM_COMMON_RELIC","is_daily":false,"chose_seed":false,"campfire_upgraded":1,"win_rate":0.0,"timestamp":1611896340,"path_taken":["M","$","?","M","M","R","E","?","T","R","?","M","?","E"],"items_purchased_type":[],"build_version":"2020-12-22","purchased_purges":0,"victory":false,"max_hp_per_floor":[71,71,71,71,71,71,71,71,71,71,71,71,71,71,71],"card_choices":[{"not_picked":["Clawfect:ClawingBeam","Clawfect:ClawpileDriver"],"picked":"Skim","floor":1},{"not_picked":["Steam","Aggregate"],"picked":"Clawfect:ClawLightning","floor":4},{"not_picked":["Gash","Coolheaded"],"picked":"Clawfect:ClawAndTear","floor":5},{"not_picked":["Consume","Rebound","Rainbow"],"picked":"SKIP","floor":7},{"not_picked":["Stack","Genetic Algorithm","Aggregate"],"picked":"SKIP","floor":11},{"not_picked":["Rebound","Clawfect:ClawCell"],"picked":"Clawfect:ScrapingClaw","floor":12}],"player_experience":1174736,"relics_obtained":[{"floor":7,"key":"CaptainsWheel"},{"floor":9,"key":"Ginger"}],"event_choices":[{"damage_healed":0,"gold_gain":0,"player_choice":"Ignored","damage_taken":0,"max_hp_gain":0,"max_hp_loss":0,"event_name":"Golden Idol","floor":3,"gold_loss":0},{"damage_healed":0,"gold_gain":0,"player_choice":"Cursed","damage_taken":0,"max_hp_gain":0,"max_hp_loss":0,"event_name":"Wheel of Change","floor":8,"gold_loss":0,"cards_obtained":["Decay"]},{"damage_healed":0,"gold_gain":0,"player_choice":"Entered Light","damage_taken":21,"max_hp_gain":0,"max_hp_loss":0,"event_name":"Shining Light","floor":13,"gold_loss":0,"cards_upgraded":["Defend_B","Gash"]}],"is_beta":false,"boss_relics":[],"items_purged_floors":[],"is_endless":false,"potions_floor_spawned":[1,12],"killed_by":"3 Sentries","ascension_level":18}}