{"host":"mhmdt6pir7l60j7a","time":1611893935,"event":{"mods":["BaseMod","Bestiary","Better Third Choice","Displayed Cursed Tome","Downfall","Minty Spire (QoL Compilation)","StSLib","Uncapped"],"gold_per_floor":[99,111,111,111,122,122,122,140,140,153,13,26,55,71,89,185,185,185,205,216,216,216,232,232,264,264,264,264,264],"floor_reached":27,"language":"ENG","playtime":851,"items_purged":["downfall:Malfunctioning"],"score":285,"play_id":"a6ce5c7c-9d27-4360-94a4-a1eb7d5a3ed1","local_time":"20210128211855","is_ascension_mode":false,"campfire_choices":[{"data":"bronze:Replicate","floor":1,"key":"SMITH"},{"data":"bronze:DelayedSlice","floor":6,"key":"SMITH"},{"data":"bronze:Fortify","floor":9,"key":"SMITH"},{"data":"bronze:Verify","floor":18,"key":"SMITH"}],"circlet_count":0,"master_deck":["bronze:Defend","bronze:Defend","bronze:Defend","bronze:Defend","bronze:Replicate+1","bronze:Goto","bronze:DelayedSlice+1","bronze:DelayedSlice+1","bronze:Fortify+1","bronze:Frontload","bronze:Overheat","bronze:ChosenStrike","bronze:Return","bronze:FineTuning","bronze:Philosophize","bronze:Verify+1","bronze:Iterate","bronze:Iterate+1","Bite","Bite","Bite","Bite","Bite"],"relics":["bronze:BronzeCore","Dream Catcher","StrikeDummy","Bronze Scales","expansioncontent:StudyCardRelic","White Beast Statue","InkBottle","Ornamental Fan"],"acts_visited":["Exordium","TheCity"],"potions_floor_usage":[10,16,16,25,25],"damage_taken":[{"damage":2,"enemies":"Small Slimes","floor":2,"turns":4},{"damage":1,"enemies":"Jaw Worm","floor":5,"turns":2},{"damage":0,"enemies":"Cultist","floor":8,"turns":2},{"damage":9,"enemies":"2 Fungi Beasts","floor":10,"turns":2},{"damage":0,"enemies":"downfall:FleeingMerchant","floor":11,"turns":4},{"damage":0,"enemies":"Exordium Wildlife","floor":12,"turns":2},{"damage":6,"enemies":"Gremlin Nob","floor":13,"turns":3},{"damage":0,"enemies":"Blue Slaver","floor":14,"turns":2},{"damage":1,"enemies":"2 Fungi Beasts","floor":15,"turns":2},{"damage":54,"enemies":"SI_SHIV_ARCHETYPE","floor":16,"turns":8},{"damage":10,"enemies":"Chosen","floor":19,"turns":5},{"damage":36,"enemies":"Snake Plant","floor":20,"turns":5},{"damage":17,"enemies":"Shelled Parasite and Fungi","floor":23,"turns":3},{"damage":0,"enemies":"Book of Stabbing","floor":25,"turns":3},{"damage":25,"enemies":"Centurion and Healer","floor":27,"turns":2}],"seed_played":"7955937821242210711","potions_obtained":[{"floor":5,"key":"Explosive Potion"},{"floor":8,"key":"GamblersBrew"},{"floor":10,"key":"sneckomod:MuddlingPotion"},{"floor":14,"key":"Guardian:BlockOnCardUsePotion"},{"floor":23,"key":"SteroidPotion"},{"floor":25,"key":"Fruit Juice"}],"is_trial":false,"path_per_floor":["R","M","?","?","M","R","T","M","R","M","$","M","E","M","M","B",null,"R","M","M","?","T","M","T","E","?","M"],"character_chosen":"THE_AUTOMATON","items_purchased":["bronze:Overheat"],"campfire_rested":0,"item_purchase_floors":[11],"current_hp_per_floor":[77,75,75,72,71,71,71,71,71,62,62,62,56,56,55,1,77,77,67,31,31,31,14,14,19,19,0,0,0],"gold":264,"neow_bonus":"TEN_PERCENT_HP_BONUS","is_daily":false,"chose_seed":false,"campfire_upgraded":4,"win_rate":0.0,"timestamp":1611893935,"path_taken":["R","M","?","?","M","R","T","M","R","M","?","M","E","M","M","BOSS","R","M","?","?","?","M","T","E","?","M"],"items_purchased_type":["Card"],"build_version":"2020-12-22","purchased_purges":1,"victory":false,"max_hp_per_floor":[77,77,77,77,77,77,77,77,77,77,77,77,77,77,77,77,77,77,77,77,77,77,77,77,82,57,57,57,57],"card_choices":[{"not_picked":["bronze:Philosophize","bronze:Repulsor"],"picked":"bronze:DelayedSlice","floor":2},{"not_picked":["bronze:Iterate","bronze:Constructor"],"picked":"bronze:DelayedSlice","floor":5},{"not_picked":["bronze:Shell","bronze:WhirlingStrike"],"picked":"bronze:Fortify","floor":8},{"not_picked":["bronze:NullPointer","bronze:BuggyMess"],"picked":"bronze:Frontload","floor":10},{"not_picked":["bronze:DarkDash","bronze:BuggyMess","bronze:WildBeam"],"picked":"SKIP","floor":11},{"not_picked":["bronze:BitShift","bronze:Constructor"],"picked":"bronze:ChosenStrike","floor":12},{"not_picked":["bronze:CutThrough","bronze:DigitalCarnage"],"picked":"bronze:Return","floor":13},{"not_picked":["bronze:CutThrough","bronze:ForLoop"],"picked":"bronze:FineTuning","floor":14},{"not_picked":["bronze:BronzeArmor","bronze:BugBarrage"],"picked":"bronze:Philosophize","floor":15},{"not_picked":["bronze:AlphaBuild","bronze:Virus"],"picked":"bronze:Verify","floor":16},{"not_picked":["bronze:Invalidate","bronze:Terminator"],"picked":"bronze:Iterate","floor":19},{"not_picked":["bronze:Overload","bronze:CutThrough+1","bronze:ForLoop+1"],"picked":"SKIP","floor":20},{"not_picked":["bronze:Iterate","bronze:Turbo","bronze:WildBeam"],"picked":"SKIP","floor":23},{"not_picked":["bronze:DigitalCarnage","bronze:MaxOutput"],"picked":"bronze:Iterate+1","floor":25}],"player_experience":3177,"relics_obtained":[{"floor":7,"key":"StrikeDummy"},{"floor":13,"key":"Bronze Scales"},{"floor":22,"key":"White Beast Statue"},{"floor":24,"key":"InkBottle"},{"floor":25,"key":"Ornamental Fan"}],"event_choices":[{"damage_healed":0,"gold_gain":0,"player_choice":"Relic ","damage_taken":3,"max_hp_gain":0,"max_hp_loss":0,"event_name":"betterThird:BetterScrap","floor":4,"gold_loss":0,"cards_obtained":["Sunder"]},{"damage_healed":0,"gold_gain":0,"player_choice":"Became a vampire","damage_taken":0,"max_hp_gain":0,"max_hp_loss":25,"event_name":"Vampires","floor":26,"gold_loss":0,"cards_obtained":["Bite","Bite","Bite","Bite","Bite"]}],"is_beta":false,"boss_relics":[{"not_picked":["Runic Dome","Tiny House"],"picked":"expansioncontent:StudyCardRelic"}],"items_purged_floors":[11],"is_endless":false,"potions_floor_spawned":[5,8,10,14,23,25],"killed_by":"Centurion and Healer","ascension_level":0}}