{"host":"p34rppyhk302xzzg","time":1611908280,"event":{"mods":["Act Like it!","Arknights The Spire","Ascension Reborn","BaseMod","Better Vampires","Gensokyo","Hallownest","Lobotomy","LobotomyExtend","Marisa£®ÏF”Í°°ƒß¿Ì…≥£©","Minty Spire (QoL Compilation)","Quick Restart","READ ME - Guardian Mod","Reimu£®≤©¿ˆ¡È√Œ£©","Remilia£®¿Ÿ√◊¿Ú—«£©","SOS£®Àπ∞Õ¥Ô÷Æ◊”£©","StSLib","Td1madao Mod","Waifu the Spire","Youmu£®ªÍ∆«—˝√Œ£©","noobMod","°æ“≈ŒÔø®≈∆°øREMEMod"],"gold_per_floor":[114,128,128,158,177,177,206,206,206,206,239,239,250,175,175,278,278,298,298,315,331,331,364,364,69,69,80,95,95,105,133,133,232,232,249,69,69,69],"floor_reached":37,"language":"ZHS","playtime":1935,"items_purged":["Hallownest:curseDreamersLament"],"score":627,"play_id":"c499ca3e-7dcf-46c3-8ea2-c6a5c72d696c","local_time":"20210129161800","is_ascension_mode":true,"campfire_choices":[{"data":"NB:ReiMu","floor":6,"key":"SMITH"},{"data":"UpKicking:ReiMu","floor":10,"key":"SMITH"},{"data":"Dreaming2:ReiMu","floor":15,"key":"SMITH"},{"data":"Free:ReiMu","floor":24,"key":"SMITH"},{"data":"Offering","floor":29,"key":"SMITH"},{"data":"Authority:ReiMu","floor":32,"key":"SMITH"}],"circlet_count":0,"master_deck":["Strike_Lin:ReiMu+1","Strike_Lin:ReiMu+1","Defend_Lin:ReiMu","Defend_Lin:ReiMu","Defend_Lin:ReiMu","Defend_Lin:ReiMu","NB:ReiMu+1","Stagnation:ReiMu","Offering+1","Alriune","DreamingCurrent","UpKicking:ReiMu+1","DoubleButterfly:ReiMu+1","LongBird","AirStrike:ReiMu+1","SpiderBud","SpreadBorder2:ReiMu","OldLady","SubcavityFantasy:ReiMu","PassingAway:ReiMu","CrumblingArmor","Authority:ReiMu+1","UniverseFragment","ShyLook","AlertArray:ReiMu+1","QueenOfHatred","OctopathBindingBorder2:ReiMu+1","Woodsman","Free:ReiMu+1","TightArray:ReiMu+1","SubAcupoint:ReiMu+1","LittleHelper","RainPray2:ReiMu+1","GreedKing","AlertArray:ReiMu+1","SnowQueen","SubcavityInstant:ReiMu","Rudolta","SafetyPray:ReiMu+1","FairyFestival","RunawayExorcism:ReiMu","LaLuna","Conquer:ReiMu+1"],"relics":["FlyPower:ReiMu","REME_ComplimentaryCards","ice","CogitoBucket","LetterFromLob","Molten Egg 2","Bottled Lightning","Hallownest:TeacherSealRelic","Mummified Hand","SkyOrb:ReiMu","Hallownest:DreamNailRelic","HellTrain","Hallownest:BankAccountRelic","Philosopher\u0027s Stone","Whetstone","HandDrill","Ornamental Fan","ChangeAnything","Meat on the Bone","SlaversCollar","AtMidnight","TreeSap","Hallownest:StagBellRelic1"],"acts_visited":["Exordium","Hallownest:Greenpath","Hallownest:CityofTears"],"potions_floor_usage":[27,27,33],"damage_taken":[{"damage":20,"enemies":"Hallownest:monsterHuskGuard","floor":1,"turns":7},{"damage":10,"enemies":"Hallownest:2_MossCreeps","floor":2,"turns":4},{"damage":47,"enemies":"Hallownest:eliteVengeflyKing","floor":4,"turns":7},{"damage":16,"enemies":"Hallownest:monsterHuskWarrior","floor":5,"turns":5},{"damage":6,"enemies":"Hallownest:eliteVengeflyKing","floor":7,"turns":3},{"damage":5,"enemies":"Hallownest:eliteMossKnight","floor":11,"turns":2},{"damage":0,"enemies":"Hallownest:monsterMossCharger","floor":13,"turns":2},{"damage":27,"enemies":"Hallownest:BossHornet","floor":16,"turns":3},{"damage":62,"enemies":"Hallownest:3_Youths","floor":18,"turns":4},{"damage":9,"enemies":"Hallownest:2_Mistakes","floor":20,"turns":3},{"damage":1,"enemies":"Hallownest:Warrior_and_Youth","floor":21,"turns":3},{"damage":12,"enemies":"Hallownest:Nosk","floor":23,"turns":3},{"damage":6,"enemies":"Hallownest:2_Flukemon","floor":27,"turns":2},{"damage":0,"enemies":"Hallownest:Master_and_Novice","floor":28,"turns":2},{"damage":0,"enemies":"Hallownest:monsterMisterMushroom","floor":30,"turns":3},{"damage":46,"enemies":"Hallownest:eliteWatcherKnight","floor":31,"turns":7},{"damage":18,"enemies":"Hallownest:BossGrimm","floor":33,"turns":3},{"damage":0,"enemies":"Hallownest:Shield_Heavy","floor":35,"turns":5},{"damage":174,"enemies":"Hallownest:3_Siblings","floor":37,"turns":3}],"seed_played":"-6397343537364804077","potions_obtained":[{"floor":2,"key":"Ancient Potion"},{"floor":7,"key":"AttackPotion"},{"floor":13,"key":"Explosive Potion"},{"floor":27,"key":"ZuzhouPotion:ReiMu"},{"floor":30,"key":"SpeedPotion"}],"is_trial":false,"path_per_floor":["M","M","?","?","M","R","E","?","T","R","E","?","M","?","R","B",null,"M","?","M","M","?","E","R","$","T","M","M","R","M","E","R","B",null,"M","?","M"],"character_chosen":"REIMU","items_purchased":["HandDrill","TightArray:ReiMu+1","SubAcupoint:ReiMu+1"],"campfire_rested":0,"item_purchase_floors":[25,25,25],"current_hp_per_floor":[45,35,35,18,53,53,71,71,71,71,72,72,72,72,72,90,90,45,65,83,90,90,90,90,90,90,90,90,90,91,91,91,103,105,105,105,0,0],"gold":69,"neow_bonus":"","is_daily":false,"chose_seed":false,"campfire_upgraded":6,"win_rate":0.0,"timestamp":1611908280,"path_taken":["M","M","?","?","M","R","E","?","T","R","E","?","M","?","R","BOSS","M","?","M","?","?","E","R","$","T","?","M","R","?","E","R","BOSS","M","?","M"],"items_purchased_type":["Relic","Card","Card"],"build_version":"2020-12-22","purchased_purges":1,"victory":false,"max_hp_per_floor":[65,65,65,65,69,69,71,71,71,71,72,72,75,75,75,90,90,90,90,90,90,90,90,90,90,90,90,90,90,91,91,91,105,105,105,105,105,105],"card_choices":[{"not_picked":["MeatLantern","Freischutz","FairyFestival"],"picked":"Singing Bowl","floor":1},{"not_picked":["Bloodbath","BeautyBeast"],"picked":"Alriune","floor":1},{"not_picked":["MikOfLucky:ReiMu","YinYangSange:ReiMu"],"picked":"Dreaming2:ReiMu","floor":1},{"not_picked":["SpiderBud","BeautyBeast","VoidDream"],"picked":"Singing Bowl","floor":2},{"not_picked":["ShyLook","MeatLantern"],"picked":"DreamingCurrent","floor":2},{"not_picked":["Conquer:ReiMu","OrbThrow:ReiMu"],"picked":"UpKicking:ReiMu","floor":2},{"not_picked":["BigBird","UniverseFragment","Funeral"],"picked":"Singing Bowl","floor":4},{"not_picked":["Bloodbath","SpiderBud"],"picked":"PunishingBird","floor":4},{"not_picked":["Enchanting:ReiMu","Dreaming:ReiMu+1"],"picked":"DoubleButterfly:ReiMu+1","floor":4},{"not_picked":["OldLady","GreedKing"],"picked":"LongBird","floor":5},{"not_picked":["SpringWay:ReiMu","SubAcupoint:ReiMu+1"],"picked":"AirStrike:ReiMu+1","floor":5},{"not_picked":["Porccubus","Murderer","SpiderBud"],"picked":"Singing Bowl","floor":7},{"not_picked":["Murderer","Mercenary"],"picked":"SpiderBud","floor":7},{"not_picked":["MountainWay:ReiMu","FoulBorder2:ReiMu"],"picked":"SpreadBorder2:ReiMu","floor":7},{"not_picked":["WallGazer","LittlePrince","CherryBlossoms"],"picked":"Singing Bowl","floor":11},{"not_picked":["CherryBlossoms","OSAHOGD"],"picked":"OldLady","floor":11},{"not_picked":["EmergencyTakeOff:ReiMu","MikOfLucky:ReiMu"],"picked":"SubcavityFantasy:ReiMu","floor":11},{"not_picked":["Porccubus","Murderer"],"picked":"MeatLantern","floor":13},{"not_picked":["BarrageOfMoneybags:ReiMu+1","BlastKick2:ReiMu+1"],"picked":"PassingAway:ReiMu","floor":13},{"not_picked":["FairyFestival","Freischutz"],"picked":"CrumblingArmor","floor":16},{"not_picked":["CleanRite:ReiMu","PrayRite:ReiMu"],"picked":"Authority:ReiMu","floor":16},{"not_picked":["BeautyBeast","Rudolta"],"picked":"UniverseFragment","floor":18},{"not_picked":["CareerPray:ReiMu","PayForSelf:ReiMu+1"],"picked":"OrbThrow:ReiMu+1","floor":18},{"not_picked":["MeatLantern","Scarecrow","QueenOfHatred"],"picked":"Singing Bowl","floor":20},{"not_picked":["MeatLantern","Wellcheers"],"picked":"ShyLook","floor":20},{"not_picked":["PrayRite:ReiMu","InherentArray:ReiMu"],"picked":"AlertArray:ReiMu+1","floor":20},{"not_picked":["Scarecrow","CENSORED","CherryBlossoms"],"picked":"Singing Bowl","floor":21},{"not_picked":["MHz","Murderer"],"picked":"QueenOfHatred","floor":21},{"not_picked":["MountainWay:ReiMu","Intuition:ReiMu"],"picked":"OctopathBindingBorder2:ReiMu+1","floor":21},{"not_picked":["Variant","BeautyBeast","HeroicMonk"],"picked":"Singing Bowl","floor":23},{"not_picked":["HeroicMonk","Wellcheers"],"picked":"Woodsman","floor":23},{"not_picked":["Dreaming2:ReiMu+1","DoubleButterfly:ReiMu+1"],"picked":"Free:ReiMu","floor":23},{"not_picked":["NakedNest","Bloodbath"],"picked":"LittleHelper","floor":27},{"not_picked":["Intuition:ReiMu","Amulet:ReiMu"],"picked":"RainPray2:ReiMu+1","floor":27},{"not_picked":["Scarecrow","PunishingBird"],"picked":"GreedKing","floor":28},{"not_picked":["TightArray:ReiMu+1","WonderfulDomain:ReiMu"],"picked":"AlertArray:ReiMu+1","floor":28},{"not_picked":["QueenBee","CherryBlossoms"],"picked":"SnowQueen","floor":30},{"not_picked":["AlertArray:ReiMu","SpreadBorder2:ReiMu"],"picked":"SubcavityInstant:ReiMu","floor":30},{"not_picked":["BigBird","FairyFestival"],"picked":"Rudolta","floor":31},{"not_picked":["AlertArray:ReiMu+1","SpreadBorder2:ReiMu"],"picked":"SafetyPray:ReiMu+1","floor":31},{"not_picked":["BigBadWolf","SilentOrchestra","FieryBird"],"picked":"Singing Bowl","floor":33},{"not_picked":["Scarecrow","BodiesMountain"],"picked":"FairyFestival","floor":33},{"not_picked":["PrayRite:ReiMu","KamiRite:ReiMu"],"picked":"RunawayExorcism:ReiMu","floor":33},{"not_picked":["CENSORED","Laetitia"],"picked":"LaLuna","floor":35},{"not_picked":["SubAcupoint:ReiMu+1","SubcavityInstant:ReiMu+1"],"picked":"Conquer:ReiMu+1","floor":35}],"player_experience":69536,"relics_obtained":[{"floor":1,"key":"LetterFromLob"},{"floor":4,"key":"Molten Egg 2"},{"floor":7,"key":"Bottled Lightning"},{"floor":9,"key":"Mummified Hand"},{"floor":11,"key":"SkyOrb:ReiMu"},{"floor":23,"key":"Whetstone"},{"floor":26,"key":"Ornamental Fan"},{"floor":31,"key":"Meat on the Bone"},{"floor":35,"key":"AtMidnight"}],"event_choices":[],"is_beta":false,"boss_relics":[{"not_picked":["Velvet Choker","Busted Crown"],"picked":"Philosopher\u0027s Stone"},{"not_picked":["Snecko Eye","REME_ChargedStone"],"picked":"SlaversCollar"}],"items_purged_floors":[25],"is_endless":false,"potions_floor_spawned":[2,7,13,20,23,27,30],"killed_by":"Hallownest:3_Siblings","ascension_level":0}}