{"host":"bg8va46pgqgvtzim","time":1611929574,"event":{"mods":["BaseMod","Minty Spire (QoL Compilation)","Quick Restart","StSLib","SuperFastMode"],"gold_per_floor":[110,35,47,47,70,70,90,110,110,124,124,163,175,213,275,362,407,435,472,484,529,557,594,606,618,756,768,803,838,775,811,857,887,918,966,978,1014,1060,1072,1109,1144,1156,1068,1068,1087,1087,1087,1107,1145,1060,1060,1181,1181,1196,1220,1220,1243,798,822,840,840,883,883,903,924,924,947,947,947,986,836,836,836,836,836,240,283,283],"floor_reached":79,"language":"ZHS","playtime":1944,"items_purged":["Strike_B","Defend_B","Defend_B","Scrape","Ball Lightning+1"],"score":1684,"play_id":"2a646d77-d34c-42a9-979e-feba137d97a5","local_time":"20210129221254","is_ascension_mode":true,"campfire_choices":[{"data":"Dualcast","floor":9.0,"key":"SMITH"},{"data":"Defragment","floor":13.0,"key":"SMITH"},{"data":"Defragment","floor":24.0,"key":"SMITH"},{"data":"Coolheaded","floor":25.0,"key":"SMITH"},{"data":"Turbo","floor":36.0,"key":"SMITH"},{"floor":39.0,"key":"REST"},{"data":"Capacitor","floor":42.0,"key":"SMITH"},{"data":"Biased Cognition","floor":51.0,"key":"SMITH"},{"data":"Impatience","floor":61.0,"key":"SMITH"},{"data":"Heatsinks","floor":63.0,"key":"SMITH"},{"data":"Creative AI","floor":68.0,"key":"SMITH"},{"floor":72.0,"key":"RECALL"},{"data":"Hologram","floor":75.0,"key":"SMITH"}],"circlet_count":0,"master_deck":["Zap+1","Dualcast+1","Turbo+1","Coolheaded+1","Skim+1","Defragment+1","Defragment","Defragment+1","Core Surge+1","Hologram+1","Capacitor+1","Electrodynamics","Biased Cognition+1","Echo Form","Creative AI+1","Turbo+1","Heatsinks+1","Impatience+1","Capacitor+1","Coolheaded+1","Double Energy+1","Deep Breath"],"relics":["FrozenCore","Art of War","Golden Idol","Question Card","PreservedInsect","MawBank","Lantern","Juzu Bracelet","Pen Nib","Ancient Tea Set","Empty Cage","Red Mask","Potion Belt","War Paint","Toy Ornithopter","Strawberry","Ornamental Fan","Happy Flower","Oddly Smooth Stone","Du-Vu Doll","Pantograph","Membership Card","Whetstone","Blue Candle","DataDisk"],"acts_visited":["Exordium","TheCity","TheBeyond","TheEnding"],"potions_floor_usage":[78,78,78,78,78],"damage_taken":[{"damage":2.0,"enemies":"Jaw Worm","floor":1.0,"turns":4.0},{"damage":1.0,"enemies":"2 Louse","floor":3.0,"turns":2.0},{"damage":0.0,"enemies":"Cultist","floor":5.0,"turns":3.0},{"damage":7.0,"enemies":"Lots of Slimes","floor":7.0,"turns":5.0},{"damage":9.0,"enemies":"3 Louse","floor":8.0,"turns":3.0},{"damage":0.0,"enemies":"Large Slime","floor":10.0,"turns":3.0},{"damage":14.0,"enemies":"Gremlin Nob","floor":12.0,"turns":3.0},{"damage":0.0,"enemies":"Lagavulin","floor":17.0,"turns":6.0},{"damage":0.0,"enemies":"Red Slaver","floor":18.0,"turns":2.0},{"damage":3.0,"enemies":"2 Fungi Beasts","floor":19.0,"turns":2.0},{"damage":3.0,"enemies":"Gremlin Nob","floor":21.0,"turns":3.0},{"damage":1.0,"enemies":"3 Louse","floor":22.0,"turns":2.0},{"damage":6.0,"enemies":"Looter","floor":23.0,"turns":3.0},{"damage":3.0,"enemies":"The Guardian","floor":26.0,"turns":8.0},{"damage":5.0,"enemies":"Chosen","floor":28.0,"turns":3.0},{"damage":10.0,"enemies":"Shell Parasite","floor":29.0,"turns":6.0},{"damage":4.0,"enemies":"3 Cultists","floor":31.0,"turns":5.0},{"damage":4.0,"enemies":"Masked Bandits","floor":32.0,"turns":3.0},{"damage":3.0,"enemies":"Snecko","floor":33.0,"turns":6.0},{"damage":5.0,"enemies":"Cultist and Chosen","floor":34.0,"turns":5.0},{"damage":22.0,"enemies":"Slavers","floor":35.0,"turns":5.0},{"damage":9.0,"enemies":"Shelled Parasite and Fungi","floor":37.0,"turns":4.0},{"damage":5.0,"enemies":"Book of Stabbing","floor":38.0,"turns":4.0},{"damage":0.0,"enemies":"Snake Plant","floor":45.0,"turns":2.0},{"damage":0.0,"enemies":"3 Cultists","floor":48.0,"turns":2.0},{"damage":14.0,"enemies":"Slavers","floor":49.0,"turns":2.0},{"damage":32.0,"enemies":"Collector","floor":52.0,"turns":5.0},{"damage":14.0,"enemies":"3 Darklings","floor":54.0,"turns":5.0},{"damage":0.0,"enemies":"Orb Walker","floor":55.0,"turns":4.0},{"damage":5.0,"enemies":"Spire Growth","floor":57.0,"turns":4.0},{"damage":0.0,"enemies":"Sphere and 2 Shapes","floor":59.0,"turns":1.0},{"damage":0.0,"enemies":"Jaw Worm Horde","floor":60.0,"turns":2.0},{"damage":1.0,"enemies":"Giant Head","floor":62.0,"turns":3.0},{"damage":0.0,"enemies":"3 Darklings","floor":64.0,"turns":2.0},{"damage":0.0,"enemies":"Maw","floor":65.0,"turns":4.0},{"damage":0.0,"enemies":"Jaw Worm Horde","floor":67.0,"turns":3.0},{"damage":0.0,"enemies":"Reptomancer","floor":70.0,"turns":1.0},{"damage":0.0,"enemies":"Donu and Deca","floor":73.0,"turns":4.0},{"damage":0,"enemies":"Shield and Spear","floor":77,"turns":1},{"damage":23,"enemies":"The Heart","floor":78,"turns":6}],"seed_played":"-2445844800689256631","potions_obtained":[{"floor":3.0,"key":"ColorlessPotion"},{"floor":5.0,"key":"Dexterity Potion"},{"floor":8.0,"key":"Weak Potion"},{"floor":17.0,"key":"Strength Potion"},{"floor":21.0,"key":"FocusPotion"},{"floor":23.0,"key":"BlessingOfTheForge"},{"floor":31.0,"key":"ColorlessPotion"},{"floor":32.0,"key":"SmokeBomb"},{"floor":45.0,"key":"ColorlessPotion"},{"floor":48.0,"key":"Block Potion"},{"floor":49.0,"key":"ColorlessPotion"},{"floor":69.0,"key":"ColorlessPotion"}],"is_trial":false,"path_per_floor":["M","$","M","?","M","T","M","M","R","M","?","E","R","T","T","?","E","M","M","?","E","M","M","R","R","B",null,"M","M","?","M","?","M","M","E","R","M","E","R","T","T","R","$","?","M","?","?","M","E","?","R","B",null,"M","M","?","M","$","M","M","R","E","R","M","M","T","M","R","?","E","$","R","B",null,"R","$","E","B",null],"character_chosen":"DEFECT","items_purchased":["Heatsinks","Happy Flower","Impatience","Membership Card","Whetstone","Blue Candle","Deep Breath","Fruit Juice","Explosive Potion","EssenceOfSteel"],"campfire_rested":1,"item_purchase_floors":[58,58,58,76,76,76,76,76,76,76],"current_hp_per_floor":[73,73,72,54,54,54,47,38,38,38,38,24,24,24,24,17,17,17,14,14,11,10,4,4,4,1,75,70,60,60,56,52,49,44,22,22,13,8,30,30,30,30,30,35,35,60,60,60,53,53,53,21,82,68,68,68,63,63,63,63,63,62,62,62,62,62,62,62,62,67,67,67,82,82,82,87,87,64],"gold":283,"neow_bonus":"RANDOM_COMMON_RELIC","is_daily":false,"chose_seed":false,"campfire_upgraded":11,"win_rate":0.0,"timestamp":1611929574,"path_taken":["M","$","M","?","M","?","M","M","R","M","?","E","R","T","T","?","E","M","M","?","E","M","M","R","R","BOSS","M","M","?","M","?","M","M","E","R","M","E","R","T","T","R","$","?","M","?","?","M","E","?","R","BOSS","M","M","?","M","$","M","M","R","E","R","M","M","T","M","R","?","E","?","R","BOSS","R","$","E","BOSS"],"items_purchased_type":["Card","Relic","Card","Relic","Relic","Relic","Card","Potion","Potion","Potion"],"build_version":"2020-12-22","purchased_purges":5,"victory":true,"max_hp_per_floor":[75,75,75,75,75,75,75,75,75,75,75,75,75,75,75,75,75,75,75,75,75,75,75,75,75,75,75,75,75,75,75,75,75,75,75,75,75,75,75,75,75,75,75,75,75,75,75,75,82,82,82,82,82,82,82,82,82,82,82,82,82,82,82,82,82,82,82,82,82,82,82,82,82,82,82,87,87,87],"card_choices":[{"not_picked":["Barrage","Conserve Battery"],"picked":"Streamline","floor":1.0},{"not_picked":["Barrage","Conserve Battery"],"picked":"Turbo","floor":3.0},{"not_picked":["White Noise","Heatsinks"],"picked":"Coolheaded","floor":5.0},{"not_picked":["Conserve Battery","Hello World","Stack","Sweeping Beam"],"picked":"SKIP","floor":7.0},{"not_picked":["Gash","Go for the Eyes","Hologram"],"picked":"Ball Lightning","floor":8.0},{"not_picked":["Leap","Turbo","Fusion"],"picked":"Skim","floor":10.0},{"not_picked":["Go for the Eyes","Scrape","Steam Power"],"picked":"Defragment","floor":12.0},{"not_picked":["Blizzard","Cold Snap","Doom and Gloom","Chill"],"picked":"SKIP","floor":17.0},{"not_picked":["Force Field","Conserve Battery","Turbo"],"picked":"Defragment","floor":18.0},{"not_picked":["Go for the Eyes","Buffer","Redo","Cold Snap"],"picked":"SKIP","floor":19.0},{"not_picked":["Barrage","Static Discharge","Turbo","Go for the Eyes"],"picked":"SKIP","floor":21.0},{"not_picked":["Leap","Go for the Eyes","Cold Snap","Melter"],"picked":"SKIP","floor":22.0},{"not_picked":["Steam Power","Conserve Battery","Force Field"],"picked":"Defragment","floor":23.0},{"not_picked":["Machine Learning","Meteor Strike","Thunder Strike"],"picked":"Core Surge","floor":26.0},{"not_picked":["Static Discharge","Gash","Redo+1"],"picked":"Hologram","floor":28.0},{"not_picked":["Conserve Battery","Hologram","Turbo+1","Compile Driver"],"picked":"SKIP","floor":29.0},{"not_picked":["Leap","Static Discharge+1","Reinforced Body","Consume+1"],"picked":"SKIP","floor":31.0},{"not_picked":["Rebound","Barrage","Stack+1","Chaos"],"picked":"SKIP","floor":33.0},{"not_picked":["Gash","Sweeping Beam+1","Scrape","Turbo"],"picked":"SKIP","floor":34.0},{"not_picked":["Auto Shields","Rebound+1","Gash"],"picked":"Capacitor","floor":35.0},{"not_picked":["Beam Cell","Compile Driver","Ball Lightning+1"],"picked":"Electrodynamics","floor":37.0},{"not_picked":["Stack","Ball Lightning","Turbo+1","Hologram"],"picked":"SKIP","floor":38.0},{"not_picked":["Go for the Eyes","Redo","BootSequence"],"picked":"Biased Cognition","floor":45.0},{"not_picked":["Rip and Tear","BootSequence","Gash","Blizzard+1"],"picked":"SKIP","floor":48.0},{"not_picked":["Steam Power","Rebound","Stack+1"],"picked":"Echo Form","floor":49.0},{"not_picked":["Fission","Machine Learning","Buffer"],"picked":"Creative AI","floor":52.0},{"not_picked":["Sunder","Darkness+1","Aggregate"],"picked":"Turbo+1","floor":54.0},{"not_picked":["Cold Snap","Streamline+1","Sunder","Loop+1"],"picked":"SKIP","floor":55.0},{"not_picked":["Ball Lightning+1","Leap","Gash","Cold Snap"],"picked":"SKIP","floor":57.0},{"not_picked":["Ball Lightning","Cold Snap","Static Discharge","Hello World"],"picked":"SKIP","floor":59.0},{"not_picked":["Echo Form","Aggregate","Cold Snap"],"picked":"Capacitor+1","floor":60.0},{"not_picked":["Skim+1","Hologram+1","Chill+1"],"picked":"Coolheaded+1","floor":62.0},{"not_picked":["Conserve Battery+1","Steam","Darkness+1","Redo"],"picked":"SKIP","floor":64.0},{"not_picked":["Rebound+1","Redo+1","Static Discharge","Compile Driver+1"],"picked":"SKIP","floor":65.0},{"not_picked":["Rebound+1","Sweeping Beam","Creative AI"],"picked":"Double Energy+1","floor":67.0},{"not_picked":["Leap","Static Discharge+1","Defragment+1","Consume"],"picked":"SKIP","floor":70.0},{"not_picked":["Doom and Gloom","Storm","Beam Cell","Consume+1"],"picked":"SKIP","floor":77}],"player_experience":2340871,"relics_obtained":[{"floor":6.0,"key":"Question Card"},{"floor":12.0,"key":"MawBank"},{"floor":14.0,"key":"Lantern"},{"floor":15.0,"key":"Juzu Bracelet"},{"floor":17.0,"key":"Pen Nib"},{"floor":21.0,"key":"Ancient Tea Set"},{"floor":32.0,"key":"Red Mask"},{"floor":35.0,"key":"Potion Belt"},{"floor":38.0,"key":"War Paint"},{"floor":41.0,"key":"Toy Ornithopter"},{"floor":49.0,"key":"Strawberry"},{"floor":62.0,"key":"Oddly Smooth Stone"},{"floor":66.0,"key":"Du-Vu Doll"},{"floor":70.0,"key":"Pantograph"},{"floor":77,"key":"DataDisk"}],"event_choices":[{"damage_healed":0.0,"max_hp_gain":0.0,"max_hp_loss":0.0,"gold_gain":0.0,"event_name":"Golden Idol","player_choice":"Take Damage","floor":4.0,"gold_loss":0.0,"damage_taken":18.0,"relics_obtained":["Golden Idol"]},{"damage_healed":0.0,"max_hp_gain":0.0,"max_hp_loss":0.0,"gold_gain":0.0,"event_name":"WeMeetAgain","player_choice":"Gave Potion","floor":11.0,"gold_loss":0.0,"damage_taken":0.0,"relics_obtained":["PreservedInsect"]},{"damage_healed":0.0,"max_hp_gain":0.0,"max_hp_loss":0.0,"gold_gain":75.0,"event_name":"FaceTrader","player_choice":"Touch","floor":16.0,"gold_loss":0.0,"damage_taken":7.0},{"cards_removed":["Strike_B"],"damage_healed":0.0,"max_hp_gain":0.0,"max_hp_loss":0.0,"gold_gain":0.0,"event_name":"Living Wall","player_choice":"Forget","floor":20.0,"gold_loss":0.0,"damage_taken":0.0},{"cards_removed":["Defend_B"],"damage_healed":0.0,"max_hp_gain":0.0,"max_hp_loss":0.0,"gold_gain":0.0,"event_name":"Beggar","player_choice":"Gave Gold","floor":30.0,"gold_loss":75.0,"damage_taken":0.0},{"damage_healed":0.0,"max_hp_gain":0.0,"max_hp_loss":0.0,"gold_gain":0.0,"event_name":"Masked Bandits","player_choice":"Fought Bandits","floor":32.0,"gold_loss":0.0,"damage_taken":0.0},{"cards_removed":["Streamline"],"damage_healed":5.0,"max_hp_gain":0.0,"max_hp_loss":0.0,"gold_gain":0.0,"event_name":"Bonfire Elementals","player_choice":"Offered Common","floor":44.0,"gold_loss":0.0,"damage_taken":0.0},{"cards_removed":["Streamline"],"damage_healed":5.0,"max_hp_gain":0.0,"max_hp_loss":0.0,"gold_gain":0.0,"event_name":"Bonfire Elementals","player_choice":"Offered Special","floor":44.0,"gold_loss":0.0,"damage_taken":0.0},{"damage_healed":25.0,"max_hp_gain":0.0,"max_hp_loss":0.0,"gold_gain":0.0,"event_name":"The Library","player_choice":"Heal","floor":46.0,"gold_loss":0.0,"damage_taken":0.0},{"damage_healed":0.0,"max_hp_gain":0.0,"max_hp_loss":0.0,"gold_gain":0.0,"event_name":"Vampires","player_choice":"Ignored","floor":47.0,"gold_loss":0.0,"damage_taken":0.0},{"damage_healed":0.0,"max_hp_gain":0.0,"max_hp_loss":0.0,"gold_gain":0.0,"event_name":"Addict","player_choice":"Obtained Relic","floor":50.0,"gold_loss":85.0,"damage_taken":0.0,"relics_obtained":["Ornamental Fan"]},{"damage_healed":0.0,"max_hp_gain":0.0,"max_hp_loss":0.0,"gold_gain":0.0,"cards_transformed":["Defend_B"],"event_name":"Transmorgrifier","player_choice":"Transformed","floor":56.0,"gold_loss":0.0,"damage_taken":0.0,"cards_obtained":["Scrape"]},{"damage_healed":0.0,"max_hp_gain":0.0,"max_hp_loss":0.0,"gold_gain":0.0,"event_name":"Lab","player_choice":"Got Potions","floor":69.0,"gold_loss":0.0,"damage_taken":0.0}],"is_beta":false,"boss_relics":[{"not_picked":["Tiny House","Fusion Hammer"],"picked":"Empty Cage"},{"not_picked":["Busted Crown","Velvet Choker"],"picked":"FrozenCore"}],"items_purged_floors":[2,43,58,71,76],"is_endless":false,"potions_floor_spawned":[3,5,8,17,19,21,23,31,32,33,45,48,49,54,59,62],"ascension_level":1}}