{"host":"h5acbxt0wmjo1kpm","time":1611911252,"event":{"mods":["2.2 Compatiblity","Act Like it!","AlwaysNeverKeys","Aspiration","Bard","Bartender","BaseMod","Better Third Choice","Colored Map","Downfall","Elementarium","Gensokyo","GifTheSpireLib","Hallownest","Marisa????????","Menagerie","Minty Spire (QoL Compilation)","Permanent Neow","Potionbrewer","Quick Restart","Relic Filter","Reliquary","Replay The Spire","Robot Space Explorer","RumiaBox-????????","Shade Mod","Spicy Shops","StSLib","Strawberry Spire","The Blackbeard","The Dragon Tamer","The Gatherer","The Hayseed","The Problem Sleuth","The Servant 0.9.4","Wandering Minibosses","Wide Potions"],"gold_per_floor":[119,139,159,159,176,176,176,176,5,36,53,70,70,85,85,182,182,197,213,213,213,233,265,265,265,278,36,105,136,153,153,153,253,253,273,320,12,40,59,16,43,43,90,90,123,185,234,234,234,234],"floor_reached":51,"language":"ENG","playtime":5181,"items_purged":["CommonCold"],"score":1155,"play_id":"8c0ba38d-e694-4905-a70c-aea80e6929e0","local_time":"20210129010732","is_ascension_mode":true,"campfire_choices":[{"data":"Menagerie:Staggershock","floor":13,"key":"SMITH"},{"floor":15,"key":"REST"},{"floor":25,"key":"REST"},{"data":"Slimebound:Prepare","floor":32,"key":"SMITH"},{"data":"BottledTime","floor":42,"key":"SMITH"},{"data":"Insight_B","floor":42,"key":"SMITH"},{"data":"Slimebound:DouseInSlime","floor":44,"key":"SMITH"},{"data":"High_Tide","floor":44,"key":"SMITH"},{"data":"Guardian:FuturePlans","floor":49,"key":"SMITH"},{"data":"Guardian:RefractedBeam","floor":49,"key":"SMITH"}],"circlet_count":0,"master_deck":["Guardian:Strike_Guardian+1","Guardian:Defend_Guardian","Guardian:Defend_Guardian","Guardian:Defend_Guardian","Guardian:CurlUp","Guardian:TwinSlam","Guardian:FuturePlans+1","Guardian:ChargeCore+1","Guardian:BronzeArmor","theSleuth:Frijolaegis","Menagerie:Staggershock+1","Guardian:StasisField+1","bard:LingeringEcho","Insight_B+1","FastForward","Dagger Spray","Gatherer:FlowerFalling","High_Tide+1","Guardian:Gem_Purple","Guardian:Gem_Fragmented","Hallucinations","Gatherer:EnergyBasket+1","Guardian:Gem_Orange","blackbeard:WiseDefense+1","RobotSpaceExplorer:FranticSearch+1","bard:ReverseGravity","Guardian:Gem_Green","Slimebound:Prepare+1","MysteriousBeam+1","RobotSpaceExplorer:Probe","BottledTime+1","ManaConvection+1","Hallownest:curseDreamersLament","Guardian:SpikerProtocol","Gensokyo:HouraiInAPot+1","WitchOfGreed","strawberrySpire:ReturnNull+1","sneckomod:UnknownClassGUARDIAN+1","OortCloud+1","Clumsy","Guardian:Gem_Crimson","Slimebound:DouseInSlime+1","Guardian:FloatingOrbs","Gatherer:DrugPower+1","champ:FlashCut","Guardian:RefractedBeam+1"],"relics":["ReplayTheSpireMod:DimensionalGlitch","PrismaticShard","Menagerie:ShiftingBlessing","Whetstone","Prayer Wheel","Toy Ornithopter","Replay:Ancient Bell","reliquary:SilkGlove","Blue Candle","Guardian:SackOfGems","Replay:Towering Pillar of Hats","Replay:PocketPolymizer","Guardian:PocketSentry","wanderingMiniBosses:AbyssPearl","Counterbalance","Hallownest:WatcherSealRelic","Snecko Heart","Replay:Arrowhead","Guide Book","Potion Belt","CatCart","Boot","theSleuth:Tectrixcalibur"],"acts_visited":["Menagerie:Menagerie","Hallownest:CityofTears","TheBeyond"],"potions_floor_usage":[11,12,16,26,27,29,37,39,40,43,46,46,46,50],"damage_taken":[{"damage":1,"enemies":"Menagerie:2_RABBITS","floor":1,"turns":4},{"damage":3,"enemies":"Menagerie:StygianBoar","floor":2,"turns":4},{"damage":5,"enemies":"Menagerie:MonstrousExperiment","floor":3,"turns":5},{"damage":17,"enemies":"Menagerie:BEAST_MAGE_AND_PROWLING_AMALGAM","floor":5,"turns":9},{"damage":0,"enemies":"downfall:FleeingMerchant","floor":9,"turns":4},{"damage":22,"enemies":"Menagerie:VoidReaper","floor":10,"turns":5},{"damage":0,"enemies":"Menagerie:KEEPER_AND_YOUNG_SUNEATER","floor":11,"turns":4},{"damage":0,"enemies":"Menagerie:RedMage","floor":12,"turns":2},{"damage":0,"enemies":"Menagerie:Hexasnake","floor":14,"turns":3},{"damage":17,"enemies":"DF_ARCHETYPE_STREAMLINE","floor":16,"turns":9},{"damage":8,"enemies":"Hallownest:Flukemon_and_Top","floor":18,"turns":6},{"damage":24,"enemies":"Hallownest:2_Mistakes","floor":19,"turns":5},{"damage":15,"enemies":"Hallownest:Master_and_Novice","floor":22,"turns":6},{"damage":8,"enemies":"Hallownest:eliteWatcherKnight","floor":23,"turns":16},{"damage":0,"enemies":"Hallownest:Warrior_and_Youth","floor":26,"turns":5},{"damage":7,"enemies":"downfall:FleeingMerchant","floor":27,"turns":5},{"damage":16,"enemies":"Hallownest:Glutton_and_Coward","floor":28,"turns":5},{"damage":0,"enemies":"Hallownest:Nosk","floor":29,"turns":7},{"damage":1,"enemies":"Hallownest:monsterShrumalOgre","floor":30,"turns":4},{"damage":6,"enemies":"SI_MIRROR_ARCHETYPE","floor":33,"turns":9},{"damage":4,"enemies":"3 Darklings","floor":35,"turns":4},{"damage":6,"enemies":"3 Shapes","floor":36,"turns":7},{"damage":0,"enemies":"downfall:FleeingMerchant","floor":37,"turns":4},{"damage":0,"enemies":"3 Darklings","floor":38,"turns":3},{"damage":0,"enemies":"Jaw Worm Horde","floor":39,"turns":6},{"damage":0,"enemies":"downfall:FleeingMerchant","floor":40,"turns":4},{"damage":11,"enemies":"strawberrySpire:EssenceStones","floor":43,"turns":6},{"damage":0,"enemies":"Maw","floor":45,"turns":5},{"damage":2,"enemies":"Orin","floor":46,"turns":9},{"damage":5,"enemies":"R_Hoarder","floor":47,"turns":8},{"damage":12,"enemies":"IC_BLOCK_ARCHETYPE","floor":50,"turns":6}],"seed_played":"662634122024070425","potions_obtained":[{"floor":5,"key":"champ:CounterPotion"},{"floor":11,"key":"potionbrewer:AcidPotion"},{"floor":12,"key":"PowerPotion"},{"floor":22,"key":"Regen Potion"},{"floor":26,"key":"Block Potion"},{"floor":28,"key":"potionbrewer:CleansingPotion"},{"floor":29,"key":"Guardian:AcceleratePotion"},{"floor":36,"key":"Guardian:AcceleratePotion"},{"floor":37,"key":"Guardian:AcceleratePotion"},{"floor":40,"key":"Energy Potion"},{"floor":40,"key":"BlessingOfTheForge"},{"floor":43,"key":"potionbrewer:AcidPotion"},{"floor":43,"key":"hexamod:SoulburnPotion"},{"floor":45,"key":"champ:CounterPotion"},{"floor":45,"key":"hexamod:SoulburnPotion"},{"floor":46,"key":"Guardian:BlockOnCardUsePotion"},{"floor":47,"key":"Flashbang"},{"floor":47,"key":"Fire Potion"}],"is_trial":false,"path_per_floor":["M","M","M","?","M","?","T","?","$","E","M","M","R","M","R","B",null,"M","M","?","?","M","E","T","R","M","$","M","E","M","?","R","B",null,"M","M","$","M","M","$","T","R","E","R","M","?","E","?","R","B",null],"character_chosen":"GUARDIAN","items_purchased":["Prayer Wheel","Guardian:StasisField","Guardian:PocketSentry","Replay:Arrowhead","Guide Book"],"campfire_rested":2,"item_purchase_floors":[9,9,27,37,40],"current_hp_per_floor":[71,68,63,63,46,37,37,37,37,15,20,25,25,25,48,34,67,59,35,35,43,28,20,20,43,54,50,34,39,38,38,38,32,67,63,57,60,60,63,66,66,66,58,58,58,67,62,62,62,53],"gold":234,"neow_bonus":"BOSS_RELIC","is_daily":false,"chose_seed":false,"campfire_upgraded":8,"win_rate":0.0,"timestamp":1611911252,"path_taken":["M","M","M","?","?","?","T","?","?","E","M","M","R","M","R","BOSS","M","M","?","?","?","E","T","R","M","$","M","E","M","?","R","BOSS","M","M","$","M","M","$","T","R","E","R","?","?","E","?","R","BOSS"],"items_purchased_type":["Relic","Card","Relic","Relic","Relic"],"build_version":"2020-12-22","purchased_purges":1,"victory":true,"max_hp_per_floor":[80,80,80,78,78,78,78,78,78,78,78,78,78,78,78,78,78,78,78,78,78,78,78,78,78,78,78,78,78,78,78,78,78,78,78,78,78,78,78,78,78,78,78,78,78,78,78,78,78,78],"card_choices":[{"not_picked":["Guardian:Planning","Guardian:Gem_Green"],"picked":"Guardian:FuturePlans","floor":1},{"not_picked":["Guardian:PolyBeam","Guardian:Incinerate"],"picked":"Guardian:ChargeCore","floor":2},{"not_picked":["Guardian:RefractedBeam","Guardian:Gem_Green"],"picked":"Guardian:BronzeArmor","floor":3},{"not_picked":["LuminesStrike","Greased_Lightning"],"picked":"theSleuth:Frijolaegis","floor":5},{"not_picked":["Menagerie:Dismember","Menagerie:Languish"],"picked":"Menagerie:Staggershock","floor":8},{"not_picked":["TheSimpletonMod:Artichokes","Greased_Lightning"],"picked":"Ball Lightning","floor":9},{"not_picked":["bard:SongBolt","Tactician"],"picked":"bard:LingeringEcho","floor":10},{"not_picked":["Potential","bronze:Fortify"],"picked":"Insight_B","floor":11},{"not_picked":["Guardian:CrystalBeam","TheSimpletonMod:DoubleBarrel","Gatherer:Duplicator"],"picked":"SKIP","floor":11},{"not_picked":["Ghostly Armor","LikeWater"],"picked":"FastForward","floor":12},{"not_picked":["Gatherer:SealedBomb","Brutality","Slimebound:PressTheAttack"],"picked":"SKIP","floor":12},{"not_picked":["EarthLightRay","Potential"],"picked":"Dagger Spray","floor":14},{"not_picked":["champ:StanceDance","hexamod:AdvancingGuard"],"picked":"Gatherer:FlowerFalling","floor":14},{"not_picked":["DTMod:Safeguard","bard:Sonata"],"picked":"High_Tide","floor":16},{"not_picked":["ReplayTheSpireMod:Splinters","Hallucinations"],"picked":"CommonCold","floor":17},{"not_picked":["theSleuth:MortholDryax","Pain"],"picked":"Hallucinations","floor":17},{"not_picked":["Replay:Hysterical Blindness","TheSimpletonMod:Spoilage"],"picked":"Elementarium:StickyTar","floor":17},{"not_picked":["Choke","Ripple"],"picked":"Gatherer:EnergyBasket+1","floor":18},{"not_picked":["sneckomod:UnknownBlock","Impatience","InstantArmor"],"picked":"SKIP","floor":18},{"not_picked":["blackbeard:CloakAndCannonball","Slimebound:LevelUp+1","DTMod:Punisher+1"],"picked":"SKIP","floor":19},{"not_picked":["hexamod:NightmareGuise","Jack Of All Trades","RobotSpaceExplorer:StunGrenade"],"picked":"SKIP","floor":19},{"not_picked":["theSleuth:WilsonBust","Slimebound:Prepare"],"picked":"blackbeard:WiseDefense+1","floor":22},{"not_picked":["potionbrewer:VolatileSolution+1","bronze:Branch+1"],"picked":"RobotSpaceExplorer:FranticSearch+1","floor":22},{"not_picked":["EmptyMind","sneckomod:UnknownClassTHE_CHAMP_GRAY"],"picked":"bard:ReverseGravity","floor":23},{"not_picked":["champ:EnGarde","Bouncing Flask"],"picked":"Slimebound:Prepare","floor":26},{"not_picked":["Slimebound:SpikyOuterGoop","champ:FanOfKnives+1","Sucker_Punch"],"picked":"SKIP","floor":26},{"not_picked":["hexamod:SkipABeat+1","bronze:BuggyMess"],"picked":"MysteriousBeam+1","floor":27},{"not_picked":["Halt+1","hexamod:SuperheatedStrike"],"picked":"RobotSpaceExplorer:Probe","floor":28},{"not_picked":["champ:Haymaker+1","RobotSpaceExplorer:ShovelStrike"],"picked":"BottledTime","floor":28},{"not_picked":["champ:RageSigil","champ:FanOfKnives+1"],"picked":"ManaConvection+1","floor":29},{"not_picked":["TheSimpletonMod:Innovate","TheSimpletonMod:Potatoes","TheSimpletonMod:Mulch"],"picked":"SKIP","floor":30},{"not_picked":["DTMod:BurningEnergy+1","Shade:SpontaneousRitual","TheSimpletonMod:OnionBloom+1"],"picked":"SKIP","floor":30},{"not_picked":["PendulumOfEternity","Shade:LoseControl"],"picked":"Gensokyo:HouraiInAPot","floor":33},{"not_picked":["TheSimpletonMod:SeedCoat","RobotSpaceExplorer:GlueSpray+1"],"picked":"WitchOfGreed","floor":35},{"not_picked":["Infernal Blade","Slimebound:SpikyOuterGoop"],"picked":"strawberrySpire:ReturnNull+1","floor":35},{"not_picked":["sneckomod:UnknownClassMARISA_COLOR","sneckomod:UnknownExhaust+1"],"picked":"sneckomod:UnknownClassGUARDIAN+1","floor":36},{"not_picked":["RobotSpaceExplorer:SurgingShield","champ:Haymaker"],"picked":"OortCloud+1","floor":36},{"not_picked":["theSleuth:Ignore","DTMod:QuickFly","Slimebound:HungryTackle"],"picked":"SKIP","floor":37},{"not_picked":["bard:DervishDance","EmptyMind+1","champ:PerfectedStrike"],"picked":"SKIP","floor":38},{"not_picked":["sneckomod:UnknownClassPURPLE+1","bronze:Shield+1","sneckomod:UnknownClassHEXA_GHOST_PURPLE+1"],"picked":"SKIP","floor":38},{"not_picked":["RobotSpaceExplorer:LaserBurst","High_Tide","bard:LingeringPerformance+1"],"picked":"SKIP","floor":39},{"not_picked":["hexamod:FlamesFromBeyond","Guardian:Gem_White","sneckomod:UnknownClassRED"],"picked":"SKIP","floor":39},{"not_picked":["Underhanded Strike","Gatherer:FlowerShield","TheSimpletonMod:ToughenUp+1"],"picked":"SKIP","floor":40},{"not_picked":["Forethought","bronze:Iterate+1"],"picked":"Slimebound:DouseInSlime","floor":43},{"not_picked":["Poisoned Stab","bard:QuickSong+1"],"picked":"Gatherer:DrugPower+1","floor":45},{"not_picked":["Barrage+1","Shade:Brains"],"picked":"champ:FlashCut","floor":45},{"not_picked":["hexamod:SuperheatedStrike","strawberrySpire:DebrisPile+1","RockBreaker"],"picked":"SKIP","floor":47}],"player_experience":2636557,"relics_obtained":[{"floor":7,"key":"Whetstone"},{"floor":10,"key":"Toy Ornithopter"},{"floor":23,"key":"Replay:Towering Pillar of Hats"},{"floor":24,"key":"Replay:PocketPolymizer"},{"floor":28,"key":"wanderingMiniBosses:AbyssPearl"},{"floor":29,"key":"Counterbalance"},{"floor":41,"key":"Potion Belt"},{"floor":46,"key":"CatCart"},{"floor":47,"key":"Boot"}],"event_choices":[{"damage_healed":0,"gold_gain":0,"player_choice":"Enter","damage_taken":0,"relics_obtained":["PrismaticShard"],"max_hp_gain":0,"max_hp_loss":2,"event_name":"Menagerie:ShimmeringGrove","floor":4,"gold_loss":0},{"damage_healed":0,"gold_gain":0,"player_choice":"Touch","damage_taken":9,"relics_obtained":["Menagerie:ShiftingBlessing"],"max_hp_gain":0,"max_hp_loss":0,"event_name":"Menagerie:LunarGift","floor":6,"gold_loss":0},{"damage_healed":0,"gold_gain":0,"player_choice":"Peek","damage_taken":0,"max_hp_gain":0,"max_hp_loss":0,"event_name":"Menagerie:OvergrownLibrary","floor":8,"gold_loss":0},{"damage_healed":0,"gold_gain":0,"player_choice":"Fight","damage_taken":0,"max_hp_gain":0,"max_hp_loss":0,"event_name":"OrinTheCat","floor":46,"gold_loss":0}],"is_beta":false,"boss_relics":[{"not_picked":["aspiration:RitualDagger","reliquary:RedCape"],"picked":"Replay:Ancient Bell"},{"not_picked":["strawberrySpire:Treaders","ZombieArmy"],"picked":"reliquary:SilkGlove"},{"not_picked":["reliquary:HotPoker","GodSword1"],"picked":"Blue Candle"},{"not_picked":["Replay:Kaleidoscope","Ice Cream"],"picked":"Guardian:SackOfGems"},{"not_picked":["aspiration:SilentSkillbook","Guardian:StasisSlotReductionRelic"],"picked":"Snecko Heart"}],"items_purged_floors":[27],"is_endless":false,"potions_floor_spawned":[5,10,11,12,22,26,28,29,30,38,43,45,47],"ascension_level":7}}