{"host":"pesfwaef25r60kxm","time":1611906483,"event":{"mods":["ATMod(阿瑾Mod)","Act Like it!","Arknights The Spire","BaseMod","Colored Powertips","Gensokyo","Minty Spire (QoL Compilation)","Replay The Spire","RumiaBox-露米娅的神秘盒子","Spicy Shops","StSLib","WarShipGirlsR/战舰少女R mod","[IsaacMod]以撒尖塔","noobMod","【遗物卡牌】REMEMod"],"gold_per_floor":[114,131,144,134,184,184,109,129,129,141,141,41,74,89,89,186,186,199,199,199,212,229,261,261,276,276,301,315,331,349,383,383,482,482,495,507,520,536,555,555,589,671,671,671,686,703,716,122,122,122,122,122,48,73,73],"floor_reached":56,"language":"ZHS","playtime":2346,"items_purged":["Strike_G","Strike_G","Strike_G","Strike_G"],"score":1667,"play_id":"09b51f81-6eed-4ef0-a742-a0c920363011","local_time":"20210129154803","is_ascension_mode":true,"campfire_choices":[{"data":"Choke","floor":6,"key":"SMITH"},{"data":"Cloak And Dagger","floor":15,"key":"SMITH"},{"data":"After Image","floor":24,"key":"SMITH"},{"data":"After Image","floor":32,"key":"SMITH"},{"data":"Accuracy","floor":40,"key":"SMITH"},{"data":"Terror","floor":44,"key":"SMITH"},{"floor":49,"key":"RECALL"},{"data":"REME_MawOfCthun","floor":52,"key":"SMITH"}],"circlet_count":0,"master_deck":["Defend_G","Defend_G","Defend_G","Defend_G","Defend_G","Survivor","Neutralize","Cloak And Dagger","Choke+1","Footwork","Cloak And Dagger+1","Adrenaline","Blade Dance","After Image+1","Fluid Movement+1","Well Laid Plans+1","Terror+1","After Image+1","Accuracy+1","Blur+1","REME_MawOfCthun+1"],"relics":["HushsDoor","ice","Void","AddBug","SecretRecord","SecretRecord","SecretRecord","SecretRecord","SecretRecord","SecretRecord","SecretRecord","SecretRecord"],"acts_visited":["Exordium","TheCity","TheBeyond","TheEnding"],"potions_floor_usage":[0,10,16,16,21,48,48,50,55,55],"damage_taken":[{"damage":16,"enemies":"2 Louse","floor":1,"turns":3},{"damage":20,"enemies":"Small Slimes","floor":2,"turns":3},{"damage":0,"enemies":"Cultist","floor":3,"turns":3},{"damage":35,"enemies":"Hiden Room Battle","floor":5,"turns":5},{"damage":6,"enemies":"Gremlin Gang","floor":8,"turns":5},{"damage":0,"enemies":"Blue Slaver","floor":10,"turns":1},{"damage":0,"enemies":"Replay:BlueRogue","floor":13,"turns":4},{"damage":3,"enemies":"Lots of Slimes","floor":14,"turns":3},{"damage":6,"enemies":"The Guardian","floor":16,"turns":5},{"damage":0,"enemies":"Chosen","floor":18,"turns":2},{"damage":11,"enemies":"Spheric Guardian","floor":21,"turns":3},{"damage":0,"enemies":"Shelled Parasite and Fungi","floor":22,"turns":3},{"damage":0,"enemies":"Gremlin Leader","floor":23,"turns":3},{"damage":0,"enemies":"Centurion and Healer","floor":25,"turns":3},{"damage":0,"enemies":"Book of Stabbing","floor":27,"turns":3},{"damage":0,"enemies":"3 Cultists","floor":28,"turns":1},{"damage":20,"enemies":"Snake Plant","floor":29,"turns":3},{"damage":0,"enemies":"Centurion and Healer","floor":30,"turns":3},{"damage":26,"enemies":"Gremlin Leader","floor":31,"turns":3},{"damage":26,"enemies":"Automaton","floor":33,"turns":6},{"damage":2,"enemies":"3 Darklings","floor":35,"turns":3},{"damage":4,"enemies":"3 Shapes","floor":36,"turns":3},{"damage":17,"enemies":"Writhing Mass","floor":37,"turns":4},{"damage":8,"enemies":"Spire Growth","floor":38,"turns":2},{"damage":33,"enemies":"Transient","floor":39,"turns":5},{"damage":0,"enemies":"Giant Head","floor":41,"turns":3},{"damage":49,"enemies":"Jaw Worm Horde","floor":45,"turns":4},{"damage":1,"enemies":"4 Shapes","floor":46,"turns":2},{"damage":0,"enemies":"Transient","floor":47,"turns":4},{"damage":0,"enemies":"Donu and Deca","floor":50,"turns":2},{"damage":0,"enemies":"Shield and Spear","floor":54,"turns":2},{"damage":0,"enemies":"LittleHush","floor":55,"turns":17}],"seed_played":"-3676480494690331130","potions_obtained":[{"floor":0,"key":"Dexterity Potion"},{"floor":0,"key":"Weak Potion"},{"floor":0,"key":"Fruit Juice"},{"floor":2,"key":"FearPotion"},{"floor":8,"key":"CultistPotion"},{"floor":14,"key":"AttackPotion"},{"floor":21,"key":"Fruit Juice"},{"floor":23,"key":"LiquidBronze"},{"floor":25,"key":"BlessingOfTheForge"}],"is_trial":false,"path_per_floor":["M","M","M","?","?","R","$","M","T","M","?","$","E","M","R","B",null,"M","?","?","M","M","E","R","M","T","E","M","M","M","E","R","B",null,"M","M","M","M","M","R","E","?","T","R","M","M","M","$","R","B",null,"R","$","E","B",null],"character_chosen":"THE_SILENT","items_purchased":["ReplayTheSpireMod:CursedCoin","Accuracy","FairyPotion","Fruit Juice","REME_MawOfCthun","Adrenaline Potion","Venom Potion"],"campfire_rested":0,"item_purchase_floors":[7,34,34,48,48,48,53],"current_hp_per_floor":[59,39,39,39,57,57,57,51,51,51,51,51,51,48,48,42,100,100,100,84,78,78,78,78,78,78,78,78,58,58,32,32,6,130,128,124,107,99,66,66,66,51,51,51,154,153,153,163,163,163,172,172,172,172,172],"gold":73,"neow_bonus":"THREE_SMALL_POTIONS","is_daily":false,"chose_seed":false,"campfire_upgraded":7,"win_rate":0.0,"timestamp":1611906483,"path_taken":["M","M","M","?","?","R","$","?","T","?","?","?","E","M","R","BOSS","M","?","?","M","?","E","R","M","T","E","M","M","M","E","R","BOSS","M","M","M","M","M","R","E","?","T","R","M","M","?","$","R","BOSS","R","$","E","BOSS"],"items_purchased_type":["Relic","Card","Potion","Potion","Card","Potion","Potion"],"build_version":"2020-12-22","purchased_purges":4,"victory":true,"max_hp_per_floor":[75,75,75,75,77,77,77,82,82,82,82,82,86,90,90,100,100,102,102,102,108,111,118,118,118,118,123,123,129,130,135,135,142,130,135,136,143,144,149,149,149,149,149,149,154,157,160,170,170,172,172,172,172,174,306],"card_choices":[{"not_picked":["Dodge and Roll","PiercingWail","Expertise"],"picked":"SKIP","floor":1},{"not_picked":["Toxin Wave","Outmaneuver"],"picked":"Cloak And Dagger","floor":2},{"not_picked":["AT_ArcaneSupremacy","PiercingWail"],"picked":"Choke","floor":3},{"not_picked":[],"picked":"Footwork","floor":4},{"not_picked":["Hidden Blade","Crippling Poison"],"picked":"Cloak And Dagger","floor":5},{"not_picked":["Underhanded Strike","Flying Knee","Expertise"],"picked":"SKIP","floor":8},{"not_picked":["Acrobatics","Poisoned Stab","Dagger Spray"],"picked":"SKIP","floor":10},{"not_picked":["Backflip","Masterful Stab","Acrobatics"],"picked":"SKIP","floor":13},{"not_picked":["ReplayTheSpireMod:Tripwire","Terror"],"picked":"Bomb","floor":14},{"not_picked":["Glass Knife","REME_CopyPotion"],"picked":"Adrenaline","floor":16},{"not_picked":["Acrobatics+1","Deflect","All Out Attack"],"picked":"SKIP","floor":18},{"not_picked":["Poisoned Stab+1","Flying Knee"],"picked":"Blade Dance","floor":21},{"not_picked":["Deflect+1","AT_KneejerkReflex+1"],"picked":"After Image","floor":22},{"not_picked":["Escape Plan","Leg Sweep"],"picked":"Fluid Movement+1","floor":23},{"not_picked":["Replay:Poison Smokescreen","Deflect","Underhanded Strike"],"picked":"SKIP","floor":25},{"not_picked":["Hidden Blade","Outmaneuver"],"picked":"Well Laid Plans+1","floor":27},{"not_picked":["AT_WindFlip+1","Backstab"],"picked":"Terror","floor":28},{"not_picked":["Poisoned Stab","AT_WomanClash","ReplayTheSpireMod:The Works+1"],"picked":"SKIP","floor":29},{"not_picked":["Poisoned Stab","Quick Slash","REME_LeechingPoison"],"picked":"SKIP","floor":30},{"not_picked":["Outmaneuver+1","Bane+1"],"picked":"After Image","floor":31},{"not_picked":["Escape Plan","Dagger Spray+1","Flechettes"],"picked":"SKIP","floor":35},{"not_picked":["All Out Attack","Hidden Blade","Flying Knee"],"picked":"SKIP","floor":36},{"not_picked":["Poisoned Stab+1","Quick Slash","Acrobatics"],"picked":"SKIP","floor":37},{"not_picked":["Choke","Acrobatics+1","Dagger Throw"],"picked":"SKIP","floor":38},{"not_picked":["Hidden Blade+1","Deflect","Dagger Spray"],"picked":"SKIP","floor":39},{"not_picked":["Deadly Poison","Sucker Punch+1","AT_WindRun"],"picked":"SKIP","floor":41},{"not_picked":["Finisher+1","Hidden Blade+1","Deflect"],"picked":"SKIP","floor":45},{"not_picked":["ReplayTheSpireMod:The Works+1","Backflip","Dagger Throw"],"picked":"SKIP","floor":46},{"not_picked":["AT_WindFlip+1","Prepared+1"],"picked":"Blur+1","floor":47},{"not_picked":["Deflect+1","Cloak And Dagger+1","Quick Slash"],"picked":"SKIP","floor":54}],"player_experience":100189,"relics_obtained":[{"floor":1,"key":"AddBug"},{"floor":5,"key":"Mummified Hand"},{"floor":5,"key":"Centennial Puzzle"},{"floor":8,"key":"SecretRecord"},{"floor":13,"key":"Bag of Preparation"},{"floor":18,"key":"SecretRecord"},{"floor":20,"key":"Enchiridion"},{"floor":23,"key":"SecretRecord"},{"floor":23,"key":"AT_RedTearstoneRing"},{"floor":25,"key":"SecretRecord"},{"floor":26,"key":"AT_BellowingDragoncrestRing"},{"floor":27,"key":"GodSword3"},{"floor":30,"key":"SecretRecord"},{"floor":31,"key":"Replay:Towering Pillar of Hats"},{"floor":39,"key":"SecretRecord"},{"floor":41,"key":"Art of War"},{"floor":43,"key":"MoneyPower"},{"floor":46,"key":"SecretRecord"},{"floor":54,"key":"AT_BladeRuinedKing"}],"event_choices":[{"damage_healed":0,"gold_gain":0,"player_choice":"Fight","damage_taken":0,"max_hp_gain":0,"max_hp_loss":0,"event_name":"HidenRoomEvent","floor":5,"gold_loss":0},{"cards_removed":["Strike_G"],"damage_healed":0,"gold_gain":0,"player_choice":"Offered Basic","damage_taken":0,"max_hp_gain":0,"max_hp_loss":0,"event_name":"Bonfire Elementals","floor":11,"gold_loss":0},{"damage_healed":0,"gold_gain":0,"player_choice":"Obtained Book","damage_taken":16,"max_hp_gain":0,"max_hp_loss":0,"event_name":"Cursed Tome","floor":20,"gold_loss":0}],"is_beta":false,"boss_relics":[{"not_picked":["HoveringKite","Painkiller Herb"],"picked":"EasyGame_NEW"},{"not_picked":[]},{"not_picked":["ChewingGum","Replay:Wanted Poster"],"picked":"Empty Cage"},{"not_picked":[]}],"items_purged_floors":[7,12,34,48],"is_endless":false,"potions_floor_spawned":[2,3,8,14,21,23,25,27,30,36,38,39,41],"ascension_level":2}}