{"host":"sum4dy402bbv9y4o","time":1611954290,"event":{"mods":["Aspiration","BaseMod","Conspire","Highlight Path","Minty Spire (QoL Compilation)","StSLib"],"gold_per_floor":[119,11,30,30,41,41,73,73,73,101,101,119,44,54,54,128,128,143,143,155,171,171,171,203,203,276,304,317,9,9,42,42,42,42],"floor_reached":33,"language":"ENG","playtime":900,"items_purged":["Strike_P"],"score":826,"play_id":"462aeb7c-deca-4ed8-b102-7d85633dd861","local_time":"20210130000450","is_ascension_mode":true,"campfire_choices":[{"data":"TalkToTheHand","floor":6,"key":"SMITH"},{"data":"TalkToTheHand","floor":8,"key":"SMITH"},{"data":"CrushJoints","floor":11,"key":"SMITH"},{"data":"Tantrum","floor":15,"key":"SMITH"},{"data":"Halt","floor":23,"key":"SMITH"},{"floor":25,"key":"REST"},{"data":"Vigilance","floor":30,"key":"SMITH"},{"data":"Adaptation","floor":32,"key":"SMITH"}],"circlet_count":0,"master_deck":["AscendersBane","Strike_P","Strike_P","Strike_P","Defend_P","Defend_P","Defend_P","Defend_P","Eruption+1","Vigilance+1","Tantrum+1","FlyingSleeves","TalkToTheHand+1","CutThroughFate","TalkToTheHand+1","CrushJoints+1","SandsOfTime","FlurryOfBlows","ThirdEye","Halt+1","RitualDagger","Injury","Tantrum","LessonLearned","Adaptation+1"],"relics":["PureWater","Anchor","Matryoshka","aspiration:StickyExplosives","MealTicket","Bag of Marbles","aspiration:HummingbirdHeart","Incense Burner","ClockworkSouvenir","Art of War"],"acts_visited":["Exordium","TheCity"],"potions_floor_usage":[5,7,16,20,21,27,31,33],"damage_taken":[{"damage":0,"enemies":"Small Slimes","floor":1,"turns":2},{"damage":2,"enemies":"Jaw Worm","floor":3,"turns":4},{"damage":0,"enemies":"2 Louse","floor":5,"turns":2},{"damage":31,"enemies":"3 Sentries","floor":7,"turns":6},{"damage":13,"enemies":"Lagavulin","floor":10,"turns":4},{"damage":10,"enemies":"Lots of Slimes","floor":12,"turns":3},{"damage":0,"enemies":"Blue Slaver","floor":14,"turns":1},{"damage":0,"enemies":"Slime Boss","floor":16,"turns":4},{"damage":0,"enemies":"Chosen","floor":18,"turns":2},{"damage":3,"enemies":"Spheric Guardian","floor":20,"turns":3},{"damage":13,"enemies":"Cultist and Chosen","floor":21,"turns":5},{"damage":29,"enemies":"Slavers","floor":24,"turns":5},{"damage":0,"enemies":"Gremlin Leader","floor":27,"turns":3},{"damage":0,"enemies":"Centurion and Healer","floor":28,"turns":4},{"damage":0,"enemies":"Book of Stabbing","floor":31,"turns":3},{"damage":49,"enemies":"Collector","floor":33,"turns":3}],"seed_played":"4287176638942971565","potions_obtained":[{"floor":1,"key":"Block Potion"},{"floor":5,"key":"Block Potion"},{"floor":14,"key":"Regen Potion"},{"floor":18,"key":"Ancient Potion"},{"floor":20,"key":"Energy Potion"},{"floor":24,"key":"AttackPotion"},{"floor":31,"key":"Swift Potion"}],"is_trial":false,"path_per_floor":["M","$","M","?","M","R","E","R","T","E","R","M","$","M","R","B",null,"M","?","M","M","?","R","E","R","T","E","M","$","R","E","R","B"],"character_chosen":"WATCHER","items_purchased":["TalkToTheHand","CutThroughFate","LessonLearned","ClockworkSouvenir","SteroidPotion"],"campfire_rested":1,"item_purchase_floors":[2,2,29,29,29],"current_hp_per_floor":[61,61,59,59,59,59,28,28,28,15,15,5,5,5,5,17,55,55,49,46,33,33,33,4,24,24,24,24,39,39,39,39,0,0],"gold":42,"neow_bonus":"THREE_CARDS","is_daily":false,"chose_seed":false,"campfire_upgraded":7,"win_rate":0.0,"timestamp":1611954290,"path_taken":["M","$","M","?","M","R","E","R","T","E","R","M","$","M","R","BOSS","M","?","M","M","?","R","E","R","T","E","M","$","R","E","R","BOSS"],"items_purchased_type":["Card","Card","Card","Relic","Potion"],"build_version":"2020-12-22","purchased_purges":1,"victory":false,"max_hp_per_floor":[68,68,68,68,68,68,68,68,68,68,68,68,68,68,68,68,68,68,68,68,68,68,68,68,68,68,68,68,68,68,68,68,68,68],"card_choices":[{"not_picked":["Weave","BowlingBash"],"picked":"Tantrum","floor":0},{"not_picked":["Collect","Fasting2"],"picked":"FlyingSleeves","floor":1},{"not_picked":["Consecrate","Weave"],"picked":"TalkToTheHand","floor":3},{"not_picked":["Prostrate","SandsOfTime"],"picked":"CrushJoints","floor":5},{"not_picked":["Wish","InnerPeace"],"picked":"SandsOfTime","floor":7},{"not_picked":["ThirdEye","Alpha","EmptyFist"],"picked":"SKIP","floor":10},{"not_picked":["Crescendo","Indignation"],"picked":"FlurryOfBlows","floor":12},{"not_picked":["CrushJoints","Consecrate"],"picked":"ThirdEye","floor":14},{"not_picked":["InnerPeace","FlyingSleeves"],"picked":"Halt","floor":18},{"not_picked":["CutThroughFate","Meditate","Crescendo"],"picked":"SKIP","floor":20},{"not_picked":["WaveOfTheHand","Vengeance","DeceiveReality"],"picked":"SKIP","floor":21},{"not_picked":["WaveOfTheHand","ThirdEye","CutThroughFate+1"],"picked":"SKIP","floor":24},{"not_picked":["Study","LikeWater","PathToVictory"],"picked":"SKIP","floor":27},{"not_picked":["CutThroughFate","Prostrate","Consecrate"],"picked":"SKIP","floor":28},{"not_picked":["CarveReality","WaveOfTheHand+1"],"picked":"Adaptation","floor":31}],"player_experience":3025565,"relics_obtained":[{"floor":7,"key":"Anchor"},{"floor":9,"key":"Matryoshka"},{"floor":10,"key":"aspiration:StickyExplosives"},{"floor":24,"key":"MealTicket"},{"floor":26,"key":"Bag of Marbles"},{"floor":26,"key":"aspiration:HummingbirdHeart"},{"floor":27,"key":"Incense Burner"},{"floor":31,"key":"Art of War"}],"event_choices":[{"damage_healed":0,"gold_gain":0,"player_choice":"Grow","damage_taken":0,"max_hp_gain":0,"max_hp_loss":0,"event_name":"Living Wall","floor":4,"gold_loss":0,"cards_upgraded":["Eruption"]},{"damage_healed":0,"gold_gain":0,"player_choice":"Joined the Cult","damage_taken":6,"max_hp_gain":0,"max_hp_loss":0,"event_name":"Nest","floor":19,"gold_loss":0,"cards_obtained":["RitualDagger"]},{"damage_healed":0,"gold_gain":0,"player_choice":"2 cards matched","damage_taken":0,"max_hp_gain":0,"max_hp_loss":0,"event_name":"Match and Keep!","floor":22,"gold_loss":0,"cards_obtained":["Injury","Tantrum"]}],"is_beta":false,"boss_relics":[{"not_picked":["Pandora\u0027s Box","Busted Crown","Cursed Key"]}],"items_purged_floors":[13],"is_endless":false,"potions_floor_spawned":[1,5,14,18,20,24,31],"killed_by":"Collector","ascension_level":20}}