{"host":"zsnmfqgcm92hlreo","time":1611955135,"event":{"mods":["AchievementEnabler","BaseMod","Bestiary","Block Reminder","Colored Powertips","Minty Spire (QoL Compilation)","Permanent Neow","Quick Restart","Relic Stats","Weighted Paths"],"gold_per_floor":[19,34,34,34,58,58,92,92,146,165,200,200,42,192,192,192,192],"floor_reached":16,"language":"ENG","playtime":549,"items_purged":[],"score":316,"play_id":"fa4146d2-8ee1-42a9-9621-d20c265ad6fa","local_time":"20210129151855","is_ascension_mode":true,"campfire_choices":[{"data":"Dagger Spray","floor":6.0,"key":"SMITH"},{"data":"Wraith Form v2","floor":8.0,"key":"SMITH"},{"floor":15,"key":"REST"}],"circlet_count":0,"master_deck":["AscendersBane","Strike_G","Strike_G","Strike_G","Defend_G","Defend_G","Defend_G","Defend_G","Defend_G","Survivor","Neutralize","Cloak And Dagger","Terror","Injury","Dagger Spray+1","Wraith Form v2+1","Backflip","Deflect","Bullet Time","Wraith Form v2+1","Doubt"],"relics":["Ring of the Snake","Du-Vu Doll","Golden Idol","Pen Nib","Potion Belt","Art of War","DollysMirror"],"acts_visited":["Exordium"],"potions_floor_usage":[11,11],"damage_taken":[{"damage":0.0,"enemies":"Cultist","floor":1.0,"turns":4.0},{"damage":0.0,"enemies":"Small Slimes","floor":2.0,"turns":4.0},{"damage":0.0,"enemies":"Jaw Worm","floor":5.0,"turns":3.0},{"damage":21.0,"enemies":"3 Sentries","floor":7.0,"turns":9.0},{"damage":5.0,"enemies":"Exordium Wildlife","floor":10.0,"turns":4.0},{"damage":14,"enemies":"Lagavulin","floor":11,"turns":8},{"damage":32,"enemies":"The Guardian","floor":16,"turns":10}],"seed_played":"5896856478860302427","potions_obtained":[{"floor":2.0,"key":"Block Potion"},{"floor":7.0,"key":"SteroidPotion"},{"floor":11,"key":"Ancient Potion"}],"is_trial":false,"path_per_floor":["M","M","?","?","M","R","E","R","T","M","E","?","$","?","R","B"],"character_chosen":"THE_SILENT","items_purchased":["DollysMirror"],"campfire_rested":1,"item_purchase_floors":[13],"current_hp_per_floor":[59,59,59,52,52,52,31,31,31,26,12,12,12,12,31,0,0],"gold":192,"neow_bonus":"ONE_RARE_RELIC","is_daily":false,"chose_seed":false,"campfire_upgraded":2,"win_rate":0.0,"timestamp":1611955135,"path_taken":["M","M","?","?","M","R","E","R","T","?","E","?","?","?","R","BOSS"],"items_purchased_type":["Relic"],"build_version":"2020-12-22","purchased_purges":0,"victory":false,"max_hp_per_floor":[66,66,66,66,66,66,66,66,66,66,66,66,66,66,66,66,66],"relic_stats":{"counters":[7,42],"Golden Idol":23,"Pen Nib":[3],"Art of War":[2],"obtain_stats":[{"Du-Vu Doll":0,"Potion Belt":9,"Golden Idol":3,"DollysMirror":13,"Pen Nib":7,"Art of War":11,"Ring of the Snake":0},{"Du-Vu Doll":0,"Potion Belt":4,"Golden Idol":2,"DollysMirror":6,"Pen Nib":4,"Art of War":6,"Ring of the Snake":0},{"Du-Vu Doll":0,"Potion Belt":20,"Golden Idol":8,"DollysMirror":32,"Pen Nib":20,"Art of War":32,"Ring of the Snake":0}],"Ring of the Snake":[14]},"card_choices":[{"not_picked":["Quick Slash","Catalyst"],"picked":"Cloak And Dagger","floor":1.0},{"not_picked":["Poisoned Stab","Dagger Throw"],"picked":"Terror","floor":2.0},{"not_picked":["Flying Knee","Infinite Blades"],"picked":"Dagger Spray","floor":5.0},{"not_picked":["Predator","Deadly Poison"],"picked":"Wraith Form v2","floor":7.0},{"not_picked":["Dagger Throw","Cloak And Dagger"],"picked":"Backflip","floor":10.0},{"not_picked":["All Out Attack","Catalyst"],"picked":"Deflect","floor":11}],"player_experience":941149,"relics_obtained":[{"floor":7.0,"key":"Pen Nib"},{"floor":9.0,"key":"Potion Belt"},{"floor":11,"key":"Art of War"}],"event_choices":[{"damage_healed":0.0,"max_hp_gain":0.0,"max_hp_loss":0.0,"gold_gain":0.0,"event_name":"Golden Idol","player_choice":"Take Wound","floor":3.0,"gold_loss":0.0,"damage_taken":0.0,"relics_obtained":["Golden Idol"],"cards_obtained":["Injury"]},{"cards_removed":["Strike_G"],"damage_healed":0.0,"max_hp_gain":0.0,"max_hp_loss":0.0,"gold_gain":0.0,"event_name":"Golden Wing","player_choice":"Card Removal","floor":4.0,"gold_loss":0.0,"damage_taken":7.0},{"damage_healed":0,"gold_gain":0,"cards_transformed":["Strike_G"],"player_choice":"Change","damage_taken":0,"max_hp_gain":0,"max_hp_loss":0,"event_name":"Living Wall","floor":12,"gold_loss":0,"cards_obtained":["Bullet Time"]},{"damage_healed":0,"gold_gain":150,"player_choice":"AGREE","damage_taken":0,"max_hp_gain":0,"max_hp_loss":0,"event_name":"Liars Game","floor":14,"gold_loss":0,"cards_obtained":["Doubt"]}],"is_beta":false,"boss_relics":[],"items_purged_floors":[],"is_endless":false,"potions_floor_spawned":[2,7,11],"killed_by":"The Guardian","ascension_level":20}}