{"host":"gfxjwtol062e9znw","time":1611919244,"event":{"mods":["BaseMod","Colored Map","Minty Spire (QoL Compilation)"],"gold_per_floor":[115,135,28,47,47,73,73,73,73,73,89,107,107,123,123,225,225,242,242,271,271,290,290,147,173,173,173,173,184,197,214,214,214,214],"floor_reached":33,"language":"ENG","playtime":1564,"items_purged":["After Image"],"score":360,"play_id":"de148d46-e9a8-43ff-809f-254f5dbe8ca3","local_time":"20210129222044","is_ascension_mode":true,"campfire_choices":[{"floor":7,"key":"REST"},{"floor":13,"key":"REST"},{"floor":15,"key":"REST"},{"data":"Accuracy","floor":23,"key":"SMITH"},{"data":"Concentrate","floor":28,"key":"SMITH"},{"floor":32,"key":"REST"}],"circlet_count":0,"master_deck":["Strike_G","Strike_G","Strike_G","Strike_G","Defend_G","Defend_G","Defend_G","Defend_G","Survivor","Neutralize","Blade Dance","Terror","Accuracy+1","Distraction+1","Cloak And Dagger","Blade Dance","Concentrate+1","Dagger Spray","Backflip","Corpse Explosion","CurseOfTheBell","Prepared","Heel Hook+1","Reflex","PiercingWail+1","Well Laid Plans","Blade Dance+1","RitualDagger","Skewer","Adrenaline"],"relics":["Ring of the Snake","Du-Vu Doll","Potion Belt","Gremlin Horn","Calling Bell","Strawberry","Eternal Feather","Calipers","Red Mask","Omamori","Ice Cream"],"acts_visited":["Exordium","TheCity"],"potions_floor_usage":[6,10,16,16,16,20,25,25,29,30,33],"damage_taken":[{"damage":11,"enemies":"Cultist","floor":1,"turns":6},{"damage":5,"enemies":"Jaw Worm","floor":2,"turns":4},{"damage":0,"enemies":"Small Slimes","floor":4,"turns":3},{"damage":22,"enemies":"Gremlin Nob","floor":6,"turns":4},{"damage":4,"enemies":"Exordium Wildlife","floor":11,"turns":4},{"damage":8,"enemies":"Looter","floor":12,"turns":2},{"damage":0,"enemies":"Large Slime","floor":14,"turns":4},{"damage":9,"enemies":"Hexaghost","floor":16,"turns":8},{"damage":0,"enemies":"Chosen","floor":18,"turns":3},{"damage":4,"enemies":"Masked Bandits","floor":20,"turns":2},{"damage":6,"enemies":"Spheric Guardian","floor":22,"turns":3},{"damage":12,"enemies":"Slavers","floor":25,"turns":3},{"damage":10,"enemies":"Snake Plant","floor":29,"turns":3},{"damage":21,"enemies":"Sentry and Sphere","floor":30,"turns":4},{"damage":11,"enemies":"Chosen and Byrds","floor":31,"turns":4},{"damage":79,"enemies":"Automaton","floor":33,"turns":6}],"seed_played":"6305824163092715370","potions_obtained":[{"floor":4,"key":"EssenceOfSteel"},{"floor":6,"key":"DistilledChaos"},{"floor":10,"key":"Fruit Juice"},{"floor":10,"key":"Block Potion"},{"floor":10,"key":"EssenceOfSteel"},{"floor":11,"key":"Weak Potion"},{"floor":12,"key":"AttackPotion"},{"floor":16,"key":"Explosive Potion"},{"floor":22,"key":"AttackPotion"},{"floor":25,"key":"SteroidPotion"},{"floor":30,"key":"BlessingOfTheForge"}],"is_trial":false,"path_per_floor":["M","M","$","M","?","E","R","?","T","?","M","M","R","M","R","B",null,"M","?","?","?","M","R","$","E","T","?","R","M","M","M","R","B"],"character_chosen":"THE_SILENT","items_purchased":["Accuracy","Distraction","Well Laid Plans"],"campfire_rested":4,"item_purchase_floors":[3,3,24],"current_hp_per_floor":[34,29,29,29,29,7,28,28,28,33,29,21,43,43,65,56,77,77,77,73,73,67,82,82,70,70,64,79,69,48,37,79,0,0],"gold":214,"neow_bonus":"ONE_RARE_RELIC","is_daily":false,"chose_seed":false,"campfire_upgraded":2,"win_rate":0.0,"timestamp":1611919244,"path_taken":["M","M","?","M","?","E","R","?","T","?","M","?","R","M","R","BOSS","M","?","?","?","?","R","$","E","T","?","R","M","M","M","R","BOSS"],"items_purchased_type":["Card","Card","Card"],"build_version":"2020-12-22","purchased_purges":1,"victory":false,"max_hp_per_floor":[70,70,70,70,70,70,70,70,70,75,75,75,75,75,75,75,82,82,82,82,82,82,82,82,82,82,82,82,82,82,82,82,82,82],"card_choices":[{"not_picked":["Acrobatics","Deadly Poison"],"picked":"Blade Dance","floor":1},{"not_picked":["Deadly Poison","Prepared"],"picked":"Terror","floor":2},{"not_picked":["Eviscerate","Choke"],"picked":"Cloak And Dagger","floor":4},{"not_picked":["Acrobatics","Flechettes"],"picked":"Blade Dance","floor":6},{"not_picked":["Dagger Spray","Slice"],"picked":"Concentrate","floor":11},{"not_picked":["Unload","Bane"],"picked":"Dagger Spray","floor":12},{"not_picked":["Noxious Fumes","Blade Dance"],"picked":"Backflip","floor":14},{"not_picked":["Tools of the Trade","A Thousand Cuts"],"picked":"Corpse Explosion","floor":16},{"not_picked":["PiercingWail","Tactician"],"picked":"Prepared","floor":18},{"not_picked":["Deflect","All Out Attack"],"picked":"Heel Hook+1","floor":20},{"not_picked":["Bane","Prepared"],"picked":"PiercingWail+1","floor":22},{"not_picked":["Poisoned Stab","Escape Plan"],"picked":"Blade Dance+1","floor":25},{"not_picked":["Predator","Sucker Punch"],"picked":"Skewer","floor":29},{"not_picked":["Prepared+1","Tactician"],"picked":"Adrenaline","floor":30},{"not_picked":["Flying Knee","Slice","Flechettes+1"],"picked":"SKIP","floor":31}],"player_experience":28776,"relics_obtained":[{"floor":6,"key":"Potion Belt"},{"floor":9,"key":"Gremlin Horn"},{"floor":17,"key":"Strawberry"},{"floor":17,"key":"Eternal Feather"},{"floor":17,"key":"Calipers"},{"floor":20,"key":"Red Mask"},{"floor":25,"key":"Omamori"},{"floor":26,"key":"Ice Cream"}],"event_choices":[{"damage_healed":0,"gold_gain":0,"player_choice":"Ignored","damage_taken":0,"max_hp_gain":0,"max_hp_loss":0,"event_name":"Golden Wing","floor":5,"gold_loss":0},{"damage_healed":0,"gold_gain":0,"player_choice":"Grow","damage_taken":0,"max_hp_gain":0,"max_hp_loss":0,"event_name":"Living Wall","floor":8,"gold_loss":0,"cards_upgraded":["Distraction"]},{"damage_healed":0,"gold_gain":0,"player_choice":"Got Potions","damage_taken":0,"max_hp_gain":0,"max_hp_loss":0,"event_name":"Lab","floor":10,"gold_loss":0},{"damage_healed":0,"gold_gain":0,"player_choice":"Ignored","damage_taken":0,"max_hp_gain":0,"max_hp_loss":0,"event_name":"Ghosts","floor":19,"gold_loss":0},{"damage_healed":0,"gold_gain":0,"player_choice":"Fought Bandits","damage_taken":0,"max_hp_gain":0,"max_hp_loss":0,"event_name":"Masked Bandits","floor":20,"gold_loss":0},{"damage_healed":0,"gold_gain":0,"cards_transformed":["Defend_G","Strike_G"],"player_choice":"Became Test Subject","damage_taken":0,"max_hp_gain":0,"max_hp_loss":0,"event_name":"Drug Dealer","floor":21,"gold_loss":0,"cards_obtained":["After Image","Reflex"]},{"damage_healed":0,"gold_gain":0,"player_choice":"Joined the Cult","damage_taken":6,"max_hp_gain":0,"max_hp_loss":0,"event_name":"Nest","floor":27,"gold_loss":0,"cards_obtained":["RitualDagger"]}],"is_beta":false,"boss_relics":[{"not_picked":["Sozu","Pandora\u0027s Box"],"picked":"Calling Bell"}],"items_purged_floors":[24],"is_endless":false,"potions_floor_spawned":[4,6,11,12,16,22,25,30],"killed_by":"Automaton","ascension_level":7}}