{"host":"q0ahhcf6jhp3yzzb","time":1611878782,"event":{"mods":["BaseMod","Downfall","Minty Spire (QoL Compilation)","Relic Stats","StSLib"],"gold_per_floor":[99,116,130,143,143,143,166,180,209,209,209,47,66,97,109,109,109,109],"floor_reached":16,"language":"ENG","playtime":539,"items_purged":[],"score":151,"play_id":"c3392aed-577c-46f1-8b9d-1fa3774c5c91","local_time":"20210128170622","is_ascension_mode":true,"campfire_choices":[{"data":"bronze:Replicate","floor":1,"key":"SMITH"},{"data":"bronze:BugBarrage","floor":6,"key":"SMITH"},{"floor":11,"key":"REST"}],"circlet_count":0,"master_deck":["bronze:Strike","bronze:Strike","bronze:Strike","bronze:Defend","bronze:Defend","bronze:Defend","bronze:Defend+1","bronze:Replicate+1","bronze:Goto","bronze:ChosenStrike","bronze:Invalidate+1","bronze:BugBarrage+1","bronze:CutThrough","bronze:ItsAFeature","bronze:OilSpill","bronze:Optimize","bronze:Library"],"relics":["bronze:BronzeCore","Du-Vu Doll","War Paint","Tiny Chest","Question Card","OrangePellets","Dream Catcher"],"acts_visited":["Exordium"],"potions_floor_usage":[8,9],"damage_taken":[{"damage":0,"enemies":"Cultist","floor":2,"turns":4},{"damage":6,"enemies":"2 Louse","floor":3,"turns":2},{"damage":2,"enemies":"Jaw Worm","floor":4,"turns":2},{"damage":13,"enemies":"Exordium Thugs","floor":8,"turns":3},{"damage":0,"enemies":"Lagavulin","floor":9,"turns":3},{"damage":0,"enemies":"downfall:FleeingMerchant","floor":12,"turns":4},{"damage":0,"enemies":"Exordium Wildlife","floor":13,"turns":2},{"damage":6,"enemies":"Gremlin Nob","floor":14,"turns":3},{"damage":7,"enemies":"Lots of Slimes","floor":15,"turns":4},{"damage":36,"enemies":"IC_STATUS_ARCHETYPE","floor":16,"turns":4}],"seed_played":"-2500221523373754808","potions_obtained":[{"floor":2,"key":"LiquidMemories"},{"floor":3,"key":"bronze:CleanCodePotion"},{"floor":8,"key":"Fire Potion"},{"floor":13,"key":"champ:CounterPotion"}],"is_trial":false,"path_per_floor":["R","M","M","M","?","R","T","M","E","?","R","$","M","E","M","B"],"character_chosen":"THE_AUTOMATON","items_purchased":["OrangePellets"],"campfire_rested":1,"item_purchase_floors":[12],"current_hp_per_floor":[49,49,43,41,41,41,41,28,28,10,31,31,31,25,18,0,0,0],"gold":109,"neow_bonus":"ONE_RARE_RELIC","is_daily":false,"chose_seed":false,"campfire_upgraded":2,"win_rate":0.0,"timestamp":1611878782,"path_taken":["R","M","M","M","?","R","T","M","E","?","R","?","M","E","M","BOSS"],"items_purchased_type":["Relic"],"build_version":"2020-12-22","purchased_purges":0,"victory":false,"max_hp_per_floor":[70,70,70,70,70,70,70,70,70,70,70,70,70,70,70,70,70,70],"relic_stats":{"OrangePellets":[1],"Dream Catcher":0,"counters":[10,31],"Tiny Chest":0,"War Paint":["bronze:Defend","bronze:Invalidate"],"Question Card":4,"obtain_stats":[{"Du-Vu Doll":0,"OrangePellets":12,"Dream Catcher":14,"bronze:BronzeCore":0,"Tiny Chest":9,"War Paint":7,"Question Card":10},{"Du-Vu Doll":0,"OrangePellets":6,"Dream Catcher":8,"bronze:BronzeCore":0,"Tiny Chest":5,"War Paint":3,"Question Card":5},{"Du-Vu Doll":0,"OrangePellets":18,"Dream Catcher":23,"bronze:BronzeCore":0,"Tiny Chest":14,"War Paint":8,"Question Card":14}]},"card_choices":[{"not_picked":["bronze:Philosophize","bronze:DelayedGuard"],"picked":"bronze:ChosenStrike","floor":2},{"not_picked":["bronze:WhirlingStrike","bronze:OilSpill"],"picked":"bronze:Invalidate","floor":3},{"not_picked":["bronze:Refactor","bronze:BuggyMess"],"picked":"bronze:BugBarrage","floor":4},{"not_picked":["bronze:Iterate","bronze:ForLoop"],"picked":"bronze:ItsAFeature","floor":8},{"not_picked":["bronze:FineTuning","bronze:Verify","bronze:DelayedGuard"],"picked":"SKIP","floor":9},{"not_picked":["bronze:Backtrace","bronze:BronzeArmor","bronze:Flail"],"picked":"bronze:OilSpill","floor":12},{"not_picked":["bronze:ChosenStrike","bronze:Separator","bronze:Philosophize","bronze:CutThrough"],"picked":"SKIP","floor":13},{"not_picked":["bronze:BronzeOrb","bronze:BugBarrage","bronze:OilSpill"],"picked":"bronze:Optimize","floor":14},{"not_picked":["bronze:ForceShield","bronze:DarkDash","bronze:BuggyMess"],"picked":"bronze:Library","floor":15}],"player_experience":855271,"relics_obtained":[{"floor":7,"key":"War Paint"},{"floor":9,"key":"Tiny Chest"},{"floor":14,"key":"Dream Catcher"}],"event_choices":[{"damage_healed":0,"gold_gain":0,"player_choice":"Success","damage_taken":18,"relics_obtained":["Question Card"],"max_hp_gain":0,"max_hp_loss":0,"event_name":"Scrap Ooze","floor":10,"gold_loss":0}],"is_beta":false,"boss_relics":[],"items_purged_floors":[],"is_endless":false,"potions_floor_spawned":[2,3,8,13],"killed_by":"IC_STATUS_ARCHETYPE","ascension_level":2}}