{"host":"cmkyc3p4v2g7wnr3","time":1611957238,"event":{"mods":["2.2 Compatiblity","A Magickal Journey","AchievementEnabler","Act Like it!","AlwaysNeverKeys","BaseMod","Better Match","Better Note","BetterRewards","Block Reminder","Colored Map","Colored Powertips","DeckTracker","Gold Saver","Hermit","Highlight Path","Hubris","Infinite Spire","Jorbs\u0027s Wanderer Trilogy","Marked Mod","Minty Spire (QoL Compilation)","Potionbrewer","Prisma Mod","Quick Restart","Rare Cards Sparkle","Relic Stats","Reliquary","Replay The Spire","Shop Mod","Slay the Relics Exporter","StSLib","Synergy Search","The Administrix","The Animator","The Bug Knight","The Construct","The Cursed","The Disciple","The Hierophant","The Marked","The Mystic","The Runesmith","The Servant 0.9.4","TheBandit"],"gold_per_floor":[114,132,96,111,461,490,510,510,562,41,53,87,106,125,125,221,221,238,250,104,104,104],"floor_reached":21,"language":"ENG","playtime":3004,"items_purged":["potionbrewer:PotionbrewerDefend","potionbrewer:PotionbrewerStrike"],"score":243,"play_id":"717c5d04-5a65-4b11-820a-f5196139cd63","local_time":"20210129225358","is_ascension_mode":false,"campfire_choices":[{"floor":8.0,"key":"REST"},{"data":"potionbrewer:Toxicity","floor":15.0,"key":"SMITH"}],"circlet_count":0,"master_deck":["potionbrewer:PotionbrewerStrike","potionbrewer:PotionbrewerStrike+1","potionbrewer:PotionbrewerStrike","potionbrewer:PotionbrewerDefend","potionbrewer:PotionbrewerDefend","potionbrewer:PotionbrewerDefend","potionbrewer:Collect","potionbrewer:ChemicalSpill+1","potionbrewer:Biohazard","potionbrewer:Fuel","potionbrewer:PortableLab","potionbrewer:FlashPowder+1","potionbrewer:Prototype","potionbrewer:LabJournal","potionbrewer:Smokescreen+1","potionbrewer:PortableLab","potionbrewer:Fuel","potionbrewer:CausticBarrier","potionbrewer:TheFinalStraw","potionbrewer:Prototype","potionbrewer:Toxicity+1","potionbrewer:RefinedProcess","potionbrewer:ChoosePotion","potionbrewer:ChoosePotion","potionbrewer:Prototype","potionbrewer:Experimentation","potionbrewer:Biohazard+1"],"relics":["potionbrewer:PotionKit","MerchantsRug","Meat on the Bone","DollysMirror","Whetstone","Potion Belt","Girya","Strange Spoon","Question Card","hubris:Backtick","hermit:Momento","hubris:Backtick","Toxic Egg 2"],"acts_visited":["Exordium","TheCity"],"potions_floor_usage":[21,21],"damage_taken":[{"damage":9.0,"enemies":"Jaw Worm","floor":1.0,"turns":5.0},{"damage":12.0,"enemies":"Small Slimes","floor":2.0,"turns":3.0},{"damage":8.0,"enemies":"2 Louse","floor":4.0,"turns":2.0},{"damage":22.0,"enemies":"Gremlin Nob","floor":6.0,"turns":5.0},{"damage":5.0,"enemies":"Large Slime","floor":7.0,"turns":7.0},{"damage":0.0,"enemies":"Exordium Wildlife","floor":11.0,"turns":3.0},{"damage":7.0,"enemies":"Lagavulin","floor":12.0,"turns":7.0},{"damage":0.0,"enemies":"3 Louse","floor":13.0,"turns":3.0},{"damage":3.0,"enemies":"Large Slime","floor":14.0,"turns":6.0},{"damage":66.0,"enemies":"Fading Forest","floor":16.0,"turns":11.0},{"damage":26.0,"enemies":"3 Byrds","floor":18.0,"turns":5.0},{"damage":10.0,"enemies":"Shell Parasite","floor":19.0,"turns":5.0},{"damage":39,"enemies":"Cultist and Chosen","floor":21,"turns":6}],"seed_played":"477598476990829463","potions_obtained":[{"floor":2.0,"key":"Toxic Potion"},{"floor":11.0,"key":"ColorlessPotion"},{"floor":13.0,"key":"potionbrewer:NoxiousPotion"},{"floor":14.0,"key":"Swift Potion"},{"floor":19.0,"key":"Strength Potion"}],"is_trial":false,"path_per_floor":["M","M","$","M","$","E","M","R","T","$","M","E","M","M","R","B",null,"M","M","$","M"],"character_chosen":"POTIONBREWER","items_purchased":["potionbrewer:FlashPowder+1","MerchantsRug","Meat on the Bone","potionbrewer:LabJournal","potionbrewer:Smokescreen+1","DollysMirror","Girya","Strange Spoon","potionbrewer:Biohazard"],"campfire_rested":1,"item_purchase_floors":[3,5,5,5,5,5,10,10,20],"current_hp_per_floor":[66,54,54,46,46,36,43,65,65,65,65,58,58,55,55,17,75,49,39,39,0,0],"gold":104,"neow_bonus":"THREE_CARDS","is_daily":false,"chose_seed":false,"campfire_upgraded":1,"win_rate":0.0,"timestamp":1611957238,"path_taken":["M","M","$","M","$","E","M","R","T","$","M","E","M","M","R","BOSS","M","M","$","M"],"items_purchased_type":["Card","Relic","Relic","Card","Card","Relic","Relic","Relic","Card"],"build_version":"2020-12-22","purchased_purges":2,"victory":false,"max_hp_per_floor":[75,75,75,75,75,75,75,75,75,75,75,75,75,75,75,75,75,75,75,75,75,75],"relic_stats":{"Strange Spoon":[16],"counters":[13,68],"Whetstone":["potionbrewer:ChemicalSpill","potionbrewer:PotionbrewerStrike"],"Question Card":7,"obtain_stats":[{"Potion Belt":9,"MerchantsRug":5,"Girya":10,"Strange Spoon":10,"hubris:Backtick":17,"DollysMirror":5,"Whetstone":6,"Toxic Egg 2":20,"Question Card":12,"hermit:Momento":17,"potionbrewer:PotionKit":0,"Meat on the Bone":5},{"Potion Belt":5,"MerchantsRug":3,"Girya":5,"Strange Spoon":5,"hubris:Backtick":10,"DollysMirror":3,"Whetstone":4,"Toxic Egg 2":12,"Question Card":7,"hermit:Momento":10,"potionbrewer:PotionKit":0,"Meat on the Bone":3},{"Potion Belt":22,"MerchantsRug":10,"Girya":22,"Strange Spoon":22,"hubris:Backtick":52,"DollysMirror":10,"Whetstone":15,"Toxic Egg 2":62,"Question Card":32,"hermit:Momento":52,"potionbrewer:PotionKit":0,"Meat on the Bone":10}],"Meat on the Bone":36},"card_choices":[{"not_picked":["potionbrewer:Contingency","potionbrewer:Refill"],"picked":"potionbrewer:Biohazard","floor":0.0},{"not_picked":["potionbrewer:VolatileSolution","potionbrewer:Refill"],"picked":"potionbrewer:Fuel","floor":1.0},{"not_picked":["potionbrewer:Biohazard","potionbrewer:ExplosiveReaction"],"picked":"potionbrewer:PortableLab","floor":2.0},{"not_picked":["potionbrewer:IronFist","potionbrewer:Spark","potionbrewer:Biohazard"],"picked":"potionbrewer:Prototype","floor":4.0},{"not_picked":["potionbrewer:BlindingSpray","potionbrewer:Backhand"],"picked":"potionbrewer:Fuel","floor":6.0},{"not_picked":["potionbrewer:Biohazard","potionbrewer:ChemicalRage"],"picked":"potionbrewer:CausticBarrier","floor":7.0},{"not_picked":["potionbrewer:OneTwoPunch","potionbrewer:FortifiedSerum"],"picked":"potionbrewer:TheFinalStraw","floor":11.0},{"not_picked":["potionbrewer:BeatDown","potionbrewer:DigDeep","potionbrewer:AcidCloud"],"picked":"potionbrewer:Prototype","floor":12.0},{"not_picked":["potionbrewer:ChemicalShroud","potionbrewer:FlashPowder","potionbrewer:VolatileSolution"],"picked":"potionbrewer:Toxicity","floor":13.0},{"not_picked":["potionbrewer:FlashPowder","potionbrewer:TimeBomb","potionbrewer:Toxicity"],"picked":"potionbrewer:RefinedProcess","floor":14.0},{"not_picked":["potionbrewer:RefinedProcess","potionbrewer:PotentialEnergy","potionbrewer:AlchemistForm","potionbrewer:Prototype"],"picked":"potionbrewer:BottomlessFlask","floor":16.0},{"not_picked":["potionbrewer:BlindingSpray","potionbrewer:AcidCloud","potionbrewer:OneTwoPunch","potionbrewer:TimeBomb"],"picked":"potionbrewer:Prototype","floor":18.0},{"not_picked":["potionbrewer:OneTwoPunch","potionbrewer:AcidCloud","potionbrewer:BalancedFormula"],"picked":"potionbrewer:Experimentation","floor":19.0}],"player_experience":307622,"relics_obtained":[{"floor":6.0,"key":"Whetstone"},{"floor":9.0,"key":"Potion Belt"},{"floor":12.0,"key":"Question Card"}],"event_choices":[],"is_beta":false,"boss_relics":[{"not_picked":["infinitespire:Cupcake","Tiny House"],"picked":"hubris:Backtick"}],"items_purged_floors":[10,20],"is_endless":false,"potions_floor_spawned":[2,11,13,14,19],"killed_by":"Cultist and Chosen","ascension_level":0}}