{"host":"ndpbn7fqb3wjbd7p","time":1611900683,"event":{"mods":["AchievementEnabler","Act Like it!","AlwaysNeverKeys","BaseMod","Better Vampires","Block Reminder","Colored Powertips","DeckTracker","Defuse TimeMaze Blight","Friendly Minions","Hallownest","Hermit","Highlight Path","MarisaÅiñ∂âJÅ@ñÇóùçπÅj","Minty Spire (QoL Compilation)","Permanent Neow","Shade Mod","StSLib","SuperFastMode","Synergy Search","The Mystic","Unceasing Turn Reminder","Wandering Minibosses","egg"],"gold_per_floor":[111,111,126,144,46,75,88,88,88,99,118,138,38,69,69,167,167,181,56,76,76,76],"floor_reached":21,"language":"ENG","playtime":1672,"items_purged":["mysticmod:Strike_Mystic","mysticmod:Strike_Mystic","mysticmod:Strike_Mystic"],"score":267,"play_id":"be2a4548-8359-441c-b9df-1e31ba960490","local_time":"20210129071123","is_ascension_mode":true,"campfire_choices":[{"data":"mysticmod:MagicWeapon","floor":8,"key":"SMITH"},{"data":"mysticmod:Spellstrike","floor":15,"key":"SMITH"}],"circlet_count":0,"master_deck":["mysticmod:Defend_Mystic","mysticmod:Defend_Mystic","mysticmod:Defend_Mystic","mysticmod:Defend_Mystic","mysticmod:ArcaneDodge","mysticmod:ShockingGrasp","mysticmod:VorpalThrust","mysticmod:Grapple","mysticmod:Fly","mysticmod:MagicWeapon+1","mysticmod:Snowball","mysticmod:MagicMissile","mysticmod:BulkUp","mysticmod:MagicMissile","mysticmod:SpellRecall","mysticmod:Spellstrike+1","mysticmod:Discipline","mysticmod:ArcaneAccuracy"],"relics":["SlaversCollar","Gremlin Horn","Shuriken","Bottled Flame","Black Star"],"acts_visited":["Exordium","TheCity"],"potions_floor_usage":[16,18,18,21,21],"damage_taken":[{"damage":0,"enemies":"Small Slimes","floor":1,"turns":3},{"damage":6,"enemies":"Cultist","floor":3,"turns":4},{"damage":0,"enemies":"Jaw Worm","floor":4,"turns":4},{"damage":15,"enemies":"3 Sentries","floor":6,"turns":7},{"damage":2,"enemies":"Exordium Wildlife","floor":7,"turns":3},{"damage":8,"enemies":"Looter","floor":10,"turns":7},{"damage":3,"enemies":"Red Slaver","floor":11,"turns":6},{"damage":12,"enemies":"Large Slime","floor":12,"turns":5},{"damage":7,"enemies":"Lagavulin","floor":14,"turns":5},{"damage":0,"enemies":"Slime Boss","floor":16,"turns":8},{"damage":17,"enemies":"Shell Parasite","floor":18,"turns":3},{"damage":6,"enemies":"3 Byrds","floor":20,"turns":6},{"damage":54,"enemies":"3 Cultists","floor":21,"turns":5}],"seed_played":"3967603125516566136","potions_obtained":[{"floor":1,"key":"Block Potion"},{"floor":3,"key":"Dexterity Potion"},{"floor":12,"key":"Strength Potion"},{"floor":14,"key":"Block Potion"},{"floor":16,"key":"Fire Potion"},{"floor":20,"key":"Swift Potion"}],"is_trial":false,"path_per_floor":["M","?","M","M","$","E","M","R","T","M","M","M","$","E","R","B",null,"M","$","M","M"],"character_chosen":"MYSTIC_CLASS","items_purchased":["mysticmod:Snowball"],"campfire_rested":0,"item_purchase_floors":[5],"current_hp_per_floor":[77,77,71,71,71,56,54,54,54,46,43,31,31,24,24,24,77,60,60,54,0,0],"gold":76,"neow_bonus":"BOSS_RELIC","is_daily":false,"chose_seed":false,"campfire_upgraded":2,"win_rate":0.0,"timestamp":1611900683,"path_taken":["M","?","?","M","$","E","M","R","T","?","M","M","$","E","R","BOSS","M","$","?","M"],"items_purchased_type":["Card"],"build_version":"2020-12-22","purchased_purges":3,"victory":false,"max_hp_per_floor":[77,77,77,77,77,77,77,77,77,77,77,77,77,77,77,77,77,77,77,77,77,77],"card_choices":[{"not_picked":["mysticmod:CorrosiveTouch","mysticmod:BulkUp"],"picked":"mysticmod:VorpalThrust","floor":1},{"not_picked":["mysticmod:CorrosiveTouch","mysticmod:LightningBolt"],"picked":"mysticmod:Fly","floor":3},{"not_picked":["mysticmod:Dedication","mysticmod:HeavyStrike"],"picked":"mysticmod:MagicWeapon","floor":4},{"not_picked":["mysticmod:ComponentsPouch","mysticmod:KeenEdge"],"picked":"mysticmod:MagicMissile","floor":6},{"not_picked":["mysticmod:Flurry","mysticmod:MagicWeapon"],"picked":"mysticmod:BulkUp","floor":7},{"not_picked":["mysticmod:Shield","mysticmod:TomeOfSpells"],"picked":"mysticmod:MagicMissile","floor":10},{"not_picked":["mysticmod:LightningBolt","mysticmod:DiviningBlow"],"picked":"mysticmod:SpellRecall","floor":11},{"not_picked":["mysticmod:LightningBolt","mysticmod:BladeMaster","mysticmod:IllusionOfCalm"],"picked":"SKIP","floor":12},{"not_picked":["mysticmod:Daze","mysticmod:Probe"],"picked":"mysticmod:Spellstrike","floor":14},{"not_picked":["mysticmod:Spellstrike","mysticmod:EnchantedMoulinet"],"picked":"mysticmod:Discipline","floor":16},{"not_picked":["mysticmod:Grease","mysticmod:PreparedCaster"],"picked":"mysticmod:ArcaneAccuracy","floor":18},{"not_picked":["mysticmod:HeavyStrike","mysticmod:LightningBolt","mysticmod:Snowball"],"picked":"SKIP","floor":20}],"player_experience":1209315,"relics_obtained":[{"floor":6,"key":"Gremlin Horn"},{"floor":9,"key":"Shuriken"},{"floor":14,"key":"Bottled Flame"}],"event_choices":[{"damage_healed":0,"gold_gain":0,"cards_transformed":["mysticmod:Strike_Mystic"],"player_choice":"Transformed","damage_taken":0,"max_hp_gain":0,"max_hp_loss":0,"event_name":"Transmorgrifier","floor":2,"gold_loss":0,"cards_obtained":["mysticmod:Grapple"]}],"is_beta":false,"boss_relics":[{"not_picked":["Pandora\u0027s Box","Velvet Choker"],"picked":"Black Star"}],"items_purged_floors":[5,13,19],"is_endless":false,"potions_floor_spawned":[1,3,12,14,16,20],"killed_by":"3 Cultists","ascension_level":2}}