{"host":"2zjdcgw4be5n15ja","time":1611922338,"event":{"mods":["2.2 Compatiblity","AchievementEnabler","BaseMod","Bestiary","Better Skull","Better Third Choice","BetterRewards","Colored Powertips","Downfall","Hermit","Marisa????????","Marked Mod","Minty Spire (QoL Compilation)","Quick Restart","Rare Cards Sparkle","Reimu??????","Relic Stats","Reliquary","Replay The Spire","StSLib","The Bug Knight","The Problem Sleuth"],"gold_per_floor":[110,24,24,34,47,75,75,120,144,144,182,147,147,172,172,280,280,307,307,0,27,37,37],"floor_reached":22,"language":"ENG","playtime":2510,"items_purged":[],"score":190,"play_id":"617cbe3f-d5db-4db0-a544-05ee312129b7","local_time":"20210130011218","is_ascension_mode":false,"campfire_choices":[{"floor":7,"key":"REST"},{"floor":10,"key":"REST"},{"floor":13,"key":"REST"},{"floor":15,"key":"RECALL"}],"circlet_count":0,"master_deck":["Strike_Lin:ReiMu","Strike_Lin:ReiMu","Strike_Lin:ReiMu","Strike_Lin:ReiMu","Defend_Lin:ReiMu","Defend_Lin:ReiMu","Defend_Lin:ReiMu","Defend_Lin:ReiMu","NB:ReiMu","YinYangSange:ReiMu","Intuition:ReiMu","Intuition:ReiMu","OrbThrow:ReiMu","ForcedLanding:ReiMu","TakeOff:ReiMu","Enchanting:ReiMu","ForcedLanding:ReiMu","ReplayTheSpireMod:Splinters","Revelation:ReiMu","LovePray:ReiMu","OctopathBindingBorder2:ReiMu","SubcavityInstant:ReiMu","YinYang:ReiMu","CurseOfTheBell","PhosphorusFlame:ReiMu+1","SafetyPray:ReiMu"],"relics":["FlyPower:ReiMu","Replay:Bandana","ReplayTheSpireMod:Shallot","Pet Ghost","Calling Bell","reliquary:Boomerang","Replay:Accelerometer","Nloth\u0027s Gift","BodyOfKamiR:ReiMu","Boot"],"acts_visited":["Exordium","TheCity"],"potions_floor_usage":[6,16,16],"damage_taken":[{"damage":2,"enemies":"2 Louse","floor":1,"turns":3},{"damage":1,"enemies":"Cultist","floor":4,"turns":4},{"damage":1,"enemies":"Jaw Worm","floor":5,"turns":4},{"damage":77,"enemies":"3 Sentries","floor":6,"turns":13},{"damage":26,"enemies":"Lagavulin","floor":11,"turns":7},{"damage":4,"enemies":"2 Fungi Beasts","floor":14,"turns":5},{"damage":61,"enemies":"Fading Forest","floor":16,"turns":11},{"damage":37,"enemies":"Spheric Guardian","floor":18,"turns":7},{"damage":38,"enemies":"Masked Bandits","floor":22,"turns":3}],"seed_played":"2397580585134325852","potions_obtained":[{"floor":1,"key":"Regen Potion"},{"floor":5,"key":"BlessingOfTheForge"},{"floor":11,"key":"BlessingOfTheForge"},{"floor":16,"key":"Milkshake"},{"floor":18,"key":"Strength Potion"}],"is_trial":false,"path_per_floor":["M","$","?","M","M","E","R","?","T","R","E","?","R","M","R","B",null,"M","?","$","T","?"],"character_chosen":"REIMU","items_purchased":["Intuition:ReiMu","OrbThrow:ReiMu","BodyOfKamiR:ReiMu","SafetyPray:ReiMu"],"campfire_rested":3,"item_purchase_floors":[2,2,20,20],"current_hp_per_floor":[69,69,69,68,67,5,26,26,26,47,21,38,59,55,55,4,71,34,34,34,34,0,0],"gold":37,"neow_bonus":"TEN_PERCENT_HP_BONUS","is_daily":false,"chose_seed":false,"campfire_upgraded":0,"win_rate":0.0,"timestamp":1611922338,"path_taken":["M","$","?","?","M","E","R","?","T","R","E","?","R","M","R","BOSS","M","?","$","?","?"],"items_purchased_type":["Card","Card","Relic","Card"],"build_version":"2020-12-22","purchased_purges":0,"victory":false,"max_hp_per_floor":[71,71,71,71,71,71,71,71,71,71,71,71,71,71,71,71,71,71,71,71,71,71,71],"relic_stats":{"counters":[9,57],"Nloth\u0027s Gift":0,"Boot":[0],"obtain_stats":[{"Calling Bell":17,"Replay:Accelerometer":17,"Replay:Bandana":6,"BodyOfKamiR:ReiMu":20,"reliquary:Boomerang":17,"ReplayTheSpireMod:Shallot":8,"Turnip":17,"Nloth\u0027s Gift":19,"FlyPower:ReiMu":0,"Boot":21,"Pet Ghost":11},{"Calling Bell":7,"Replay:Accelerometer":7,"Replay:Bandana":4,"BodyOfKamiR:ReiMu":8,"reliquary:Boomerang":7,"ReplayTheSpireMod:Shallot":4,"Turnip":7,"Nloth\u0027s Gift":8,"FlyPower:ReiMu":0,"Boot":8,"Pet Ghost":5},{"Calling Bell":47,"Replay:Accelerometer":47,"Replay:Bandana":24,"BodyOfKamiR:ReiMu":54,"reliquary:Boomerang":47,"ReplayTheSpireMod:Shallot":24,"Turnip":47,"Nloth\u0027s Gift":54,"FlyPower:ReiMu":0,"Boot":54,"Pet Ghost":31}]},"card_choices":[{"not_picked":["MikOfLucky:ReiMu","Dreaming2:ReiMu"],"picked":"YinYangSange:ReiMu","floor":1},{"not_picked":["RainPray2:ReiMu","DoubleButterfly:ReiMu"],"picked":"TakeOff:ReiMu","floor":4},{"not_picked":["ForcedLanding:ReiMu","PayForSelf:ReiMu"],"picked":"Enchanting:ReiMu","floor":5},{"not_picked":["RainPray2:ReiMu","OrbThrow:ReiMu"],"picked":"ForcedLanding:ReiMu","floor":6},{"not_picked":["SubAcupoint:ReiMu","Enchanting:ReiMu"],"picked":"Revelation:ReiMu","floor":8},{"not_picked":["SafetyPray:ReiMu","AlertArray:ReiMu"],"picked":"LovePray:ReiMu","floor":8},{"not_picked":["LovePray:ReiMu","Conquer:ReiMu"],"picked":"OctopathBindingBorder2:ReiMu","floor":11},{"not_picked":["TightArray:ReiMu","SpringWay:ReiMu"],"picked":"SubcavityInstant:ReiMu","floor":14},{"not_picked":["CleanRite:ReiMu","CeremonyResonance:ReiMu"],"picked":"YinYang:ReiMu","floor":16},{"not_picked":["OrbThrow:ReiMu+1","FantasyBorder:ReiMu+1"],"picked":"PhosphorusFlame:ReiMu+1","floor":18}],"player_experience":350522,"relics_obtained":[{"floor":6,"key":"Replay:Bandana"},{"floor":8,"key":"ReplayTheSpireMod:Shallot"},{"floor":11,"key":"Pet Ghost"},{"floor":17,"key":"reliquary:Boomerang"},{"floor":17,"key":"Replay:Accelerometer"},{"floor":17,"key":"Turnip"},{"floor":21,"key":"Boot"}],"event_choices":[{"damage_healed":0,"gold_gain":0,"cards_transformed":["Stagnation:ReiMu"],"player_choice":"Transformed","damage_taken":0,"max_hp_gain":0,"max_hp_loss":0,"event_name":"Transmorgrifier","floor":3,"gold_loss":0,"cards_obtained":["ForcedLanding:ReiMu"]},{"damage_healed":17,"gold_gain":0,"player_choice":"Healed","damage_taken":0,"max_hp_gain":0,"max_hp_loss":0,"event_name":"The Cleric","floor":12,"gold_loss":35},{"damage_healed":0,"gold_gain":0,"player_choice":"Traded Relic","damage_taken":0,"relics_obtained":["Nloth\u0027s Gift"],"max_hp_gain":0,"max_hp_loss":0,"event_name":"N\u0027loth","floor":19,"relics_lost":["Turnip"],"gold_loss":0},{"damage_healed":0,"gold_gain":0,"player_choice":"Fought Bandits","damage_taken":0,"max_hp_gain":0,"max_hp_loss":0,"event_name":"Masked Bandits","floor":22,"gold_loss":0}],"is_beta":false,"boss_relics":[{"not_picked":["Runic Dome","Velvet Choker"],"picked":"Calling Bell"}],"items_purged_floors":[],"is_endless":false,"potions_floor_spawned":[1,5,11,16,18],"killed_by":"Masked Bandits","ascension_level":0}}