{"host":"uld0x1f6or5rl385","time":1611887975,"event":{"mods":["BaseMod","Minty Spire (QoL Compilation)","Quick Restart","StSLib","Unceasing Turn Reminder"],"gold_per_floor":[112,112,126,126,126,157,18,18,71,46,57,77,77,90,90,164,164,164,164,2,2,2,2,2,2,2,2,2,2,2,2,2,2,2,2,2,2,2,2,2,2,2,2,2,2],"floor_reached":44,"language":"ZHS","playtime":1694,"items_purged":[],"score":849,"play_id":"0c2d342e-bacf-45b2-923e-fe42f264047f","local_time":"20210129103935","is_ascension_mode":true,"campfire_choices":[{"data":"Footwork","floor":8.0,"key":"SMITH"},{"data":"Deflect","floor":13.0,"key":"SMITH"},{"data":"Dagger Spray","floor":15.0,"key":"SMITH"},{"data":"Night Terror","floor":23.0,"key":"SMITH"},{"data":"Neutralize","floor":27.0,"key":"SMITH"},{"data":"Infinite Blades","floor":29.0,"key":"SMITH"},{"data":"Concentrate","floor":32.0,"key":"SMITH"},{"data":"Escape Plan","floor":40.0,"key":"SMITH"}],"circlet_count":0,"master_deck":["AscendersBane","Strike_G","Strike_G","Strike_G","Defend_G","Defend_G","Defend_G","Defend_G","Defend_G","Survivor","Neutralize+1","Footwork+1","Riddle With Holes+1","Backstab","Dagger Spray+1","Deflect+1","Escape Plan+1","Night Terror+1","Expertise","Infinite Blades+1","Backflip+1","Concentrate+1","Venomology","Infinite Blades+1","Deadly Poison"],"relics":["Ring of the Snake","NeowsBlessing","Mummified Hand","Bag of Preparation","MealTicket","Ectoplasm","Potion Belt","Molten Egg 2","Peace Pipe","Meat on the Bone","Runic Pyramid","Snake Skull","Sundial"],"acts_visited":["Exordium","TheCity","TheBeyond"],"potions_floor_usage":[41,41,42],"damage_taken":[{"damage":0.0,"enemies":"Small Slimes","floor":1.0,"turns":1.0},{"damage":0.0,"enemies":"Jaw Worm","floor":3.0,"turns":1.0},{"damage":0.0,"enemies":"3 Sentries","floor":6.0,"turns":2.0},{"damage":0.0,"enemies":"2 Louse","floor":11.0,"turns":2.0},{"damage":0.0,"enemies":"Looter","floor":12.0,"turns":3.0},{"damage":0.0,"enemies":"Blue Slaver","floor":14.0,"turns":4.0},{"damage":48.0,"enemies":"Slime Boss","floor":16.0,"turns":13.0},{"damage":16.0,"enemies":"Chosen","floor":18.0,"turns":6.0},{"damage":5.0,"enemies":"Shell Parasite","floor":21.0,"turns":7.0},{"damage":3.0,"enemies":"Colosseum Slavers","floor":28.0,"turns":8.0},{"damage":6.0,"enemies":"Colosseum Nobs","floor":28.0,"turns":6.0},{"damage":2.0,"enemies":"Shelled Parasite and Fungi","floor":30.0,"turns":7.0},{"damage":0.0,"enemies":"3 Cultists","floor":31.0,"turns":7.0},{"damage":17.0,"enemies":"Collector","floor":33.0,"turns":18.0},{"damage":29.0,"enemies":"3 Shapes","floor":35.0,"turns":12.0},{"damage":2.0,"enemies":"Orb Walker","floor":37.0,"turns":5.0},{"damage":3,"enemies":"Reptomancer","floor":41,"turns":8},{"damage":0,"enemies":"4 Shapes","floor":42,"turns":1},{"damage":57,"enemies":"Spire Growth","floor":44,"turns":4}],"seed_played":"2813209117422634870","potions_obtained":[{"floor":16.0,"key":"BlessingOfTheForge"},{"floor":30.0,"key":"SkillPotion"},{"floor":31.0,"key":"SkillPotion"},{"floor":33.0,"key":"BlessingOfTheForge"},{"floor":35.0,"key":"LiquidBronze"}],"is_trial":false,"path_per_floor":["M","?","M","?","?","E","$","R","T","$","M","M","R","M","R","B",null,"M","?","$","M","?","R","$","?","T","R","?","R","M","M","R","B",null,"M","?","M","?","$","R","E","M","T","M"],"character_chosen":"THE_SILENT","items_purchased":["PowerPotion","CunningPotion","Dagger Spray","Potion Belt"],"campfire_rested":0,"item_purchase_floors":[7,7,10,20],"current_hp_per_floor":[59,59,59,59,52,52,52,52,52,66,66,66,66,66,66,18,54,38,38,53,48,48,48,63,63,63,63,54,54,52,52,52,35,58,41,41,39,39,54,54,51,51,51,0,0],"gold":2,"neow_bonus":"THREE_ENEMY_KILL","is_daily":false,"chose_seed":false,"campfire_upgraded":8,"win_rate":0.0,"timestamp":1611887975,"path_taken":["M","?","M","?","?","E","?","R","T","$","?","M","R","M","R","BOSS","M","?","$","?","?","R","?","?","T","R","?","R","M","M","R","BOSS","M","?","?","?","$","R","E","M","T","M"],"items_purchased_type":["Potion","Potion","Card","Relic"],"build_version":"2020-12-22","purchased_purges":0,"victory":false,"max_hp_per_floor":[66,66,66,66,66,66,66,66,66,66,66,66,66,66,66,66,66,66,66,66,66,66,66,66,66,66,66,66,66,66,66,66,66,66,66,66,66,66,66,66,66,66,66,66,66],"card_choices":[{"not_picked":["Dagger Spray","Dodge and Roll"],"picked":"Footwork","floor":1.0},{"not_picked":["Bane","Finisher"],"picked":"Riddle With Holes","floor":3.0},{"not_picked":["Doppelganger","Flying Knee"],"picked":"Backstab","floor":6.0},{"not_picked":["Flechettes","Endless Agony"],"picked":"Deflect","floor":11.0},{"not_picked":["Deflect","Deadly Poison"],"picked":"Escape Plan","floor":12.0},{"not_picked":["Calculated Gamble","Flying Knee","PiercingWail"],"picked":"SKIP","floor":14.0},{"not_picked":["Calculated Gamble","Flying Knee","PiercingWail"],"picked":"SKIP","floor":14.0},{"not_picked":["Grand Finale","Die Die Die"],"picked":"Night Terror","floor":16.0},{"not_picked":["All Out Attack","Masterful Stab","Cloak And Dagger"],"picked":"SKIP","floor":18.0},{"not_picked":["All Out Attack","Masterful Stab","Cloak And Dagger"],"picked":"SKIP","floor":18.0},{"not_picked":["Quick Slash","Prepared","Deadly Poison"],"picked":"SKIP","floor":21.0},{"not_picked":["Flying Knee+1","Outmaneuver"],"picked":"Infinite Blades","floor":28.0},{"not_picked":["Backflip","Quick Slash+1","Bouncing Flask"],"picked":"SKIP","floor":30.0},{"not_picked":["Quick Slash+1","Bouncing Flask"],"picked":"Backflip","floor":30.0},{"not_picked":["Cloak And Dagger","Dodge and Roll"],"picked":"Concentrate","floor":31.0},{"not_picked":["Unload+1","Bullet Time"],"picked":"Venomology","floor":33.0},{"not_picked":["PiercingWail","Calculated Gamble","Prepared"],"picked":"SKIP","floor":35.0},{"not_picked":["Acrobatics","Outmaneuver+1","Bane+1"],"picked":"SKIP","floor":37.0},{"not_picked":["Deflect","Blur+1"],"picked":"Deadly Poison","floor":41}],"player_experience":348067,"relics_obtained":[{"floor":6.0,"key":"Bag of Preparation"},{"floor":9.0,"key":"MealTicket"},{"floor":26.0,"key":"Molten Egg 2"},{"floor":28.0,"key":"Peace Pipe"},{"floor":28.0,"key":"Meat on the Bone"},{"floor":41,"key":"Snake Skull"},{"floor":43,"key":"Sundial"}],"event_choices":[{"damage_healed":0.0,"max_hp_gain":0.0,"max_hp_loss":0.0,"gold_gain":0.0,"event_name":"Big Fish","player_choice":"Box","floor":2.0,"gold_loss":0.0,"damage_taken":0.0,"relics_obtained":["Mummified Hand"],"cards_obtained":["Regret"]},{"damage_healed":0.0,"max_hp_gain":0.0,"max_hp_loss":0.0,"gold_gain":0.0,"event_name":"Living Wall","player_choice":"Grow","floor":4.0,"gold_loss":0.0,"damage_taken":0.0,"cards_upgraded":["Riddle With Holes"]},{"cards_removed":["Regret"],"damage_healed":0.0,"max_hp_gain":0.0,"max_hp_loss":0.0,"gold_gain":0.0,"event_name":"Golden Wing","player_choice":"Card Removal","floor":5.0,"gold_loss":0.0,"damage_taken":7.0},{"damage_healed":0.0,"max_hp_gain":0.0,"max_hp_loss":0.0,"gold_gain":0.0,"cards_transformed":["Strike_G"],"event_name":"Transmorgrifier","player_choice":"Transformed","floor":19.0,"gold_loss":0.0,"damage_taken":0.0,"cards_obtained":["Expertise"]},{"cards_removed":["Strike_G"],"damage_healed":0.0,"max_hp_gain":0.0,"max_hp_loss":0.0,"gold_gain":0.0,"event_name":"Purifier","player_choice":"Purged","floor":22.0,"gold_loss":0.0,"damage_taken":0.0},{"damage_healed":0.0,"max_hp_gain":0.0,"max_hp_loss":0.0,"gold_gain":0.0,"event_name":"Vampires","player_choice":"Ignored","floor":25.0,"gold_loss":0.0,"damage_taken":0.0},{"damage_healed":0.0,"max_hp_gain":0.0,"max_hp_loss":0.0,"gold_gain":0.0,"event_name":"Colosseum","player_choice":"Fight","floor":28.0,"gold_loss":0.0,"damage_taken":0.0},{"damage_healed":0.0,"max_hp_gain":0.0,"max_hp_loss":0.0,"gold_gain":0.0,"event_name":"Colosseum","player_choice":"Fought Nobs","floor":28.0,"gold_loss":0.0,"damage_taken":0.0},{"damage_healed":0.0,"max_hp_gain":0.0,"max_hp_loss":0.0,"gold_gain":0.0,"event_name":"Accursed Blacksmith","player_choice":"Forge","floor":36.0,"gold_loss":0.0,"damage_taken":0.0,"cards_upgraded":["Backflip"]},{"damage_healed":0.0,"max_hp_gain":0.0,"max_hp_loss":0.0,"gold_gain":0.0,"event_name":"Duplicator","player_choice":"Copied","floor":38.0,"gold_loss":0.0,"damage_taken":0.0,"cards_obtained":["Infinite Blades"]}],"is_beta":false,"boss_relics":[{"not_picked":["SacredBark","WristBlade"],"picked":"Ectoplasm"},{"not_picked":["Coffee Dripper","Pandora\u0027s Box"],"picked":"Runic Pyramid"}],"items_purged_floors":[],"is_endless":false,"potions_floor_spawned":[11,12,16,18,30,31,33,35],"killed_by":"Spire Growth","ascension_level":17}}