{"host":"kn32u0f2pym5bozc","time":1611880835,"event":{"mods":["2.2 Compatiblity","BaseMod","Better Third Choice","Minty Spire (QoL Compilation)","Permanent Neow","Relic Stats","StSLib","The Animator"],"gold_per_floor":[113,131,145,145,170,170,181,197,197,197,197,230,230,277,277,355,355,383,393,56,106,119,119,136,36,81,122,122,139,139,64,64,64,64],"floor_reached":33,"language":"ENG","playtime":2488,"items_purged":["animator:GazelDwargon+1","animator:Lu+1"],"score":492,"play_id":"354381b9-a919-4fee-b736-e998231f6e88","local_time":"20210128194035","is_ascension_mode":true,"campfire_choices":[{"floor":6.0,"key":"REST"},{"data":"animator:Alexander","floor":10.0,"key":"SMITH"},{"data":"animator:Mikaela","floor":15.0,"key":"SMITH"},{"data":"animator:HiiragiShinya","floor":23.0,"key":"SMITH"},{"data":"animator:Geryuganshoop","floor":30,"key":"SMITH"},{"data":"animator:Lelouch","floor":32,"key":"SMITH"}],"circlet_count":0,"master_deck":["AscendersBane","animator:Strike_OwariNoSeraph","animator:Defend_OwariNoSeraph","animator:Defend","animator:Defend","animator:Defend","animator:Shinoa","animator:Mikaela+1","animator:MetalKnight","animator:ElricEdward","animator:Alexander+1","animator:Mitsuba","animator:Tet","animator:Yuuichirou","animator:Sloth","animator:HiiragiShinya+1","animator:Envy","animator:Priestess+1","animator:Verdia","animator:Geryuganshoop+1","animator:Lelouch+1","animator:Guy","animator:FeridBathory","animator:Shichika","animator:CrowleyEusford","animator:Mikaela"],"relics":["animator:LivingPicture","animator:TheMissingPiece","animator:PurgingStone","Toy Ornithopter","Eternal Feather","Boot","FossilizedHelix","Astrolabe","Strawberry"],"acts_visited":["Exordium","TheCity"],"potions_floor_usage":[29,29],"damage_taken":[{"damage":0.0,"enemies":"Jaw Worm","floor":1.0,"turns":5.0},{"damage":5.0,"enemies":"Small Slimes","floor":2.0,"turns":4.0},{"damage":3.0,"enemies":"2 Louse","floor":3.0,"turns":3.0},{"damage":21.0,"enemies":"Gremlin Gang","floor":5.0,"turns":6.0},{"damage":7.0,"enemies":"Blue Slaver","floor":7.0,"turns":5.0},{"damage":7.0,"enemies":"3 Louse","floor":8.0,"turns":3.0},{"damage":42.0,"enemies":"Gremlin Nob","floor":12.0,"turns":5.0},{"damage":15.0,"enemies":"Lagavulin","floor":14.0,"turns":7.0},{"damage":6.0,"enemies":"The Guardian","floor":16.0,"turns":10.0},{"damage":38.0,"enemies":"3 Byrds","floor":18.0,"turns":6.0},{"damage":2.0,"enemies":"2 Thieves","floor":19.0,"turns":4.0},{"damage":19.0,"enemies":"Snake Plant","floor":22.0,"turns":7.0},{"damage":22.0,"enemies":"Centurion and Healer","floor":24.0,"turns":10.0},{"damage":37.0,"enemies":"Cultist and Chosen","floor":27.0,"turns":10.0},{"damage":0,"enemies":"Chosen and Byrds","floor":29,"turns":8},{"damage":66,"enemies":"Automaton","floor":33,"turns":6}],"seed_played":"-3009146121388301898","potions_obtained":[{"floor":1.0,"key":"Energy Potion"},{"floor":5.0,"key":"DistilledChaos"},{"floor":8.0,"key":"FairyPotion"},{"floor":14.0,"key":"BlessingOfTheForge"},{"floor":18.0,"key":"DuplicationPotion"},{"floor":19.0,"key":"Dexterity Potion"},{"floor":22.0,"key":"SteroidPotion"},{"floor":27.0,"key":"SpeedPotion"}],"is_trial":false,"path_per_floor":["M","M","M","?","M","R","M","M","T","R","?","E","?","E","R","B",null,"M","M","$","?","M","R","M","$","T","M","?","M","R","?","R","B"],"character_chosen":"THE_ANIMATOR","items_purchased":["animator:Lelouch","animator:Guy"],"campfire_rested":1,"item_purchase_floors":[20,20],"current_hp_per_floor":[54,49,46,46,25,43,36,40,40,49,49,7,71,56,65,59,68,33,36,36,36,18,30,8,8,15,8,8,18,33,33,48,0,0],"gold":64,"neow_bonus":"ONE_RANDOM_RARE_CARD","is_daily":false,"chose_seed":false,"campfire_upgraded":5,"win_rate":0.0,"timestamp":1611880835,"path_taken":["M","M","M","?","M","R","M","M","T","R","?","E","?","E","R","BOSS","M","?","$","?","M","R","M","$","T","M","?","M","R","?","R","BOSS"],"items_purchased_type":["Card","Card"],"build_version":"2020-12-22","purchased_purges":2,"victory":false,"max_hp_per_floor":[60,60,60,60,60,60,60,61,61,61,61,61,71,71,71,71,71,71,71,71,71,72,72,72,72,79,79,79,79,79,79,79,79,79],"relic_stats":{"counters":[16,99],"Astrolabe":["animator:Priestess","animator:Lu","animator:GazelDwargon"],"Eternal Feather":60,"Boot":[25],"obtain_stats":[{"animator:PurgingStone":0,"animator:TheMissingPiece":0,"Astrolabe":17,"Strawberry":26,"Eternal Feather":9,"animator:LivingPicture":0,"Boot":12,"Toy Ornithopter":4,"FossilizedHelix":14},{"animator:PurgingStone":0,"animator:TheMissingPiece":0,"Astrolabe":9,"Strawberry":13,"Eternal Feather":6,"animator:LivingPicture":0,"Boot":7,"Toy Ornithopter":3,"FossilizedHelix":8},{"animator:PurgingStone":0,"animator:TheMissingPiece":0,"Astrolabe":48,"Strawberry":75,"Eternal Feather":26,"animator:LivingPicture":0,"Boot":31,"Toy Ornithopter":12,"FossilizedHelix":38}],"Toy Ornithopter":28},"card_choices":[{"not_picked":["animator:Illya","animator:Ciel"],"picked":"animator:MetalKnight","floor":1.0},{"not_picked":["animator:Ain","animator:Cocytus"],"picked":"animator:ElricEdward","floor":2.0},{"not_picked":["animator:UneriGinkaku","animator:NarberalGamma"],"picked":"animator:Alexander","floor":3.0},{"not_picked":["animator:Yoichi","animator:Shinoa"],"picked":"animator:Mitsuba","floor":5.0},{"not_picked":["animator:Shalltear","animator:Rider"],"picked":"animator:Tet","floor":7.0},{"not_picked":["animator:Shalltear","animator:EmiyaShirou"],"picked":"animator:Yuuichirou","floor":8.0},{"not_picked":["animator:Yoichi","animator:Pride"],"picked":"animator:Sloth","floor":12.0},{"not_picked":["animator:Yoichi","animator:Shinoa"],"picked":"animator:HiiragiShinya","floor":14.0},{"not_picked":["animator:ItamiYouji","animator:Father"],"picked":"animator:Envy","floor":16.0},{"not_picked":["animator:Mitsuba","animator:Priestess"],"picked":"animator:Verdia","floor":18.0},{"not_picked":["animator:LeleiLaLalena","animator:HiiragiShinya"],"picked":"animator:Geryuganshoop","floor":19.0},{"not_picked":["animator:Bozes","animator:NarberalGamma"],"picked":"animator:FeridBathory","floor":22.0},{"not_picked":["animator:Emonzaemon","animator:ZankiKiguchi"],"picked":"animator:Shichika","floor":24.0},{"not_picked":["animator:Benimaru","animator:DolaStephanie"],"picked":"animator:CrowleyEusford","floor":27.0},{"not_picked":["animator:DwarfShaman","animator:Geryuganshoop"],"picked":"animator:Mikaela","floor":29}],"player_experience":874955,"relics_obtained":[{"floor":9.0,"key":"Eternal Feather"},{"floor":12.0,"key":"Boot"},{"floor":14.0,"key":"FossilizedHelix"},{"floor":26.0,"key":"Strawberry"}],"event_choices":[{"damage_healed":0.0,"max_hp_gain":0.0,"max_hp_loss":0.0,"gold_gain":0.0,"event_name":"Big Fish","player_choice":"Box","floor":4.0,"gold_loss":0.0,"damage_taken":0.0,"relics_obtained":["Toy Ornithopter"],"cards_obtained":["Regret"]},{"cards_removed":["Regret"],"damage_healed":0.0,"max_hp_gain":0.0,"max_hp_loss":0.0,"gold_gain":0.0,"event_name":"The Cursed Forest","player_choice":"Removed","floor":11.0,"gold_loss":0.0,"damage_taken":0.0},{"cards_removed":["animator:Elesis"],"damage_healed":54.0,"max_hp_gain":10.0,"max_hp_loss":0.0,"gold_gain":0.0,"event_name":"Bonfire Elementals","player_choice":"Offered Rare","floor":13.0,"gold_loss":0.0,"damage_taken":0.0},{"damage_healed":0.0,"max_hp_gain":0.0,"max_hp_loss":0.0,"gold_gain":50.0,"event_name":"betterThird:BetterNest","player_choice":"Steal","floor":21.0,"gold_loss":0.0,"damage_taken":0.0},{"damage_healed":0.0,"max_hp_gain":0.0,"max_hp_loss":0.0,"gold_gain":0.0,"event_name":"Forgotten Altar","player_choice":"Smashed Altar","floor":28.0,"gold_loss":0.0,"damage_taken":0.0,"cards_obtained":["Decay"]},{"cards_removed":["Decay"],"damage_healed":0,"gold_gain":0,"player_choice":"Gave Gold","damage_taken":0,"max_hp_gain":0,"max_hp_loss":0,"event_name":"Beggar","floor":31,"gold_loss":75}],"is_beta":false,"boss_relics":[{"not_picked":["Sozu","SacredBark"],"picked":"Astrolabe"}],"items_purged_floors":[20,25],"is_endless":false,"potions_floor_spawned":[1,5,7,8,14,18,19,22,27],"killed_by":"Automaton","ascension_level":18}}