{"host":"or1kyy78tiubr3jv","time":1611955548,"event":{"mods":["2.2 Compatiblity","AchievementEnabler","BaseMod","Bestiary","Better Note","Better Third Choice","BetterRewards","Colored Map","Colored Powertips","DeckTracker","Downfall","Energized Spire","Highlight Path","Infinite Spire","Minty Spire (QoL Compilation)","Quick Restart","Relic Filter","Reworked Bosses","StSLib","The Cursed","The Runesmith","The Showman"],"gold_per_floor":[113,16,33,52,52,52,52,52,127,127,138,154,51,85,85,189,189,129,129,147,48,48,48,0,18,18,18,37,37,37,72,72,176,176,187,187,36,36,46,46,46,46,46,46,58,58,58],"floor_reached":46,"language":"ENG","playtime":2617,"items_purged":["downfall:Malfunctioning","Runesmith:Strike_RS","Shame"],"score":432,"play_id":"144d7c6e-a5e3-463f-83ca-0da53b16c134","local_time":"20210129162548","is_ascension_mode":false,"campfire_choices":[{"data":"Runesmith:Grindstone","floor":6.0,"key":"SMITH"},{"data":"Runesmith:Grindstone","floor":8.0,"key":"SMITH"},{"data":"Runesmith:Firewall","floor":10.0,"key":"SMITH"},{"floor":15.0,"key":"REST"},{"data":"Runesmith:Repurpose","floor":23.0,"key":"SMITH"},{"data":"Runesmith:LightningRod","floor":27.0,"key":"SMITH"},{"floor":29.0,"key":"REST"},{"data":"Runesmith:FrozenChisel","floor":32.0,"key":"SMITH"},{"floor":40.0,"key":"REST"},{"floor":44.0,"key":"REST"}],"circlet_count":0,"master_deck":["Runesmith:Strike_RS","Runesmith:Strike_RS","Runesmith:Strike_RS","Runesmith:Defend_RS","Runesmith:Defend_RS","Runesmith:Defend_RS","Runesmith:Defend_RS+1","Runesmith:CraftFirestone","Runesmith:Fortify","Runesmith:ChiselStab","Runesmith:Grindstone+1","Runesmith:Grindstone+1","Runesmith:Firewall+1","Runesmith:ShiftingStrike","Runesmith:CraftVitae","Runesmith:Permafrost","Runesmith:EarthShield","Runesmith:LightningRod+1","Runesmith:DuctTape","Runesmith:FrozenChisel+1","Runesmith:Firestorm","Runesmith:RuneHurl","Runesmith:Repurpose+1","Runesmith:Overpower","Runesmith:Reinforce+1","Runesmith:HammerAndChisel+1","Runesmith:CraftSpiculum+1","Runesmith:UnlimitedPower+1","Madness","Madness","Panache","Metamorphosis","Runesmith:CraftReservo"],"relics":["Runesmith:BrokenRuby","infinitespire:CursedDice","infinitespire:BottledMercury","Incense Burner","energizedSpire:RedRose","Calipers","Singing Bowl","Centennial Puzzle","Happy Flower","Fusion Hammer","champ:Barbells","Torii","infinitespire:Beetle Shell"],"acts_visited":["Exordium","TheCity","TheBeyond"],"potions_floor_usage":[46],"damage_taken":[{"damage":8.0,"enemies":"Jaw Worm","floor":1.0,"turns":4.0},{"damage":0.0,"enemies":"2 Louse","floor":3.0,"turns":4.0},{"damage":0.0,"enemies":"Small Slimes","floor":4.0,"turns":4.0},{"damage":19.0,"enemies":"Exordium Thugs","floor":11.0,"turns":6.0},{"damage":0.0,"enemies":"Looter","floor":12.0,"turns":4.0},{"damage":58.0,"enemies":"Gremlin Nob","floor":14.0,"turns":6.0},{"damage":5.0,"enemies":"The Guardian","floor":16.0,"turns":11.0},{"damage":2.0,"enemies":"2 Thieves","floor":18.0,"turns":4.0},{"damage":10.0,"enemies":"Chosen","floor":20.0,"turns":7.0},{"damage":21.0,"enemies":"Centurion and Healer","floor":25.0,"turns":8.0},{"damage":13.0,"enemies":"Cultist and Chosen","floor":28.0,"turns":9.0},{"damage":1.0,"enemies":"Book of Stabbing","floor":31.0,"turns":7.0},{"damage":12.0,"enemies":"Automaton","floor":33.0,"turns":14.0},{"damage":36.0,"enemies":"3 Darklings","floor":35.0,"turns":7.0},{"damage":4.0,"enemies":"3 Shapes","floor":39.0,"turns":7.0},{"damage":9.0,"enemies":"Maw","floor":45.0,"turns":9.0},{"damage":67,"enemies":"Reptomancer","floor":46,"turns":6}],"seed_played":"3704192744784286607","potions_obtained":[{"floor":4.0,"key":"LiquidBronze"},{"floor":12.0,"key":"BlessingOfTheForge"},{"floor":25.0,"key":"Strength Potion"},{"floor":33.0,"key":"Strength Potion"},{"floor":39.0,"key":"Block Potion"},{"floor":45.0,"key":"Dexterity Potion"}],"is_trial":false,"path_per_floor":["M","$","M","M","?","R","?","R","T","R","M","M","$","E","R","B",null,"M","?","M","$","AVR","R","$","M","T","R","M","R","?","E","R","B",null,"M","?","$","?","M","R","AVR","?","T","R","M","E"],"character_chosen":"RUNESMITH_CLASS","items_purchased":["Runesmith:Grindstone","Runesmith:Permafrost","Runesmith:EarthShield","Runesmith:RuneHurl","Runesmith:Repurpose","Runesmith:Overpower","champ:Barbells"],"campfire_rested":4,"item_purchase_floors":[2,13,13,21,21,24,37],"current_hp_per_floor":[62,62,62,62,62,62,67,67,67,67,48,48,48,27,49,44,75,73,73,63,63,63,63,63,42,42,42,29,51,51,50,50,38,75,41,41,41,31,29,52,52,52,52,75,66,0,0],"gold":58,"neow_bonus":"ONE_RARE_RELIC","is_daily":false,"chose_seed":false,"campfire_upgraded":6,"win_rate":0.0,"timestamp":1611955548,"path_taken":["M","$","M","M","?","R","?","R","T","R","M","M","$","E","R","BOSS","M","?","M","?","AVR","R","$","M","T","R","M","R","?","E","R","BOSS","M","?","$","?","M","R","AVR","?","T","R","M","E"],"items_purchased_type":["Card","Card","Card","Card","Card","Card","Relic"],"build_version":"2020-12-22","purchased_purges":3,"victory":false,"max_hp_per_floor":[70,70,70,70,70,70,75,75,75,75,75,75,75,75,75,75,75,75,75,75,75,75,75,75,75,75,75,75,75,75,75,75,75,75,77,77,77,77,79,79,79,79,79,79,79,79,79],"card_choices":[{"not_picked":["Runesmith:StaticCage","Runesmith:Overpower"],"picked":"Runesmith:ChiselStab","floor":1.0},{"not_picked":["Runesmith:HeatExchange","Runesmith:WhiteBalance"],"picked":"Runesmith:Grindstone","floor":3.0},{"not_picked":["Runesmith:BackupBattery","Runesmith:HeatExchange"],"picked":"Runesmith:Firewall","floor":4.0},{"not_picked":["Runesmith:BackupBattery","Runesmith:ElementalConversion"],"picked":"Runesmith:ShiftingStrike","floor":11.0},{"not_picked":["Runesmith:ChiselStab","Runesmith:Superposition"],"picked":"Runesmith:CraftVitae","floor":12.0},{"not_picked":["Runesmith:Permafrost","Runesmith:BackupBattery"],"picked":"Runesmith:LightningRod","floor":14.0},{"not_picked":["Runesmith:ReplicatingBarrier","Runesmith:CreatorForm"],"picked":"Runesmith:DuctTape","floor":16.0},{"not_picked":["Runesmith:DoubleUp","Runesmith:BackupBattery"],"picked":"Runesmith:FrozenChisel","floor":18.0},{"not_picked":["Runesmith:Grindstone","Runesmith:UnstableHammer"],"picked":"Runesmith:Firestorm","floor":20.0},{"not_picked":["Runesmith:CraftProtectio","Runesmith:Repurpose+1"],"picked":"Runesmith:Reinforce+1","floor":25.0},{"not_picked":["Runesmith:CraftMagma","Runesmith:CraftProtectio+1"],"picked":"Runesmith:HammerAndChisel+1","floor":28.0},{"not_picked":["Runesmith:CraftReservo","Runesmith:Repurpose+1"],"picked":"Runesmith:CraftSpiculum+1","floor":31.0},{"not_picked":["Runesmith:GrandSlam","Runesmith:ReplicatingBarrier"],"picked":"Runesmith:UnlimitedPower","floor":33.0},{"not_picked":["Runesmith:CraftMagma+1","Runesmith:BackupBattery","Runesmith:EnergizedChisel"],"picked":"Singing Bowl","floor":35.0},{"not_picked":["Runesmith:StaticCage","Runesmith:Superposition","Runesmith:BackupBattery+1"],"picked":"Singing Bowl","floor":39.0},{"not_picked":["Chrysalis","The Bomb"],"picked":"Panache","floor":42.0},{"not_picked":["Secret Weapon","Trip"],"picked":"Metamorphosis","floor":42.0},{"not_picked":["Runesmith:BackupBattery","Runesmith:Repurpose+1"],"picked":"Runesmith:CraftReservo","floor":45.0}],"player_experience":572564,"relics_obtained":[{"floor":9.0,"key":"infinitespire:BottledMercury"},{"floor":14.0,"key":"Incense Burner"},{"floor":26.0,"key":"Singing Bowl"},{"floor":31.0,"key":"Happy Flower"},{"floor":43.0,"key":"infinitespire:Beetle Shell"}],"event_choices":[{"damage_healed":0.0,"max_hp_gain":5.0,"max_hp_loss":0.0,"gold_gain":0.0,"event_name":"Big Fish","player_choice":"Donut","floor":7.0,"gold_loss":0.0,"damage_taken":0.0},{"cards_removed":["Runesmith:Grindstone"],"damage_healed":0.0,"max_hp_gain":0.0,"max_hp_loss":0.0,"gold_gain":0.0,"event_name":"betterNote:BetterNote","player_choice":"Give","floor":19.0,"gold_loss":0.0,"damage_taken":0.0,"cards_obtained":["Clumsy"]},{"damage_healed":0.0,"max_hp_gain":0.0,"max_hp_loss":0.0,"gold_gain":0.0,"event_name":"Addict","player_choice":"Stole Relic","floor":30.0,"gold_loss":0.0,"damage_taken":0.0,"relics_obtained":["Centennial Puzzle"],"cards_obtained":["Shame"]},{"damage_healed":0.0,"max_hp_gain":0.0,"max_hp_loss":0.0,"gold_gain":0.0,"event_name":"Mysterious Sphere","player_choice":"Ignored","floor":36.0,"gold_loss":0.0,"damage_taken":0.0},{"damage_healed":0.0,"max_hp_gain":0.0,"max_hp_loss":0.0,"gold_gain":0.0,"event_name":"Winding Halls","player_choice":"Embrace Madness","floor":38.0,"gold_loss":0.0,"damage_taken":10.0,"cards_obtained":["Madness","Madness"]},{"damage_healed":0.0,"max_hp_gain":0.0,"max_hp_loss":0.0,"gold_gain":0.0,"event_name":"SensoryStone","player_choice":"Memory 2","floor":42.0,"gold_loss":0.0,"damage_taken":5.0}],"is_beta":false,"boss_relics":[{"not_picked":["Runesmith:CoreCrystal","Ectoplasm"],"picked":"energizedSpire:RedRose"},{"not_picked":["Busted Crown","energizedSpire:MagnifyingGlass"],"picked":"Fusion Hammer"}],"items_purged_floors":[2,22,41],"is_endless":false,"potions_floor_spawned":[4,12,25,33,39,45],"killed_by":"Reptomancer","ascension_level":0}}