{"host":"3fsg94jzvcky9b5u","time":1611898520,"event":{"mods":["2.2 Compatiblity","AchievementEnabler","BaseMod","Better Third Choice","Colored Powertips","Downfall","Hermit","MarisaÅiñ∂âJÅ@ñÇóùçπÅj","Minty Spire (QoL Compilation)","Rare Cards Sparkle","Shop Mod","StSLib","The Cursed","The Disciple","The Hierophant","The Servant 0.9.4"],"gold_per_floor":[99,116,116,116,175,75,75,88,99,99,110,141,159,76,88,88,88,88],"floor_reached":16,"language":"ENG","playtime":1130,"items_purged":[],"score":102,"play_id":"4422bbf6-83ed-421a-be4b-6798f67abc43","local_time":"20210129133520","is_ascension_mode":false,"campfire_choices":[{"floor":1,"key":"RECALL"},{"floor":6,"key":"REST"}],"circlet_count":0,"master_deck":["champ:Strike","champ:Strike","champ:Strike","champ:Defend","champ:Defend","champ:Defend","champ:Defend","champ:Execute","champ:Taunt","champ:EnGarde","champ:PreemptiveStrike","champ:GutPunch","champ:EnragedBash","champ:FanOfKnives","champ:GladiatorForm","champ:Haymaker","champ:HeartStrike","champ:ShieldSlam","champ:RisingSlash"],"relics":["champ:ChampionCrown","downfall:BrokenWingStatue","Ornamental Fan","downfall:HeartBlessingRed","CaptainsWheel"],"acts_visited":["Exordium"],"potions_floor_usage":[],"damage_taken":[{"damage":25,"enemies":"Jaw Worm","floor":2,"turns":6},{"damage":78,"enemies":"3 Sentries","floor":5,"turns":14},{"damage":10,"enemies":"Small Slimes","floor":8,"turns":3},{"damage":0,"enemies":"2 Louse","floor":9,"turns":2},{"damage":10,"enemies":"2 Fungi Beasts","floor":11,"turns":4},{"damage":63,"enemies":"3 Sentries","floor":12,"turns":10},{"damage":25,"enemies":"Blue Slaver","floor":13,"turns":4},{"damage":35,"enemies":"downfall:FleeingMerchant","floor":14,"turns":4},{"damage":19,"enemies":"Red Slaver","floor":15,"turns":3},{"damage":33,"enemies":"IC_STATUS_ARCHETYPE","floor":16,"turns":2}],"seed_played":"-65906114245653094","potions_obtained":[{"floor":5,"key":"SneckoOil"},{"floor":9,"key":"ColorlessPotion"},{"floor":12,"key":"Fire Potion"}],"is_trial":false,"path_per_floor":["R","M","?","?","?","R","T","M","M","?","M","E","M","$","M","B"],"character_chosen":"THE_CHAMP","items_purchased":["champ:ShieldSlam"],"campfire_rested":1,"item_purchase_floors":[14],"current_hp_per_floor":[99,89,94,94,41,72,72,72,72,72,72,44,44,34,25,0,0,0],"gold":88,"neow_bonus":"TEN_PERCENT_HP_BONUS","is_daily":false,"chose_seed":false,"campfire_upgraded":0,"win_rate":0.0,"timestamp":1611898520,"path_taken":["R","M","?","?","?","R","T","M","M","?","?","E","M","?","M","BOSS"],"items_purchased_type":["Card"],"build_version":"2020-12-22","purchased_purges":0,"victory":false,"max_hp_per_floor":[99,99,104,104,104,104,104,104,104,104,104,104,104,104,104,104,104,104],"card_choices":[{"not_picked":["champ:RapidStrikes","champ:BringItOn"],"picked":"champ:EnGarde","floor":2},{"not_picked":["champ:PreciseThrust","champ:AdrenalArmor"],"picked":"champ:PreemptiveStrike","floor":5},{"not_picked":["champ:PerfectedStrike","champ:Backstep"],"picked":"champ:GutPunch","floor":8},{"not_picked":["champ:EndlessRage","champ:GladiatorStyle"],"picked":"champ:EnragedBash","floor":9},{"not_picked":["champ:Backstep","champ:RapidStrikes"],"picked":"champ:FanOfKnives","floor":11},{"not_picked":["champ:BerserkersShout","champ:EndlessRage"],"picked":"champ:GladiatorForm","floor":12},{"not_picked":["champ:EnragedBash","champ:Backstep"],"picked":"champ:Haymaker","floor":13},{"not_picked":["champ:CrookedStrike","champ:BerserkersShout"],"picked":"champ:HeartStrike","floor":14},{"not_picked":["champ:Shatter","champ:DefensiveShout"],"picked":"champ:RisingSlash","floor":15}],"player_experience":88176,"relics_obtained":[{"floor":5,"key":"Ornamental Fan"},{"floor":12,"key":"CaptainsWheel"}],"event_choices":[{"damage_healed":0,"gold_gain":0,"player_choice":"Donut","damage_taken":0,"max_hp_gain":5,"max_hp_loss":0,"event_name":"Big Fish","floor":3,"gold_loss":0}],"is_beta":false,"boss_relics":[],"items_purged_floors":[],"is_endless":false,"potions_floor_spawned":[5,9,12],"killed_by":"IC_STATUS_ARCHETYPE","ascension_level":0}}