{"host":"2hea6pl5vmah38iy","time":1611909105,"event":{"mods":["AchievementEnabler","BaseMod","Colored Map","DeckTracker","Keyboard Shortcuts","Minty Spire (QoL Compilation)","Rare Cards Sparkle","StSLib","SuperFastMode","everything is the same but u backflip on backflip"],"gold_per_floor":[16,66,79,90,106,106,131,143,143,143,157,169,169,183,183,257,257,274,306,306,321,321,353,353,372,372,372,407,407,407],"floor_reached":29,"language":"KOR","playtime":1480,"items_purged":[],"score":494,"play_id":"1e14842c-ccf0-4052-96f0-a0f214779e65","local_time":"20210129173145","is_ascension_mode":true,"campfire_choices":[{"data":"Eruption","floor":6.0,"key":"SMITH"},{"floor":10.0,"key":"REST"},{"data":"CrushJoints","floor":15.0,"key":"SMITH"},{"floor":24.0,"key":"REST"},{"data":"Ragnarok","floor":27.0,"key":"SMITH"}],"circlet_count":0,"master_deck":["AscendersBane","Strike_P","Strike_P","Strike_P","Strike_P+1","Defend_P","Defend_P","Defend_P","Defend_P","Eruption+1","Vigilance","Prostrate","Meditate","EmptyFist+1","Prostrate","CrushJoints+1","CarveReality","Perseverance","Ragnarok+1","SandsOfTime+1","Worship","MentalFortress+1"],"relics":["PureWater","Omamori","FossilizedHelix","Runic Pyramid","Red Mask","Molten Egg 2","WarpedTongs","Prayer Wheel","Whetstone","Ornamental Fan"],"acts_visited":["Exordium","TheCity"],"potions_floor_usage":[],"damage_taken":[{"damage":2.0,"enemies":"Cultist","floor":1.0,"turns":3.0},{"damage":0.0,"enemies":"Jaw Worm","floor":3.0,"turns":3.0},{"damage":5.0,"enemies":"2 Louse","floor":4.0,"turns":3.0},{"damage":22.0,"enemies":"Large Slime","floor":5.0,"turns":8.0},{"damage":27.0,"enemies":"3 Sentries","floor":7.0,"turns":6.0},{"damage":5.0,"enemies":"Exordium Thugs","floor":8.0,"turns":4.0},{"damage":4.0,"enemies":"Blue Slaver","floor":11.0,"turns":3.0},{"damage":0.0,"enemies":"Red Slaver","floor":12.0,"turns":2.0},{"damage":4.0,"enemies":"Exordium Thugs","floor":14.0,"turns":4.0},{"damage":16.0,"enemies":"The Guardian","floor":16.0,"turns":12.0},{"damage":22.0,"enemies":"3 Byrds","floor":18.0,"turns":6.0},{"damage":16.0,"enemies":"Masked Bandits","floor":19.0,"turns":3.0},{"damage":8.0,"enemies":"Shell Parasite","floor":21.0,"turns":4.0},{"damage":16.0,"enemies":"Gremlin Leader","floor":23.0,"turns":7.0},{"damage":0.0,"enemies":"Snecko","floor":25.0,"turns":5.0},{"damage":56.0,"enemies":"Slavers","floor":28.0,"turns":5.0},{"damage":12,"enemies":"Snake Plant","floor":29,"turns":1}],"seed_played":"-8044085995535628184","potions_obtained":[{"floor":3.0,"key":"CultistPotion"},{"floor":7.0,"key":"SteroidPotion"},{"floor":8.0,"key":"BlessingOfTheForge"},{"floor":16.0,"key":"FairyPotion"},{"floor":21.0,"key":"Block Potion"},{"floor":28.0,"key":"StancePotion"}],"is_trial":false,"path_per_floor":["M","?","M","M","M","R","E","M","T","R","M","M","?","M","R","B",null,"M","?","?","M","?","E","R","M","T","R","E","M"],"character_chosen":"WATCHER","items_purchased":[],"campfire_rested":2,"item_purchase_floors":[],"current_hp_per_floor":[71,71,71,66,44,44,17,12,12,36,32,32,37,33,33,17,68,46,30,30,22,22,6,31,31,31,31,8,0,0],"gold":407,"neow_bonus":"TWENTY_PERCENT_HP_BONUS","is_daily":false,"chose_seed":false,"campfire_upgraded":3,"win_rate":0.0,"timestamp":1611909105,"path_taken":["M","?","M","M","M","R","E","?","T","R","M","M","?","M","R","BOSS","M","?","?","M","?","E","R","M","T","R","E","?"],"items_purchased_type":[],"build_version":"2020-12-22","purchased_purges":0,"victory":false,"max_hp_per_floor":[80,80,80,80,80,80,80,80,80,80,80,80,85,85,85,85,85,85,85,85,85,85,85,85,85,85,85,85,85,85],"card_choices":[{"not_picked":["Consecrate","Crescendo"],"picked":"Prostrate","floor":1.0},{"not_picked":["Vengeance","ForeignInfluence"],"picked":"Meditate","floor":3.0},{"not_picked":["Protect","PathToVictory"],"picked":"EmptyFist","floor":4.0},{"not_picked":["Wallop","DeceiveReality"],"picked":"Prostrate","floor":5.0},{"not_picked":["Prostrate","FlyingSleeves"],"picked":"CrushJoints","floor":7.0},{"not_picked":["BowlingBash","Crescendo"],"picked":"CarveReality","floor":8.0},{"not_picked":["EmptyFist","LikeWater","FollowUp"],"picked":"SKIP","floor":11.0},{"not_picked":["Prostrate","Crescendo"],"picked":"Perseverance","floor":12.0},{"not_picked":["Consecrate","FlyingSleeves","FollowUp"],"picked":"SKIP","floor":14.0},{"not_picked":["MasterReality","Establishment"],"picked":"Ragnarok","floor":16.0},{"not_picked":["CutThroughFate","LikeWater","SashWhip"],"picked":"SKIP","floor":18.0},{"not_picked":["SignatureMove+1","Crescendo","ThirdEye"],"picked":"SKIP","floor":21.0},{"not_picked":["DeceiveReality","EmptyMind"],"picked":"SandsOfTime+1","floor":23.0},{"not_picked":["SignatureMove+1","EmptyBody"],"picked":"Worship","floor":25.0},{"not_picked":["BowlingBash+1","FollowUp+1","SignatureMove+1"],"picked":"SKIP","floor":25.0},{"not_picked":["Crescendo","Consecrate+1"],"picked":"MentalFortress+1","floor":28.0}],"player_experience":531701,"relics_obtained":[{"floor":7.0,"key":"Omamori"},{"floor":9.0,"key":"FossilizedHelix"},{"floor":19.0,"key":"Red Mask"},{"floor":23.0,"key":"Prayer Wheel"},{"floor":26.0,"key":"Whetstone"},{"floor":28.0,"key":"Ornamental Fan"}],"event_choices":[{"damage_healed":0.0,"max_hp_gain":0.0,"max_hp_loss":0.0,"gold_gain":50.0,"event_name":"Golden Shrine","player_choice":"Pray","floor":2.0,"gold_loss":0.0,"damage_taken":0.0},{"damage_healed":0.0,"max_hp_gain":5.0,"max_hp_loss":0.0,"gold_gain":0.0,"event_name":"Big Fish","player_choice":"Donut","floor":13.0,"gold_loss":0.0,"damage_taken":0.0},{"damage_healed":0.0,"max_hp_gain":0.0,"max_hp_loss":0.0,"gold_gain":0.0,"event_name":"Masked Bandits","player_choice":"Fought Bandits","floor":19.0,"gold_loss":0.0,"damage_taken":0.0},{"damage_healed":0.0,"max_hp_gain":0.0,"max_hp_loss":0.0,"gold_gain":0.0,"event_name":"Addict","player_choice":"Stole Relic","floor":20.0,"gold_loss":0.0,"damage_taken":0.0,"relics_obtained":["Molten Egg 2"],"cards_obtained":["Shame"]},{"damage_healed":0.0,"max_hp_gain":0.0,"max_hp_loss":0.0,"gold_gain":0.0,"event_name":"Accursed Blacksmith","player_choice":"Rummage","floor":22.0,"gold_loss":0.0,"damage_taken":0.0,"relics_obtained":["WarpedTongs"],"cards_obtained":["Pain"]}],"is_beta":false,"boss_relics":[{"not_picked":["Velvet Choker","Empty Cage"],"picked":"Runic Pyramid"}],"items_purged_floors":[],"is_endless":false,"potions_floor_spawned":[3,7,8,12,16,18,21,28],"killed_by":"Snake Plant","ascension_level":17}}