{"host":"1m3dfme8k5w8sg4k","time":1611953400,"event":{"mods":["AchievementEnabler","BaseMod","Colored Map","Colored Powertips","Minty Spire (QoL Compilation)","Random Character Button","Random Character Mod","Relic Stats","StSLib","everything is the same but u backflip on backflip"],"gold_per_floor":[114,129,129,229,244,274,274,49,49,49,49,49,49,64,64,164,164,179,194,194,209,224,254,254,293,318,333,357,366,396,420,420,529,529,553,303,318,342,342,342,342,372,397,412,451,451,26,41,41,41],"floor_reached":51,"language":"ENG","playtime":2636,"items_purged":["Storm of Steel","Envenom","Corpse Explosion"],"score":817,"play_id":"7e48ebd1-97b6-498b-946f-68db939758e1","local_time":"20210129155000","daily_mods":["Shiny","ControlledChaos","Lethality"],"is_ascension_mode":false,"campfire_choices":[{"data":"Wraith Form v2","floor":7.0,"key":"SMITH"},{"data":"Adrenaline","floor":10.0,"key":"SMITH"},{"data":"Glass Knife","floor":12.0,"key":"SMITH"},{"data":"Leg Sweep","floor":15.0,"key":"SMITH"},{"data":"Tactician","floor":24.0,"key":"SMITH"},{"data":"A Thousand Cuts","floor":32.0,"key":"SMITH"},{"data":"Adrenaline","floor":40.0,"key":"SMITH"},{"data":"Terror","floor":46.0,"key":"SMITH"},{"data":"Adrenaline","floor":49.0,"key":"SMITH"}],"circlet_count":0,"master_deck":["Venomology","Malaise","Phantasmal Killer","Die Die Die","Adrenaline+1","Burst","Wraith Form v2+1","Tools of the Trade","Night Terror","Unload","After Image","Glass Knife+1","A Thousand Cuts+1","Cloak And Dagger","Endless Agony","PiercingWail","Leg Sweep+1","Blade Dance","After Image","Deflect","Tactician+1","Prepared+1","Terror+1","Infinite Blades","Blur","Blade Dance","Cloak And Dagger+1","Adrenaline+1","Acrobatics+1","Accuracy+1","Dagger Spray+1","Eviscerate+1","Adrenaline+1","PiercingWail+1","Footwork"],"relics":["Ring of the Snake","Frozen Eye","Akabeko","ClockworkSouvenir","Nunchaku","Meat on the Bone","WristBlade","Oddly Smooth Stone","CeramicFish","Regal Pillow","Toy Ornithopter","Empty Cage","Sling","Du-Vu Doll","PreservedInsect","MealTicket","Orrery","Happy Flower"],"acts_visited":["Exordium","TheCity","TheBeyond"],"potions_floor_usage":[50,50,50,50],"damage_taken":[{"damage":1.0,"enemies":"Jaw Worm","floor":1.0,"turns":3.0},{"damage":0.0,"enemies":"Small Slimes","floor":2.0,"turns":3.0},{"damage":0.0,"enemies":"Cultist","floor":5.0,"turns":2.0},{"damage":22.0,"enemies":"Gremlin Nob","floor":6.0,"turns":4.0},{"damage":0.0,"enemies":"Exordium Thugs","floor":14.0,"turns":2.0},{"damage":4.0,"enemies":"Hexaghost","floor":16.0,"turns":8.0},{"damage":2.0,"enemies":"2 Thieves","floor":18.0,"turns":3.0},{"damage":0.0,"enemies":"Spheric Guardian","floor":19.0,"turns":3.0},{"damage":0.0,"enemies":"Snecko","floor":21.0,"turns":2.0},{"damage":0.0,"enemies":"Cultist and Chosen","floor":22.0,"turns":1.0},{"damage":7.0,"enemies":"Slavers","floor":23.0,"turns":3.0},{"damage":2.0,"enemies":"Gremlin Leader","floor":25.0,"turns":4.0},{"damage":0.0,"enemies":"Shelled Parasite and Fungi","floor":27.0,"turns":2.0},{"damage":12.0,"enemies":"Snake Plant","floor":28.0,"turns":4.0},{"damage":22.0,"enemies":"Slavers","floor":30.0,"turns":3.0},{"damage":7.0,"enemies":"Centurion and Healer","floor":31.0,"turns":4.0},{"damage":22.0,"enemies":"Champ","floor":33.0,"turns":8.0},{"damage":14.0,"enemies":"3 Darklings","floor":35.0,"turns":4.0},{"damage":10.0,"enemies":"3 Shapes","floor":37.0,"turns":2.0},{"damage":0.0,"enemies":"Spire Growth","floor":38.0,"turns":2.0},{"damage":42.0,"enemies":"Reptomancer","floor":42.0,"turns":5.0},{"damage":1.0,"enemies":"Transient","floor":44.0,"turns":5.0},{"damage":0.0,"enemies":"Giant Head","floor":45.0,"turns":5.0},{"damage":1.0,"enemies":"Jaw Worm Horde","floor":48.0,"turns":5.0},{"damage":39,"enemies":"Awakened One","floor":50,"turns":9}],"seed_played":"1138922244981197753","potions_obtained":[{"floor":5.0,"key":"Regen Potion"},{"floor":28.0,"key":"GamblersBrew"},{"floor":44.0,"key":"Block Potion"}],"is_trial":false,"path_per_floor":["M","M","?","?","M","E","R","$","T","R","T","R","?","M","R","B",null,"M","M","?","M","M","E","R","E","T","M","M","?","E","M","R","B",null,"M","$","M","M","?","R","?","E","T","M","E","R","$","M","R","B",null],"character_chosen":"THE_SILENT","items_purchased":["ClockworkSouvenir","Sling","Orrery","Footwork","Happy Flower"],"campfire_rested":0,"item_purchase_floors":[8,36,47,47,47],"current_hp_per_floor":[69,69,62,62,62,40,40,40,40,40,40,40,45,45,45,41,75,73,73,73,73,73,66,66,64,64,64,61,61,39,44,44,44,75,61,61,51,51,51,51,51,31,31,42,42,42,57,61,61,51],"gold":41,"neow_bonus":"","is_daily":true,"chose_seed":false,"campfire_upgraded":9,"win_rate":0.0,"timestamp":1611953400,"path_taken":["M","M","?","?","?","E","R","?","T","R","?","R","?","M","R","BOSS","M","M","?","M","M","E","R","E","T","M","M","?","E","M","R","BOSS","M","$","M","M","?","R","?","E","T","M","E","R","$","?","R","BOSS"],"items_purchased_type":["Relic","Relic","Relic","Card","Relic"],"build_version":"2020-12-22","purchased_purges":3,"victory":true,"max_hp_per_floor":[70,70,70,70,70,70,70,70,70,70,70,70,75,75,75,75,75,75,75,75,75,75,75,75,75,75,75,75,75,75,75,75,75,75,75,75,75,75,75,75,75,75,75,75,75,75,75,75,75,75],"relic_stats":{"Nunchaku":[16],"Regal Pillow":0,"Happy Flower":[4],"counters":[25,96],"CeramicFish":108,"MealTicket":15,"PreservedInsect":125,"obtain_stats":[{"Regal Pillow":26,"Happy Flower":47,"CeramicFish":25,"Oddly Smooth Stone":23,"PreservedInsect":43,"Empty Cage":34,"Sling":36,"Akabeko":6,"ClockworkSouvenir":8,"Du-Vu Doll":42,"Frozen Eye":0,"Nunchaku":9,"WristBlade":17,"Orrery":47,"MealTicket":45,"Toy Ornithopter":30,"Ring of the Snake":0,"Meat on the Bone":11},{"Regal Pillow":12,"Happy Flower":23,"CeramicFish":12,"Oddly Smooth Stone":11,"PreservedInsect":21,"Empty Cage":17,"Sling":18,"Akabeko":4,"ClockworkSouvenir":4,"Du-Vu Doll":21,"Frozen Eye":0,"Nunchaku":4,"WristBlade":6,"Orrery":23,"MealTicket":23,"Toy Ornithopter":15,"Ring of the Snake":0,"Meat on the Bone":4},{"Regal Pillow":38,"Happy Flower":82,"CeramicFish":38,"Oddly Smooth Stone":34,"PreservedInsect":72,"Empty Cage":59,"Sling":63,"Akabeko":12,"ClockworkSouvenir":12,"Du-Vu Doll":72,"Frozen Eye":0,"Nunchaku":12,"WristBlade":22,"Orrery":82,"MealTicket":82,"Toy Ornithopter":47,"Ring of the Snake":0,"Meat on the Bone":12}],"Toy Ornithopter":44,"Ring of the Snake":[52],"Meat on the Bone":48},"card_choices":[{"not_picked":["Masterful Stab","Infinite Blades"],"picked":"Cloak And Dagger","floor":1.0},{"not_picked":["Slice","Acrobatics"],"picked":"Endless Agony","floor":2.0},{"not_picked":["Bane","Finisher"],"picked":"PiercingWail","floor":5.0},{"not_picked":["Quick Slash","Dodge and Roll"],"picked":"Leg Sweep","floor":6.0},{"not_picked":["Choke","Bane"],"picked":"Blade Dance","floor":14.0},{"not_picked":["Wraith Form v2","Storm of Steel"],"picked":"After Image","floor":16.0},{"not_picked":["Deadly Poison","Predator"],"picked":"Deflect","floor":18.0},{"not_picked":["Cloak And Dagger+1","PiercingWail"],"picked":"Tactician","floor":19.0},{"not_picked":["Blade Dance","Finisher"],"picked":"Prepared+1","floor":21.0},{"not_picked":["Bane+1","Expertise"],"picked":"Terror","floor":22.0},{"not_picked":["Terror","Catalyst","Distraction"],"picked":"SKIP","floor":23.0},{"not_picked":["Dagger Spray","A Thousand Cuts"],"picked":"Infinite Blades","floor":25.0},{"not_picked":["Underhanded Strike","Dagger Spray","Sucker Punch"],"picked":"SKIP","floor":27.0},{"not_picked":["Dash+1","Backstab"],"picked":"Blur","floor":28.0},{"not_picked":["Expertise","Dodge and Roll","Sucker Punch"],"picked":"SKIP","floor":30.0},{"not_picked":["Prepared","Quick Slash"],"picked":"Cloak And Dagger+1","floor":31.0},{"not_picked":["Phantasmal Killer","Venomology"],"picked":"Adrenaline","floor":33.0},{"not_picked":["Flying Knee+1","Sucker Punch"],"picked":"Acrobatics+1","floor":35.0},{"not_picked":["Dash","Deadly Poison+1","Flying Knee"],"picked":"SKIP","floor":37.0},{"not_picked":["Bouncing Flask+1","Storm of Steel"],"picked":"Accuracy+1","floor":38.0},{"not_picked":["Caltrops","Bane","Prepared"],"picked":"SKIP","floor":42.0},{"not_picked":["Slice","Dash","Catalyst+1"],"picked":"SKIP","floor":44.0},{"not_picked":["Doppelganger","Dash"],"picked":"Dagger Spray+1","floor":45.0},{"not_picked":["Crippling Poison","Poisoned Stab"],"picked":"Eviscerate+1","floor":47.0},{"not_picked":["Poisoned Stab","Riddle With Holes+1"],"picked":"Adrenaline","floor":47.0},{"not_picked":["Well Laid Plans","Escape Plan+1"],"picked":"PiercingWail+1","floor":47.0},{"not_picked":["Masterful Stab+1","Finisher","Bane+1"],"picked":"SKIP","floor":48.0}],"player_experience":1612663,"relics_obtained":[{"floor":6.0,"key":"Akabeko"},{"floor":9.0,"key":"Nunchaku"},{"floor":11.0,"key":"Meat on the Bone"},{"floor":23.0,"key":"Oddly Smooth Stone"},{"floor":25.0,"key":"CeramicFish"},{"floor":26.0,"key":"Regal Pillow"},{"floor":30.0,"key":"Toy Ornithopter"},{"floor":42.0,"key":"Du-Vu Doll"},{"floor":43.0,"key":"PreservedInsect"},{"floor":45.0,"key":"MealTicket"}],"event_choices":[{"cards_removed":["Grand Finale"],"damage_healed":0.0,"max_hp_gain":0.0,"max_hp_loss":0.0,"gold_gain":0.0,"event_name":"Golden Wing","player_choice":"Card Removal","floor":3.0,"gold_loss":0.0,"damage_taken":7.0},{"damage_healed":0.0,"max_hp_gain":0.0,"max_hp_loss":0.0,"gold_gain":100.0,"event_name":"Wheel of Change","player_choice":"Gold","floor":4.0,"gold_loss":0.0,"damage_taken":0.0},{"damage_healed":0.0,"max_hp_gain":5.0,"max_hp_loss":0.0,"gold_gain":0.0,"event_name":"Big Fish","player_choice":"Donut","floor":13.0,"gold_loss":0.0,"damage_taken":0.0},{"damage_healed":0.0,"max_hp_gain":0.0,"max_hp_loss":0.0,"gold_gain":0.0,"cards_transformed":["Doppelganger","Bullet Time"],"event_name":"Drug Dealer","player_choice":"Became Test Subject","floor":20.0,"gold_loss":0.0,"damage_taken":0.0,"cards_obtained":["Masterful Stab","Grand Finale"]},{"damage_healed":0.0,"max_hp_gain":0.0,"max_hp_loss":0.0,"gold_gain":0.0,"event_name":"The Library","player_choice":"Read","floor":29.0,"gold_loss":0.0,"damage_taken":0.0,"cards_obtained":["Blade Dance"]},{"damage_healed":0.0,"max_hp_gain":0.0,"max_hp_loss":0.0,"gold_gain":0.0,"event_name":"Tomb of Lord Red Mask","player_choice":"Ignored","floor":39.0,"gold_loss":0.0,"damage_taken":0.0},{"damage_healed":0.0,"max_hp_gain":0.0,"max_hp_loss":0.0,"gold_gain":0.0,"event_name":"SecretPortal","player_choice":"Ignored","floor":41.0,"gold_loss":0.0,"damage_taken":0.0}],"is_beta":false,"boss_relics":[{"not_picked":["Ring of the Serpent","Calling Bell"],"picked":"WristBlade"},{"not_picked":["Runic Dome","Tiny House"],"picked":"Empty Cage"}],"items_purged_floors":[8,36,47],"is_endless":false,"potions_floor_spawned":[5,16,18,23,25,28,44,45,48],"ascension_level":0}}