{"host":"yck2t2q3ro7hf56e","time":1611948800,"event":{"mods":["2.2 Compatiblity","AchievementEnabler","Act Like it!","Aspiration","BaseMod","Better Altar","Better Match","Better Note","Better Sensory Stone","Better Skull","Better Third Choice","Better Vampires","BetterRewards","Block Reminder","CCEM2","Challenge The Spire","Colored Powertips","Conspire","Curses Come First","DNKmod","Energized Spire","Friendly Minions","GifTheSpireLib","Glutton Mod","Halation","Hubris","Infinite Spire","Marked Mod","Minty Spire (QoL Compilation)","Permanent Neow","Practice Mode","Quick Restart","Rare Cards Sparkle","RatMod","Relic Sorter","Relic Stats","Reliquary","Replay The Spire","Shade Mod","Shop Mod","Spicy Shops","Spikes Relics","StSLib","Stuff the Spire","Synergy Search","The Blue Laboratory","The Construct","TheSurvivalist","Thieving Mod","Unceasing Turn Reminder","Unknown Chances","everything is the same but u backflip on backflip","??????REMEMod"],"gold_per_floor":[6013,6023,6037,6053,6065,6097,6097,6097,6097,5143,5239,5254,5254,5289,5289,5385,5385,5396,5396,5408,4043,4087,4198,4198,4198],"floor_reached":24,"language":"ENG","playtime":3815,"items_purged":[],"score":305,"play_id":"d9991a7a-6a30-4098-8d1b-7604b5dab509","local_time":"20210129193320","is_ascension_mode":false,"campfire_choices":[{"floor":8,"key":"RECALL"},{"data":"survmod:Marksmanship","floor":13,"key":"SMITH"}],"circlet_count":0,"master_deck":["survmod:Strike","survmod:Strike","survmod:Strike","survmod:Strike","survmod:Defend","survmod:Defend","survmod:Defend","survmod:Defend","survmod:VersatileOffense+1","survmod:Sprint+1","REME_WheelOfFate+1","Regret","REME_Flogging","survmod:FlareQuiver","survmod:ExplosiveTrap","survmod:AcidTrap","survmod:AcidArrow","survmod:PoisonTrap","survmod:GoForFace","survmod:Marksmanship+1","survmod:MarkedShot+1","survmod:Adaptability","survmod:PerfectPosition","hubris:DuctTapeCard","survmod:SurpriseTrap+1","survmod:MarkTrap","survmod:CloseCombat","survmod:FenceTrap","survmod:BearTrap"],"relics":["survmod:InnateMutation","REME_ComplimentaryCards","Lantern","War Paint","CCEMRelics:BundleOfChain","reliquary:Knoch","BicycleWheel","halation:PromiseList","hubris:HerbalPaste","Lizard Tail","hubris:Backtick","hubris:DuctTape","REME_HandOfSuture","Mirror","CCEMRelics:CanOfSoda","OrangePellets","conspire:GiftBox","hubris:TinFlute","conspire:TopHat"],"acts_visited":["Exordium","TheCity"],"potions_floor_usage":[14,14,18,22],"damage_taken":[{"damage":0,"enemies":"2 Louse","floor":1,"turns":2},{"damage":4,"enemies":"Small Slimes","floor":2,"turns":4},{"damage":2,"enemies":"Jaw Worm","floor":3,"turns":3},{"damage":3,"enemies":"Gremlin Gang","floor":4,"turns":4},{"damage":3,"enemies":"Exordium Wildlife","floor":5,"turns":2},{"damage":2,"enemies":"Gremlin Nob","floor":6,"turns":4},{"damage":0,"enemies":"Looter","floor":11,"turns":2},{"damage":2,"enemies":"Lots of Slimes","floor":12,"turns":3},{"damage":2,"enemies":"3 Sentries","floor":14,"turns":4},{"damage":13,"enemies":"Hexaghost","floor":16,"turns":5},{"damage":11,"enemies":"2 Thieves","floor":18,"turns":3},{"damage":0,"enemies":"Shell Parasite","floor":20,"turns":2},{"damage":0,"enemies":"Shelled Parasite and Fungi","floor":22,"turns":4},{"damage":17,"enemies":"Nightmare","floor":23,"turns":6},{"damage":0,"enemies":"Snake Plant","floor":24,"turns":1}],"seed_played":"-1522279996258942774","potions_obtained":[{"floor":1,"key":"Languid Potion"},{"floor":12,"key":"EssenceOfSteel"},{"floor":16,"key":"blueLaboratory:FruitPunch"},{"floor":20,"key":"REME_GoldPotion"}],"is_trial":false,"path_per_floor":["M","M","M","M","M","E","?","R","T","$","M","M","R","E","R","B",null,"M","?","M","$","M","NM","M"],"character_chosen":"THE_SURVIVOR","items_purchased":["survmod:Marksmanship","reliquary:Knoch","BicycleWheel","halation:PromiseList","hubris:HerbalPaste","survmod:QuickDash","Mirror","CCEMRelics:CanOfSoda","OrangePellets","conspire:GiftBox","hubris:TinFlute","survmod:FenceTrap","blueLaboratory:TrueEctoplasm"],"campfire_rested":0,"item_purchase_floors":[10,10,10,10,10,10,21,21,21,21,21,21,21],"current_hp_per_floor":[100,96,94,91,95,99,99,99,99,99,100,98,98,100,100,88,100,93,93,96,111,117,103,103,103],"gold":4198,"neow_bonus":"RANDOM_COLORLESS_2","is_daily":false,"chose_seed":false,"campfire_upgraded":1,"win_rate":0.0,"timestamp":1611948800,"path_taken":["M","M","M","M","M","E","?","R","T","$","M","M","R","E","R","BOSS","M","?","M","$","M","NM","M"],"items_purchased_type":["Card","Relic","Relic","Relic","Relic","Card","Relic","Relic","Relic","Relic","Relic","Card","Potion"],"build_version":"2020-12-22","purchased_purges":0,"victory":false,"max_hp_per_floor":[100,100,100,100,100,100,100,100,100,100,100,100,100,100,100,100,100,102,102,102,117,117,117,117,117],"relic_stats":{"OrangePellets":[0],"Lizard Tail":0,"counters":[15,48],"War Paint":["survmod:Sprint","REME_WheelOfFate"],"obtain_stats":[{"Lantern":2,"hubris:DuctTape":17,"CCEMRelics:CanOfSoda":21,"War Paint":3,"conspire:TopHat":23,"OrangePellets":21,"Lizard Tail":14,"conspire:GiftBox":21,"hubris:HerbalPaste":10,"hubris:Backtick":17,"CCEMRelics:BundleOfChain":6,"REME_HandOfSuture":18,"halation:PromiseList":10,"reliquary:Knoch":10,"survmod:InnateMutation":0,"Mirror":21,"BicycleWheel":10,"hubris:TinFlute":21,"REME_ComplimentaryCards":0},{"Lantern":2,"hubris:DuctTape":10,"CCEMRelics:CanOfSoda":12,"War Paint":3,"conspire:TopHat":14,"OrangePellets":12,"Lizard Tail":9,"conspire:GiftBox":12,"hubris:HerbalPaste":6,"hubris:Backtick":10,"CCEMRelics:BundleOfChain":6,"REME_HandOfSuture":11,"halation:PromiseList":6,"reliquary:Knoch":6,"survmod:InnateMutation":0,"Mirror":12,"BicycleWheel":6,"hubris:TinFlute":12,"REME_ComplimentaryCards":0},{"Lantern":4,"hubris:DuctTape":32,"CCEMRelics:CanOfSoda":37,"War Paint":7,"conspire:TopHat":47,"OrangePellets":37,"Lizard Tail":27,"conspire:GiftBox":37,"hubris:HerbalPaste":19,"hubris:Backtick":32,"CCEMRelics:BundleOfChain":19,"REME_HandOfSuture":33,"halation:PromiseList":19,"reliquary:Knoch":19,"survmod:InnateMutation":0,"Mirror":37,"BicycleWheel":19,"hubris:TinFlute":37,"REME_ComplimentaryCards":0}]},"card_choices":[{"not_picked":["Panache","Master of Strategy"],"picked":"REME_Flogging","floor":0},{"not_picked":["survmod:SwiftKick","survmod:FlareBarrage"],"picked":"survmod:FlareQuiver","floor":1},{"not_picked":["survmod:PersonalMark","survmod:HiddenTactic"],"picked":"survmod:ExplosiveTrap","floor":2},{"not_picked":["survmod:FocusedFire","survmod:MarkedShot"],"picked":"survmod:AcidTrap","floor":3},{"not_picked":["survmod:UnfortunateEscape","survmod:OverwhelmingAssault"],"picked":"survmod:AcidArrow","floor":4},{"not_picked":["survmod:AcidTrap","survmod:FlashbangShot","survmod:UnfortunateEscape"],"picked":"survmod:PoisonTrap","floor":5},{"not_picked":["survmod:UnleashTheTraps","survmod:OverwhelmingAssault"],"picked":"survmod:GoForFace","floor":6},{"not_picked":["survmod:GoForFace","survmod:UnfortunateEscape","survmod:TwinShot"],"picked":"SKIP","floor":11},{"not_picked":["survmod:Marksmanship","survmod:UnfortunateEscape"],"picked":"survmod:MarkedShot","floor":12},{"not_picked":["survmod:RejectWeakness","survmod:UnfortunateEscape"],"picked":"survmod:Adaptability","floor":14},{"not_picked":["survmod:CloseCall","survmod:VersatilePower"],"picked":"survmod:PerfectPosition","floor":16},{"not_picked":["survmod:WalledOffTraps","survmod:GoForFace+1"],"picked":"survmod:SurpriseTrap+1","floor":18},{"not_picked":["survmod:VersatileDefense","survmod:PoisonTrap"],"picked":"survmod:MarkTrap","floor":20},{"not_picked":["survmod:DesperateAmbush","survmod:RobFromTheRich"],"picked":"survmod:CloseCombat","floor":21},{"not_picked":["survmod:GoForFace+1","survmod:AcidArrow"],"picked":"survmod:BearTrap","floor":22},{"not_picked":["survmod:AimForTheLiver+1","survmod:FlareQuiver","survmod:Marksmanship"],"picked":"SKIP","floor":23}],"player_experience":177773,"relics_obtained":[{"floor":6,"key":"CCEMRelics:BundleOfChain"},{"floor":14,"key":"Lizard Tail"},{"floor":23,"key":"conspire:TopHat"}],"event_choices":[{"damage_healed":0,"gold_gain":0,"player_choice":"Ignored","damage_taken":0,"max_hp_gain":0,"max_hp_loss":0,"event_name":"betterNote:BetterNote","floor":19,"gold_loss":0,"cards_obtained":["Doubt"]}],"is_beta":false,"boss_relics":[{"not_picked":["aspiration:DefectSkillbook","Tiny House"],"picked":"hubris:Backtick"}],"items_purged_floors":[],"is_endless":true,"potions_floor_spawned":[1,2,11,12,16,20],"killed_by":"Snake Plant","ascension_level":0}}