{"host":"1sqx9dmsrxu9kvq7","time":1611924294,"event":{"mods":["2.2 Compatiblity","Act Like it!","BaseMod","CapriCore","Colored Powertips","Custom Start","Friendly Minions","Gensokyo","Highlight Path","Koishi","Marisa（霧雨　魔理沙）","Minty Spire (QoL Compilation)","MostiFishMod","Quick Restart","Rare Cards Sparkle","Reimu（博??梦）","Relic Stats","Remilia（蕾米莉?）","Shop Mod","Spicy Shops","StSLib","The Administrix","The Immortal","The Servant 0.9.4","Waifu the Spire","Yakumo Yukari mod","Yuyuko"],"gold_per_floor":[113,131,131,151,151,151,167,167,240,240,80,99,117,131,131,232,232,243,253,267,267,1,1,251,251,302,321,333,333,333,350,350,674,674,687,687,687,704,714,742,742,755,755,755,602,619,619,633,633,633],"floor_reached":51,"language":"ENG","playtime":5160,"items_purged":[],"score":723,"play_id":"42ff61d8-07b2-4989-aa02-e532a4ea17e9","local_time":"20210129064454","is_ascension_mode":false,"campfire_choices":[{"data":"RedMoon","floor":6,"key":"SMITH"},{"data":"KidneyShot","floor":8,"key":"SMITH"},{"data":"UnstableMagic","floor":10,"key":"SMITH"},{"floor":15,"key":"REST"},{"floor":23,"key":"REST"},{"data":"TransientEternity","floor":30,"key":"SMITH"},{"floor":32,"key":"REST"},{"data":"BatForm","floor":41,"key":"SMITH"},{"data":"Embodiment","floor":49,"key":"SMITH"}],"circlet_count":0,"master_deck":["Exchange","Defend_S","Defend_S","KidneyShot+1","Strike_S","Strike_S","RedMoon+1","Defend_RM","Defend_RM","ScarletShoot","Strike_RM","Strike_RM","UnstableMagic+1","Unruled","MastersStateliness","TransientEternity+1","ScarletNetherworld","Embodiment+1","TwelveNightmare","Defy","InstantArmor","ScarletMeister","Defy+1","GearUp","BatForm+1","RedRainbow","Foresight","BombardNight+1","SilverMatrix","MillenniumVampire","MiserableFate+1","Misdirection+1","FitfulNightmare+1","ScarletDevil+1","Gensokyo:LifeSpringInfinity+1","Gensokyo:MysteriousEgg","Gensokyo:Shovel","Sabotage","BloodySeventeenLaser","BottledTime+1"],"relics":["ScarletHat","DaveBox","Uniform","Gensokyo:OccultBall","Gensokyo:CelestialsFlawlessClothing","Bottled Lightning","Gensokyo:Bombinomicon","ChiXiaoBlade","Medical Kit","Pen Nib","ScarletEmblem","Blood Vial","Mummified Hand","Meat on the Bone"],"acts_visited":["Gensokyo:Gensokyo","Gensokyo:Gensokyoer","Gensokyo:Gensokyoest"],"potions_floor_usage":[],"damage_taken":[{"damage":0,"enemies":"Gensokyo:2_Kodama","floor":1,"turns":5},{"damage":0,"enemies":"Gensokyo:Python","floor":2,"turns":5},{"damage":0,"enemies":"Gensokyo:Gryphon","floor":4,"turns":3},{"damage":0,"enemies":"Gensokyo:3_Kodama","floor":7,"turns":1},{"damage":0,"enemies":"Gensokyo:Kitsune","floor":12,"turns":2},{"damage":6,"enemies":"Gensokyo:5_Fairies","floor":13,"turns":7},{"damage":8,"enemies":"Gensokyo:CorruptedTreant","floor":14,"turns":5},{"damage":5,"enemies":"Gensokyo:Reimu","floor":16,"turns":7},{"damage":17,"enemies":"Gensokyo:AngelMirror","floor":18,"turns":6},{"damage":4,"enemies":"Gensokyo:Chomper","floor":19,"turns":3},{"damage":13,"enemies":"Gensokyo:Monolith_and_Dog","floor":20,"turns":8},{"damage":20,"enemies":"Gensokyo:Swordslinger","floor":27,"turns":7},{"damage":14,"enemies":"Gensokyo:Wraith","floor":28,"turns":5},{"damage":0,"enemies":"Gensokyo:3_Gloops","floor":31,"turns":3},{"damage":15,"enemies":"Gensokyo:Eternal_Rivals","floor":33,"turns":10},{"damage":0,"enemies":"Gensokyo:AncientGuardian","floor":35,"turns":8},{"damage":8,"enemies":"Gensokyo:3_Boulders","floor":38,"turns":3},{"damage":21,"enemies":"Gensokyo:Rafflesia","floor":39,"turns":8},{"damage":5,"enemies":"Gensokyo:Doremy","floor":40,"turns":5},{"damage":0,"enemies":"Gensokyo:SeedOfUnknown","floor":42,"turns":3},{"damage":6,"enemies":"Gensokyo:SeedOfUnknown","floor":44,"turns":8},{"damage":0,"enemies":"Gensokyo:AtlasGolem","floor":46,"turns":7},{"damage":2,"enemies":"Gensokyo:4_Bats","floor":48,"turns":3},{"damage":0,"enemies":"Gensokyo:Yuyuko","floor":50,"turns":7}],"seed_played":"5586019601439042455","potions_obtained":[{"floor":1,"key":"SteroidPotion"},{"floor":2,"key":"CultistPotion"},{"floor":13,"key":"Block Potion"},{"floor":18,"key":"Energy Potion"},{"floor":33,"key":"FairyPotion"}],"is_trial":true,"path_per_floor":["M","M","?","M","?","R","M","R","T","R","?","M","M","M","R","B",null,"M","M","M","?","COS","R","?","$","T","M","M","?","R","M","R","B",null,"M","?","?","M","M","E","R","M","T","?","COS","M","?","M","R","B",null],"character_chosen":"REMILIA","items_purchased":[],"campfire_rested":3,"item_purchase_floors":[],"current_hp_per_floor":[75,75,75,75,57,57,57,57,57,57,57,61,55,47,69,67,75,58,55,45,45,45,67,67,67,67,57,44,44,44,44,65,70,71,71,71,61,55,48,59,59,67,67,67,67,71,71,69,69,69],"gold":633,"neow_bonus":"","is_daily":false,"chose_seed":false,"campfire_upgraded":6,"win_rate":0.0,"timestamp":1611924294,"path_taken":["M","M","?","M","?","R","M","R","T","R","?","M","?","M","R","BOSS","M","M","M","?","COS","R","?","?","T","M","M","?","R","M","R","BOSS","M","?","?","M","M","E","R","M","T","?","COS","M","?","M","R","BOSS"],"items_purchased_type":[],"build_version":"2020-12-22","purchased_purges":0,"victory":true,"max_hp_per_floor":[75,75,75,75,75,75,75,75,75,75,75,75,75,75,75,75,75,75,75,75,75,75,75,71,71,71,71,71,71,71,71,71,71,71,71,71,71,71,71,71,71,71,71,71,71,71,71,71,71,71],"relic_stats":{"Blood Vial":10,"counters":[24,129],"Mummified Hand":[29],"Pen Nib":[12],"Medical Kit":[4],"obtain_stats":[{"DaveBox":0,"Gensokyo:Bombinomicon":11,"Pen Nib":26,"Uniform":0,"ScarletEmblem":34,"Gensokyo:CelestialsFlawlessClothing":5,"Medical Kit":22,"ScarletHat":0,"Blood Vial":36,"Mummified Hand":40,"ChiXiaoBlade":17,"Gensokyo:OccultBall":3,"Bottled Lightning":9,"Meat on the Bone":43},{"DaveBox":0,"Gensokyo:Bombinomicon":4,"Pen Nib":11,"Uniform":0,"ScarletEmblem":15,"Gensokyo:CelestialsFlawlessClothing":3,"Medical Kit":11,"ScarletHat":0,"Blood Vial":16,"Mummified Hand":19,"ChiXiaoBlade":8,"Gensokyo:OccultBall":2,"Bottled Lightning":4,"Meat on the Bone":20},{"DaveBox":0,"Gensokyo:Bombinomicon":14,"Pen Nib":52,"Uniform":0,"ScarletEmblem":77,"Gensokyo:CelestialsFlawlessClothing":13,"Medical Kit":52,"ScarletHat":0,"Blood Vial":85,"Mummified Hand":101,"ChiXiaoBlade":35,"Gensokyo:OccultBall":10,"Bottled Lightning":14,"Meat on the Bone":104}],"Meat on the Bone":0},"card_choices":[{"not_picked":["CharismaGuard","Alleviate"],"picked":"ScarletDream","floor":1},{"not_picked":["BottledTime","EndlessAdversity"],"picked":"UnstableMagic","floor":2},{"not_picked":["Read","ForbiddenFruit"],"picked":"Unruled","floor":4},{"not_picked":["TimeWarp","DiffusionOfMisfortune"],"picked":"MastersStateliness","floor":7},{"not_picked":["Spin","ScarletSymphony"],"picked":"TransientEternity","floor":12},{"not_picked":["Desolation","Potential"],"picked":"ScarletNetherworld","floor":13},{"not_picked":["DoubleEdge","DiffusionOfMisfortune"],"picked":"ShatteredReality","floor":14},{"not_picked":["ForecastOfChange","PendulumOfEternity"],"picked":"Embodiment","floor":16},{"not_picked":["DoubleEdge+1","Desolation+1"],"picked":"TwelveNightmare","floor":18},{"not_picked":["VampireKiss+1","Replace+1"],"picked":"Defy","floor":19},{"not_picked":["StarOfDavid","Alleviate"],"picked":"InstantArmor","floor":20},{"not_picked":["Advance+1","NightDance+1"],"picked":"Defy+1","floor":27},{"not_picked":["BlasphemousPunishment","UnderTheZenith+1"],"picked":"GearUp","floor":27},{"not_picked":["KillingDoll","CurseOfVladTepes"],"picked":"BatForm","floor":28},{"not_picked":["VampireClaw","ReincarnationDial"],"picked":"RedRainbow","floor":28},{"not_picked":["ScarletDevil","DiffusionOfMisfortune"],"picked":"BombardNight+1","floor":31},{"not_picked":["ChaoticDestiny","SoulSculpture"],"picked":"SilverMatrix","floor":33},{"not_picked":["ScarletImprint","DiffusionOfMisfortune+1"],"picked":"MillenniumVampire","floor":35},{"not_picked":["BloodHunter","Alleviate"],"picked":"MiserableFate+1","floor":38},{"not_picked":["RedRainbow+1","ScarletImprint+1"],"picked":"Misdirection+1","floor":39},{"not_picked":["ShatteredReality+1","Alleviate"],"picked":"FitfulNightmare+1","floor":40},{"not_picked":["Spin","FavorOfDestiny"],"picked":"ScarletDevil+1","floor":42},{"not_picked":["Gensokyo:RisingWorld+1","Gensokyo:Dawn+1"],"picked":"Gensokyo:LifeSpringInfinity+1","floor":44},{"not_picked":["ForbiddenFruit+1","Ricochet"],"picked":"Sabotage","floor":46},{"not_picked":["KillingBlow","Embodiment"],"picked":"BloodySeventeenLaser","floor":48},{"not_picked":["FastForward+1","FavorOfDestiny+1"],"picked":"BottledTime+1","floor":48}],"player_experience":196782,"relics_obtained":[{"floor":9,"key":"Bottled Lightning"},{"floor":13,"key":"Gensokyo:OccultBall"},{"floor":16,"key":"Gensokyo:OccultBall"},{"floor":26,"key":"Pen Nib"},{"floor":33,"key":"Gensokyo:OccultBall"},{"floor":40,"key":"Mummified Hand"},{"floor":43,"key":"Meat on the Bone"}],"event_choices":[],"is_beta":false,"boss_relics":[{"not_picked":["FeatherPendant","Coffee Dripper"],"picked":"ChiXiaoBlade"},{"not_picked":["GreenFoldingFan","Philosopher\u0027s Stone"],"picked":"ScarletEmblem"}],"items_purged_floors":[],"is_endless":false,"potions_floor_spawned":[1,2,13,16,18,27,28,33,39,42,46,48],"ascension_level":0}}