{"host":"gafwejejal4v72m6","time":1611901439,"event":{"mods":["AchievementEnabler","Aspiration","BaseMod","BetterRewards","Clockwork Mod","Conspire","Hermit","Hubris","Infinite Spire","Minty Spire (QoL Compilation)","Rare Cards Sparkle","Reliquary","Shop Mod","StS++","StSLib","The Animator","The Necromancer"],"gold_per_floor":[117,131,150,150,165,194,194,194,194,94,142,142,191,31,31,157,157,204,204,260,260,260,260],"floor_reached":22,"language":"RUS","playtime":1412,"items_purged":["hermit:Defend_Hermit"],"score":394,"play_id":"23482615-b4ad-448d-9bcf-a424838591bf","local_time":"20210129132359","is_ascension_mode":true,"campfire_choices":[{"floor":7.0,"key":"REST"},{"floor":12.0,"key":"REST"},{"data":"hermit:Virtue","floor":15.0,"key":"SMITH"}],"circlet_count":0,"master_deck":["hermit:Strike_Hermit","hermit:Strike_Hermit","hermit:Strike_Hermit","hermit:Strike_Hermit","hermit:Defend_Hermit","hermit:Defend_Hermit","hermit:Defend_Hermit","hermit:Snapshot","hermit:Covet","hermit:Combo+1","hermit:Dissolve","hermit:Vantage","hermit:Dive","hermit:Gambit","hermit:ShadowCloak","hermit:Virtue+1","conspire:SpireCoStock","conspire:SpireCoStock","hermit:Enervate","hermit:Roulette","Madness","hermit:Reprieve","hermit:LoneWolf","hermit:Deadeye","infinitespire:Collect","infinitespire:Collect"],"relics":["hermit:Momento","conspire:GiftBox","reliquary:Bookmark","aspiration:Lifesprig","Matryoshka","Bag of Preparation","reliquary:RosewoodLute","aspiration:PoetsPen_weak","DollysMirror"],"acts_visited":["Exordium","TheCity"],"potions_floor_usage":[],"damage_taken":[{"damage":9.0,"enemies":"2 Louse","floor":1.0,"turns":4.0},{"damage":4.0,"enemies":"Small Slimes","floor":2.0,"turns":5.0},{"damage":2.0,"enemies":"Cultist","floor":3.0,"turns":4.0},{"damage":2.0,"enemies":"Exordium Wildlife","floor":5.0,"turns":4.0},{"damage":18.0,"enemies":"3 Sentries","floor":6.0,"turns":10.0},{"damage":26.0,"enemies":"Lagavulin","floor":11.0,"turns":8.0},{"damage":21.0,"enemies":"conspire:MimicChest","floor":13.0,"turns":9.0},{"damage":33.0,"enemies":"Hexaghost","floor":16.0,"turns":13.0},{"damage":25.0,"enemies":"3 Byrds","floor":18.0,"turns":4.0},{"damage":32.0,"enemies":"Spheric Guardian","floor":20.0,"turns":5.0},{"damage":6,"enemies":"Snake Plant","floor":22,"turns":1}],"seed_played":"279544547615299044","potions_obtained":[{"floor":5.0,"key":"BlessingOfTheForge"},{"floor":6.0,"key":"LiquidBronze"},{"floor":11.0,"key":"Fruit Juice"},{"floor":18.0,"key":"hermit:BlackBile"},{"floor":20.0,"key":"EssenceOfSteel"}],"is_trial":false,"path_per_floor":["M","M","M","?","M","E","R","?","T","?","E","R","?","$","R","B",null,"M","?","M","AVR","M"],"character_chosen":"HERMIT","items_purchased":["hermit:Combo","conspire:GiftBox","hermit:Vantage","reliquary:Bookmark","Madness"],"campfire_rested":2,"item_purchase_floors":[0,0,0,0,14],"current_hp_per_floor":[38,34,32,32,30,12,34,59,59,59,38,62,41,41,41,8,62,37,37,5,5,0,0],"gold":260,"neow_bonus":"","is_daily":false,"chose_seed":false,"campfire_upgraded":1,"win_rate":0.0,"timestamp":1611901439,"path_taken":["M","M","M","?","M","E","R","?","T","?","E","R","?","?","R","BOSS","M","?","M","AVR","?"],"items_purchased_type":["Card","Relic","Card","Relic","Card"],"build_version":"2020-12-22","purchased_purges":1,"victory":false,"max_hp_per_floor":[75,75,75,75,75,75,75,75,75,75,80,80,80,80,80,80,80,80,80,80,80,80,80],"card_choices":[{"not_picked":["hermit:Gambit","hermit:BlackWind"],"picked":"hermit:Dissolve","floor":0.0},{"not_picked":["hermit:Brawl","hermit:CursedWeapon"],"picked":"hermit:Dive","floor":1.0},{"not_picked":["hermit:Headshot","hermit:Scavenge"],"picked":"hermit:TrackingShot","floor":2.0},{"not_picked":["hermit:CalledShot","hermit:Brawl"],"picked":"hermit:Gambit","floor":3.0},{"not_picked":["hermit:Manifest","hermit:Determination"],"picked":"hermit:ShadowCloak","floor":5.0},{"not_picked":["hermit:BodyArmor","hermit:Roulette"],"picked":"hermit:Virtue","floor":6.0},{"not_picked":["hermit:CalledShot","hermit:TakeCover"],"picked":"hermit:Enervate","floor":11.0},{"not_picked":["hermit:ItchyTrigger","hermit:Manifest"],"picked":"hermit:Roulette","floor":13.0},{"not_picked":["hermit:HighNoon","hermit:DeadOrAlive"],"picked":"hermit:Reprieve","floor":16.0},{"not_picked":["hermit:TakeCover","hermit:Spite"],"picked":"hermit:LoneWolf","floor":18.0},{"not_picked":["hermit:TrackingShot","hermit:Desperado"],"picked":"hermit:Deadeye","floor":20.0}],"player_experience":122399,"relics_obtained":[{"floor":6.0,"key":"aspiration:Lifesprig"},{"floor":9.0,"key":"Matryoshka"},{"floor":11.0,"key":"Bag of Preparation"},{"floor":13.0,"key":"reliquary:RosewoodLute"}],"event_choices":[{"damage_healed":0.0,"max_hp_gain":0.0,"max_hp_loss":0.0,"gold_gain":0.0,"event_name":"Living Wall","player_choice":"Grow","floor":4.0,"gold_loss":0.0,"damage_taken":0.0,"cards_upgraded":["hermit:Combo"]},{"damage_healed":25.0,"max_hp_gain":0.0,"max_hp_loss":0.0,"gold_gain":0.0,"event_name":"Big Fish","player_choice":"Banana","floor":8.0,"gold_loss":0.0,"damage_taken":0.0},{"damage_healed":0.0,"max_hp_gain":0.0,"max_hp_loss":0.0,"gold_gain":0.0,"event_name":"conspire:Investor","player_choice":"Invest 2","floor":10.0,"gold_loss":0.0,"damage_taken":0.0},{"cards_removed":["hermit:TrackingShot"],"damage_healed":0.0,"max_hp_gain":0.0,"max_hp_loss":0.0,"gold_gain":0.0,"event_name":"Purifier","player_choice":"Purged","floor":19.0,"gold_loss":0.0,"damage_taken":0.0}],"is_beta":false,"boss_relics":[{"not_picked":["infinitespire:Cupcake","Velvet Choker"],"picked":"aspiration:PoetsPen_weak"}],"items_purged_floors":[14],"is_endless":false,"potions_floor_spawned":[5,6,11,18,20],"killed_by":"Snake Plant","ascension_level":7}}