{"host":"b7aehbxzgm9n1d2s","time":1611932049,"event":{"mods":["A Magickal Journey","Astrologer","BaseMod","Better Altar","Better Third Choice","Clockwork Mod","Curses Come First","DeckTracker","Disable Question Mark Monsters","Downfall","Gremlin Mod","Highlight Path","Ironclad Rager","Minty Spire (QoL Compilation)","Permanent Neow","Quick Restart","READ ME - Guardian Mod","StSLib","The Cursed","The Death Knight","The Exalted","The Forsaken","The Marked","The Runesmith"],"gold_per_floor":[118,118,135,150,165,198,198,107,131,131,58,58,83,4,4,109,109,128,128,128,138,153,56,3,3,56,67,87,186,213,213,213,213,213],"floor_reached":33,"language":"ENG","playtime":1805,"items_purged":[],"score":255,"play_id":"3dbab5fe-122b-47bb-b0f5-d6645c51e98f","local_time":"20210129155409","is_ascension_mode":false,"campfire_choices":[{"data":"DeathKnight:PlagueStrike","floor":7,"key":"SMITH"},{"data":"DeathKnight:RuneShock","floor":10,"key":"SMITH"},{"floor":12,"key":"REST"},{"floor":15,"key":"REST"},{"data":"DeathKnight:FrosPresence","floor":25,"key":"SMITH"},{"floor":32,"key":"REST"}],"circlet_count":0,"master_deck":["DeathKnight:Strike_DeathKnight","DeathKnight:Strike_DeathKnight","DeathKnight:Strike_DeathKnight","DeathKnight:Strike_DeathKnight","DeathKnight:Defend_DeathKnight","DeathKnight:Defend_DeathKnight","DeathKnight:Defend_DeathKnight","DeathKnight:Defend_DeathKnight","DeathKnight:Defend_DeathKnight","DeathKnight:RuneTap+1","DeathKnight:RuneStrike+1","DeathKnight:IceboundArmor","DeathKnight:FoulBulwark","DeathKnight:RuneShock+1","DeathKnight:HowlingBlast","DeathKnight:PlagueStrike+1","DeathKnight:Pestilence","DeathKnight:RuneShock","DeathKnight:Runeguard","DeathKnight:DeathCoil","DeathKnight:Rot","DeathKnight:Runesurge","CurseOfTheBell","DeathKnight:FrosPresence+1","DeathKnight:HartStrike+1","DeathKnight:MutagenicPlague","DeathKnight:BloodPact","DeathKnight:IceboundArmor","DeathKnight:FesteringStrike"],"relics":["DeathKnight:BrokenRuneblade","DeathKnight:SylvanasMusicBox","Bronze Scales","DeathKnight:ScourgePlagueSample","Calling Bell","Centennial Puzzle","Shuriken","Torii","Bromod:ArcaneMomentum","Dream Catcher"],"acts_visited":["Exordium","TheCity"],"potions_floor_usage":[6,16,31],"damage_taken":[{"damage":1,"enemies":"Cultist","floor":1,"turns":4},{"damage":0,"enemies":"Small Slimes","floor":3,"turns":4},{"damage":0,"enemies":"Jaw Worm","floor":4,"turns":5},{"damage":2,"enemies":"Blue Slaver","floor":5,"turns":4},{"damage":20,"enemies":"Lagavulin","floor":6,"turns":7},{"damage":33,"enemies":"3 Sentries","floor":13,"turns":10},{"damage":16,"enemies":"Hexaghost","floor":16,"turns":5},{"damage":1,"enemies":"Spheric Guardian","floor":18,"turns":6},{"damage":12,"enemies":"Shell Parasite","floor":21,"turns":4},{"damage":1,"enemies":"Centurion and Healer","floor":22,"turns":8},{"damage":25,"enemies":"3 Cultists","floor":27,"turns":6},{"damage":2,"enemies":"Cultist and Chosen","floor":28,"turns":7},{"damage":0,"enemies":"Snecko","floor":31,"turns":3},{"damage":63,"enemies":"Champ","floor":33,"turns":10}],"seed_played":"6733232749654483700","potions_obtained":[{"floor":3,"key":"DuplicationPotion"},{"floor":5,"key":"SneckoOil"},{"floor":6,"key":"SneckoOil"},{"floor":16,"key":"SmokeBomb"},{"floor":18,"key":"DeathKnight:VirulencePotion"}],"is_trial":false,"path_per_floor":["M","?","M","M","M","E","R","$","T","R","$","R","E","$","R","B",null,"M","$","?","M","M","$","$","R","T","M","M","?","T","M","R","B"],"character_chosen":"DEATH_KNIGHT","items_purchased":["DeathKnight:Pestilence","DeathKnight:RuneShock","DeathKnight:Runeguard","DeathKnight:Rot","DeathKnight:MutagenicPlague","DeathKnight:BloodPact","DeathKnight:IceboundArmor"],"campfire_rested":3,"item_purchase_floors":[8,8,11,14,23,23,24],"current_hp_per_floor":[74,74,74,74,72,52,52,52,52,52,52,74,41,41,63,47,75,74,74,74,62,61,61,61,61,61,36,34,34,34,34,56,0,0],"gold":213,"neow_bonus":"UPGRADE_CARD","is_daily":false,"chose_seed":false,"campfire_upgraded":3,"win_rate":0.0,"timestamp":1611932049,"path_taken":["M","?","?","M","M","E","R","?","T","R","$","R","E","$","R","BOSS","M","$","?","M","M","?","$","R","T","M","?","?","?","M","R","BOSS"],"items_purchased_type":["Card","Card","Card","Card","Card","Card","Card"],"build_version":"2020-12-22","purchased_purges":0,"victory":false,"max_hp_per_floor":[75,75,75,75,75,75,75,75,75,75,75,75,75,75,75,75,75,75,75,75,75,75,75,75,75,75,75,75,75,75,75,75,75,75],"card_choices":[{"not_picked":["DeathKnight:BoneSpear","DeathKnight:Contagion"],"picked":"DeathKnight:IceboundArmor","floor":1},{"not_picked":["DeathKnight:RaiseAlly","DeathKnight:BloodBoil"],"picked":"DeathKnight:FoulBulwark","floor":3},{"not_picked":["DeathKnight:ChainsOfIce","DeathKnight:MutagenicPlague"],"picked":"DeathKnight:RuneShock","floor":4},{"not_picked":["DeathKnight:ThirstingStrike","DeathKnight:ReapingStrike"],"picked":"DeathKnight:HowlingBlast","floor":5},{"not_picked":["DeathKnight:BloodStrike","DeathKnight:Obliterate"],"picked":"DeathKnight:PlagueStrike","floor":6},{"not_picked":["DeathKnight:HowlingBlast","DeathKnight:MindFreeze"],"picked":"DeathKnight:DeathCoil","floor":13},{"not_picked":["DeathKnight:Frostscythe","DeathKnight:RunicDetonation"],"picked":"DeathKnight:Runesurge","floor":16},{"not_picked":["DeathKnight:BloodTap+1","DeathKnight:Obliterate"],"picked":"DeathKnight:FrosPresence","floor":18},{"not_picked":["DeathKnight:Obliterate","DeathKnight:BloodTap"],"picked":"DeathKnight:HartStrike+1","floor":21},{"not_picked":["DeathKnight:BoneSpear","DeathKnight:RunicCorruption","DeathKnight:Runeguard"],"picked":"SKIP","floor":22},{"not_picked":["DeathKnight:UnholyPresence","DeathKnight:Culling","DeathKnight:IcyTouch"],"picked":"SKIP","floor":27},{"not_picked":["DeathKnight:UnholyFrenzy+1","DeathKnight:RaiseAlly","DeathKnight:BloodTap"],"picked":"SKIP","floor":28},{"not_picked":["DeathKnight:Contagion","DeathKnight:DeathAndDecay"],"picked":"DeathKnight:FesteringStrike","floor":32}],"player_experience":160406,"relics_obtained":[{"floor":6,"key":"DeathKnight:SylvanasMusicBox"},{"floor":9,"key":"Bronze Scales"},{"floor":13,"key":"DeathKnight:ScourgePlagueSample"},{"floor":17,"key":"Centennial Puzzle"},{"floor":17,"key":"Shuriken"},{"floor":17,"key":"Torii"},{"floor":26,"key":"Bromod:ArcaneMomentum"},{"floor":30,"key":"Dream Catcher"}],"event_choices":[{"damage_healed":0,"gold_gain":0,"player_choice":"Forge","damage_taken":0,"max_hp_gain":0,"max_hp_loss":0,"event_name":"Accursed Blacksmith","floor":2,"gold_loss":0,"cards_upgraded":["DeathKnight:RuneStrike"]},{"cards_removed":["DeathKnight:Strike_DeathKnight"],"damage_healed":0,"gold_gain":0,"player_choice":"Card Removal","damage_taken":0,"max_hp_gain":0,"max_hp_loss":0,"event_name":"Wheel of Change","floor":20,"gold_loss":0},{"damage_healed":0,"gold_gain":99,"player_choice":"Steal","damage_taken":0,"max_hp_gain":0,"max_hp_loss":0,"event_name":"betterThird:BetterNest","floor":29,"gold_loss":0}],"is_beta":false,"boss_relics":[{"not_picked":["Coffee Dripper","Astrolabe"],"picked":"Calling Bell"}],"items_purged_floors":[],"is_endless":false,"potions_floor_spawned":[3,5,6,16,18,27],"killed_by":"Champ","ascension_level":0}}