{"host":"d8hh7rr4yzitjeuj","time":1611936382,"event":{"mods":["2.2 Compatiblity","AchievementEnabler","Act Like it!","BaseMod","Colored Map","Colored Powertips","Highlight Path","Keyboard Shortcuts","Minty Spire (QoL Compilation)","Permanent Neow","Quick Restart","StSLib","SuperFastMode"],"gold_per_floor":[119,134,150,165,178,209,225,244,270,270,283,297,312,339,351,435,447,475,498,104,104,115,115,115],"floor_reached":23,"language":"KOR","playtime":752,"items_purged":[],"score":422,"play_id":"36a7693a-f8d6-4d1b-8cc6-209513bb48bd","local_time":"20210130010622","is_ascension_mode":true,"campfire_choices":[{"data":"Shrug It Off","floor":10.0,"key":"SMITH"},{"data":"Armaments","floor":15.0,"key":"SMITH"}],"circlet_count":0,"master_deck":["AscendersBane","Strike_R","Strike_R","Strike_R","Strike_R","Strike_R","Defend_R","Defend_R","Defend_R","Defend_R","Bash","Spot Weakness","Heavy Blade","Clash","Combust","Sword Boomerang","Body Slam","Shrug It Off+1","Sword Boomerang","Sword Boomerang","Rage","Armaments+1","Limit Break","Whirlwind","Power Through+1","Evolve","Limit Break","Clothesline"],"relics":["Burning Blood","Bag of Marbles","Calipers","Blood Vial","MawBank","Velvet Choker","Centennial Puzzle","DollysMirror"],"acts_visited":["Exordium","TheCity"],"potions_floor_usage":[23,23],"damage_taken":[{"damage":16.0,"enemies":"Jaw Worm","floor":1.0,"turns":5.0},{"damage":8.0,"enemies":"Small Slimes","floor":2.0,"turns":4.0},{"damage":2.0,"enemies":"2 Louse","floor":3.0,"turns":3.0},{"damage":9.0,"enemies":"Red Slaver","floor":4.0,"turns":2.0},{"damage":14.0,"enemies":"Large Slime","floor":5.0,"turns":5.0},{"damage":12.0,"enemies":"Gremlin Nob","floor":6.0,"turns":3.0},{"damage":4.0,"enemies":"3 Louse","floor":7.0,"turns":2.0},{"damage":17.0,"enemies":"Looter","floor":8.0,"turns":3.0},{"damage":4.0,"enemies":"Red Slaver","floor":11.0,"turns":3.0},{"damage":4.0,"enemies":"Large Slime","floor":12.0,"turns":5.0},{"damage":12.0,"enemies":"3 Louse","floor":13.0,"turns":3.0},{"damage":17.0,"enemies":"3 Sentries","floor":14.0,"turns":5.0},{"damage":31.0,"enemies":"The Guardian","floor":16.0,"turns":12.0},{"damage":23.0,"enemies":"2 Thieves","floor":18.0,"turns":3.0},{"damage":19.0,"enemies":"Spheric Guardian","floor":19.0,"turns":4.0},{"damage":26.0,"enemies":"3 Cultists","floor":22.0,"turns":5.0},{"damage":46,"enemies":"Slavers","floor":23,"turns":3}],"seed_played":"2861590780010828351","potions_obtained":[{"floor":1.0,"key":"Fruit Juice"},{"floor":3.0,"key":"SkillPotion"},{"floor":4.0,"key":"DuplicationPotion"},{"floor":5.0,"key":"AttackPotion"},{"floor":11.0,"key":"EssenceOfSteel"},{"floor":18.0,"key":"Explosive Potion"},{"floor":19.0,"key":"CultistPotion"}],"is_trial":false,"path_per_floor":["M","M","M","M","M","E","M","M","T","R","M","M","M","E","R","B",null,"M","M","$","?","M","E"],"character_chosen":"IRONCLAD","items_purchased":["Evolve","Centennial Puzzle","DollysMirror"],"campfire_rested":0,"item_purchase_floors":[20,20,20],"current_hp_per_floor":[58,56,60,62,54,48,50,39,39,39,43,47,43,34,34,11,63,48,37,37,53,35,0,0],"gold":115,"neow_bonus":"RANDOM_COMMON_RELIC","is_daily":false,"chose_seed":false,"campfire_upgraded":2,"win_rate":0.0,"timestamp":1611936382,"path_taken":["M","M","M","M","M","E","M","M","T","R","M","M","M","E","R","BOSS","M","M","$","?","M","E"],"items_purchased_type":["Card","Relic","Relic"],"build_version":"2020-12-22","purchased_purges":0,"victory":false,"max_hp_per_floor":[75,75,75,80,80,80,80,80,80,80,80,80,80,80,80,80,80,80,80,80,80,80,80,80],"card_choices":[{"not_picked":["Thunderclap","Flex"],"picked":"Spot Weakness","floor":1.0},{"not_picked":["Pommel Strike","Warcry"],"picked":"Heavy Blade","floor":2.0},{"not_picked":["Perfected Strike","Body Slam"],"picked":"Clash","floor":3.0},{"not_picked":["Armaments","Twin Strike"],"picked":"Combust","floor":4.0},{"not_picked":["Uppercut","True Grit"],"picked":"Sword Boomerang","floor":5.0},{"not_picked":["Havoc","Wild Strike"],"picked":"Body Slam","floor":6.0},{"not_picked":["Twin Strike","Clash","Double Tap"],"picked":"SKIP","floor":7.0},{"not_picked":["Headbutt","Bloodletting"],"picked":"Shrug It Off","floor":8.0},{"not_picked":["Heavy Blade","Iron Wave"],"picked":"Sword Boomerang","floor":11.0},{"not_picked":["Cleave","Feel No Pain"],"picked":"Sword Boomerang","floor":12.0},{"not_picked":["Bloodletting","Second Wind"],"picked":"Rage","floor":13.0},{"not_picked":["Entrench","Shrug It Off"],"picked":"Armaments","floor":14.0},{"not_picked":["Fiend Fire","Offering"],"picked":"Limit Break","floor":16.0},{"not_picked":["Clash","Power Through"],"picked":"Whirlwind","floor":18.0},{"not_picked":["Iron Wave","Havoc"],"picked":"Power Through+1","floor":19.0},{"not_picked":["Hemokinesis","Combust"],"picked":"Clothesline","floor":22.0}],"player_experience":1456100,"relics_obtained":[{"floor":6.0,"key":"Calipers"},{"floor":9.0,"key":"Blood Vial"},{"floor":14.0,"key":"MawBank"}],"event_choices":[{"damage_healed":16.0,"max_hp_gain":0.0,"max_hp_loss":0.0,"gold_gain":0.0,"event_name":"The Library","player_choice":"Heal","floor":21.0,"gold_loss":0.0,"damage_taken":0.0}],"is_beta":false,"boss_relics":[{"not_picked":["Tiny House","Coffee Dripper"],"picked":"Velvet Choker"}],"items_purged_floors":[],"is_endless":false,"potions_floor_spawned":[1,3,4,5,11,18,19],"killed_by":"Slavers","ascension_level":20}}