{"host":"pdsyh71gl8fwuuoe","time":1611901340,"event":{"mods":["AchievementEnabler","Ascension Unlocker","BaseMod","Bestiary","Colored Powertips","Curses Come First","Custom Start","Highlight Path","Minty Spire (QoL Compilation)","Permanent Neow","Quick Restart","Relic Stats","StSLib"],"gold_per_floor":[114,131,131,131,131,131,131,131],"floor_reached":7,"language":"ENG","playtime":279,"items_purged":[],"score":59,"play_id":"00a27e65-71c6-45a9-ab39-04d713c27778","local_time":"20210129012220","is_ascension_mode":true,"campfire_choices":[{"data":"Zap","floor":6,"key":"SMITH"}],"circlet_count":0,"master_deck":["AscendersBane","Strike_B","Strike_B","Strike_B","Defend_B","Defend_B","Defend_B","Defend_B","Zap+1","Dualcast","Conserve Battery","Barrage"],"relics":["Inserter","Golden Idol"],"acts_visited":["Exordium"],"potions_floor_usage":[],"damage_taken":[{"damage":2,"enemies":"2 Louse","floor":1,"turns":3},{"damage":0,"enemies":"Jaw Worm","floor":2,"turns":6},{"damage":112,"enemies":"Gremlin Nob","floor":7,"turns":6}],"seed_played":"-6397173315001739502","potions_obtained":[],"is_trial":false,"path_per_floor":["M","M","?","?","?","R","E"],"character_chosen":"DEFECT","items_purchased":[],"campfire_rested":0,"item_purchase_floors":[],"current_hp_per_floor":[66,66,66,66,66,66,0,0],"gold":131,"neow_bonus":"BOSS_RELIC","is_daily":false,"chose_seed":false,"campfire_upgraded":1,"win_rate":0.0,"timestamp":1611901340,"path_taken":["M","M","?","?","?","R","E"],"items_purchased_type":[],"build_version":"2020-12-22","purchased_purges":0,"victory":false,"max_hp_per_floor":[75,75,69,69,69,69,69,69],"relic_stats":{"Inserter":[7],"counters":[3,15],"Golden Idol":0,"obtain_stats":[{"Inserter":0,"Golden Idol":3,"Cracked Core":0},{"Inserter":0,"Golden Idol":2,"Cracked Core":0},{"Inserter":0,"Golden Idol":9,"Cracked Core":0}]},"card_choices":[{"not_picked":["Static Discharge","Steam"],"picked":"Conserve Battery","floor":1},{"not_picked":["White Noise","Rebound"],"picked":"Barrage","floor":2}],"player_experience":408494,"relics_obtained":[],"event_choices":[{"damage_healed":0,"gold_gain":0,"player_choice":"Lose Max HP","damage_taken":0,"relics_obtained":["Golden Idol"],"max_hp_gain":0,"max_hp_loss":6,"event_name":"Golden Idol","floor":3,"gold_loss":0},{"damage_healed":0,"gold_gain":0,"player_choice":"Ignored","damage_taken":0,"max_hp_gain":0,"max_hp_loss":0,"event_name":"Liars Game","floor":4,"gold_loss":0},{"cards_removed":["Strike_B"],"damage_healed":0,"gold_gain":0,"player_choice":"Offered Basic","damage_taken":0,"max_hp_gain":0,"max_hp_loss":0,"event_name":"Bonfire Elementals","floor":5,"gold_loss":0}],"is_beta":false,"boss_relics":[],"items_purged_floors":[],"is_endless":false,"potions_floor_spawned":[],"killed_by":"Gremlin Nob","ascension_level":10}}