{"host":"tp44ibfkhs2l94sg","time":1611889127,"event":{"mods":["BaseMod","Downfall","Minty Spire (QoL Compilation)","StSLib"],"gold_per_floor":[99,112,122,135,17,17,17,117,136,161,180,180,180,180,193,193,193,193],"floor_reached":16,"language":"ENG","playtime":1324,"items_purged":[],"score":129,"play_id":"80c70fc3-6287-4acb-b08b-d96991e1cb43","local_time":"20210128185847","is_ascension_mode":false,"campfire_choices":[{"data":"Guardian:TwinSlam","floor":1,"key":"SMITH"},{"data":"Guardian:TemporalStrike","floor":6,"key":"SMITH"},{"floor":12,"key":"REST"}],"circlet_count":0,"master_deck":["Guardian:Strike_Guardian","Guardian:Strike_Guardian","Guardian:Strike_Guardian","Guardian:Defend_Guardian","Guardian:Defend_Guardian","Guardian:Defend_Guardian","Guardian:CurlUp","Guardian:TwinSlam+1","Guardian:TimeSifter+1","Guardian:RefractedBeam","Guardian:Reroute","Guardian:TemporalStrike+1","Guardian:ShieldCharger","Guardian:BaubleBeam","Guardian:ShieldSpikes","Guardian:PrimingBeam"],"relics":["Guardian:ModeShifter","Kunai","Strawberry","downfall:BrokenWingStatue"],"acts_visited":["Exordium"],"potions_floor_usage":[2,10,11,13],"damage_taken":[{"damage":2,"enemies":"2 Louse","floor":2,"turns":3},{"damage":6,"enemies":"Jaw Worm","floor":3,"turns":4},{"damage":6,"enemies":"Cultist","floor":4,"turns":3},{"damage":0,"enemies":"downfall:FleeingMerchant","floor":5,"turns":4},{"damage":36,"enemies":"downfall:Heads","floor":8,"turns":9},{"damage":5,"enemies":"Blue Slaver","floor":9,"turns":5},{"damage":18,"enemies":"Lagavulin","floor":10,"turns":6},{"damage":8,"enemies":"Gremlin Gang","floor":11,"turns":2},{"damage":0,"enemies":"Large Slime","floor":13,"turns":1},{"damage":13,"enemies":"Exordium Thugs","floor":15,"turns":4},{"damage":46,"enemies":"WA_ARCHETYPE_RETAIN","floor":16,"turns":13}],"seed_played":"-7627005326823475179","potions_obtained":[{"floor":2,"key":"Fruit Juice"},{"floor":8,"key":"hexamod:SoulburnPotion"},{"floor":10,"key":"Explosive Potion"},{"floor":11,"key":"SmokeBomb"}],"is_trial":false,"path_per_floor":["R","M","M","M","$","R","T","?","M","E","M","R","M","?","M","B"],"character_chosen":"GUARDIAN","items_purchased":["Guardian:Reroute","Guardian:TemporalStrike"],"campfire_rested":1,"item_purchase_floors":[5,5],"current_hp_per_floor":[88,91,85,79,79,79,79,43,38,27,19,49,49,49,36,0,0,0],"gold":193,"neow_bonus":"TEN_PERCENT_HP_BONUS","is_daily":false,"chose_seed":false,"campfire_upgraded":2,"win_rate":0.0,"timestamp":1611889127,"path_taken":["R","M","M","M","$","R","T","?","M","E","M","R","M","?","M","BOSS"],"items_purchased_type":["Card","Card"],"build_version":"2020-12-22","purchased_purges":0,"victory":false,"max_hp_per_floor":[88,93,93,93,93,93,93,93,93,100,100,100,100,100,100,100,100,100],"card_choices":[{"not_picked":["Guardian:TemporalStrike","Guardian:Recover"],"picked":"Guardian:Gem_Red","floor":2},{"not_picked":["Guardian:SentryBeam","Guardian:ArmoredProtocol"],"picked":"Guardian:TimeSifter","floor":3},{"not_picked":["Guardian:CrystalBeam","Guardian:Gem_White"],"picked":"Guardian:Gem_Purple","floor":4},{"not_picked":["Guardian:Gem_Lightblue","Guardian:BodySlam"],"picked":"Guardian:RefractedBeam","floor":5},{"not_picked":["Guardian:PiercingHide","Guardian:ChargeCore"],"picked":"Guardian:BaubleBeam","floor":8},{"not_picked":["Guardian:TemporalStrike","Guardian:PolyBeam","Guardian:PrismaticBeam"],"picked":"SKIP","floor":9},{"not_picked":["Guardian:VentSteam","Guardian:ArmoredProtocol"],"picked":"Guardian:Gem_Synthetic","floor":10},{"not_picked":["Guardian:Emergency","Guardian:Planning"],"picked":"Guardian:ShieldSpikes","floor":11},{"not_picked":["Guardian:Suspension","Guardian:ShieldSpikes"],"picked":"Guardian:PrimingBeam","floor":15}],"player_experience":1103764,"relics_obtained":[{"floor":7,"key":"Kunai"},{"floor":10,"key":"Strawberry"}],"event_choices":[],"is_beta":false,"boss_relics":[],"items_purged_floors":[],"is_endless":false,"potions_floor_spawned":[2,8,10,11,13],"killed_by":"WA_ARCHETYPE_RETAIN","ascension_level":0}}