{"host":"kig4ty9d1aubg29s","time":1611900127,"event":{"mods":["BaseMod","Minty Spire (QoL Compilation)","READ ME - Guardian Mod","READ ME - Snecko Mod","StSLib","The Cursed","The Gatherer","The Hierophant","The Runesmith"],"gold_per_floor":[111,122,122,141,216,216,243,243,243,243,208,220,220,232,232,334,334,350,369,389,589,602,602,613,613,613,613,646,349,363,363,363,363,363],"floor_reached":33,"language":"KOR","playtime":852,"items_purged":[],"score":427,"play_id":"fef51962-7525-42d3-bc90-f7aff1e009fb","local_time":"20210129150207","is_ascension_mode":true,"campfire_choices":[{"data":"Carnage","floor":6,"key":"SMITH"},{"data":"Metallicize","floor":8,"key":"SMITH"},{"data":"Bash","floor":10,"key":"SMITH"},{"data":"Perfected Strike","floor":13,"key":"SMITH"},{"data":"Barricade","floor":15,"key":"SMITH"},{"data":"Immolate","floor":23,"key":"SMITH"},{"floor":32,"key":"REST"}],"circlet_count":0,"master_deck":["AscendersBane","Strike_R","Strike_R","Strike_R","Strike_R","Strike_R","Defend_R","Defend_R","Defend_R","Defend_R","Bash+1","Carnage+1","Warcry","Intimidate","Metallicize+1","Perfected Strike+1","Barricade+1","Immolate+1","Uppercut+1","Evolve","Iron Wave+1","Perfected Strike+1","Wild Strike","Corruption","Anger"],"relics":["Burning Blood","Art of War","Mercury Hourglass","Meat on the Bone","Sozu","Ice Cream","Du-Vu Doll","Lantern","Runesmith:AutoHammer","MutagenicStrength"],"acts_visited":["Exordium","TheCity"],"potions_floor_usage":[7],"damage_taken":[{"damage":20,"enemies":"Jaw Worm","floor":1,"turns":6},{"damage":1,"enemies":"Cultist","floor":2,"turns":4},{"damage":0,"enemies":"Small Slimes","floor":4,"turns":2},{"damage":30,"enemies":"Lagavulin","floor":7,"turns":5},{"damage":9,"enemies":"Looter","floor":12,"turns":3},{"damage":16,"enemies":"Exordium Thugs","floor":14,"turns":3},{"damage":49,"enemies":"The Guardian","floor":16,"turns":10},{"damage":16,"enemies":"Spheric Guardian","floor":18,"turns":4},{"damage":7,"enemies":"3 Byrds","floor":19,"turns":4},{"damage":13,"enemies":"Centurion and Healer","floor":20,"turns":6},{"damage":15,"enemies":"Sentry and Sphere","floor":22,"turns":4},{"damage":33,"enemies":"Snake Plant","floor":24,"turns":3},{"damage":18,"enemies":"Book of Stabbing","floor":28,"turns":3},{"damage":11,"enemies":"Centurion and Healer","floor":30,"turns":4},{"damage":99,"enemies":"Automaton","floor":33,"turns":6}],"seed_played":"-593856566621281223","potions_obtained":[{"floor":1,"key":"Ancient Potion"},{"floor":2,"key":"Weak Potion"}],"is_trial":false,"path_per_floor":["M","M","?","M","?","R","E","R","T","R","?","M","R","M","R","B",null,"M","M","M","?","M","R","M","?","T","?","E","$","M","?","R","B"],"character_chosen":"IRONCLAD","items_purchased":["Lantern","Runesmith:AutoHammer"],"campfire_rested":1,"item_purchase_floors":[29,29],"current_hp_per_floor":[58,63,63,69,69,69,45,45,45,45,65,62,62,52,52,21,65,55,54,47,47,50,50,35,20,20,20,20,20,27,27,52,0,0],"gold":363,"neow_bonus":"RANDOM_COMMON_RELIC","is_daily":false,"chose_seed":false,"campfire_upgraded":6,"win_rate":0.0,"timestamp":1611900127,"path_taken":["M","M","?","?","?","R","E","R","T","R","?","M","R","?","R","BOSS","M","M","M","?","M","R","?","?","T","?","E","?","?","?","R","BOSS"],"items_purchased_type":["Relic","Relic"],"build_version":"2020-12-22","purchased_purges":0,"victory":false,"max_hp_per_floor":[80,80,80,80,80,80,80,80,80,80,80,80,80,80,80,80,80,80,80,80,80,80,80,80,85,85,85,85,85,85,85,85,85,85],"card_choices":[{"not_picked":["Heavy Blade","Dual Wield"],"picked":"Carnage","floor":1},{"not_picked":["Power Through","Havoc"],"picked":"Warcry","floor":2},{"not_picked":["Flex","Reckless Charge"],"picked":"Intimidate","floor":4},{"not_picked":["Shrug It Off","Sword Boomerang"],"picked":"Metallicize","floor":7},{"not_picked":["Dark Embrace","Pommel Strike"],"picked":"Perfected Strike","floor":12},{"not_picked":["Body Slam","Shrug It Off"],"picked":"Barricade","floor":14},{"not_picked":["Impervious","Exhume"],"picked":"Immolate","floor":16},{"not_picked":["Shockwave","Anger"],"picked":"Uppercut+1","floor":18},{"not_picked":["Heavy Blade","Feel No Pain"],"picked":"Evolve","floor":19},{"not_picked":["Hemokinesis","Flame Barrier"],"picked":"Iron Wave+1","floor":20},{"not_picked":["Flame Barrier","Feel No Pain"],"picked":"Perfected Strike+1","floor":22},{"not_picked":["Pummel","Heavy Blade"],"picked":"Wild Strike","floor":24},{"not_picked":["Battle Trance","Evolve"],"picked":"Corruption","floor":28},{"not_picked":["Infernal Blade","True Grit"],"picked":"Anger","floor":30}],"player_experience":1959562,"relics_obtained":[{"floor":7,"key":"Mercury Hourglass"},{"floor":9,"key":"Meat on the Bone"},{"floor":26,"key":"Ice Cream"},{"floor":28,"key":"Du-Vu Doll"}],"event_choices":[{"damage_healed":0,"gold_gain":0,"player_choice":"Bought 0 Potions","damage_taken":0,"max_hp_gain":0,"max_hp_loss":0,"event_name":"The Woman in Blue","floor":3,"gold_loss":0},{"damage_healed":0,"gold_gain":75,"player_choice":"Gained Gold","damage_taken":0,"max_hp_gain":0,"max_hp_loss":0,"event_name":"Golden Wing","floor":5,"gold_loss":0},{"damage_healed":20,"gold_gain":0,"player_choice":"Healed","damage_taken":0,"max_hp_gain":0,"max_hp_loss":0,"event_name":"The Cleric","floor":11,"gold_loss":35},{"damage_healed":0,"gold_gain":200,"player_choice":"Gold","damage_taken":0,"max_hp_gain":0,"max_hp_loss":0,"event_name":"Wheel of Change","floor":21,"gold_loss":0},{"damage_healed":0,"gold_gain":0,"player_choice":"Shed Blood","damage_taken":20,"max_hp_gain":5,"max_hp_loss":0,"event_name":"Forgotten Altar","floor":25,"gold_loss":0},{"damage_healed":0,"gold_gain":0,"player_choice":"Ignored","damage_taken":0,"max_hp_gain":0,"max_hp_loss":0,"event_name":"Cursed Tome","floor":27,"gold_loss":0},{"damage_healed":0,"gold_gain":0,"player_choice":"Inject Mutagens","damage_taken":0,"relics_obtained":["MutagenicStrength"],"max_hp_gain":0,"max_hp_loss":0,"event_name":"Drug Dealer","floor":31,"gold_loss":0}],"is_beta":false,"boss_relics":[{"not_picked":["SacredBark","Mark of Pain"],"picked":"Sozu"}],"items_purged_floors":[],"is_endless":false,"potions_floor_spawned":[1,2,18,20],"killed_by":"Automaton","ascension_level":12}}