{"host":"59fzh68erzs7h44i","time":1611959487,"event":{"mods":["AchievementEnabler","BaseMod","Downfall","Minty Spire (QoL Compilation)","StSLib","The Jungle"],"gold_per_floor":[114,114,189,189,207,240,240,165,165,165,175,175,193,222,222,324,324,338,188,223,223,223],"floor_reached":21,"language":"ENG","playtime":653,"items_purged":["Defend_P","Strike_P"],"score":210,"play_id":"100a6202-bd21-4ad4-be97-2b6ccc177775","local_time":"20210129173127","is_ascension_mode":false,"campfire_choices":[{"data":"MasterReality","floor":7,"key":"SMITH"},{"data":"PathToVictory","floor":10,"key":"SMITH"},{"floor":15,"key":"REST"}],"circlet_count":0,"master_deck":["Strike_P+1","Strike_P+1","Defend_P+1","Defend_P+1","Eruption","Vigilance","PathToVictory+1","FlurryOfBlows","MasterReality+1","CrushJoints+1","SashWhip","LessonLearned+1","Blasphemy","FearNoEvil","CrushJoints+1","JustLucky"],"relics":["PureWater","NeowsBlessing","Potion Belt","Nunchaku","Gremlin Horn","Whetstone","Empty Cage","Red Mask"],"acts_visited":["Exordium","TheCity"],"potions_floor_usage":[14,16,20],"damage_taken":[{"damage":0,"enemies":"Jaw Worm","floor":1,"turns":1},{"damage":0,"enemies":"2 Louse","floor":5,"turns":1},{"damage":0,"enemies":"Lagavulin","floor":6,"turns":1},{"damage":0,"enemies":"Small Slimes","floor":11,"turns":3},{"damage":12,"enemies":"Exordium Thugs","floor":13,"turns":4},{"damage":14,"enemies":"3 Sentries","floor":14,"turns":5},{"damage":16,"enemies":"Slime Boss","floor":16,"turns":5},{"damage":29,"enemies":"2 Thieves","floor":18,"turns":4},{"damage":34,"enemies":"Masked Bandits","floor":20,"turns":5},{"damage":10,"enemies":"Shell Parasite","floor":21,"turns":3}],"seed_played":"4675340151693574601","potions_obtained":[{"floor":5,"key":"ColorlessPotion"},{"floor":11,"key":"Swift Potion"},{"floor":13,"key":"ColorlessPotion"},{"floor":20,"key":"Guardian:BlockOnCardUsePotion"}],"is_trial":false,"path_per_floor":["M","?","?","?","M","E","R","$","T","R","M","?","M","E","R","B",null,"M","$","?","M"],"character_chosen":"WATCHER","items_purchased":["CrushJoints"],"campfire_rested":1,"item_purchase_floors":[19],"current_hp_per_floor":[72,60,49,35,35,35,35,35,35,35,35,35,23,9,30,14,72,43,43,9,0,0],"gold":223,"neow_bonus":"THREE_ENEMY_KILL","is_daily":false,"chose_seed":false,"campfire_upgraded":2,"win_rate":0.0,"timestamp":1611959487,"path_taken":["M","?","?","?","M","E","R","$","T","R","?","?","?","E","R","BOSS","M","$","?","M"],"items_purchased_type":["Card"],"build_version":"2020-12-22","purchased_purges":2,"victory":false,"max_hp_per_floor":[72,72,72,72,72,72,72,72,72,72,72,72,72,72,72,72,72,72,72,72,72,72],"card_choices":[{"not_picked":["FlyingSleeves","EmptyMind"],"picked":"PathToVictory","floor":1},{"not_picked":["EmptyFist","ForeignInfluence"],"picked":"FlurryOfBlows","floor":5},{"not_picked":["CutThroughFate","SashWhip"],"picked":"MasterReality","floor":6},{"not_picked":["Crescendo","Worship"],"picked":"CrushJoints","floor":11},{"not_picked":["Sanctity","Halt"],"picked":"SashWhip","floor":13},{"not_picked":["EmptyMind","Evaluate"],"picked":"LessonLearned","floor":14},{"not_picked":["Omniscience","Vault"],"picked":"Blasphemy","floor":16},{"not_picked":["Vengeance","CarveReality"],"picked":"FearNoEvil","floor":18},{"not_picked":["EmptyBody+1","Swivel"],"picked":"JustLucky","floor":20}],"player_experience":191042,"relics_obtained":[{"floor":6,"key":"Nunchaku"},{"floor":9,"key":"Gremlin Horn"},{"floor":14,"key":"Whetstone"},{"floor":20,"key":"Red Mask"}],"event_choices":[{"damage_healed":0,"gold_gain":0,"player_choice":"Success","damage_taken":12,"relics_obtained":["Potion Belt"],"max_hp_gain":0,"max_hp_loss":0,"event_name":"Scrap Ooze","floor":2,"gold_loss":0},{"damage_healed":0,"gold_gain":75,"player_choice":"Gather Gold","damage_taken":11,"max_hp_gain":0,"max_hp_loss":0,"event_name":"World of Goop","floor":3,"gold_loss":0},{"damage_healed":0,"gold_gain":0,"player_choice":"Entered Light","damage_taken":14,"max_hp_gain":0,"max_hp_loss":0,"event_name":"Shining Light","floor":4,"gold_loss":0,"cards_upgraded":["Defend_P","Defend_P"]},{"damage_healed":0,"gold_gain":0,"player_choice":"Forge","damage_taken":0,"max_hp_gain":0,"max_hp_loss":0,"event_name":"Accursed Blacksmith","floor":12,"gold_loss":0,"cards_upgraded":["CrushJoints"]},{"damage_healed":0,"gold_gain":0,"player_choice":"Fought Bandits","damage_taken":0,"max_hp_gain":0,"max_hp_loss":0,"event_name":"Masked Bandits","floor":20,"gold_loss":0}],"is_beta":false,"boss_relics":[{"not_picked":["Tiny House","Philosopher\u0027s Stone"],"picked":"Empty Cage"}],"items_purged_floors":[8,19],"is_endless":false,"potions_floor_spawned":[5,11,13,20],"killed_by":"Shell Parasite","ascension_level":0}}