{"host":"5853c1oyph9xmrns","time":1611957250,"event":{"mods":["BaseMod","Colored Powertips","Downfall","Googly Eyes","Hermit","Mimic Mod","Minty Spire (QoL Compilation)","Quick Restart","Rare Cards Sparkle","StSLib","The IronCluck","Wide Potions"],"gold_per_floor":[99,115,115,133,20,40,40,25,35,20,20,31,65,75,91,91,91,91],"floor_reached":16,"language":"ENG","playtime":783,"items_purged":[],"score":114,"play_id":"a96ecc4d-ed45-450f-ad67-2de7c9da0165","local_time":"20210129175410","is_ascension_mode":true,"campfire_choices":[{"data":"hexamod:ForkedFlame","floor":1,"key":"SMITH"},{"floor":11,"key":"DIG"}],"circlet_count":0,"master_deck":["hexamod:Strike","hexamod:Strike","hexamod:Strike","hexamod:Strike","hexamod:Defend+1","hexamod:Defend","hexamod:Defend","hexamod:Defend","hexamod:Sear","hexamod:Float+1","Injury","hexamod:ForkedFlame+1","hexamod:SpectralSpark+1","Writhe","hexamod:HauntingEcho","hexamod:ShieldOfDarkness","hexamod:SwordOfDarkness","hexamod:ShieldOfDarkness","hexamod:AdvancingGuard","hexamod:SoulSteal","hexamod:SoulSteal+1","hexamod:GhostflameBarrier","hexamod:GhostflameBarrier","hexamod:SwordOfDarkness","hexamod:HauntingEcho"],"relics":["hexamod:SpiritBrand","Shovel","Happy Flower","War Paint"],"acts_visited":["Exordium"],"potions_floor_usage":[13],"damage_taken":[{"damage":3,"enemies":"2 Louse","floor":2,"turns":2},{"damage":1,"enemies":"Cultist","floor":4,"turns":3},{"damage":5,"enemies":"downfall:FleeingMerchant","floor":5,"turns":4},{"damage":0,"enemies":"Jaw Worm","floor":6,"turns":3},{"damage":2,"enemies":"downfall:FleeingMerchant","floor":8,"turns":4},{"damage":21,"enemies":"Large Slime","floor":9,"turns":3},{"damage":11,"enemies":"downfall:FleeingMerchant","floor":10,"turns":4},{"damage":6,"enemies":"Exordium Thugs","floor":12,"turns":3},{"damage":1,"enemies":"3 Sentries","floor":13,"turns":4},{"damage":3,"enemies":"Blue Slaver","floor":14,"turns":2},{"damage":9,"enemies":"Red Slaver","floor":15,"turns":3},{"damage":9,"enemies":"SI_SHIV_ARCHETYPE","floor":16,"turns":5}],"seed_played":"3929054565941131675","potions_obtained":[{"floor":4,"key":"hexamod:DoubleChargePotion"},{"floor":9,"key":"sneckomod:MuddlingPotion"},{"floor":12,"key":"Fire Potion"},{"floor":13,"key":"Guardian:BlockOnCardUsePotion"}],"is_trial":false,"path_per_floor":["R","M","?","M","$","M","T","$","M","$","R","M","E","M","M","B"],"character_chosen":"THE_SPIRIT","items_purchased":["hexamod:SwordOfDarkness","hexamod:ShieldOfDarkness"],"campfire_rested":0,"item_purchase_floors":[5,5],"current_hp_per_floor":[70,67,67,66,61,61,61,59,38,27,27,21,20,17,8,0,0,0],"gold":91,"neow_bonus":"THREE_RARE_CARDS","is_daily":false,"chose_seed":false,"campfire_upgraded":1,"win_rate":0.0,"timestamp":1611957250,"path_taken":["R","M","?","M","?","M","T","$","?","?","R","?","E","M","M","BOSS"],"items_purchased_type":["Card","Card"],"build_version":"2020-12-22","purchased_purges":0,"victory":false,"max_hp_per_floor":[70,70,70,70,70,70,70,70,70,70,70,70,70,70,70,70,70,70],"card_choices":[{"not_picked":["hexamod:ApocalypseNow","hexamod:FlameSwitch"],"picked":"hexamod:ForkedFlame","floor":0},{"not_picked":["hexamod:ShieldOfDarkness","hexamod:HeatCrush"],"picked":"hexamod:SpectralSpark","floor":2},{"not_picked":["hexamod:GhostLash","hexamod:NightmareStrike"],"picked":"hexamod:HauntingEcho","floor":4},{"not_picked":["hexamod:ThermalTransfer","hexamod:AdvancingGuard"],"picked":"hexamod:ShieldOfDarkness","floor":5},{"not_picked":["hexamod:SixthSeal","hexamod:BurningTouch"],"picked":"hexamod:AdvancingGuard","floor":6},{"not_picked":["hexamod:RainOfEmbers","hexamod:HeatCrush"],"picked":"hexamod:SoulSteal","floor":8},{"not_picked":["hexamod:FlamesFromBeyond","hexamod:ThermalTransfer"],"picked":"hexamod:SoulSteal","floor":9},{"not_picked":["hexamod:PowerFromBeyond","hexamod:InspiringFlames"],"picked":"hexamod:GhostflameBarrier","floor":10},{"not_picked":["hexamod:BurningTouch","hexamod:NightmareGuise"],"picked":"hexamod:GhostflameBarrier","floor":12},{"not_picked":["hexamod:EtherealExpedition","hexamod:GhostOfSpirePast"],"picked":"hexamod:SwordOfDarkness","floor":13},{"not_picked":["hexamod:NightmareGuise","hexamod:BurningTouch"],"picked":"hexamod:HauntingEcho","floor":14},{"not_picked":["hexamod:BacktrackSmack","hexamod:FastForward","hexamod:Hexaguard"],"picked":"SKIP","floor":15}],"player_experience":467670,"relics_obtained":[{"floor":7,"key":"Shovel"},{"floor":11,"key":"Happy Flower"},{"floor":13,"key":"War Paint"}],"event_choices":[],"is_beta":false,"boss_relics":[],"items_purged_floors":[],"is_endless":false,"potions_floor_spawned":[4,9,12,13],"killed_by":"SI_SHIV_ARCHETYPE","ascension_level":2}}