{"host":"254qdhpnbonm8z0p","time":1611900240,"event":{"mods":["AchievementEnabler","BaseMod","Block Reminder","Colored Map","Colored Powertips","Minty Spire (QoL Compilation)","ojb\u0027s Better Paths Mod"],"gold_per_floor":[118,42,52,52,227,227,246,246,246,321,335,349,349,86,86,185,185,200,214,214,225,225,225],"floor_reached":22,"language":"ENG","playtime":2973,"items_purged":["Defend_B"],"score":176,"play_id":"6476e249-0dd9-4449-a688-7c67c27afbb8","local_time":"20210128220400","is_ascension_mode":false,"campfire_choices":[{"data":"Loop","floor":6,"key":"SMITH"},{"floor":13,"key":"REST"},{"floor":15,"key":"REST"}],"circlet_count":0,"master_deck":["Strike_B","Defend_B","Defend_B","Defend_B","Zap","Dualcast","Auto Shields","Rip and Tear","Loop+1","Doubt","Machine Learning","Defragment","Echo Form","Conserve Battery","Leap+1"],"relics":["Cracked Core","Mummified Hand","Happy Flower","Empty Cage"],"acts_visited":["Exordium","TheCity"],"potions_floor_usage":[16,22],"damage_taken":[{"damage":0,"enemies":"Cultist","floor":1,"turns":4},{"damage":0,"enemies":"Small Slimes","floor":3,"turns":2},{"damage":1,"enemies":"2 Louse","floor":7,"turns":3},{"damage":7,"enemies":"Blue Slaver","floor":11,"turns":3},{"damage":37,"enemies":"Gremlin Gang","floor":12,"turns":5},{"damage":16,"enemies":"The Guardian","floor":16,"turns":10},{"damage":12,"enemies":"Shell Parasite","floor":18,"turns":6},{"damage":9,"enemies":"Spheric Guardian","floor":19,"turns":4},{"damage":38,"enemies":"Cultist and Chosen","floor":21,"turns":7},{"damage":26,"enemies":"3 Cultists","floor":22,"turns":5}],"seed_played":"9016646409450801466","potions_obtained":[{"floor":1,"key":"Swift Potion"},{"floor":3,"key":"Swift Potion"},{"floor":18,"key":"GamblersBrew"},{"floor":19,"key":"ColorlessPotion"}],"is_trial":false,"path_per_floor":["M","$","M","$","?","R","M","?","T","?","M","M","R","$","R","B",null,"M","M","?","M","M"],"character_chosen":"DEFECT","items_purchased":["Loop","Happy Flower","Defragment"],"campfire_rested":2,"item_purchase_floors":[2,14,14],"current_hp_per_floor":[75,75,75,75,75,75,74,79,79,68,61,24,48,48,72,56,80,68,59,59,21,0,0],"gold":225,"neow_bonus":"TRANSFORM_CARD","is_daily":false,"chose_seed":false,"campfire_upgraded":1,"win_rate":0.0,"timestamp":1611900240,"path_taken":["M","?","?","$","?","R","M","?","T","?","M","M","R","$","R","BOSS","M","M","?","?","M"],"items_purchased_type":["Card","Relic","Card"],"build_version":"2020-12-22","purchased_purges":1,"victory":false,"max_hp_per_floor":[75,75,75,75,75,75,75,80,80,80,80,80,80,80,80,80,80,80,80,80,80,80,80],"card_choices":[{"not_picked":["Aggregate","Turbo"],"picked":"Rip and Tear","floor":1},{"not_picked":["Streamline","Beam Cell","Steam"],"picked":"SKIP","floor":3},{"not_picked":["Barrage","Consume"],"picked":"Machine Learning","floor":7},{"not_picked":["Stack","Compile Driver","Scrape"],"picked":"SKIP","floor":11},{"not_picked":["Consume","Hologram","Go for the Eyes"],"picked":"SKIP","floor":12},{"not_picked":["Machine Learning","Amplify"],"picked":"Echo Form","floor":16},{"not_picked":["Barrage","Beam Cell","Glacier"],"picked":"SKIP","floor":18},{"not_picked":["Scrape+1","Steam+1"],"picked":"Conserve Battery","floor":19},{"not_picked":["Cold Snap+1","Rip and Tear"],"picked":"Leap+1","floor":21}],"player_experience":115155,"relics_obtained":[{"floor":9,"key":"Mummified Hand"}],"event_choices":[{"damage_healed":0,"gold_gain":175,"player_choice":"AGREE","damage_taken":0,"max_hp_gain":0,"max_hp_loss":0,"event_name":"Liars Game","floor":5,"gold_loss":0,"cards_obtained":["Doubt"]},{"damage_healed":0,"gold_gain":0,"player_choice":"Donut","damage_taken":0,"max_hp_gain":5,"max_hp_loss":0,"event_name":"Big Fish","floor":8,"gold_loss":0},{"damage_healed":0,"gold_gain":75,"player_choice":"Gather Gold","damage_taken":11,"max_hp_gain":0,"max_hp_loss":0,"event_name":"World of Goop","floor":10,"gold_loss":0},{"damage_healed":0,"gold_gain":0,"player_choice":"Ignored","damage_taken":0,"max_hp_gain":0,"max_hp_loss":0,"event_name":"NoteForYourself","floor":20,"gold_loss":0}],"is_beta":false,"boss_relics":[{"not_picked":["Tiny House","Ectoplasm"],"picked":"Empty Cage"}],"items_purged_floors":[14],"is_endless":false,"potions_floor_spawned":[1,3,18,19],"killed_by":"3 Cultists","ascension_level":0}}