{"host":"m3qxensetu6036ua","time":1611944878,"event":{"mods":["2.2 Compatiblity","AchievementEnabler","BaseMod","Better Altar","Better Match","Better Sensory Stone","Better Skull","Better Third Choice","Better Vampires","Block Reminder","Colored Powertips","Displayed Cursed Tome","Good Game Mod","GungeonMod","Hubris","Jedi Mod","Minty Spire (QoL Compilation)","Rare Cards Sparkle","Remove Card Discount Mod","Replay The Spire","Spicy Shops","StSLib","The Cursed"],"gold_per_floor":[114,114,114,55,75,108,123,123,147,173,173,173,17,27,27,130,130,147,227,239,239,259,259,287,287,287,322,341,351,114,125,125,227,227,237,255,1254,1266,1284,1314,1314,1314,1388,1309,1325,1359,1359,1122,1122,1122],"floor_reached":51,"language":"ENG","playtime":2882,"items_purged":["TheCursedMod:Obscuration","TheCursedMod:SpitefulStrike+1","TheCursedMod:DemonicPact","Normality","Normality"],"score":945,"play_id":"36212461-673f-4ed9-aef4-ea593ff29db6","local_time":"20210129192758","is_ascension_mode":true,"campfire_choices":[{"data":"TheCursedMod:CircleOfCorruption","floor":8,"key":"SMITH"},{"data":"TheCursedMod:AbyssShockwave","floor":12,"key":"SMITH"},{"data":"TheCursedMod:SpitefulPlan","floor":15,"key":"SMITH"},{"data":"TheCursedMod:CursedRelics","floor":23,"key":"SMITH"},{"floor":32,"key":"REST"},{"floor":41,"key":"REST"},{"data":"Pot Of Greed","floor":49,"key":"SMITH"}],"circlet_count":0,"master_deck":["TheCursedMod:Strike_TheCursed","TheCursedMod:Strike_TheCursed","TheCursedMod:Strike_TheCursed","TheCursedMod:Strike_TheCursed","TheCursedMod:Defend_TheCursed","TheCursedMod:Defend_TheCursed+1","TheCursedMod:Defend_TheCursed","TheCursedMod:Defend_TheCursed","TheCursedMod:CursedWand","TheCursedMod:CleanUpWorkshop","TheCursedMod:Dregs","Glass Knife+1","TheCursedMod:AbyssShockwave+1","TheCursedMod:HellfireBreathing","Decay","TheCursedMod:CircleOfCorruption+1","TheCursedMod:SmokeScreen+1","TheCursedMod:CursedBlade","Shockwave","TheCursedMod:SpitefulPlan+1","TheCursedMod:CursedRelics+1","TheCursedMod:Obscuration","TheCursedMod:SurpriseAttack","Calculated Gamble+1","Pot Of Greed+1","Pot Of Greed+1","Pot Of Greed","TheCursedMod:SurpriseAttack+1","TheCursedMod:DemonSword","TheCursedMod:CircleOfCorruption","TheCursedMod:SpitefulPray","TheCursedMod:RapidMovement+1","TheCursedMod:NeowsMight","TheCursedMod:Obscuration","Pot Of Greed+1","TheCursedMod:Grudge+1","Writhe","TheCursedMod:CircleOfCorruption","TheCursedMod:EmpowerCircles"],"relics":["TheCursedMod:BlackMagic101","REME:ComplimentaryCards","hubris:Towel","jedi:shrinkray","Replay:Baseball","DemoMod:ClearGuonStone","DemoMod:SevenLeafClover","Bag of Preparation","Gremlin Food","TheCursedMod:FourLeafCloverCharm","War Paint","Mummified Hand","hubris:GlazedTorus","Blood Vial","Grinning Jar","TheCursedMod:OminousMark","DemoMod:GlassGuonStoneRelic","hubris:ToyBattleship","Shuriken","hubris:Spice","TheCursedMod:DemonicMark","Regal Pillow"],"acts_visited":["Exordium","TheCity","TheBeyond"],"potions_floor_usage":[24,33,33,33,40,50],"damage_taken":[{"damage":0,"enemies":"Jaw Worm","floor":1,"turns":2},{"damage":0,"enemies":"2 Louse","floor":5,"turns":1},{"damage":13,"enemies":"Gremlin Nob","floor":6,"turns":3},{"damage":0,"enemies":"Small Slimes","floor":7,"turns":2},{"damage":0,"enemies":"Replay:BlueRogue","floor":10,"turns":3},{"damage":0,"enemies":"3 Louse","floor":14,"turns":1},{"damage":14,"enemies":"Hexaghost","floor":16,"turns":8},{"damage":2,"enemies":"2 Thieves","floor":18,"turns":2},{"damage":3,"enemies":"Spheric Guardian","floor":20,"turns":3},{"damage":1,"enemies":"3 Cultists","floor":22,"turns":3},{"damage":1,"enemies":"Book of Stabbing","floor":24,"turns":5},{"damage":3,"enemies":"Replay:Snechameleon","floor":27,"turns":3},{"damage":5,"enemies":"Snake Plant","floor":28,"turns":2},{"damage":5,"enemies":"Chosen and Byrds","floor":29,"turns":3},{"damage":4,"enemies":"Snecko","floor":31,"turns":3},{"damage":21,"enemies":"Champ","floor":33,"turns":6},{"damage":0,"enemies":"Orb Walker","floor":35,"turns":1},{"damage":0,"enemies":"3 Shapes","floor":36,"turns":1},{"damage":17,"enemies":"Writhing Mass","floor":38,"turns":3},{"damage":19,"enemies":"Spire Growth","floor":39,"turns":3},{"damage":22,"enemies":"Nemesis","floor":40,"turns":5},{"damage":0,"enemies":"Sphere and 2 Shapes","floor":45,"turns":1},{"damage":0,"enemies":"R_Hoarder","floor":46,"turns":3},{"damage":0,"enemies":"Awakened One","floor":50,"turns":4}],"seed_played":"-5854018909502731657","potions_obtained":[{"floor":6,"key":"Fire Potion"},{"floor":14,"key":"Adrenaline Potion"},{"floor":20,"key":"Energy Potion"},{"floor":22,"key":"Explosive Potion"},{"floor":27,"key":"Energy Potion"},{"floor":29,"key":"Strength Potion"},{"floor":33,"key":"Explosive Potion"},{"floor":35,"key":"Adrenaline Potion"},{"floor":38,"key":"Swift Potion"},{"floor":40,"key":"Toxic Potion"}],"is_trial":false,"path_per_floor":["M","?","?","$","M","E","M","R","T","E","?","R","$","M","R","B",null,"M","?","M","?","M","R","E","?","T","E","M","M","$","M","R","B",null,"M","M","?","M","M","E","R","?","T","$","M","E","?","$","R","B",null],"character_chosen":"THE_CURSED","items_purchased":["jedi:shrinkray","Gremlin Food","TheCursedMod:DemonSword","TheCursedMod:CircleOfCorruption","DemoMod:LeadSkinPotion","TheCursedMod:CircleOfCorruption","Regal Pillow","TheCursedMod:EmpowerCircles"],"campfire_rested":2,"item_purchase_floors":[4,13,30,30,44,48,48,48],"current_hp_per_floor":[75,75,75,75,75,62,62,62,62,62,57,57,57,57,57,43,75,73,55,52,52,51,51,50,50,50,49,46,43,43,41,63,44,75,75,75,75,58,41,21,43,43,51,51,53,55,76,76,76,78],"gold":1122,"neow_bonus":"UPGRADE_CARD","is_daily":false,"chose_seed":false,"campfire_upgraded":5,"win_rate":0.0,"timestamp":1611944878,"path_taken":["M","?","?","$","M","E","M","R","T","E","?","R","$","M","R","BOSS","M","?","M","?","?","R","E","?","T","E","M","M","?","?","R","BOSS","M","M","?","M","M","E","R","?","T","$","?","E","?","$","R","BOSS"],"items_purchased_type":["Relic","Relic","Card","Card","Undefined","Card","Relic","Card"],"build_version":"2020-12-22","purchased_purges":5,"victory":true,"max_hp_per_floor":[75,75,75,75,75,75,75,75,75,75,75,75,75,75,75,75,75,75,75,75,75,75,75,75,75,75,75,75,75,75,75,75,75,75,75,75,75,75,75,75,75,75,83,83,83,83,83,83,83,83],"card_choices":[{"not_picked":["TheCursedMod:SpreadPlague","TheCursedMod:SpitefulPray"],"picked":"TheCursedMod:AbyssShockwave","floor":1},{"not_picked":["TheCursedMod:SaltUponWound","TheCursedMod:CursedBoomerang"],"picked":"TheCursedMod:CircleOfCorruption","floor":5},{"not_picked":["TheCursedMod:Stigma","TheCursedMod:CircleOfFocus"],"picked":"TheCursedMod:SmokeScreen","floor":6},{"not_picked":["TheCursedMod:SpitefulStrike","TheCursedMod:RapidMovement"],"picked":"TheCursedMod:CursedBlade","floor":7},{"not_picked":["TheCursedMod:StingEye","TheCursedMod:VitalStrike","TheCursedMod:CircleOfCorruption"],"picked":"SKIP","floor":10},{"not_picked":["TheCursedMod:SmokeScreen","TheCursedMod:CircleOfWindfury"],"picked":"TheCursedMod:SpitefulPlan","floor":14},{"not_picked":["TheCursedMod:VoidForm","TheCursedMod:AntiAging"],"picked":"TheCursedMod:CursedRelics","floor":16},{"not_picked":["TheCursedMod:CursedShiv","TheCursedMod:FleshFromBone"],"picked":"TheCursedMod:Obscuration","floor":18},{"not_picked":["TheCursedMod:BloodBarrier+1","TheCursedMod:Evocation+1"],"picked":"TheCursedMod:SurpriseAttack","floor":19},{"not_picked":["TheCursedMod:TacticalStrike","TheCursedMod:RavingStaff"],"picked":"TheCursedMod:SpitefulStrike+1","floor":19},{"not_picked":["TheCursedMod:StingEye+1","TheCursedMod:Stretching"],"picked":"TheCursedMod:Obscuration","floor":20},{"not_picked":["TheCursedMod:Torture","TheCursedMod:CursedShiv","TheCursedMod:SpitefulStrike+1"],"picked":"SKIP","floor":22},{"not_picked":["TheCursedMod:BlessingInDisguise+1","TheCursedMod:CircleOfCorruption","TheCursedMod:Stigma"],"picked":"SKIP","floor":24},{"not_picked":["TheCursedMod:UltimatePain","TheCursedMod:DarkBarrier","TheCursedMod:ForbiddenAlchemy"],"picked":"SKIP","floor":26},{"not_picked":["TheCursedMod:VitalStrike","TheCursedMod:CursedBlade"],"picked":"TheCursedMod:DemonicPact","floor":27},{"not_picked":["TheCursedMod:SaltUponWound","TheCursedMod:CursedAmulet"],"picked":"TheCursedMod:SurpriseAttack+1","floor":28},{"not_picked":["TheCursedMod:Obscuration+1","TheCursedMod:Stretching","TheCursedMod:SoulReap"],"picked":"SKIP","floor":29},{"not_picked":["TheCursedMod:CursedRelics","TheCursedMod:CursedAmulet+1"],"picked":"TheCursedMod:SpitefulPray","floor":31},{"not_picked":["TheCursedMod:CircleOfFlame","TheCursedMod:WearCloak"],"picked":"TheCursedMod:RapidMovement+1","floor":35},{"not_picked":["TheCursedMod:CursedMace","TheCursedMod:TacticalStrike+1"],"picked":"TheCursedMod:NeowsMight","floor":36},{"not_picked":["TheCursedMod:Mangle","TheCursedMod:TroublousMinions+1","TheCursedMod:TacticalStrike+1"],"picked":"SKIP","floor":38},{"not_picked":["TheCursedMod:CursedStaff","TheCursedMod:TacticalStrike+1"],"picked":"TheCursedMod:Obscuration","floor":39},{"not_picked":["TheCursedMod:HellsGateOpen","TheCursedMod:Torture"],"picked":"TheCursedMod:Grudge+1","floor":40},{"not_picked":["TheCursedMod:Neurasthenia","TheCursedMod:DemonicPact","TheCursedMod:DemonSword"],"picked":"SKIP","floor":43},{"not_picked":["TheCursedMod:WearCloak","TheCursedMod:VitalStrike","TheCursedMod:SpitefulPray"],"picked":"SKIP","floor":45},{"not_picked":["TheCursedMod:SaltUponWound+1","TheCursedMod:SpitefulStrike","TheCursedMod:ParallelWorld"],"picked":"SKIP","floor":46}],"player_experience":200803,"relics_obtained":[{"floor":6,"key":"Replay:Baseball"},{"floor":9,"key":"DemoMod:ClearGuonStone"},{"floor":10,"key":"DemoMod:SevenLeafClover"},{"floor":19,"key":"War Paint"},{"floor":24,"key":"Mummified Hand"},{"floor":26,"key":"hubris:GlazedTorus"},{"floor":26,"key":"Blood Vial"},{"floor":27,"key":"Grinning Jar"},{"floor":40,"key":"hubris:ToyBattleship"},{"floor":43,"key":"Shuriken"},{"floor":43,"key":"hubris:Spice"},{"floor":46,"key":"TheCursedMod:DemonicMark"}],"event_choices":[{"damage_healed":0,"gold_gain":0,"player_choice":"Ignored","damage_taken":0,"max_hp_gain":0,"max_hp_loss":0,"event_name":"Ghosts","floor":21,"gold_loss":0},{"damage_healed":0,"gold_gain":0,"player_choice":"Read","damage_taken":0,"max_hp_gain":0,"max_hp_loss":0,"event_name":"The Library","floor":25,"gold_loss":0,"cards_obtained":["Calculated Gamble"]},{"damage_healed":0,"gold_gain":999,"player_choice":"Gold","damage_taken":0,"max_hp_gain":0,"max_hp_loss":0,"event_name":"MindBloom","floor":37,"gold_loss":0,"cards_obtained":["Normality","Normality"]},{"damage_healed":0,"gold_gain":0,"player_choice":"Upgraded","damage_taken":0,"max_hp_gain":0,"max_hp_loss":0,"event_name":"Upgrade Shrine","floor":42,"gold_loss":0,"cards_upgraded":["Pot Of Greed"]},{"damage_healed":21,"gold_gain":0,"player_choice":"Writhe","damage_taken":0,"max_hp_gain":0,"max_hp_loss":0,"event_name":"Winding Halls","floor":47,"gold_loss":0,"cards_obtained":["Writhe"]}],"is_beta":false,"boss_relics":[{"not_picked":["hubris:HollowSoul","hubris:RunicObelisk"],"picked":"TheCursedMod:FourLeafCloverCharm"},{"not_picked":["TheCursedMod:BlackMagicAdvanced","ChewingGum"],"picked":"TheCursedMod:OminousMark"}],"items_purged_floors":[30,30,30,44,44],"is_endless":false,"potions_floor_spawned":[6,14,20,22,27,29,33,35,38,40],"ascension_level":1}}