{"host":"7r6bd5ce6zscnmwq","time":1611932895,"event":{"mods":["BaseMod","Block Reminder","Colored Powertips","Downfall","Minty Spire (QoL Compilation)","Quick Restart","StSLib"],"gold_per_floor":[99,114,128,128,142,154,206,223,223,223,223,246,246,17,40,153,153,153,172,200,354,58,74,74,103,103,103,103],"floor_reached":26,"language":"ENG","playtime":2984,"items_purged":["hexamod:Defend","Parasite"],"score":202,"play_id":"c707dcc7-efdc-4a74-819f-91ebfa5ac46b","local_time":"20210130000815","is_ascension_mode":false,"campfire_choices":[{"data":"hexamod:Sear","floor":1.0,"key":"SMITH"},{"data":"hexamod:Again","floor":11.0,"key":"SMITH"},{"data":"hexamod:Float","floor":13.0,"key":"SMITH"},{"floor":18,"key":"RECALL"}],"circlet_count":0,"master_deck":["hexamod:Strike","hexamod:Strike","hexamod:Strike","hexamod:Strike","hexamod:Defend","hexamod:Defend","hexamod:Defend","hexamod:Sear+1","hexamod:Float+1","hexamod:PhantomFireball","hexamod:EmpoweredFlame","hexamod:BurningTouch","hexamod:HeatCrush","hexamod:Again+1","hexamod:SoulSteal","hexamod:InspiringFlames","hexamod:FastForward","hexamod:TimeOfNeed+1","hexamod:Hexaguard","hexamod:ForkedFlame","hexamod:FastForward+1","hexamod:Sear","hexamod:BurningTouch","hexamod:PhantomCloak","hexamod:SixthSeal","Dark Shackles+1","hexamod:ExtraCrispy","hexamod:AdvancingGuard"],"relics":["hexamod:UnbrokenSoul","Bag of Preparation","CeramicFish","downfall:GremlinSack","Nunchaku"],"acts_visited":["Exordium","TheCity"],"potions_floor_usage":[16,16,16,21],"damage_taken":[{"damage":1.0,"enemies":"Jaw Worm","floor":2.0,"turns":3.0},{"damage":0.0,"enemies":"Cultist","floor":3.0,"turns":3.0},{"damage":5.0,"enemies":"Small Slimes","floor":5.0,"turns":3.0},{"damage":11.0,"enemies":"Red Slaver","floor":6.0,"turns":4.0},{"damage":5.0,"enemies":"Large Slime","floor":8.0,"turns":5.0},{"damage":0.0,"enemies":"Lots of Slimes","floor":12.0,"turns":1.0},{"damage":0.0,"enemies":"downfall:FleeingMerchant","floor":14.0,"turns":4.0},{"damage":4.0,"enemies":"Blue Slaver","floor":15.0,"turns":3.0},{"damage":16,"enemies":"IC_STATUS_ARCHETYPE","floor":16,"turns":5},{"damage":8,"enemies":"Spheric Guardian","floor":19,"turns":4},{"damage":7,"enemies":"3 Byrds","floor":20,"turns":4},{"damage":18,"enemies":"3 Byrds","floor":21,"turns":3},{"damage":0,"enemies":"downfall:FleeingMerchant","floor":22,"turns":4},{"damage":24,"enemies":"Centurion and Healer","floor":23,"turns":6},{"damage":10,"enemies":"Snecko","floor":25,"turns":4},{"damage":7,"enemies":"3 Cultists","floor":26,"turns":2}],"seed_played":"-3758705741236089942","potions_obtained":[{"floor":3.0,"key":"Explosive Potion"},{"floor":4.0,"key":"hexamod:DoubleChargePotion"},{"floor":4.0,"key":"BlessingOfTheForge"},{"floor":6.0,"key":"Regen Potion"},{"floor":15.0,"key":"Block Potion"},{"floor":19,"key":"hexamod:InfernoChargePotion"},{"floor":20,"key":"SteroidPotion"},{"floor":25,"key":"SkillPotion"}],"is_trial":false,"path_per_floor":["R","M","M","?","M","M","T","M","?","?","R","M","R","$","M","B",null,"R","M","M","?","$","M","T","M","M"],"character_chosen":"THE_SPIRIT","items_purchased":["hexamod:TimeOfNeed","Nunchaku","hexamod:ExtraCrispy"],"campfire_rested":0,"item_purchase_floors":[14,22,22],"current_hp_per_floor":[70,69,69,69,64,53,53,48,45,45,45,45,45,45,41,39,70,70,62,55,37,37,13,13,3,0,0,0],"gold":103,"neow_bonus":"THREE_CARDS","is_daily":false,"chose_seed":false,"campfire_upgraded":3,"win_rate":0.0,"timestamp":1611932895,"path_taken":["R","M","M","?","?","M","T","M","?","?","R","?","R","?","M","BOSS","R","M","M","?","$","M","T","M","?"],"items_purchased_type":["Card","Relic","Card"],"build_version":"2020-12-22","purchased_purges":2,"victory":false,"max_hp_per_floor":[70,70,70,70,70,70,70,70,70,70,70,70,70,70,70,70,70,70,70,70,70,67,67,67,67,67,67,67],"card_choices":[{"not_picked":["hexamod:CatchUp","hexamod:BurningTouch"],"picked":"hexamod:PhantomFireball","floor":0.0},{"not_picked":["hexamod:SpectersWail","hexamod:Hexaguard"],"picked":"hexamod:EmpoweredFlame","floor":2.0},{"not_picked":["hexamod:Incineration","hexamod:HauntingEcho"],"picked":"hexamod:BurningTouch","floor":3.0},{"not_picked":["hexamod:NightmareGuise","hexamod:GhostLash"],"picked":"hexamod:HeatCrush","floor":5.0},{"not_picked":["hexamod:EmpoweredFlame","hexamod:PhantomFireball"],"picked":"hexamod:Again","floor":6.0},{"not_picked":["hexamod:ChargedBarrage","hexamod:HeatMetal"],"picked":"hexamod:SoulSteal","floor":8.0},{"not_picked":["hexamod:NightmareGuise","hexamod:BacktrackSmack"],"picked":"hexamod:InspiringFlames","floor":12.0},{"not_picked":["hexamod:Rewind","hexamod:HeatMetal"],"picked":"hexamod:FastForward","floor":14.0},{"not_picked":["hexamod:PhantomFireball","hexamod:GhostShield"],"picked":"hexamod:Hexaguard","floor":15.0},{"not_picked":["hexamod:GhostOfSpirePresent","hexamod:HexaLevel"],"picked":"hexamod:ForkedFlame","floor":16},{"not_picked":["hexamod:InspiringFlames+1","hexamod:SpectersWail","hexamod:RecurringNightmare+1"],"picked":"SKIP","floor":19},{"not_picked":["hexamod:GhostOfSpireFuture+1","hexamod:AdvancingGuard"],"picked":"hexamod:FastForward+1","floor":20},{"not_picked":["hexamod:PowerFromBeyond+1","hexamod:ThermalTransfer","hexamod:Haunt+1"],"picked":"SKIP","floor":22},{"not_picked":["hexamod:GhostOfSpireFuture","hexamod:Haunt","hexamod:Rewind+1"],"picked":"SKIP","floor":23},{"not_picked":["hexamod:BacktrackSmack","hexamod:Rewind+1"],"picked":"hexamod:AdvancingGuard","floor":25}],"player_experience":642801,"relics_obtained":[{"floor":7.0,"key":"Bag of Preparation"},{"floor":21,"key":"downfall:GremlinSack"}],"event_choices":[{"damage_healed":0.0,"max_hp_gain":0.0,"max_hp_loss":0.0,"gold_gain":0.0,"event_name":"Lab","player_choice":"Got Potions","floor":4.0,"gold_loss":0.0,"damage_taken":0.0},{"damage_healed":0.0,"max_hp_gain":0.0,"max_hp_loss":0.0,"gold_gain":0.0,"event_name":"Scrap Ooze","player_choice":"Success","floor":9.0,"gold_loss":0.0,"damage_taken":3.0,"relics_obtained":["CeramicFish"]}],"is_beta":false,"boss_relics":[{"not_picked":["Sozu","Calling Bell"],"picked":"hexamod:UnbrokenSoul"}],"items_purged_floors":[14,22],"is_endless":false,"potions_floor_spawned":[3,6,15,19,20,25],"killed_by":"3 Cultists","ascension_level":0}}