{"host":"x3688v8yj57o2b0e","time":1611880317,"event":{"mods":["BaseMod","Minty Spire (QoL Compilation)"],"gold_per_floor":[118,128,128,44,65,103,123,123,148,148,171,195,195,229,229,229,229],"floor_reached":16,"language":"ENG","playtime":1835,"items_purged":[],"score":135,"play_id":"18ae46ec-1ef4-4af8-820a-29e5d3376656","local_time":"20210128193157","is_ascension_mode":false,"campfire_choices":[{"data":"Eruption","floor":8,"key":"SMITH"},{"floor":10,"key":"REST"},{"data":"Collect","floor":13,"key":"SMITH"},{"data":"Conclude","floor":15,"key":"SMITH"}],"circlet_count":0,"master_deck":["Strike_P","Strike_P","Strike_P","Defend_P","Defend_P","Defend_P+1","Defend_P","Eruption+1","Vigilance","Collect+1","Halt+1","ThirdEye","CutThroughFate","Sanctity","CrushJoints","Conclude+1","Scrawl","Adaptation","Halt"],"relics":["PureWater","Golden Idol","Smiling Mask","Blood Vial","War Paint","Omamori"],"acts_visited":["Exordium"],"potions_floor_usage":[14,16,16],"damage_taken":[{"damage":1,"enemies":"Jaw Worm","floor":1,"turns":4},{"damage":12,"enemies":"2 Louse","floor":2,"turns":2},{"damage":0,"enemies":"Small Slimes","floor":5,"turns":4},{"damage":14,"enemies":"3 Sentries","floor":6,"turns":11},{"damage":15,"enemies":"Red Slaver","floor":7,"turns":5},{"damage":7,"enemies":"Blue Slaver","floor":11,"turns":3},{"damage":0,"enemies":"Gremlin Nob","floor":14,"turns":2},{"damage":36,"enemies":"Hexaghost","floor":16,"turns":11}],"seed_played":"8968022824325632208","potions_obtained":[{"floor":2,"key":"SteroidPotion"},{"floor":5,"key":"SkillPotion"},{"floor":14,"key":"SpeedPotion"}],"is_trial":false,"path_per_floor":["M","M","?","$","M","E","M","R","T","R","M","T","R","E","R","B"],"character_chosen":"WATCHER","items_purchased":["CutThroughFate","Sanctity"],"campfire_rested":1,"item_purchase_floors":[4,4],"current_hp_per_floor":[71,59,41,41,41,27,12,12,12,33,28,28,28,30,30,0,0],"gold":229,"neow_bonus":"TRANSFORM_CARD","is_daily":false,"chose_seed":false,"campfire_upgraded":3,"win_rate":0.0,"timestamp":1611880317,"path_taken":["M","M","?","$","M","E","M","R","T","R","M","?","R","E","R","BOSS"],"items_purchased_type":["Card","Card"],"build_version":"2020-12-22","purchased_purges":0,"victory":false,"max_hp_per_floor":[72,72,72,72,72,72,72,72,72,72,72,72,72,72,72,72,72],"card_choices":[{"not_picked":["PathToVictory","EmptyBody"],"picked":"Halt","floor":1},{"not_picked":["Fasting2","CrushJoints"],"picked":"ThirdEye","floor":2},{"not_picked":["ThirdEye","Worship"],"picked":"CrushJoints","floor":5},{"not_picked":["FlurryOfBlows","MentalFortress"],"picked":"Conclude","floor":6},{"not_picked":["Indignation","CrushJoints"],"picked":"Scrawl","floor":7},{"not_picked":["BattleHymn","Prostrate"],"picked":"Adaptation","floor":11},{"not_picked":["Swivel","JustLucky"],"picked":"Halt","floor":14}],"player_experience":166641,"relics_obtained":[{"floor":6,"key":"Smiling Mask"},{"floor":9,"key":"Blood Vial"},{"floor":12,"key":"War Paint"},{"floor":14,"key":"Omamori"}],"event_choices":[{"damage_healed":0,"gold_gain":0,"player_choice":"Take Damage","damage_taken":18,"relics_obtained":["Golden Idol"],"max_hp_gain":0,"max_hp_loss":0,"event_name":"Golden Idol","floor":3,"gold_loss":0}],"is_beta":false,"boss_relics":[],"items_purged_floors":[],"is_endless":false,"potions_floor_spawned":[2,5,14],"killed_by":"Hexaghost","ascension_level":0}}