{"host":"6rz02yiipefhcw4r","time":1611896087,"event":{"mods":["2.2 Compatiblity","BaseMod","Block Reminder","Colored Map","Curses Come First","DeckTracker","Googly Eyes","Minty Spire (QoL Compilation)","Quick Restart","Rare Cards Sparkle","StSLib"],"gold_per_floor":[110,35,35,52,52,81,98,123,149,2,16,26,26,26,26,101,101,121,121,19,69,87,87,106,106,106],"floor_reached":25,"language":"ENG","playtime":857,"items_purged":["Regret","Strike_R","Strike_R"],"score":422,"play_id":"33b21fb4-bc15-46af-b659-de02fcef323f","local_time":"20210129025447","is_ascension_mode":true,"campfire_choices":[{"floor":13.0,"key":"REST"},{"data":"Limit Break","floor":15.0,"key":"SMITH"},{"floor":23,"key":"REST"}],"circlet_count":0,"master_deck":["AscendersBane","Strike_R","Strike_R","Strike_R","Defend_R+1","Defend_R","Defend_R","Defend_R","Bash","Apotheosis+1","Fire Breathing","True Grit","Clothesline","Limit Break+1","Spot Weakness+1","Evolve","Twin Strike","Headbutt","Reaper","CurseOfTheBell","True Grit","Pommel Strike"],"relics":["Burning Blood","Strawberry","Smiling Mask","Akabeko","Calling Bell","War Paint","Meat on the Bone","Dead Branch"],"acts_visited":["Exordium","TheCity"],"potions_floor_usage":[25],"damage_taken":[{"damage":10.0,"enemies":"Small Slimes","floor":1.0,"turns":5.0},{"damage":0.0,"enemies":"Cultist","floor":4.0,"turns":3.0},{"damage":5.0,"enemies":"3 Sentries","floor":6.0,"turns":5.0},{"damage":0.0,"enemies":"Jaw Worm","floor":7.0,"turns":3.0},{"damage":55.0,"enemies":"Gremlin Nob","floor":8.0,"turns":6.0},{"damage":14.0,"enemies":"3 Louse","floor":11.0,"turns":4.0},{"damage":4.0,"enemies":"2 Fungi Beasts","floor":12.0,"turns":3.0},{"damage":26.0,"enemies":"Hexaghost","floor":16.0,"turns":9.0},{"damage":61,"enemies":"3 Byrds","floor":18,"turns":8},{"damage":22,"enemies":"Chosen","floor":22,"turns":4},{"damage":30,"enemies":"Snake Plant","floor":24,"turns":4},{"damage":51,"enemies":"Book of Stabbing","floor":25,"turns":3}],"seed_played":"6375195999275931724","potions_obtained":[{"floor":1.0,"key":"GamblersBrew"},{"floor":4.0,"key":"Dexterity Potion"},{"floor":24,"key":"AttackPotion"}],"is_trial":false,"path_per_floor":["M","$","?","M","?","E","M","E","T","$","M","M","R","?","R","B",null,"M","?","$","?","M","R","M","E"],"character_chosen":"IRONCLAD","items_purchased":["Evolve","Twin Strike","Pommel Strike"],"campfire_rested":2,"item_purchase_floors":[10,10,20],"current_hp_per_floor":[64,64,64,70,70,78,82,33,33,33,25,27,51,51,51,31,69,34,34,34,34,30,54,51,0,0],"gold":106,"neow_bonus":"RANDOM_COLORLESS_2","is_daily":false,"chose_seed":false,"campfire_upgraded":1,"win_rate":0.0,"timestamp":1611896087,"path_taken":["M","$","?","?","?","E","M","E","T","$","M","M","R","?","R","BOSS","M","?","$","?","M","R","?","E"],"items_purchased_type":["Card","Card","Card"],"build_version":"2020-12-22","purchased_purges":3,"victory":false,"max_hp_per_floor":[75,75,75,75,75,82,82,82,82,82,82,82,82,82,82,82,82,82,82,82,82,82,82,82,82,82],"card_choices":[{"not_picked":["The Bomb","Secret Weapon"],"picked":"Apotheosis","floor":0.0},{"not_picked":["Bloodletting","Headbutt"],"picked":"Fire Breathing","floor":1.0},{"not_picked":["Armaments","Anger"],"picked":"True Grit","floor":4.0},{"not_picked":["Pommel Strike","Flex"],"picked":"Clothesline","floor":6.0},{"not_picked":["Clash","Flex"],"picked":"Limit Break","floor":7.0},{"not_picked":["Iron Wave","Body Slam"],"picked":"Spot Weakness","floor":8.0},{"not_picked":["Pommel Strike","Searing Blow"],"picked":"Headbutt","floor":11.0},{"not_picked":["Blood for Blood","Havoc","Clothesline"],"picked":"SKIP","floor":12.0},{"not_picked":["Impervious","Immolate"],"picked":"Reaper","floor":16.0},{"not_picked":["Twin Strike","Flex"],"picked":"True Grit","floor":18},{"not_picked":["Cleave","Hemokinesis","Dual Wield"],"picked":"SKIP","floor":22},{"not_picked":["Blood for Blood+1","Anger","Thunderclap"],"picked":"SKIP","floor":24}],"player_experience":757113,"relics_obtained":[{"floor":6.0,"key":"Strawberry"},{"floor":8.0,"key":"Smiling Mask"},{"floor":9.0,"key":"Akabeko"},{"floor":17.0,"key":"War Paint"},{"floor":17.0,"key":"Meat on the Bone"},{"floor":17.0,"key":"Dead Branch"}],"event_choices":[{"damage_healed":0.0,"max_hp_gain":0.0,"max_hp_loss":0.0,"gold_gain":0.0,"event_name":"Upgrade Shrine","player_choice":"Upgraded","floor":3.0,"gold_loss":0.0,"damage_taken":0.0,"cards_upgraded":["Apotheosis"]},{"damage_healed":0.0,"max_hp_gain":0.0,"max_hp_loss":0.0,"gold_gain":0.0,"event_name":"Shining Light","player_choice":"Ignored","floor":5.0,"gold_loss":0.0,"damage_taken":0.0},{"damage_healed":0.0,"max_hp_gain":0.0,"max_hp_loss":0.0,"gold_gain":0.0,"event_name":"Liars Game","player_choice":"Ignored","floor":14.0,"gold_loss":0.0,"damage_taken":0.0},{"damage_healed":0,"gold_gain":0,"player_choice":"Ignored","damage_taken":0,"max_hp_gain":0,"max_hp_loss":0,"event_name":"Vampires","floor":19,"gold_loss":0},{"damage_healed":0,"gold_gain":50,"player_choice":"Stole From Cult","damage_taken":0,"max_hp_gain":0,"max_hp_loss":0,"event_name":"Nest","floor":21,"gold_loss":0}],"is_beta":false,"boss_relics":[{"not_picked":["Runic Dome","Pandora\u0027s Box"],"picked":"Calling Bell"}],"items_purged_floors":[2,10,20],"is_endless":false,"potions_floor_spawned":[1,4,24],"killed_by":"Book of Stabbing","ascension_level":20}}