{"host":"dn6kke80v5f7isus","time":1611905105,"event":{"mods":["AchievementEnabler","Act Like it!","BaseMod","Colored Powertips","Custom Start","Defuse TimeMaze Blight","Gremlin Skip","Highlight Path","Hubris","Infinite Spire","Marisa????????","Minty Spire (QoL Compilation)","Rare Cards Sparkle","Replay The Spire","StSLib","The Servant 0.9.4","Uncapped","Unceasing Turn Reminder"],"gold_per_floor":[110,110,121,121,131,180,210,210,210,9251,9251,8510,8510,8116,8116,8217,8217,8229,3215,3130,3200,3299,3299,3326,417,417],"floor_reached":25,"language":"ENG","playtime":670,"items_purged":["WitchOfGreed"],"score":340,"play_id":"93680111-ef6b-4aa3-b52b-874a6bb7c98c","local_time":"20210129022505","is_ascension_mode":true,"campfire_choices":[{"data":"EarthLightRay","floor":11.0,"key":"SMITH"},{"data":"EnergyFlow","floor":13.0,"key":"SMITH"},{"data":"UpSweep","floor":15.0,"key":"SMITH"},{"data":"EarthLightRay","floor":23,"key":"SMITH"}],"circlet_count":0,"master_deck":["Strike_MRS","Strike_MRS","Strike_MRS","Strike_MRS","Defend_MRS","Defend_MRS+1","Defend_MRS","Defend_MRS","MasterSpark","UpSweep+1","RefractionSpark+1","EarthLightRay+1","EnergyFlow+1","Parasite","Parasite","EarthLightRay+1"],"relics":["MiniHakkero","NeowsBlessing","hubris:DeckOfHolding","infinitespire:EmpoweringShard","hubris:TenFootPole","ClockworkSouvenir","Art of War","WingedGreaves","Blood Vial","Replay:Bottled Steam","hubris:Backtick","The Courier","Chemical X","Darkstone Periapt","StrikeDummy","TungstenRod","Eternal Feather","hubris:TinFlute","Potion Belt","Pen Nib","HandmadeGrimoire","ReplayFunnel","Bag of Marbles","infinitespire:Satchel","Replay:Mystery Machine","Regal Pillow","ShroomBag","infinitespire:Beetle Shell","hubris:SphereOfDissonance","hubris:MysteriousPyramids","Kunai","Ancient Tea Set","hubris:64BitClover","Replay:Wax Seal","hubris:MobiusCoin","Counterbalance","StoneCalendar","Akabeko","hubris:ToyBattleship","Replay:Rubber Ducky","Pear","PreservedInsect","infinitespire:PuzzleCube","Oddly Smooth Stone","Tiny Chest","Ice Cream","Letter Opener","Iron Hammer","Dream Catcher","infinitespire:Bottled Soul","hubris:SlimyHat","Pondfish Scales","Frozen Egg 2","Blue Doll","MealTicket","Centennial Puzzle","ReplayTheSpireMod:TigerMarble","CeramicFish","hubris:BundleOfHerbs","infinitespire:Joker Card","Toy Ornithopter","White Beast Statue","MagicBroom"],"acts_visited":["Exordium","TheCity"],"potions_floor_usage":[21],"damage_taken":[{"damage":0.0,"enemies":"2 Louse","floor":1.0,"turns":1.0},{"damage":0.0,"enemies":"Jaw Worm","floor":3.0,"turns":1.0},{"damage":0.0,"enemies":"Small Slimes","floor":5.0,"turns":1.0},{"damage":42.0,"enemies":"Gremlin Nob","floor":6.0,"turns":5.0},{"damage":0.0,"enemies":"Blue Slaver","floor":7.0,"turns":4.0},{"damage":28.0,"enemies":"3 Sentries","floor":10.0,"turns":6.0},{"damage":51.0,"enemies":"The Guardian","floor":16.0,"turns":7.0},{"damage":47,"enemies":"Shell Parasite","floor":18,"turns":6},{"damage":0,"enemies":"3 Byrds","floor":21,"turns":4},{"damage":0,"enemies":"Gremlin Leader","floor":24,"turns":2}],"seed_played":"-8632329887175999372","potions_obtained":[{"floor":3.0,"key":"Block Potion"},{"floor":6.0,"key":"Toxic Potion"},{"floor":6.0,"key":"Languid Potion"},{"floor":10.0,"key":"Weak Potion"},{"floor":16.0,"key":"Languid Potion"},{"floor":24,"key":"SneckoOil"}],"is_trial":false,"path_per_floor":["M","?","M","?","M","E","M","?","T","E","R","$","R","$","R","B",null,"M","$","?","M","?","R","E","$"],"character_chosen":"MARISA","items_purchased":["ClockworkSouvenir","Art of War","WingedGreaves","EnergyFlow","Blood Vial","Replay:Bottled Steam","Chemical X","Darkstone Periapt","StrikeDummy","TungstenRod","Eternal Feather","hubris:TinFlute","Potion Belt","Pen Nib","HandmadeGrimoire","ReplayFunnel","Bag of Marbles","infinitespire:Satchel","Replay:Mystery Machine","Regal Pillow","ShroomBag","infinitespire:Beetle Shell","hubris:SphereOfDissonance","hubris:MysteriousPyramids","Kunai","Ancient Tea Set","hubris:64BitClover","Replay:Wax Seal","hubris:MobiusCoin","Counterbalance","StoneCalendar","Akabeko","hubris:ToyBattleship","Replay:Rubber Ducky","Pear","PreservedInsect","infinitespire:PuzzleCube","Oddly Smooth Stone","Letter Opener","Iron Hammer","Dream Catcher","infinitespire:Bottled Soul","hubris:SlimyHat","Pondfish Scales","Frozen Egg 2","Blue Doll","MealTicket","Centennial Puzzle","ReplayTheSpireMod:TigerMarble","CeramicFish","hubris:BundleOfHerbs","infinitespire:Joker Card","Toy Ornithopter","White Beast Statue","MagicBroom"],"campfire_rested":0,"item_purchase_floors":[12,12,12,12,14,14,19,19,19,19,19,19,19,19,19,19,19,19,19,19,19,19,19,19,19,19,19,19,19,19,19,19,19,19,19,19,19,19,25,25,25,25,25,25,25,25,25,25,25,25,25,25,25,25,25],"current_hp_per_floor":[75,75,75,60,60,18,22,22,22,51,51,51,51,51,51,8,75,33,55,55,67,67,76,84,84,84],"gold":417,"neow_bonus":"THREE_ENEMY_KILL","is_daily":false,"chose_seed":false,"campfire_upgraded":4,"win_rate":0.0,"timestamp":1611905105,"path_taken":["M","?","M","?","M","E","?","?","T","E","R","$","R","?","R","BOSS","M","$","?","M","?","R","E","$"],"items_purchased_type":["Relic","Relic","Relic","Card","Relic","Relic","Relic","Relic","Relic","Relic","Relic","Relic","Relic","Relic","Relic","Relic","Relic","Relic","Relic","Relic","Relic","Relic","Relic","Relic","Relic","Relic","Relic","Relic","Relic","Relic","Relic","Relic","Relic","Relic","Relic","Relic","Relic","Relic","Relic","Relic","Relic","Relic","Relic","Relic","Relic","Relic","Relic","Relic","Relic","Relic","Relic","Relic","Relic","Relic","Relic"],"build_version":"2020-12-22","purchased_purges":1,"victory":false,"max_hp_per_floor":[75,75,75,75,75,75,75,75,75,75,75,75,75,75,75,75,75,75,97,97,97,97,97,97,97,97],"card_choices":[{"not_picked":["GalacticHalo","GravityBeat"],"picked":"WitchOfGreed","floor":1.0},{"not_picked":["SuperPerseids","PowerUp"],"picked":"RefractionSpark","floor":3.0},{"not_picked":["UnstableBomb","EnergyRecoil","ShootingEcho"],"picked":"SKIP","floor":5.0},{"not_picked":["EventHorizon","MilkyWay"],"picked":"EarthLightRay","floor":6.0},{"not_picked":["IllusionStar","GalacticHalo","StarBarrage"],"picked":"SKIP","floor":7.0},{"not_picked":["BlazingStar","MysteriousBeam","MagicAbsorber"],"picked":"SKIP","floor":10.0},{"not_picked":["NonDirectionalLaser+1","Occultation","MilkyWay"],"picked":"SKIP","floor":18},{"not_picked":["AlicesGift","PulseMagic"],"picked":"EarthLightRay","floor":21},{"not_picked":["DarkMatter","NonDirectionalLaser+1","BinaryStars"],"picked":"SKIP","floor":24}],"player_experience":400521,"relics_obtained":[{"floor":6.0,"key":"hubris:DeckOfHolding"},{"floor":9.0,"key":"infinitespire:EmpoweringShard"},{"floor":10.0,"key":"hubris:TenFootPole"},{"floor":24,"key":"Ice Cream"}],"event_choices":[{"damage_healed":0.0,"max_hp_gain":0.0,"max_hp_loss":0.0,"gold_gain":0.0,"event_name":"Shining Light","player_choice":"Entered Light","floor":4.0,"gold_loss":0.0,"damage_taken":15.0,"cards_upgraded":["RefractionSpark","Defend_MRS"]},{"damage_healed":0.0,"max_hp_gain":0.0,"max_hp_loss":0.0,"gold_gain":0.0,"event_name":"Golden Wing","player_choice":"Ignored","floor":8.0,"gold_loss":0.0,"damage_taken":0.0},{"damage_healed":0,"gold_gain":0,"player_choice":"Obtained Relic","damage_taken":0,"relics_obtained":["Tiny Chest"],"max_hp_gain":0,"max_hp_loss":0,"event_name":"Addict","floor":20,"gold_loss":85},{"damage_healed":0,"gold_gain":99,"player_choice":"Stole From Cult","damage_taken":0,"max_hp_gain":0,"max_hp_loss":0,"event_name":"Nest","floor":22,"gold_loss":0}],"is_beta":false,"boss_relics":[{"not_picked":["Tiny House","Cursed Key"],"picked":"hubris:Backtick"}],"items_purged_floors":[12],"is_endless":false,"potions_floor_spawned":[3,6,10,16,24],"ascension_level":1}}