{"host":"hca6liskeo7s99fa","time":1611950635,"event":{"mods":["BaseMod","Downfall","Hermit","Minty Spire (QoL Compilation)","Replay The Spire","StSLib"],"gold_per_floor":[119,133,133,133,149,149,179,57,57,90,104,116,20,35,35,35,35],"floor_reached":16,"language":"ENG","playtime":1344,"items_purged":[],"score":123,"play_id":"b4681aa4-2dbf-40a2-bad0-a940996af78b","local_time":"20210129150355","is_ascension_mode":true,"campfire_choices":[{"data":"Slice","floor":6,"key":"SMITH"},{"data":"ReplayTheSpireMod:Exploit Weakness","floor":15,"key":"SMITH"}],"circlet_count":0,"master_deck":["Strike_G","Strike_G","Strike_G","Strike_G","Defend_G","Defend_G","Defend_G","Defend_G","Defend_G","Survivor","Neutralize+1","Backflip","Outmaneuver","Slice+1","Leg Sweep","Thinking Ahead","Blind","Dramatic Entrance","Accuracy","ReplayTheSpireMod:Exploit Weakness+1","Sucker Punch+1","Choke+1","Slice+1"],"relics":["Ring of the Snake","Mummified Hand","Replay:Bottled Steam","ReplayTheSpireMod:ShopPack","Molten Egg 2","Art of War"],"acts_visited":["Exordium"],"potions_floor_usage":[10,14,16],"damage_taken":[{"damage":1,"enemies":"Jaw Worm","floor":1,"turns":4},{"damage":0,"enemies":"Cultist","floor":2,"turns":5},{"damage":2,"enemies":"Small Slimes","floor":5,"turns":6},{"damage":44,"enemies":"3 Sentries","floor":7,"turns":12},{"damage":10,"enemies":"Lagavulin","floor":10,"turns":9},{"damage":0,"enemies":"2 Fungi Beasts","floor":11,"turns":4},{"damage":0,"enemies":"Looter","floor":12,"turns":3},{"damage":0,"enemies":"Gremlin Gang","floor":14,"turns":4},{"damage":16,"enemies":"Fading Forest","floor":16,"turns":4}],"seed_played":"-3755666082028701955","potions_obtained":[{"floor":7,"key":"LiquidMemories"},{"floor":12,"key":"SkillPotion"},{"floor":14,"key":"SteroidPotion"}],"is_trial":false,"path_per_floor":["M","M","?","T","M","R","E","$","T","E","M","M","$","M","R","B"],"character_chosen":"THE_SILENT","items_purchased":["ReplayTheSpireMod:ShopPack","Sucker Punch+1","Choke+1"],"campfire_rested":0,"item_purchase_floors":[8,13,13],"current_hp_per_floor":[69,69,62,62,60,60,16,16,16,6,6,6,6,6,6,0,0],"gold":35,"neow_bonus":"UPGRADE_CARD","is_daily":false,"chose_seed":false,"campfire_upgraded":2,"win_rate":0.0,"timestamp":1611950635,"path_taken":["M","M","?","?","?","R","E","?","T","E","M","M","$","M","R","BOSS"],"items_purchased_type":["Relic","Card","Card"],"build_version":"2020-12-22","purchased_purges":0,"victory":false,"max_hp_per_floor":[70,70,70,70,70,70,70,70,70,70,70,70,70,70,70,70,70],"card_choices":[{"not_picked":["Underhanded Strike","Slice"],"picked":"Backflip","floor":1},{"not_picked":["Dodge and Roll","Fluid Movement"],"picked":"Outmaneuver","floor":2},{"not_picked":["Finisher","Bane"],"picked":"Slice","floor":5},{"not_picked":["Burst","Outmaneuver"],"picked":"Leg Sweep","floor":7},{"not_picked":["Midas Touch","Mayhem"],"picked":"Thinking Ahead","floor":8},{"not_picked":["The Bomb","Mayhem"],"picked":"Blind","floor":8},{"not_picked":["Discovery","Purity"],"picked":"Dramatic Entrance","floor":8},{"not_picked":["Acrobatics","Deflect"],"picked":"Accuracy","floor":10},{"not_picked":["Accuracy","PiercingWail"],"picked":"ReplayTheSpireMod:Exploit Weakness","floor":11},{"not_picked":["Dodge and Roll","Well Laid Plans","Backflip"],"picked":"SKIP","floor":12},{"not_picked":["Backflip","Flying Knee+1"],"picked":"Slice+1","floor":14}],"player_experience":293052,"relics_obtained":[{"floor":4,"key":"Mummified Hand"},{"floor":7,"key":"Replay:Bottled Steam"},{"floor":9,"key":"Molten Egg 2"},{"floor":10,"key":"Art of War"}],"event_choices":[{"cards_removed":["Strike_G"],"damage_healed":0,"gold_gain":0,"player_choice":"Card Removal","damage_taken":7,"max_hp_gain":0,"max_hp_loss":0,"event_name":"Golden Wing","floor":3,"gold_loss":0}],"is_beta":false,"boss_relics":[],"items_purged_floors":[],"is_endless":false,"potions_floor_spawned":[7,12,14],"killed_by":"Fading Forest","ascension_level":2}}