{"host":"684z1xpuwaoqmmh1","time":1611924552,"event":{"mods":["BaseMod","Downfall","Hermit","Jorbs\u0027s Wanderer Trilogy","Marisa????????","Minty Spire (QoL Compilation)","Robot Space Explorer","Shade Mod","StSLib","The Bug Knight","The Cursed","The Dragon Tamer","The Hayseed","The Hierophant","The Marked","The Mystic","The Runesmith","The Senshi"],"gold_per_floor":[118,133,23,33,49,49,82,82,82,157,8,8,8,33,33,136,136,146,163,163,175,192,192,192,225,280,306,306,318,318,345,345,441,441,451,315,263,279,279,279,48,75,101,126,126,151,161,161,161,161,161,161,47,82,82,82],"floor_reached":55,"language":"ENG","playtime":3095,"items_purged":["Runesmith:Strike_RS","Runesmith:NegativeSpace+1"],"score":1024,"play_id":"838cd407-ed19-4cb7-90ca-d27ddbcace03","local_time":"20210129144912","is_ascension_mode":true,"campfire_choices":[{"data":"Runesmith:Fortify","floor":6,"key":"SMITH"},{"data":"Runesmith:Firewall","floor":12,"key":"SMITH"},{"data":"Runesmith:HeatedChisel","floor":15,"key":"SMITH"},{"floor":23,"key":"REST"},{"data":"Runesmith:Firestorm","floor":28,"key":"SMITH"},{"floor":30,"key":"REST"},{"data":"Runesmith:CreatorForm","floor":32,"key":"SMITH"},{"floor":40,"key":"RECALL"},{"data":"Runesmith:UnlimitedPower","floor":45,"key":"SMITH"},{"data":"Runesmith:PoweredAnvil","floor":49,"key":"SMITH"},{"data":"Runesmith:CraftFirestone","floor":52,"key":"SMITH"}],"circlet_count":0,"master_deck":["Runesmith:Strike_RS","Runesmith:Defend_RS","Runesmith:Defend_RS+1","Runesmith:Defend_RS","Runesmith:CraftFirestone+1","Runesmith:Fortify+1","Runesmith:ChargedHammer","Runesmith:UnstableHammer","Runesmith:Firestorm+1","Runesmith:Firewall+1","Runesmith:CraftSpiculum","Runesmith:Supernova+1","Runesmith:HeatedChisel+1","Runesmith:CreatorForm+1","Runesmith:BackupBattery+1","Runesmith:CraftProtectio","Runesmith:CraftObretio+1","Runesmith:Permafrost+1","Runesmith:EnergizedChisel","Runesmith:CraftMagma","Runesmith:UnlimitedPower+1","Runesmith:CreatorForm+1","Runesmith:Duplicate+1","Runesmith:OneForEveryone","Flash of Steel","Runesmith:PoweredAnvil+1","Runesmith:CraftPrismatica","Runesmith:GoWithTheFlow","Runesmith:LithiumIon"],"relics":["Runesmith:BrokenRuby","Ancient Tea Set","Happy Flower","HornCleat","ClockworkSouvenir","Bird Faced Urn","Philosopher\u0027s Stone","Centennial Puzzle","PreservedInsect","bronze:DecasWashers","Eternal Feather","Astrolabe","Pantograph","Guardian:PocketSentry","Dream Catcher","War Paint","Akabeko","Bag of Marbles"],"acts_visited":["Exordium","TheCity","TheBeyond","TheEnding"],"potions_floor_usage":[18,25,27,35,44,50,55,55,55],"damage_taken":[{"damage":0,"enemies":"Cultist","floor":1,"turns":4},{"damage":0,"enemies":"Small Slimes","floor":2,"turns":4},{"damage":2,"enemies":"2 Louse","floor":4,"turns":2},{"damage":3,"enemies":"Blue Slaver","floor":5,"turns":4},{"damage":5,"enemies":"Lagavulin","floor":7,"turns":6},{"damage":3,"enemies":"Gremlin Nob","floor":14,"turns":4},{"damage":6,"enemies":"Slime Boss","floor":16,"turns":6},{"damage":22,"enemies":"3 Byrds","floor":18,"turns":5},{"damage":14,"enemies":"Spheric Guardian","floor":19,"turns":4},{"damage":9,"enemies":"Cultist and Chosen","floor":21,"turns":4},{"damage":11,"enemies":"Sentry and Sphere","floor":22,"turns":6},{"damage":0,"enemies":"Book of Stabbing","floor":25,"turns":4},{"damage":17,"enemies":"Slavers","floor":27,"turns":4},{"damage":0,"enemies":"3 Cultists","floor":29,"turns":5},{"damage":7,"enemies":"Gremlin Leader","floor":31,"turns":5},{"damage":8,"enemies":"Champ","floor":33,"turns":11},{"damage":21,"enemies":"3 Shapes","floor":35,"turns":4},{"damage":0,"enemies":"Orb Walker","floor":38,"turns":3},{"damage":0,"enemies":"HollowMod:StalkingDevout","floor":42,"turns":6},{"damage":8,"enemies":"Reptomancer","floor":44,"turns":4},{"damage":10,"enemies":"Nemesis","floor":46,"turns":6},{"damage":9,"enemies":"Spire Growth","floor":47,"turns":5},{"damage":6,"enemies":"Time Eater","floor":50,"turns":11},{"damage":7,"enemies":"Shield and Spear","floor":54,"turns":6},{"damage":95,"enemies":"The Heart","floor":55,"turns":5}],"seed_played":"7527280434759181012","potions_obtained":[{"floor":7,"key":"Energy Potion"},{"floor":14,"key":"PowerPotion"},{"floor":21,"key":"Energy Potion"},{"floor":22,"key":"Block Potion"},{"floor":27,"key":"GamblersBrew"},{"floor":31,"key":"LiquidMemories"},{"floor":38,"key":"BlessingOfTheForge"},{"floor":44,"key":"LiquidMemories"}],"is_trial":false,"path_per_floor":["M","M","$","M","M","R","E","?","T","?","$","R","$","E","R","B",null,"M","M","?","M","M","R","?","E","T","E","R","M","R","E","R","B",null,"M","$","?","M","?","R","$","E","T","E","R","E","M","$","R","B",null,"R","$","E","B"],"character_chosen":"RUNESMITH_CLASS","items_purchased":["Runesmith:Firestorm","ClockworkSouvenir","Runesmith:OneForEveryone","Guardian:PocketSentry","Runesmith:PoweredAnvil","Runesmith:LithiumIon","DistilledChaos"],"campfire_rested":2,"item_purchase_floors":[3,11,36,41,41,53,53],"current_hp_per_floor":[70,70,70,68,65,65,60,60,60,49,49,49,49,46,46,42,63,45,35,29,24,17,38,38,44,44,33,33,39,60,59,70,62,68,51,51,51,61,61,70,70,70,70,68,70,68,65,65,70,68,70,70,70,65,0,0],"gold":82,"neow_bonus":"RANDOM_COMMON_RELIC","is_daily":false,"chose_seed":false,"campfire_upgraded":8,"win_rate":0.0,"timestamp":1611924552,"path_taken":["M","M","?","M","M","R","E","?","T","?","$","R","?","E","R","BOSS","M","M","?","?","M","R","?","E","T","E","R","M","R","E","R","BOSS","M","$","?","?","?","R","$","E","T","E","R","E","M","?","R","BOSS","R","$","E","BOSS"],"items_purchased_type":["Card","Relic","Card","Relic","Card","Card","Potion"],"build_version":"2020-12-22","purchased_purges":2,"victory":false,"max_hp_per_floor":[70,70,70,70,70,70,70,70,70,70,70,70,70,70,70,70,70,70,70,70,70,70,70,70,70,70,70,70,70,70,70,70,70,70,70,70,70,70,70,70,70,70,70,70,70,70,70,70,70,70,70,70,70,70,70,70],"card_choices":[{"not_picked":["Runesmith:HammerThrow","Runesmith:ShiftingStrike"],"picked":"Runesmith:ChargedHammer","floor":1},{"not_picked":["Runesmith:StaticCage","Runesmith:DoubleUp"],"picked":"Runesmith:UnstableHammer","floor":2},{"not_picked":["Runesmith:Overpower","Runesmith:Augment"],"picked":"Runesmith:Firewall","floor":4},{"not_picked":["Runesmith:BackupBattery","Runesmith:RuneHurl"],"picked":"Runesmith:CraftSpiculum","floor":5},{"not_picked":["Runesmith:ShiftingStrike","Runesmith:StaticCage"],"picked":"Runesmith:Supernova","floor":7},{"not_picked":["Runesmith:Refine","Runesmith:EarthShield"],"picked":"Runesmith:HeatedChisel","floor":14},{"not_picked":["Runesmith:UnlimitedPower","Runesmith:Duplicate"],"picked":"Runesmith:CreatorForm","floor":16},{"not_picked":["Runesmith:HammerThrow","Runesmith:Grindstone+1"],"picked":"Runesmith:BackupBattery+1","floor":18},{"not_picked":["Runesmith:Malloc","Runesmith:CraftSpiculum"],"picked":"Runesmith:CraftProtectio","floor":19},{"not_picked":["Runesmith:Empowerment","Runesmith:BackupBattery+1","Runesmith:FieryHammer+1"],"picked":"SKIP","floor":21},{"not_picked":["Runesmith:Prism+1","Runesmith:MakeshiftArmor","Runesmith:CraftProtectio"],"picked":"SKIP","floor":22},{"not_picked":["Runesmith:Overpower+1","Runesmith:MakeshiftArmor+1"],"picked":"Runesmith:Permafrost+1","floor":25},{"not_picked":["Runesmith:UnstableHammer","Runesmith:Empowerment"],"picked":"Runesmith:EnergizedChisel","floor":27},{"not_picked":["Runesmith:HeatedChisel","Runesmith:ElementalConversion"],"picked":"Runesmith:CraftMagma","floor":29},{"not_picked":["Runesmith:MakeshiftArmor","Runesmith:Overpower","Runesmith:Firestorm"],"picked":"SKIP","floor":31},{"not_picked":["Runesmith:MetallurgicalResearch","Runesmith:Duplicate"],"picked":"Runesmith:UnlimitedPower","floor":33},{"not_picked":["Runesmith:HeatExchange+1","Runesmith:MakeshiftArmor","Runesmith:CraftIncendium"],"picked":"SKIP","floor":35},{"not_picked":["Runesmith:Grindstone+1","Runesmith:HammerAndChisel+1","Runesmith:CraftProtectio"],"picked":"SKIP","floor":38},{"not_picked":["Panache","Master of Strategy"],"picked":"Flash of Steel","floor":39},{"not_picked":["Runesmith:ChiselStab","Runesmith:HammerThrow"],"picked":"Runesmith:CraftPrismatica","floor":42},{"not_picked":["Runesmith:MakeshiftArmor","Runesmith:ArcReactor"],"picked":"Runesmith:GoWithTheFlow","floor":44},{"not_picked":["Runesmith:HeatExchange+1","Runesmith:CraftPrismatica","Runesmith:CraftIncendium"],"picked":"SKIP","floor":46},{"not_picked":["Runesmith:CraftReservo","Runesmith:HammerThrow+1","Runesmith:HeatedChisel+1"],"picked":"SKIP","floor":47},{"not_picked":["Runesmith:Permafrost+1","Runesmith:Grindstone","Runesmith:UnstableHammer"],"picked":"SKIP","floor":54}],"player_experience":2991971,"relics_obtained":[{"floor":7,"key":"Happy Flower"},{"floor":9,"key":"HornCleat"},{"floor":14,"key":"Bird Faced Urn"},{"floor":25,"key":"Centennial Puzzle"},{"floor":26,"key":"PreservedInsect"},{"floor":27,"key":"bronze:DecasWashers"},{"floor":31,"key":"Eternal Feather"},{"floor":42,"key":"Dream Catcher"},{"floor":44,"key":"War Paint"},{"floor":46,"key":"Akabeko"},{"floor":54,"key":"Bag of Marbles"}],"event_choices":[{"damage_healed":0,"gold_gain":0,"player_choice":"Grow","damage_taken":0,"max_hp_gain":0,"max_hp_loss":0,"event_name":"Living Wall","floor":8,"gold_loss":0,"cards_upgraded":["Runesmith:Supernova"]},{"damage_healed":0,"gold_gain":75,"player_choice":"Gather Gold","damage_taken":11,"max_hp_gain":0,"max_hp_loss":0,"event_name":"World of Goop","floor":10,"gold_loss":0},{"damage_healed":0,"gold_gain":0,"player_choice":"","damage_taken":6,"max_hp_gain":0,"max_hp_loss":0,"event_name":"Knowing Skull","floor":20,"potions_obtained":[],"gold_loss":0,"cards_obtained":[]},{"damage_healed":0,"gold_gain":0,"player_choice":"Read","damage_taken":0,"max_hp_gain":0,"max_hp_loss":0,"event_name":"The Library","floor":24,"gold_loss":0,"cards_obtained":["Runesmith:CraftObretio"]},{"damage_healed":0,"gold_gain":0,"player_choice":"Paid Gold","damage_taken":0,"relics_obtained":["Pantograph"],"max_hp_gain":0,"max_hp_loss":0,"event_name":"WeMeetAgain","floor":37,"gold_loss":52},{"damage_healed":0,"gold_gain":0,"player_choice":"Memory 1","damage_taken":0,"max_hp_gain":0,"max_hp_loss":0,"event_name":"SensoryStone","floor":39,"gold_loss":0}],"is_beta":false,"boss_relics":[{"not_picked":["Runic Dome","Black Star"],"picked":"Philosopher\u0027s Stone"},{"not_picked":["Empty Cage","theSenshi:MoonKaleidoScopeRelic"],"picked":"Astrolabe"}],"items_purged_floors":[3,36],"is_endless":false,"potions_floor_spawned":[7,14,21,22,27,31,38,44,46,47],"killed_by":"The Heart","ascension_level":5}}