{"host":"ekyl8r8j8fco3zlk","time":1611943472,"event":{"mods":["ATMod(∞¢Ë™Mod)","Act Like it!","Arknights The Spire","BaseMod","CapriCore","Decade(Õı–°√˜)","Dota2Spire","Downfall","Friendly Minions","Gensokyo","Lobotomy","LobotomyExtend","Marisa£®ÏF”Í°°ƒß¿Ì…≥£©","Minty Spire (QoL Compilation)","READ ME - Guardian Mod","Rare Cards Sparkle","Reimu£®≤©¿ˆ¡È√Œ£©","StSLib","The Alterego","The Immortal","The Jungle","TheWitcher","Waifu the Spire","WarShipGirlsR/’ΩΩ¢…Ÿ≈ÆR mod","Yakumo Yukari mod","°æ“≈ŒÔø®≈∆°øREMEMod"],"gold_per_floor":[114,289,289,69,83,125,148,148,221,221,257,257,277,286,286,420,420,463,69,98,98,198,198,227,227,279,309,309,336,370,415,415,550,550,578,601,631,318,318,366,389,423,423,423,448,448,486,504,504,504,504],"floor_reached":52,"language":"ZHS","playtime":2505,"items_purged":["Doubt","Injury"],"score":792,"play_id":"af46a45a-688a-426a-82d2-2bd5f60f95a3","local_time":"20210130020432","is_ascension_mode":false,"campfire_choices":[{"data":"ats:Part Time Job","floor":8,"key":"SMITH"},{"data":"AT_Dispersion","floor":10,"key":"SMITH"},{"data":"ats:Roar Of Ursus","floor":12,"key":"SMITH"},{"data":"ats:Closed Bolt Burst Fire","floor":15,"key":"SMITH"},{"floor":23,"key":"REST"},{"data":"ats:Soul Rend","floor":25,"key":"SMITH"},{"data":"ats:Thorns","floor":28,"key":"SMITH"},{"floor":32,"key":"REST"},{"data":"ats:Composite Medical Shells","floor":44,"key":"SMITH"},{"data":"ats:Durian","floor":46,"key":"SMITH"},{"data":"Madness","floor":49,"key":"SMITH"}],"circlet_count":0,"master_deck":["ats:Strike C","ats:Strike G","ats:Strike S","ats:Strike V","ats:Armor Crushing Shot","ats:Defend","ats:Defend","ats:Defend","ats:Defend","ats:Emotion Absorption","ats:Roar Of Ursus+1","AT_Dispersion+1","ats:Explosion Area Strengthen","ats:Thermite Blade","ats:Part Time Job+1","ats:Closed Bolt Burst Fire+1","ats:Cat Scratch","ats:Guard Mode","ats:Soul Rend+1","ats:Emotion Absorption","ats:Curse Doll","ats:Healing Drone+1","ats:Assault Order+1","ats:Thorns+1","ats:Magnetic Hammer+1","ats:Calcification","ats:Encircling Forest","ats:Durian+1","ats:Counter Healing Mode+1","ats:Blood Oath","ats:Sword Rain+1","ats:Apocalypse+1","ats:Composite Medical Shells+1","ats:Literary Storm+1","Madness+1","Madness"],"relics":["ats:Sanity","AT_ATBox","REME_ComplimentaryCards","LetterFromLob","REME_CardOfGreed","ats:Originium","CeramicFish","Mercury Hourglass","AT_RedNoBalance","Golden Idol","RedLine:ReiMu","AT_Kusabimaru","Dota2Spire:MaskOfMadness","Gambling Chip","ats:Tactical Delivery","ats:Attack","AT_ChloranthyRing","AT_GuinsooRageblade","Dota2Spire:BattleFury","AT_DeathDance"],"acts_visited":["Exordium","TheCity","TheBeyond"],"potions_floor_usage":[16,16,18,30,31,40,50,50,50],"damage_taken":[{"damage":0,"enemies":"Small Slimes","floor":1,"turns":5},{"damage":8,"enemies":"2 Louse","floor":5,"turns":3},{"damage":20,"enemies":"Gremlin Nob","floor":6,"turns":4},{"damage":6,"enemies":"Jaw Worm","floor":7,"turns":4},{"damage":16,"enemies":"Lagavulin","floor":11,"turns":5},{"damage":2,"enemies":"Gremlin Gang","floor":13,"turns":7},{"damage":18,"enemies":"Hexaghost","floor":16,"turns":10},{"damage":13,"enemies":"Shell Parasite","floor":18,"turns":4},{"damage":22,"enemies":"2 Thieves","floor":20,"turns":3},{"damage":15,"enemies":"Snecko","floor":24,"turns":4},{"damage":8,"enemies":"Centurion and Healer","floor":27,"turns":5},{"damage":15,"enemies":"Snake Plant","floor":29,"turns":2},{"damage":24,"enemies":"Chosen and Byrds","floor":30,"turns":5},{"damage":3,"enemies":"Book of Stabbing","floor":31,"turns":4},{"damage":40,"enemies":"Collector","floor":33,"turns":7},{"damage":21,"enemies":"3 Shapes","floor":35,"turns":3},{"damage":16,"enemies":"Orb Walker","floor":36,"turns":3},{"damage":20,"enemies":"Jaw Worm Horde","floor":37,"turns":4},{"damage":29,"enemies":"Nemesis","floor":40,"turns":3},{"damage":4,"enemies":"Transient","floor":41,"turns":5},{"damage":1,"enemies":"Sphere and 2 Shapes","floor":42,"turns":3},{"damage":3,"enemies":"Maw","floor":45,"turns":5},{"damage":27,"enemies":"Giant Head","floor":47,"turns":5},{"damage":47,"enemies":"Time Eater","floor":50,"turns":7}],"seed_played":"4046550602285139017","potions_obtained":[{"floor":11,"key":"EssenceOfSteel"},{"floor":13,"key":"ZuzhouPotion:ReiMu"},{"floor":16,"key":"Fire Potion"},{"floor":24,"key":"Slimebound:ThreeZeroPotion"},{"floor":27,"key":"Ancient Potion"},{"floor":33,"key":"Strength Potion"},{"floor":37,"key":"AttackPotion"},{"floor":40,"key":"Fire Potion"},{"floor":41,"key":"ZuzhouPotion:ReiMu"},{"floor":42,"key":"ats:Emergency Sanity Potion"}],"is_trial":false,"path_per_floor":["M","?","?","$","M","E","M","R","T","R","E","R","M","?","R","B",null,"M","$","M","?","?","R","M","R","T","M","R","M","M","E","R","B",null,"M","M","M","$","?","E","M","M","T","R","M","R","E","?","R","B",null,null],"character_chosen":"DOCTOR_CLASS","items_purchased":["REME_CardOfGreed","AT_Kusabimaru","ats:Attack","AT_ChloranthyRing"],"campfire_rested":2,"item_purchase_floors":[4,19,38,38],"current_hp_per_floor":[72,72,72,72,64,44,41,41,41,41,33,33,42,42,42,36,72,29,29,18,18,18,39,37,37,37,48,48,29,16,21,42,21,72,56,44,40,40,40,22,53,68,68,68,72,72,72,67,67,54,54],"gold":504,"neow_bonus":"ONE_RANDOM_RARE_CARD","is_daily":false,"chose_seed":false,"campfire_upgraded":9,"win_rate":0.0,"timestamp":1611943472,"path_taken":["M","?","?","$","M","E","M","R","T","R","E","R","M","?","R","BOSS","M","$","M","?","?","R","M","R","T","M","R","M","M","E","R","BOSS","M","?","M","$","?","E","?","M","T","R","M","R","E","?","R","BOSS"],"items_purchased_type":["Relic","Relic","Relic","Relic"],"build_version":"2020-12-22","purchased_purges":2,"victory":true,"max_hp_per_floor":[72,72,72,72,72,72,72,72,72,72,72,72,72,72,72,72,72,72,72,72,72,72,72,72,72,72,72,72,72,72,72,72,72,72,72,72,72,72,72,72,72,72,72,72,72,72,72,72,72,72,72],"card_choices":[{"not_picked":["ats:Absolute Focus","ats:Revitalization"],"picked":"ats:Explosion Area Strengthen","floor":1},{"not_picked":["ats:Poison Spread","ats:Absolute Focus"],"picked":"ats:Thermite Blade","floor":5},{"not_picked":["ats:Flexible Camouflage","ats:Shadow Raid"],"picked":"ats:Part Time Job","floor":6},{"not_picked":["ats:Explosion Area Strengthen","ats:Consecutive Shot Auto"],"picked":"ats:Closed Bolt Burst Fire","floor":7},{"not_picked":["ats:Flame Of Heaven","ats:Shell Defense"],"picked":"ats:Cat Scratch","floor":11},{"not_picked":["ats:Directed Diagnosis","ats:Neurotoxin"],"picked":"ats:Guard Mode","floor":13},{"not_picked":["ats:Durian","ats:Roar Of Ursus"],"picked":"ats:Soul Rend","floor":16},{"not_picked":["ats:Closed Bolt Burst Fire","ats:Poison Spread"],"picked":"ats:Curse Doll","floor":18},{"not_picked":["ats:Leaping Hammer+1","ats:Revitalization"],"picked":"ats:Healing Drone+1","floor":20},{"not_picked":["ats:Literary Storm+1","ats:Very Hot Blade"],"picked":"ats:Assault Order+1","floor":24},{"not_picked":["ats:Ignite","ats:Explosion Area Strengthen"],"picked":"ats:Thorns","floor":27},{"not_picked":["ats:Guard Mode","ats:Charging Defense+1"],"picked":"ats:Magnetic Hammer+1","floor":29},{"not_picked":["ats:Burning Ground","ats:Soul Absorption"],"picked":"ats:Calcification","floor":30},{"not_picked":["ats:Directed Diagnosis","ats:Poison Spread+1"],"picked":"ats:Encircling Forest","floor":31},{"not_picked":["ats:Rat Pack","ats:Shadow Assault"],"picked":"ats:Durian","floor":33},{"not_picked":["ats:Shell Defense+1","ats:Very Hot Blade"],"picked":"ats:Counter Healing Mode+1","floor":35},{"not_picked":["ats:Guard Mode+1","ats:Healing Drone","ats:Revitalization"],"picked":"SKIP","floor":36},{"not_picked":["ats:Hook Shot+1","ats:Consecutive Shot Auto+1"],"picked":"ats:Blood Oath","floor":37},{"not_picked":["ats:Ignite","ats:Absolute Focus"],"picked":"ats:Sword Rain+1","floor":40},{"not_picked":["ats:Explosion Area Strengthen+1","ats:Blood Oath+1"],"picked":"ats:Apocalypse+1","floor":41},{"not_picked":["ats:Disruption Kick","ats:Closed Bolt Burst Fire"],"picked":"ats:Composite Medical Shells","floor":42},{"not_picked":["ats:Guardian Obelisk","ats:Consecutive Shot Auto+1"],"picked":"ats:Literary Storm+1","floor":45},{"not_picked":["ats:Collapsing Strike+1","ats:Hammer On+1","ats:Powerful Strike"],"picked":"SKIP","floor":47}],"player_experience":735345,"relics_obtained":[{"floor":1,"key":"LetterFromLob"},{"floor":6,"key":"ats:Originium"},{"floor":6,"key":"CeramicFish"},{"floor":9,"key":"Mercury Hourglass"},{"floor":11,"key":"ats:Originium"},{"floor":11,"key":"AT_SilverBalance"},{"floor":26,"key":"Dota2Spire:MaskOfMadness"},{"floor":31,"key":"ats:Originium"},{"floor":31,"key":"Gambling Chip"},{"floor":40,"key":"AT_GuinsooRageblade"},{"floor":43,"key":"Dota2Spire:BattleFury"},{"floor":47,"key":"AT_DeathDance"}],"event_choices":[{"damage_healed":0,"gold_gain":175,"player_choice":"AGREE","damage_taken":0,"max_hp_gain":0,"max_hp_loss":0,"event_name":"Liars Game","floor":2,"gold_loss":0,"cards_obtained":["Doubt"]},{"damage_healed":0,"gold_gain":0,"player_choice":"Take Wound","damage_taken":0,"relics_obtained":["Golden Idol"],"max_hp_gain":0,"max_hp_loss":0,"event_name":"Golden Idol","floor":14,"gold_loss":0,"cards_obtained":["Injury"]},{"damage_healed":0,"gold_gain":0,"player_choice":"Ignored","damage_taken":0,"max_hp_gain":0,"max_hp_loss":0,"event_name":"Cursed Tome","floor":21,"gold_loss":0},{"damage_healed":0,"gold_gain":100,"player_choice":"Pray","damage_taken":0,"max_hp_gain":0,"max_hp_loss":0,"event_name":"Golden Shrine","floor":22,"gold_loss":0},{"damage_healed":0,"gold_gain":0,"player_choice":"Ignored","damage_taken":0,"max_hp_gain":0,"max_hp_loss":0,"event_name":"NoteForYourself","floor":39,"gold_loss":0},{"damage_healed":0,"gold_gain":0,"player_choice":"Embrace Madness","damage_taken":9,"max_hp_gain":0,"max_hp_loss":0,"event_name":"Winding Halls","floor":48,"gold_loss":0,"cards_obtained":["Madness","Madness"]}],"is_beta":false,"boss_relics":[{"not_picked":["Calling Bell","REME_DemonsWealth"],"picked":"RedLine:ReiMu"},{"not_picked":["REME_LowDesire","Astrolabe"],"picked":"ats:Tactical Delivery"}],"items_purged_floors":[4,19],"is_endless":false,"potions_floor_spawned":[11,13,16,24,27,33,37,40,41,42,45,47],"ascension_level":0}}