{"host":"2mxajwyidsax8sss","time":1611956917,"event":{"mods":["2.2 Compatiblity","Act Like it!","Aspiration","Bartender","BaseMod","Better Match","Better Note","Better Sensory Stone","Better Vampires","BetterRewards","Block Reminder","CapriCore","Chen","Colored Powertips","Conspire","Decade(???)","Defuse TimeMaze Blight","Downfall","Energized Spire","Friendly Minions","Gensokyo","Googly Eyes","GungeonMod","Hermit","HololiveMod","Hubris","Jorbs\u0027s Wanderer Trilogy","Koishi","Marked Mod","Minty Spire (QoL Compilation)","Nova Terra(??·??)","Permanent Neow","Quick Restart","Random Character Button","Reimu??????","Relic Filter","Relic Stats","Reliquary","Remilia??????","Replay The Spire","SIMod","SOS???????","StSLib","The Bug Knight","The Death Knight","The Immortal","The Kombatant","Wandering Minibosses"],"gold_per_floor":[119,1,15,15,15,50,50,67,90,121,135,135,3,15,15,111,111,127,127,139,64,64,64,64,78,78,78,98,124,124,24,24,124,124,90,90,90],"floor_reached":36,"language":"ENG","playtime":4850,"items_purged":["ThrowingApples","SonicRainbow"],"score":415,"play_id":"b6620561-8848-4cbc-aa09-04feb991fcba","local_time":"20210129224837","is_ascension_mode":false,"campfire_choices":[{"data":"FriendOfNature","floor":7,"key":"SMITH"},{"data":"hexamod:GhostflameBarrier","floor":12,"key":"SMITH"},{"floor":15,"key":"REST"},{"data":"DynamicVision","floor":23,"key":"SMITH"},{"floor":27,"key":"REST"},{"data":"LadiesDemeanor","floor":30,"key":"SMITH"},{"data":"FriendshipIsMagic","floor":32,"key":"SMITH"}],"circlet_count":0,"master_deck":["Strike_AJ","Strike_TS","Strike_RR","Strike_RD","Defend_TS","Defend_PP","Defend_FS","Defend_AJ","ConcertedEfforts","HarmonyShield","Deadly Poison","PinkiePromise","hexamod:Firestarter","hexamod:FlamesFromBeyond","FarmExpert","FriendOfNature+1","Anxiousness","hexamod:VolcanoVisage","hexamod:ThermalTransfer","AllByMyself","hexamod:GhostflameBarrier+1","hexamod:Firestarter","ISayNo","LadiesDemeanor+1","FriendshipIsMagic+1","Sisterhood","DynamicVision","BigDeal","Boundary+1","DynamicVision+1","Whining+1","ThunderCloud","Honesty","TakeTheLead","CowboySkills","Perfectionism"],"relics":["The_element_of_harmony","aspiration:Nostalgia","m_HexaRing","MealTicket","ReplayTheSpireMod:Lightbulb","Omamori","Mercury Hourglass","aspiration:RitualDagger","hubris:Icosahedron","Gensokyo:Companionship","Matryoshka","Simple Rune","Replay:Grab Bag","energizedSpire:RedRose","Painkiller Herb","Runic Pyramid"],"acts_visited":["Gensokyo:Gensokyo","TheCity","TheBeyond"],"potions_floor_usage":[8,18,20,29,29,33],"damage_taken":[{"damage":0,"enemies":"Gensokyo:Python","floor":1,"turns":4},{"damage":6,"enemies":"Gensokyo:2_Kodama","floor":3,"turns":4},{"damage":51,"enemies":"Gensokyo:Aya","floor":6,"turns":6},{"damage":3,"enemies":"Gensokyo:Gryphon","floor":8,"turns":5},{"damage":9,"enemies":"Gensokyo:Mamizou","floor":10,"turns":7},{"damage":12,"enemies":"Gensokyo:LivingMonolith","floor":11,"turns":4},{"damage":1,"enemies":"Gensokyo:Kitsune","floor":14,"turns":3},{"damage":14,"enemies":"Gensokyo:Yukari","floor":16,"turns":10},{"damage":48,"enemies":"Chosen","floor":18,"turns":6},{"damage":59,"enemies":"Shell Parasite","floor":20,"turns":6},{"damage":62,"enemies":"Shelled Parasite and Fungi","floor":25,"turns":6},{"damage":33,"enemies":"conspire:HollyBat","floor":28,"turns":11},{"damage":56,"enemies":"Book of Stabbing","floor":29,"turns":8},{"damage":59,"enemies":"conspire:MysteriousRune","floor":33,"turns":13},{"damage":63,"enemies":"Orb Walker","floor":35,"turns":5},{"damage":68,"enemies":"3 Shapes","floor":36,"turns":3}],"seed_played":"-6387753093358154972","potions_obtained":[{"floor":3,"key":"hexamod:SoulburnPotion"},{"floor":6,"key":"AttackPotion"},{"floor":10,"key":"AttackPotion"},{"floor":11,"key":"SkillPotion"},{"floor":14,"key":"Guardian:BlockOnCardUsePotion"},{"floor":25,"key":"FearPotion"},{"floor":29,"key":"AttackPotion"},{"floor":33,"key":"FairyPotion"}],"is_trial":false,"path_per_floor":["M","$","M","T","?","E","R","M","T","E","M","R","COS","M","R","B",null,"M","?","M","$","?","R","$","M","T","R","M","E","R","$","R","B",null,"?","?"],"character_chosen":"TWI_CLASS","items_purchased":["hexamod:Firestarter","SonicRainbow"],"campfire_rested":2,"item_purchase_floors":[2,2],"current_hp_per_floor":[82,82,76,76,82,31,31,33,33,30,24,24,24,23,47,39,82,40,40,66,81,81,81,82,29,29,53,32,42,42,57,57,27,82,34,0,0],"gold":90,"neow_bonus":"NOSTALGIA","is_daily":false,"chose_seed":false,"campfire_upgraded":5,"win_rate":0.0,"timestamp":1611956917,"path_taken":["M","$","M","?","?","E","R","M","T","E","M","R","COS","?","R","BOSS","M","?","M","$","?","R","?","?","T","R","M","E","R","$","R","BOSS","?","?"],"items_purchased_type":["Card","Card"],"build_version":"2020-12-22","purchased_purges":2,"victory":false,"max_hp_per_floor":[82,82,82,82,82,82,82,82,82,82,82,82,82,82,82,82,82,82,82,82,82,82,82,82,82,82,82,82,82,82,82,82,82,82,82,82,82],"relic_stats":{"counters":[16,100],"MealTicket":31,"obtain_stats":[{"energizedSpire:RedRose":34,"aspiration:Nostalgia":0,"Replay:Grab Bag":34,"The_element_of_harmony":0,"Painkiller Herb":34,"DemoMod:GlassGuonStoneRelic":6,"Omamori":9,"Mercury Hourglass":10,"hubris:Icosahedron":19,"Matryoshka":26,"Gensokyo:Companionship":20,"MealTicket":4,"Simple Rune":29,"aspiration:RitualDagger":17,"ReplayTheSpireMod:Lightbulb":6,"m_HexaRing":0,"Runic Pyramid":34},{"energizedSpire:RedRose":14,"aspiration:Nostalgia":0,"Replay:Grab Bag":14,"The_element_of_harmony":0,"Painkiller Herb":14,"DemoMod:GlassGuonStoneRelic":3,"Omamori":4,"Mercury Hourglass":5,"hubris:Icosahedron":9,"Matryoshka":11,"Gensokyo:Companionship":10,"MealTicket":2,"Simple Rune":13,"aspiration:RitualDagger":8,"ReplayTheSpireMod:Lightbulb":3,"m_HexaRing":0,"Runic Pyramid":14},{"energizedSpire:RedRose":92,"aspiration:Nostalgia":0,"Replay:Grab Bag":92,"The_element_of_harmony":0,"Painkiller Herb":92,"DemoMod:GlassGuonStoneRelic":14,"Omamori":19,"Mercury Hourglass":26,"hubris:Icosahedron":49,"Matryoshka":61,"Gensokyo:Companionship":50,"MealTicket":8,"Simple Rune":79,"aspiration:RitualDagger":43,"ReplayTheSpireMod:Lightbulb":14,"m_HexaRing":0,"Runic Pyramid":92}],"Mercury Hourglass":[189]},"card_choices":[{"not_picked":["Whining"],"picked":"Deadly Poison","floor":1},{"not_picked":["Magic"],"picked":"PinkiePromise","floor":1},{"not_picked":["Magic"],"picked":"hexamod:FlamesFromBeyond","floor":3},{"not_picked":["Mischief"],"picked":"FarmExpert","floor":3},{"not_picked":["Noxious Fumes"],"picked":"FriendOfNature","floor":6},{"not_picked":["ThrowingApples"],"picked":"Anxiousness","floor":6},{"not_picked":["Mischief"],"picked":"ThrowingApples","floor":8},{"not_picked":["Louder"],"picked":"hexamod:VolcanoVisage","floor":8},{"not_picked":["Anxiousness"],"picked":"hexamod:ThermalTransfer","floor":10},{"not_picked":["Crippling Poison"],"picked":"AllByMyself","floor":10},{"not_picked":["hexamod:FlamesFromBeyond"],"picked":"hexamod:GhostflameBarrier","floor":11},{"not_picked":["Charge"],"picked":"hexamod:Firestarter","floor":11},{"not_picked":["Envenom"],"picked":"ISayNo","floor":14},{"not_picked":["Celebrities","Yay"],"picked":"SKIP","floor":14},{"not_picked":["Wraith Form v2"],"picked":"LadiesDemeanor","floor":16},{"not_picked":["LadiesDemeanor"],"picked":"FriendshipIsMagic","floor":16},{"not_picked":["hexamod:SearingWound"],"picked":"Sisterhood","floor":16},{"not_picked":["FarmExpert"],"picked":"DynamicVision","floor":18},{"not_picked":["Tornado"],"picked":"BigDeal","floor":18},{"not_picked":["Charge"],"picked":"Boundary+1","floor":20},{"not_picked":["Celebrities"],"picked":"DynamicVision","floor":20},{"not_picked":["FollowTherRainbow"],"picked":"Whining+1","floor":25},{"not_picked":["Yay","Lasso"],"picked":"SKIP","floor":25},{"not_picked":["Lasso"],"picked":"ThunderCloud","floor":28},{"not_picked":["RashStunts","RushToSky"],"picked":"SKIP","floor":28},{"not_picked":["AppleFever"],"picked":"Honesty","floor":29},{"not_picked":["Celebrities","CheerUp"],"picked":"SKIP","floor":29},{"not_picked":["SonicRainbow"],"picked":"TakeTheLead","floor":33},{"not_picked":["PartyCana"],"picked":"CowboySkills","floor":33},{"not_picked":["Magic_Beam"],"picked":"Perfectionism","floor":35},{"not_picked":["Yay","RashStunts+1"],"picked":"SKIP","floor":35}],"player_experience":166842,"relics_obtained":[{"floor":4,"key":"MealTicket"},{"floor":6,"key":"ReplayTheSpireMod:Lightbulb"},{"floor":9,"key":"Omamori"},{"floor":10,"key":"Mercury Hourglass"},{"floor":26,"key":"Matryoshka"},{"floor":29,"key":"Simple Rune"}],"event_choices":[{"damage_healed":0,"gold_gain":0,"player_choice":"Simplicity","damage_taken":0,"max_hp_gain":0,"max_hp_loss":0,"event_name":"Back to Basics","floor":22,"gold_loss":0,"cards_upgraded":["Strike_AJ","Strike_TS","Strike_RR","Strike_RD","Defend_TS","Defend_PP","Defend_FS","Defend_AJ"]}],"is_beta":false,"boss_relics":[{"not_picked":["aspiration:PoetsPen_weak","Replay:Ancient Bell"],"picked":"aspiration:RitualDagger"},{"not_picked":["Replay:Wanted Poster","Ring of Chaos"],"picked":"Replay:Grab Bag"},{"not_picked":["conspire:SeveredTorchhead","hubris:CrackedHourglass"],"picked":"energizedSpire:RedRose"},{"not_picked":["energizedSpire:MagnifyingGlass","ReplayTheSpireMod:Onyx Gauntlets"],"picked":"Painkiller Herb"},{"not_picked":["hubris:ScarierMask","Black Star"],"picked":"Runic Pyramid"}],"items_purged_floors":[21,31],"is_endless":false,"potions_floor_spawned":[3,6,10,11,14,16,25,29,33],"killed_by":"3 Shapes","ascension_level":0}}