{"host":"vm3f1ccwgbs4oygt","time":1611952062,"event":{"mods":["BaseMod","BetterRewards","Colored Powertips","Minty Spire (QoL Compilation)","Permanent Neow","Shop Mod","StSLib"],"gold_per_floor":[114,133,60,76,94,94,122,122,174,185,219,232,250,263,263,358,358,370,354,354,370,58,58,71,90,116,147,147,72,100,100,100,205,205,215,225,225,225],"floor_reached":37,"language":"ENG","playtime":19028,"items_purged":["Defend_R"],"score":489,"play_id":"08175726-e1c9-4691-87c6-b601362ee498","local_time":"20210129212742","is_ascension_mode":true,"campfire_choices":[{"data":"Armaments","floor":6,"key":"SMITH"},{"data":"Flame Barrier","floor":15,"key":"SMITH"},{"data":"Disarm","floor":23,"key":"SMITH"},{"data":"True Grit","floor":32,"key":"SMITH"}],"circlet_count":0,"master_deck":["Strike_R","Strike_R","Defend_R","Defend_R","Defend_R","Bash","Armaments+1","Disarm+1","Uppercut+1","Shrug It Off","True Grit+1","Flame Barrier+1","Feel No Pain","Dropkick","Double Tap","Flame Barrier+1","Wild Strike+1","Clothesline+1","Anger+1","Spot Weakness","Warcry+1"],"relics":["Burning Blood","Self Forming Clay","Lantern","Smiling Mask","Coffee Dripper","White Beast Statue","Regal Pillow","Nunchaku","Nilry\u0027s Codex","Pantograph","Snecko Eye"],"acts_visited":["Exordium","TheCity","TheBeyond"],"potions_floor_usage":[14,19,27,27,27,30,33,37,37],"damage_taken":[{"damage":8,"enemies":"Jaw Worm","floor":1,"turns":6},{"damage":1,"enemies":"Cultist","floor":2,"turns":3},{"damage":1,"enemies":"2 Louse","floor":4,"turns":2},{"damage":9,"enemies":"Large Slime","floor":5,"turns":6},{"damage":37,"enemies":"Gremlin Nob","floor":7,"turns":5},{"damage":7,"enemies":"2 Fungi Beasts","floor":10,"turns":4},{"damage":21,"enemies":"3 Sentries","floor":11,"turns":11},{"damage":0,"enemies":"Blue Slaver","floor":12,"turns":5},{"damage":0,"enemies":"Large Slime","floor":13,"turns":6},{"damage":7,"enemies":"Looter","floor":14,"turns":5},{"damage":18,"enemies":"The Guardian","floor":16,"turns":14},{"damage":3,"enemies":"Chosen","floor":18,"turns":5},{"damage":0,"enemies":"2 Thieves","floor":19,"turns":4},{"damage":8,"enemies":"Snecko","floor":21,"turns":6},{"damage":0,"enemies":"Snake Plant","floor":24,"turns":3},{"damage":7,"enemies":"3 Cultists","floor":25,"turns":6},{"damage":35,"enemies":"Slavers","floor":27,"turns":10},{"damage":3,"enemies":"Book of Stabbing","floor":30,"turns":7},{"damage":46,"enemies":"Collector","floor":33,"turns":11},{"damage":2,"enemies":"3 Darklings","floor":35,"turns":6},{"damage":7,"enemies":"Orb Walker","floor":36,"turns":4},{"damage":84,"enemies":"2 Orb Walkers","floor":37,"turns":5}],"seed_played":"-2005739577333145384","potions_obtained":[{"floor":5,"key":"SpeedPotion"},{"floor":7,"key":"GamblersBrew"},{"floor":10,"key":"PowerPotion"},{"floor":13,"key":"DistilledChaos"},{"floor":14,"key":"SteroidPotion"},{"floor":19,"key":"BloodPotion"},{"floor":27,"key":"Block Potion"},{"floor":30,"key":"FearPotion"},{"floor":33,"key":"BlessingOfTheForge"},{"floor":35,"key":"LiquidMemories"},{"floor":36,"key":"LiquidBronze"}],"is_trial":false,"path_per_floor":["M","M","$","M","M","R","E","?","T","M","E","M","M","M","R","B",null,"M","M","?","M","$","R","M","M","T","E","?","?","E","?","R","B",null,"M","M","?"],"character_chosen":"IRONCLAD","items_purchased":["Uppercut","White Beast Statue"],"campfire_rested":0,"item_purchase_floors":[3,22],"current_hp_per_floor":[78,80,80,80,77,77,46,46,46,45,30,36,42,41,41,29,80,80,80,65,63,63,63,69,68,68,56,40,40,43,43,43,28,85,85,84,0,0],"gold":225,"neow_bonus":"REMOVE_CARD","is_daily":false,"chose_seed":false,"campfire_upgraded":4,"win_rate":0.0,"timestamp":1611952062,"path_taken":["M","M","$","M","M","R","E","?","T","M","E","M","?","M","R","BOSS","M","M","?","M","$","R","M","M","T","E","?","?","E","?","R","BOSS","M","M","?"],"items_purchased_type":["Card","Relic"],"build_version":"2020-12-22","purchased_purges":1,"victory":false,"max_hp_per_floor":[80,80,80,80,80,80,80,80,80,80,80,80,80,80,80,80,80,80,80,85,85,85,85,85,85,85,85,85,85,85,85,85,85,85,85,85,85,85],"card_choices":[{"not_picked":["Cleave","Wild Strike"],"picked":"Armaments","floor":1},{"not_picked":["Headbutt","Bloodletting"],"picked":"Disarm","floor":2},{"not_picked":["Body Slam","Rage","Dropkick"],"picked":"SKIP","floor":4},{"not_picked":["Heavy Blade","Whirlwind"],"picked":"Shrug It Off","floor":5},{"not_picked":["Immolate","Headbutt"],"picked":"True Grit","floor":7},{"not_picked":["Uppercut","Anger","Armaments"],"picked":"SKIP","floor":10},{"not_picked":["Bloodletting","Headbutt"],"picked":"Flame Barrier","floor":11},{"not_picked":["Flex","Infernal Blade"],"picked":"Feel No Pain","floor":12},{"not_picked":["Heavy Blade","True Grit","Flex"],"picked":"SKIP","floor":13},{"not_picked":["Body Slam","Wild Strike"],"picked":"Dropkick","floor":14},{"not_picked":["Fiend Fire","Exhume"],"picked":"Double Tap","floor":16},{"not_picked":["Sever Soul","Wild Strike"],"picked":"Flame Barrier+1","floor":18},{"not_picked":["Clash","Searing Blow","Wild Strike"],"picked":"SKIP","floor":19},{"not_picked":["Heavy Blade","Pommel Strike"],"picked":"Wild Strike+1","floor":21},{"not_picked":["Heavy Blade","Sever Soul","Thunderclap"],"picked":"SKIP","floor":24},{"not_picked":["Dropkick","Carnage+1"],"picked":"Clothesline+1","floor":25},{"not_picked":["Sword Boomerang+1","Thunderclap"],"picked":"Anger+1","floor":27},{"not_picked":["Searing Blow","Flex"],"picked":"Spot Weakness","floor":30},{"not_picked":["Clash","Armaments","Twin Strike+1"],"picked":"SKIP","floor":35},{"not_picked":["Hemokinesis","True Grit"],"picked":"Warcry+1","floor":36}],"player_experience":966716,"relics_obtained":[{"floor":7,"key":"Self Forming Clay"},{"floor":9,"key":"Lantern"},{"floor":11,"key":"Smiling Mask"},{"floor":26,"key":"Regal Pillow"},{"floor":27,"key":"Nunchaku"},{"floor":28,"key":"Nilry\u0027s Codex"},{"floor":30,"key":"Pantograph"}],"event_choices":[{"damage_healed":0,"gold_gain":0,"player_choice":"Forge","damage_taken":0,"max_hp_gain":0,"max_hp_loss":0,"event_name":"Accursed Blacksmith","floor":8,"gold_loss":0,"cards_upgraded":["Uppercut"]},{"damage_healed":0,"gold_gain":0,"player_choice":"Shed Blood","damage_taken":20,"max_hp_gain":5,"max_hp_loss":0,"event_name":"Forgotten Altar","floor":20,"gold_loss":0},{"damage_healed":0,"gold_gain":0,"player_choice":"Obtained Book","damage_taken":16,"max_hp_gain":0,"max_hp_loss":0,"event_name":"Cursed Tome","floor":28,"gold_loss":0},{"cards_removed":["Strike_R"],"damage_healed":0,"gold_gain":0,"player_choice":"Gave Gold","damage_taken":0,"max_hp_gain":0,"max_hp_loss":0,"event_name":"Beggar","floor":29,"gold_loss":75},{"cards_removed":["Strike_R"],"damage_healed":0,"gold_gain":0,"player_choice":"Elegance","damage_taken":0,"max_hp_gain":0,"max_hp_loss":0,"event_name":"Back to Basics","floor":31,"gold_loss":0},{"damage_healed":0,"gold_gain":0,"player_choice":"Fight","damage_taken":0,"max_hp_gain":0,"max_hp_loss":0,"event_name":"Mysterious Sphere","floor":37,"gold_loss":0}],"is_beta":false,"boss_relics":[{"not_picked":["Ectoplasm","Black Blood"],"picked":"Coffee Dripper"},{"not_picked":["Busted Crown","Mark of Pain"],"picked":"Snecko Eye"}],"items_purged_floors":[22],"is_endless":false,"potions_floor_spawned":[5,7,10,13,14,19,24,25,27,30,33,35,36],"killed_by":"2 Orb Walkers","ascension_level":3}}