{"host":"ysj15tgd1sneq0s0","time":1611913147,"event":{"mods":["AchievementEnabler","BaseMod","DeckTracker","Highlight Path","Minty Spire (QoL Compilation)","Permanent Neow","Quick Restart","StSLib","SuperFastMode","everything is the same but u backflip on backflip"],"gold_per_floor":[109,184,197,209,226,226,253,43,43,56,70,81,6,17,17,119,119,107,206,219,234,159,159,185,185,185,201,54,54,72,91,91,191,191,201,216,216,196,216,216,245,245,245,245,245,261,281,281,281,281,281],"floor_reached":50,"language":"KOR","playtime":2291,"items_purged":["Strike_G"],"score":548,"play_id":"d37d05be-92ac-41d2-a160-b937e86b4801","local_time":"20210129183907","is_ascension_mode":true,"campfire_choices":[{"data":"Noxious Fumes","floor":6,"key":"SMITH"},{"floor":15,"key":"REST"},{"floor":23,"key":"REST"},{"data":"Infinite Blades","floor":25,"key":"SMITH"},{"floor":29,"key":"REST"},{"floor":32,"key":"REST"},{"floor":40,"key":"REST"},{"floor":42,"key":"REST"},{"floor":44,"key":"REST"},{"data":"Venomology","floor":49,"key":"SMITH"}],"circlet_count":0,"master_deck":["Strike_G","Strike_G","Strike_G","Defend_G","Defend_G","Defend_G","Defend_G","Defend_G+1","Survivor","Neutralize+1","Deadly Poison","Poisoned Stab","Noxious Fumes+1","Poisoned Stab","Venomology+1","Blade Dance","Quick Slash","Dagger Spray","Corpse Explosion","Poisoned Stab+1","Quick Slash+1","Blade Dance","Infinite Blades+1","Bane","Bouncing Flask+1","Deflect+1","Venomology+1","Deadly Poison+1","Poisoned Stab+1","Swift Strike","Deadly Poison+1","Accuracy+1","Doubt"],"relics":["Ring of the Snake","Bottled Flame","Orichalcum","Matryoshka","WristBlade","Kunai","Pocketwatch","Boot","Snake Skull","Philosopher\u0027s Stone","War Paint","Centennial Puzzle","Ninja Scroll"],"acts_visited":["Exordium","TheCity","TheBeyond"],"potions_floor_usage":[7,11,12,16,16,16,24,27,33,33,33,39,41,41,41,41,41,46,50,50,50],"damage_taken":[{"damage":7,"enemies":"2 Louse","floor":1,"turns":3},{"damage":0,"enemies":"Small Slimes","floor":3,"turns":4},{"damage":0,"enemies":"Jaw Worm","floor":4,"turns":4},{"damage":15,"enemies":"Lots of Slimes","floor":5,"turns":5},{"damage":13,"enemies":"Lagavulin","floor":7,"turns":5},{"damage":5,"enemies":"3 Louse","floor":10,"turns":3},{"damage":4,"enemies":"Looter","floor":11,"turns":4},{"damage":12,"enemies":"Lots of Slimes","floor":12,"turns":5},{"damage":4,"enemies":"2 Fungi Beasts","floor":14,"turns":2},{"damage":7,"enemies":"Hexaghost","floor":16,"turns":9},{"damage":28,"enemies":"2 Thieves","floor":18,"turns":4},{"damage":4,"enemies":"Chosen","floor":20,"turns":3},{"damage":24,"enemies":"3 Cultists","floor":21,"turns":4},{"damage":47,"enemies":"Book of Stabbing","floor":24,"turns":6},{"damage":18,"enemies":"Centurion and Healer","floor":27,"turns":4},{"damage":13,"enemies":"Shelled Parasite and Fungi","floor":30,"turns":3},{"damage":10,"enemies":"Snecko","floor":31,"turns":3},{"damage":30,"enemies":"Collector","floor":33,"turns":5},{"damage":15,"enemies":"3 Darklings","floor":35,"turns":2},{"damage":16,"enemies":"3 Shapes","floor":36,"turns":3},{"damage":35,"enemies":"Jaw Worm Horde","floor":39,"turns":3},{"damage":30,"enemies":"Nemesis","floor":41,"turns":3},{"damage":22,"enemies":"Sphere and 2 Shapes","floor":46,"turns":3},{"damage":16,"enemies":"3 Darklings","floor":47,"turns":3},{"damage":82,"enemies":"Awakened One","floor":50,"turns":5}],"seed_played":"-6901833550707991834","potions_obtained":[{"floor":5,"key":"Block Potion"},{"floor":7,"key":"FairyPotion"},{"floor":12,"key":"Ancient Potion"},{"floor":14,"key":"Fruit Juice"},{"floor":16,"key":"DuplicationPotion"},{"floor":30,"key":"SneckoOil"},{"floor":31,"key":"Poison Potion"},{"floor":33,"key":"DuplicationPotion"},{"floor":36,"key":"Explosive Potion"},{"floor":38,"key":"Strength Potion"}],"is_trial":false,"path_per_floor":["M","?","M","M","M","R","E","$","T","M","M","M","$","M","R","B",null,"M","?","M","M","?","R","E","R","T","M","$","R","M","M","R","B",null,"M","M","?","?","M","R","E","R","T","R","?","M","M","?","R","B"],"character_chosen":"THE_SILENT","items_purchased":["Poisoned Stab","Orichalcum","Snake Skull"],"campfire_rested":7,"item_purchase_floors":[8,8,28],"current_hp_per_floor":[63,52,52,52,37,37,24,24,24,19,15,18,18,14,35,33,75,47,47,43,19,19,41,16,16,16,22,22,44,31,21,43,13,75,60,44,44,44,9,31,1,23,23,45,45,23,7,75,75,0,0],"gold":281,"neow_bonus":"UPGRADE_CARD","is_daily":false,"chose_seed":false,"campfire_upgraded":3,"win_rate":0.0,"timestamp":1611913147,"path_taken":["M","?","M","M","M","R","E","$","T","M","M","M","$","M","R","BOSS","M","?","M","M","?","R","E","R","T","?","?","R","M","M","R","BOSS","M","M","?","?","?","R","E","R","T","R","?","M","M","?","R","BOSS"],"items_purchased_type":["Card","Relic","Relic"],"build_version":"2020-12-22","purchased_purges":1,"victory":false,"max_hp_per_floor":[70,70,70,70,70,70,70,70,70,70,70,70,70,70,70,75,75,75,75,75,75,75,75,75,75,75,75,75,75,75,75,75,75,75,75,75,75,75,75,75,75,75,75,75,75,75,75,75,75,75,75],"card_choices":[{"not_picked":["Quick Slash","Sucker Punch"],"picked":"Deadly Poison","floor":1},{"not_picked":["Flying Knee","Bane"],"picked":"Poisoned Stab","floor":3},{"not_picked":["PiercingWail","Riddle With Holes"],"picked":"Poisoned Stab","floor":4},{"not_picked":["Blade Dance","Dodge and Roll"],"picked":"Noxious Fumes","floor":5},{"not_picked":["Outmaneuver","Backflip","Riddle With Holes"],"picked":"SKIP","floor":7},{"not_picked":["Acrobatics","Blade Dance"],"picked":"Venomology","floor":10},{"not_picked":["Predator","Flying Knee"],"picked":"Blade Dance","floor":11},{"not_picked":["Outmaneuver","Backflip"],"picked":"Quick Slash","floor":12},{"not_picked":["Dodge and Roll","Blade Dance"],"picked":"Dagger Spray","floor":14},{"not_picked":["Glass Knife","Bullet Time"],"picked":"Corpse Explosion","floor":16},{"not_picked":["Slice+1","All Out Attack+1"],"picked":"Poisoned Stab+1","floor":18},{"not_picked":["Flying Knee","Backstab"],"picked":"Quick Slash+1","floor":20},{"not_picked":["Choke","Bane"],"picked":"Blade Dance","floor":21},{"not_picked":["Backflip","Doppelganger"],"picked":"Infinite Blades","floor":24},{"not_picked":["Blur","Skewer"],"picked":"Bane","floor":27},{"not_picked":["Flying Knee","Leg Sweep"],"picked":"Bouncing Flask+1","floor":30},{"not_picked":["Bane","Underhanded Strike"],"picked":"Deflect+1","floor":31},{"not_picked":["Adrenaline","Die Die Die"],"picked":"Venomology","floor":33},{"not_picked":["Dagger Throw","Noxious Fumes+1"],"picked":"Deadly Poison+1","floor":35},{"not_picked":["Backflip","Deflect+1"],"picked":"Poisoned Stab+1","floor":36},{"not_picked":["Violence","Deep Breath"],"picked":"Swift Strike","floor":37},{"not_picked":["Dagger Spray+1","Expertise+1"],"picked":"Deadly Poison+1","floor":39},{"not_picked":["Dodge and Roll","Unload","Flechettes"],"picked":"SKIP","floor":41},{"not_picked":["Footwork","Dodge and Roll+1"],"picked":"Accuracy+1","floor":46},{"not_picked":["Terror","Predator","PiercingWail+1"],"picked":"SKIP","floor":47}],"player_experience":37895,"relics_obtained":[{"floor":7,"key":"Bottled Flame"},{"floor":9,"key":"Matryoshka"},{"floor":24,"key":"Kunai"},{"floor":26,"key":"Pocketwatch"},{"floor":26,"key":"Boot"},{"floor":41,"key":"War Paint"},{"floor":43,"key":"Centennial Puzzle"},{"floor":43,"key":"Ninja Scroll"}],"event_choices":[{"damage_healed":0,"gold_gain":75,"player_choice":"Gather Gold","damage_taken":11,"max_hp_gain":0,"max_hp_loss":0,"event_name":"World of Goop","floor":2,"gold_loss":0},{"damage_healed":0,"gold_gain":99,"player_choice":"Stole From Cult","damage_taken":0,"max_hp_gain":0,"max_hp_loss":0,"event_name":"Nest","floor":19,"gold_loss":0},{"cards_removed":["Strike_G"],"damage_healed":0,"gold_gain":0,"player_choice":"Gave Gold","damage_taken":0,"max_hp_gain":0,"max_hp_loss":0,"event_name":"Beggar","floor":22,"gold_loss":75},{"damage_healed":0,"gold_gain":0,"player_choice":"Memory 1","damage_taken":0,"max_hp_gain":0,"max_hp_loss":0,"event_name":"SensoryStone","floor":37,"gold_loss":0},{"damage_healed":0,"gold_gain":0,"player_choice":"Bought 1 Potion","damage_taken":0,"max_hp_gain":0,"max_hp_loss":0,"event_name":"The Woman in Blue","floor":38,"gold_loss":0},{"cards_removed":["Poisoned Stab"],"damage_healed":0,"gold_gain":0,"player_choice":"Removed Attack","damage_taken":0,"max_hp_gain":0,"max_hp_loss":0,"event_name":"Falling","floor":45,"gold_loss":0},{"damage_healed":68,"gold_gain":0,"player_choice":"Heal","damage_taken":0,"max_hp_gain":0,"max_hp_loss":0,"event_name":"MindBloom","floor":48,"gold_loss":0,"cards_obtained":["Doubt"]}],"is_beta":false,"boss_relics":[{"not_picked":["Astrolabe","Snecko Eye"],"picked":"WristBlade"},{"not_picked":["Runic Pyramid","HoveringKite"],"picked":"Philosopher\u0027s Stone"}],"items_purged_floors":[13],"is_endless":false,"potions_floor_spawned":[5,7,12,14,16,18,21,30,31,33,36],"killed_by":"Awakened One","ascension_level":1}}