{"host":"zrwwt1jjq0fpdjej","time":1611916847,"event":{"mods":["AchievementEnabler","BaseMod","Colored Map","Minty Spire (QoL Compilation)","StSLib","SuperFastMode"],"gold_per_floor":[119,119,119,69,144,179,179,206,206,131,145,156,187,204,204,204,204],"floor_reached":16,"language":"KOR","playtime":730,"items_purged":["Defend_G"],"score":252,"play_id":"8049bd66-c5b4-4b32-a5c9-8b1ddddc740f","local_time":"20210129194047","is_ascension_mode":true,"campfire_choices":[{"data":"Malaise","floor":7.0,"key":"SMITH"},{"data":"Noxious Fumes","floor":15.0,"key":"SMITH"}],"circlet_count":0,"master_deck":["AscendersBane","Strike_G","Strike_G","Strike_G","Defend_G","Defend_G","Defend_G","Survivor","Neutralize","Blade Dance","Malaise+1","Noxious Fumes+1","Crippling Poison","Backflip"],"relics":["Ring of the Snake","NeowsBlessing","Ornamental Fan","Toy Ornithopter","Singing Bowl","Pen Nib"],"acts_visited":["Exordium"],"potions_floor_usage":[16,16],"damage_taken":[{"damage":0.0,"enemies":"Small Slimes","floor":1.0,"turns":1.0},{"damage":0.0,"enemies":"Lagavulin","floor":6.0,"turns":1.0},{"damage":0.0,"enemies":"Gremlin Nob","floor":8.0,"turns":1.0},{"damage":1.0,"enemies":"2 Louse","floor":11.0,"turns":2.0},{"damage":2.0,"enemies":"Jaw Worm","floor":12.0,"turns":5.0},{"damage":9.0,"enemies":"Lagavulin","floor":13.0,"turns":9.0},{"damage":0.0,"enemies":"2 Fungi Beasts","floor":14.0,"turns":4.0},{"damage":55,"enemies":"Slime Boss","floor":16,"turns":10}],"seed_played":"-1146753276526487719","potions_obtained":[{"floor":6.0,"key":"SkillPotion"},{"floor":12.0,"key":"Dexterity Potion"},{"floor":13.0,"key":"SpeedPotion"}],"is_trial":false,"path_per_floor":["M","?","?","?","?","E","R","E","T","$","M","M","E","M","R","B"],"character_chosen":"THE_SILENT","items_purchased":[],"campfire_rested":0,"item_purchase_floors":[],"current_hp_per_floor":[63,63,56,56,45,45,45,45,45,45,46,44,40,42,42,0,0],"gold":204,"neow_bonus":"THREE_ENEMY_KILL","is_daily":false,"chose_seed":false,"campfire_upgraded":2,"win_rate":0.0,"timestamp":1611916847,"path_taken":["M","?","?","?","?","E","R","E","T","$","M","M","E","M","R","BOSS"],"items_purchased_type":[],"build_version":"2020-12-22","purchased_purges":1,"victory":false,"max_hp_per_floor":[70,70,70,70,70,70,70,70,70,70,72,72,72,74,74,74,74],"card_choices":[{"not_picked":["Escape Plan","Sucker Punch"],"picked":"Blade Dance","floor":1.0},{"not_picked":["Underhanded Strike","Flechettes"],"picked":"Malaise","floor":6.0},{"not_picked":["Flying Knee","Expertise"],"picked":"Noxious Fumes","floor":8.0},{"not_picked":["Sucker Punch","Choke","Cloak And Dagger"],"picked":"Singing Bowl","floor":11.0},{"not_picked":["Underhanded Strike","Footwork"],"picked":"Crippling Poison","floor":12.0},{"not_picked":["Slice","Dodge and Roll"],"picked":"Backflip","floor":13.0},{"not_picked":["Sucker Punch","Blade Dance","Deflect"],"picked":"Singing Bowl","floor":14.0}],"player_experience":234835,"relics_obtained":[{"floor":6.0,"key":"Ornamental Fan"},{"floor":8.0,"key":"Toy Ornithopter"},{"floor":9.0,"key":"Singing Bowl"},{"floor":13.0,"key":"Pen Nib"}],"event_choices":[{"cards_removed":["Strike_G"],"damage_healed":0.0,"max_hp_gain":0.0,"max_hp_loss":0.0,"gold_gain":0.0,"event_name":"Living Wall","player_choice":"Forget","floor":2.0,"gold_loss":0.0,"damage_taken":0.0},{"cards_removed":["Defend_G"],"damage_healed":0.0,"max_hp_gain":0.0,"max_hp_loss":0.0,"gold_gain":0.0,"event_name":"Golden Wing","player_choice":"Card Removal","floor":3.0,"gold_loss":0.0,"damage_taken":7.0},{"cards_removed":["Strike_G"],"damage_healed":0.0,"max_hp_gain":0.0,"max_hp_loss":0.0,"gold_gain":0.0,"event_name":"The Cleric","player_choice":"Card Removal","floor":4.0,"gold_loss":50.0,"damage_taken":0.0},{"damage_healed":0.0,"max_hp_gain":0.0,"max_hp_loss":0.0,"gold_gain":75.0,"event_name":"World of Goop","player_choice":"Gather Gold","floor":5.0,"gold_loss":0.0,"damage_taken":11.0}],"is_beta":false,"boss_relics":[],"items_purged_floors":[10],"is_endless":false,"potions_floor_spawned":[6,12,13],"killed_by":"Slime Boss","ascension_level":10}}