{"host":"stku21i8hhz5zha4","time":1611945199,"event":{"mods":["2.2 Compatiblity","AchievementEnabler","Aspiration","BaseMod","Better Altar","Better Match","Better Note","Better Sensory Stone","Better Skull","Better Third Choice","Better Vampires","Colored Map","Colorless Booster Pack","Conspire","Dark Map","Displayed Cursed Tome","Downfall","Energized Spire","Friendly Minions","GifTheSpireLib","Halation","Hubris","Infinite Spire","Jedi Mod","Jorbs\u0027s Wanderer Trilogy","Minty Spire (QoL Compilation)","Permanent Neow","Quick Restart","Rare Cards Sparkle","Reliquary","Replay The Spire","Shop Mod","Spikes Relics","Spire Arcade","StS++","StSLib","Stuff the Spire","The Blue Laboratory","Trackpad","Transform Curses","Uncapped"],"gold_per_floor":[111,129,129,32,32,58,78,78,78],"floor_reached":8,"language":"RUS","playtime":353,"items_purged":[],"score":106,"play_id":"bb7ae43e-be78-4ac5-b7b4-83a86b161409","local_time":"20210129213319","is_ascension_mode":true,"campfire_choices":[],"circlet_count":0,"master_deck":["AscendersBane","Strike_R","Strike_R","Strike_R","Strike_R","Strike_R","Defend_R","Defend_R","Defend_R","Defend_R","Bash","Rupture","conspire:Charge","Shrug It Off","ReplayTheSpireMod:Stacked"],"relics":["Burning Blood","aspiration:Nostalgia","infinitespire:DarkRift","Another Sword"],"acts_visited":["Exordium"],"potions_floor_usage":[8,8],"damage_taken":[{"damage":4,"enemies":"Small Slimes","floor":1,"turns":4},{"damage":9,"enemies":"Jaw Worm","floor":2,"turns":6},{"damage":56,"enemies":"Gremlin Nob","floor":6,"turns":5},{"damage":11,"enemies":"2 Louse","floor":7,"turns":3},{"damage":15,"enemies":"3 Sentries","floor":8,"turns":6}],"seed_played":"-8214739725812614201","potions_obtained":[{"floor":6,"key":"ColorlessPotion"},{"floor":7,"key":"blueLaboratory:PhilterOfMotion"}],"is_trial":false,"path_per_floor":["M","M","?","$","$","E","M","E"],"character_chosen":"IRONCLAD","items_purchased":["conspire:Charge","Shrug It Off"],"campfire_rested":0,"item_purchase_floors":[4,4],"current_hp_per_floor":[70,67,63,63,63,13,8,0,0],"gold":78,"neow_bonus":"NOSTALGIA","is_daily":false,"chose_seed":false,"campfire_upgraded":0,"win_rate":0.0,"timestamp":1611945199,"path_taken":["M","M","?","?","$","E","M","E"],"items_purchased_type":["Card","Card"],"build_version":"2020-12-22","purchased_purges":0,"victory":false,"max_hp_per_floor":[75,75,75,75,75,75,75,75,75],"card_choices":[{"not_picked":["jedi:fear","StuffTheSpire:RockThrow","Heavy Blade"],"picked":"SKIP","floor":1},{"not_picked":["Clash","Body Slam"],"picked":"Rupture","floor":2},{"not_picked":["jedi:hate","StSpp:CounterStrike","StSpp:TheBiggerTheyAre"],"picked":"SKIP","floor":6},{"not_picked":["Clothesline","Thunderclap"],"picked":"ReplayTheSpireMod:Stacked","floor":7}],"player_experience":257056,"relics_obtained":[{"floor":6,"key":"Another Sword"}],"event_choices":[{"damage_healed":0,"gold_gain":0,"player_choice":"Leave","damage_taken":0,"max_hp_gain":0,"max_hp_loss":0,"event_name":"conspire:Investor","floor":3,"gold_loss":0}],"is_beta":false,"boss_relics":[],"items_purged_floors":[],"is_endless":false,"potions_floor_spawned":[6,7],"killed_by":"3 Sentries","ascension_level":18}}