{"host":"yn1175etg9ni8l0q","time":1611885155,"event":{"mods":["AchievementEnabler","BaseMod","Colored Map","Colored Powertips","DeckTracker","Minty Spire (QoL Compilation)","Rare Cards Sparkle","Relic Stats","SuperFastMode","everything is the same but u backflip on backflip"],"gold_per_floor":[115,125,125,125,125,125,50,50,50,68,81,102,121,159,159,289,289,277,300,215,115,115,115,125,138,217,228,53,65,65,65,65,165,165,179,179,189,209,229,229,239,239,262,287,334,384,384,35,35,35],"floor_reached":51,"language":"KOR","playtime":1398,"items_purged":["Strike_G","Strike_G","Strike_G","Strike_G+1"],"score":689,"play_id":"598621c5-b07e-4ed2-92ea-e0c4c6cf59bd","local_time":"20210129105235","is_ascension_mode":false,"campfire_choices":[{"data":"Neutralize","floor":6,"key":"SMITH"},{"data":"Blade Dance","floor":8,"key":"SMITH"},{"floor":15,"key":"REST"},{"data":"Malaise","floor":23,"key":"SMITH"},{"data":"Crippling Poison","floor":32,"key":"SMITH"},{"data":"Acrobatics","floor":40,"key":"SMITH"},{"data":"Noxious Fumes","floor":42,"key":"SMITH"},{"data":"Night Terror","floor":47,"key":"SMITH"},{"data":"Footwork","floor":49,"key":"SMITH"}],"circlet_count":0,"master_deck":["Defend_G+1","Defend_G+1","Defend_G+1","Defend_G+1","Defend_G+1","Survivor","Neutralize+1","Night Terror+1","Blade Dance+1","Backstab","Backflip","Cloak And Dagger","Malaise+1","Deflect","Deadly Poison","Calculated Gamble","Escape Plan","Blade Dance","Crippling Poison+1","Corpse Explosion","Blur","Blur","Footwork+1","Prepared+1","Acrobatics+1","Noxious Fumes+1","Finisher+1"],"relics":["Ring of the Snake","Bloody Idol","Sundial","Odd Mushroom","Paper Crane","Mercury Hourglass","WristBlade","Pen Nib","Blood Vial","StoneCalendar","Lizard Tail","ClockworkSouvenir"],"acts_visited":["Exordium","TheCity","TheBeyond"],"potions_floor_usage":[16,16,16,41,50,50],"damage_taken":[{"damage":5,"enemies":"Cultist","floor":1,"turns":6},{"damage":1,"enemies":"2 Louse","floor":2,"turns":3},{"damage":0,"enemies":"Jaw Worm","floor":10,"turns":4},{"damage":0,"enemies":"3 Louse","floor":11,"turns":4},{"damage":21,"enemies":"Large Slime","floor":12,"turns":7},{"damage":0,"enemies":"Blue Slaver","floor":13,"turns":5},{"damage":15,"enemies":"The Mushroom Lair","floor":14,"turns":5},{"damage":13,"enemies":"Hexaghost","floor":16,"turns":9},{"damage":15,"enemies":"2 Thieves","floor":18,"turns":4},{"damage":13,"enemies":"Shell Parasite","floor":19,"turns":9},{"damage":4,"enemies":"Snake Plant","floor":24,"turns":10},{"damage":8,"enemies":"Centurion and Healer","floor":25,"turns":11},{"damage":7,"enemies":"Cultist and Chosen","floor":27,"turns":8},{"damage":9,"enemies":"3 Cultists","floor":29,"turns":5},{"damage":29,"enemies":"Collector","floor":33,"turns":9},{"damage":18,"enemies":"3 Darklings","floor":35,"turns":2},{"damage":2,"enemies":"3 Shapes","floor":37,"turns":3},{"damage":16,"enemies":"Jaw Worm Horde","floor":38,"turns":3},{"damage":3,"enemies":"Spire Growth","floor":39,"turns":10},{"damage":6,"enemies":"3 Darklings","floor":41,"turns":3},{"damage":26,"enemies":"2 Orb Walkers","floor":45,"turns":7},{"damage":0,"enemies":"Mind Bloom Boss Battle","floor":46,"turns":4},{"damage":52,"enemies":"Donu and Deca","floor":50,"turns":8}],"seed_played":"4271331228205379499","potions_obtained":[{"floor":11,"key":"DistilledChaos"},{"floor":13,"key":"FearPotion"},{"floor":14,"key":"FearPotion"},{"floor":16,"key":"GhostInAJar"},{"floor":19,"key":"FearPotion"},{"floor":24,"key":"GhostInAJar"},{"floor":41,"key":"Fruit Juice"}],"is_trial":false,"path_per_floor":["M","M","?","?","?","R","$","R","T","M","M","M","M","?","R","B",null,"M","M","?","$","?","R","M","M","T","M","$","M","?","?","R","B",null,"M","?","M","M","M","R","M","R","T","T","?","?","R","$","R","B",null],"character_chosen":"THE_SILENT","items_purchased":["Blade Dance","ClockworkSouvenir","Swift Potion"],"campfire_rested":1,"item_purchase_floors":[28,48,48],"current_hp_per_floor":[65,64,47,47,47,47,47,47,47,47,47,26,26,11,32,19,70,55,42,42,42,42,42,43,40,45,43,43,39,39,39,39,15,70,57,57,60,49,51,51,55,55,60,65,46,53,53,53,53,3],"gold":35,"neow_bonus":"ONE_RANDOM_RARE_CARD","is_daily":false,"chose_seed":false,"campfire_upgraded":8,"win_rate":0.0,"timestamp":1611885155,"path_taken":["M","M","?","?","?","R","$","R","T","M","M","?","M","?","R","BOSS","M","M","?","$","?","R","M","M","T","M","$","?","?","?","R","BOSS","M","?","M","?","M","R","M","R","T","?","?","?","R","$","R","BOSS"],"items_purchased_type":["Card","Relic","Potion"],"build_version":"2020-12-22","purchased_purges":4,"victory":true,"max_hp_per_floor":[70,70,70,70,70,70,70,70,70,70,70,70,70,70,70,70,70,70,70,70,70,70,70,70,70,70,70,70,70,70,70,70,70,70,70,70,70,70,70,70,75,75,75,75,75,75,75,75,75,75],"relic_stats":{"Blood Vial":6,"Lizard Tail":0,"counters":[23,138],"Sundial":[24],"Bloody Idol":75,"StoneCalendar":[78],"Pen Nib":[4],"obtain_stats":[{"Golden Idol":3,"StoneCalendar":45,"Pen Nib":43,"Odd Mushroom":14,"Paper Crane":20,"Mercury Hourglass":26,"ClockworkSouvenir":48,"Blood Vial":44,"Lizard Tail":46,"WristBlade":34,"Sundial":9,"Bloody Idol":22,"Ring of the Snake":0},{"Golden Idol":2,"StoneCalendar":21,"Pen Nib":20,"Odd Mushroom":7,"Paper Crane":10,"Mercury Hourglass":12,"ClockworkSouvenir":22,"Blood Vial":20,"Lizard Tail":22,"WristBlade":15,"Sundial":2,"Bloody Idol":10,"Ring of the Snake":0},{"Golden Idol":9,"StoneCalendar":126,"Pen Nib":119,"Odd Mushroom":34,"Paper Crane":56,"Mercury Hourglass":77,"ClockworkSouvenir":130,"Blood Vial":119,"Lizard Tail":130,"WristBlade":99,"Sundial":9,"Bloody Idol":56,"Ring of the Snake":0}],"Ring of the Snake":[46],"Mercury Hourglass":[258]},"card_choices":[{"not_picked":["Terror","Dagger Throw"],"picked":"Blade Dance","floor":1},{"not_picked":["Dodge and Roll","Quick Slash","Eviscerate"],"picked":"SKIP","floor":2},{"not_picked":["Concentrate","Predator","Slice"],"picked":"SKIP","floor":10},{"not_picked":["Catalyst","Reflex"],"picked":"Backstab","floor":11},{"not_picked":["Prepared","Blur"],"picked":"Backflip","floor":12},{"not_picked":["Catalyst","Slice"],"picked":"Cloak And Dagger","floor":13},{"not_picked":["Endless Agony","Cloak And Dagger"],"picked":"Quick Slash","floor":14},{"not_picked":["Envenom","Glass Knife"],"picked":"Malaise","floor":16},{"not_picked":["Predator","Expertise","Caltrops+1"],"picked":"SKIP","floor":18},{"not_picked":["Slice","Poisoned Stab"],"picked":"Deflect","floor":19},{"not_picked":["Quick Slash","Slice"],"picked":"Deadly Poison","floor":24},{"not_picked":["Underhanded Strike","Quick Slash+1"],"picked":"Calculated Gamble","floor":25},{"not_picked":["Heel Hook","Cloak And Dagger"],"picked":"Escape Plan","floor":27},{"not_picked":["Outmaneuver","Prepared"],"picked":"Crippling Poison","floor":29},{"not_picked":["Wraith Form v2","Burst"],"picked":"Corpse Explosion","floor":33},{"not_picked":["Quick Slash","Terror"],"picked":"Blur","floor":35},{"not_picked":["Underhanded Strike+1","Dodge and Roll+1"],"picked":"Footwork","floor":37},{"not_picked":["Sucker Punch+1","Poisoned Stab+1"],"picked":"Prepared+1","floor":38},{"not_picked":["Slice+1","Dagger Spray+1"],"picked":"Acrobatics","floor":39},{"not_picked":["Predator","Deflect"],"picked":"Noxious Fumes","floor":41},{"not_picked":["Deadly Poison+1","Blade Dance+1"],"picked":"Finisher+1","floor":46}],"player_experience":357424,"relics_obtained":[{"floor":9,"key":"Sundial"},{"floor":14,"key":"Odd Mushroom"},{"floor":26,"key":"Mercury Hourglass"},{"floor":43,"key":"Pen Nib"},{"floor":44,"key":"Blood Vial"},{"floor":45,"key":"StoneCalendar"},{"floor":46,"key":"Lizard Tail"}],"event_choices":[{"damage_healed":0,"gold_gain":0,"player_choice":"Take Damage","damage_taken":17,"relics_obtained":["Golden Idol"],"max_hp_gain":0,"max_hp_loss":0,"event_name":"Golden Idol","floor":3,"gold_loss":0},{"damage_healed":0,"gold_gain":0,"player_choice":"Ignored","damage_taken":0,"max_hp_gain":0,"max_hp_loss":0,"event_name":"Shining Light","floor":4,"gold_loss":0},{"cards_removed":["Strike_G"],"damage_healed":0,"gold_gain":0,"player_choice":"Forget","damage_taken":0,"max_hp_gain":0,"max_hp_loss":0,"event_name":"Living Wall","floor":5,"gold_loss":0},{"damage_healed":0,"gold_gain":0,"player_choice":"Fought Mushrooms","damage_taken":0,"max_hp_gain":0,"max_hp_loss":0,"event_name":"Mushrooms","floor":14,"gold_loss":0},{"damage_healed":0,"gold_gain":0,"player_choice":"Obtained Relic","damage_taken":0,"relics_obtained":["Paper Crane"],"max_hp_gain":0,"max_hp_loss":0,"event_name":"Addict","floor":20,"gold_loss":85},{"damage_healed":0,"gold_gain":0,"player_choice":"Gave Idol","damage_taken":0,"relics_obtained":["Bloody Idol"],"max_hp_gain":0,"max_hp_loss":0,"event_name":"Forgotten Altar","floor":22,"relics_lost":["Golden Idol"],"gold_loss":0},{"damage_healed":0,"gold_gain":0,"player_choice":"Simplicity","damage_taken":0,"max_hp_gain":0,"max_hp_loss":0,"event_name":"Back to Basics","floor":30,"gold_loss":0,"cards_upgraded":["Strike_G","Defend_G","Defend_G","Defend_G","Defend_G","Defend_G"]},{"damage_healed":0,"gold_gain":0,"player_choice":"Ignored","damage_taken":0,"max_hp_gain":0,"max_hp_loss":0,"event_name":"Vampires","floor":31,"gold_loss":0},{"damage_healed":0,"gold_gain":0,"cards_transformed":["Quick Slash"],"player_choice":"Transformed","damage_taken":0,"max_hp_gain":0,"max_hp_loss":0,"event_name":"Transmorgrifier","floor":36,"gold_loss":0,"cards_obtained":["Blur"]},{"damage_healed":0,"gold_gain":0,"player_choice":"Fight","damage_taken":0,"max_hp_gain":0,"max_hp_loss":0,"event_name":"Mysterious Sphere","floor":45,"gold_loss":0},{"damage_healed":0,"gold_gain":0,"player_choice":"Fight","damage_taken":0,"max_hp_gain":0,"max_hp_loss":0,"event_name":"MindBloom","floor":46,"gold_loss":0}],"is_beta":false,"boss_relics":[{"not_picked":["Philosopher\u0027s Stone","Runic Dome","Ectoplasm"]},{"not_picked":["SacredBark","Black Star"],"picked":"WristBlade"}],"items_purged_floors":[7,21,28,48],"is_endless":false,"potions_floor_spawned":[11,13,14,16,19,24,27,33,38,39,41],"ascension_level":0}}