{"host":"g6pz185hgyq822v7","time":1611947284,"event":{"mods":["AchievementEnabler","Act Like it!","BaseMod","Beaked The Cultist","Colored Powertips","GifTheSpireLib","Highlight Path","Hubris","Marisa????????","Minty Spire (QoL Compilation)","Quick Restart","Random Character Button","Replay The Spire","StSLib","The Bug Knight","The Cursed","The Disciple","The Hierophant","The Judge","The Jungle","The Necromancer","The Servant 0.9.4"],"gold_per_floor":[110,117,117,117,16,16,121,112,159,129,176,176,176,195,195,167,167],"floor_reached":16,"language":"ENG","playtime":2000,"items_purged":[],"score":110,"play_id":"3d6c7969-a8ee-4187-8e59-56f6be2ab499","local_time":"20210129200804","is_ascension_mode":false,"campfire_choices":[{"data":"hierophant:ChurchCoffers","floor":6,"key":"SMITH"},{"floor":15,"key":"DIG"}],"circlet_count":0,"master_deck":["hierophant:Strike_Hierophant","hierophant:Strike_Hierophant","hierophant:Strike_Hierophant","hierophant:Strike_Hierophant","hierophant:Punish","hierophant:Defend_Hierophant","hierophant:Defend_Hierophant","hierophant:Defend_Hierophant","hierophant:Defend_Hierophant","hierophant:ChurchCoffers+1","hierophant:MirrorShield","hierophant:HolyVerse","hierophant:PassingBell","hierophant:MorningPrayer","hierophant:RustyCrate","hierophant:Doubloon","hierophant:Doubloon","hubris:DuctTapeCard","hierophant:Chorus","Amnesia","hierophant:PristineSoul"],"relics":["hierophant:PropheticMaskRelic","hubris:Icosahedron","HollowMod:LifeEnderRelic","Boot","hubris:DuctTape","hubris:Towel","Oddly Smooth Stone"],"acts_visited":["Exordium"],"potions_floor_usage":[11,11,16,16],"damage_taken":[{"damage":13,"enemies":"Jaw Worm","floor":1,"turns":3},{"damage":2,"enemies":"Cultist","floor":2,"turns":5},{"damage":11,"enemies":"Replay:BlueRogue","floor":7,"turns":7},{"damage":0,"enemies":"Small Slimes","floor":8,"turns":2},{"damage":5,"enemies":"Looter","floor":10,"turns":3},{"damage":22,"enemies":"Gremlin Nob","floor":11,"turns":4},{"damage":6,"enemies":"2 Fungi Beasts","floor":14,"turns":4},{"damage":77,"enemies":"Hexaghost","floor":16,"turns":13}],"seed_played":"7058198925146472645","potions_obtained":[{"floor":1,"key":"AttackPotion"},{"floor":2,"key":"Toxic Potion"},{"floor":4,"key":"GamblersBrew"},{"floor":4,"key":"DuplicationPotion"},{"floor":10,"key":"Energy Potion"},{"floor":14,"key":"SkillPotion"}],"is_trial":false,"path_per_floor":["M","M","?","?","$","R","E","M","T","M","E","?","?","M","R","B"],"character_chosen":"HIEROPHANT","items_purchased":["hierophant:HolyVerse","hierophant:PassingBell"],"campfire_rested":0,"item_purchase_floors":[5,5],"current_hp_per_floor":[69,67,67,67,67,67,56,56,56,51,29,82,82,76,76,0,0],"gold":167,"neow_bonus":"TEN_PERCENT_HP_BONUS","is_daily":false,"chose_seed":false,"campfire_upgraded":1,"win_rate":0.0,"timestamp":1611947284,"path_taken":["M","M","?","?","$","R","E","?","T","M","E","?","?","M","R","BOSS"],"items_purchased_type":["Card","Card"],"build_version":"2020-12-22","purchased_purges":0,"victory":false,"max_hp_per_floor":[82,82,82,82,82,82,82,82,82,82,82,82,82,82,82,82,82],"card_choices":[{"not_picked":["hierophant:OrnateBuckler","hierophant:RustyCrate"],"picked":"hierophant:MirrorShield","floor":1},{"not_picked":["hierophant:Remorse","hierophant:RecallFunds"],"picked":"hierophant:Purify","floor":2},{"not_picked":["hierophant:Remorse","hierophant:RustyCrate"],"picked":"hierophant:Sermon","floor":7},{"not_picked":["hierophant:Repentance","hierophant:PassingBell"],"picked":"hierophant:MorningPrayer","floor":8},{"not_picked":["hierophant:Purify","hierophant:OrnateBuckler"],"picked":"hierophant:RustyCrate","floor":10},{"not_picked":["hierophant:Patience","hierophant:Glossolalia"],"picked":"hierophant:Chorus","floor":11},{"not_picked":["hierophant:Bribe","hierophant:Flagellation"],"picked":"hierophant:PristineSoul","floor":14}],"player_experience":68249,"relics_obtained":[{"floor":7,"key":"HollowMod:LifeEnderRelic"},{"floor":9,"key":"Boot"},{"floor":11,"key":"hubris:DuctTape"},{"floor":15,"key":"Oddly Smooth Stone"}],"event_choices":[{"damage_healed":0,"gold_gain":0,"player_choice":"Got Potions","damage_taken":0,"max_hp_gain":0,"max_hp_loss":0,"event_name":"Lab","floor":4,"gold_loss":0}],"is_beta":false,"boss_relics":[],"items_purged_floors":[],"is_endless":false,"potions_floor_spawned":[1,2,10,14],"killed_by":"Hexaghost","ascension_level":0}}