{"host":"v711dtdb46xe9u7l","time":1611958386,"event":{"mods":["BaseMod","Highlight Path","Minty Spire (QoL Compilation)","Quick Restart","StSLib"],"gold_per_floor":[109,128,128,138,150,175,192,192,192,192,222,232,232,251,251,354,354,366,378,392,492,504,504,504],"floor_reached":23,"language":"ENG","playtime":1380,"items_purged":[],"score":321,"play_id":"61201b6f-58eb-41d6-8618-38c15bd1d80c","local_time":"20210129221306","is_ascension_mode":true,"campfire_choices":[{"data":"Bludgeon","floor":8,"key":"SMITH"},{"data":"Shrug It Off","floor":10,"key":"SMITH"},{"data":"Bash","floor":13,"key":"SMITH"},{"data":"Flame Barrier","floor":15,"key":"SMITH"}],"circlet_count":0,"master_deck":["AscendersBane","Strike_R","Strike_R","Defend_R","Defend_R","Defend_R","Defend_R","Bash+1","Bludgeon+1","Shrug It Off+1","Headbutt","Headbutt","Shrug It Off","Flame Barrier+1","Berserk","Dropkick+1","Havoc","Warcry","Disarm"],"relics":["Burning Blood","Matryoshka","Tiny Chest","Question Card","StrikeDummy","Empty Cage"],"acts_visited":["Exordium","TheCity"],"potions_floor_usage":[6,12,20,22,22],"damage_taken":[{"damage":6,"enemies":"Small Slimes","floor":1,"turns":3},{"damage":6,"enemies":"Cultist","floor":2,"turns":3},{"damage":7,"enemies":"Jaw Worm","floor":4,"turns":4},{"damage":3,"enemies":"Blue Slaver","floor":5,"turns":5},{"damage":5,"enemies":"Gremlin Nob","floor":6,"turns":3},{"damage":20,"enemies":"3 Louse","floor":7,"turns":4},{"damage":12,"enemies":"Lagavulin","floor":11,"turns":6},{"damage":10,"enemies":"Exordium Wildlife","floor":12,"turns":4},{"damage":12,"enemies":"2 Fungi Beasts","floor":14,"turns":5},{"damage":42,"enemies":"Slime Boss","floor":16,"turns":11},{"damage":0,"enemies":"3 Byrds","floor":18,"turns":3},{"damage":4,"enemies":"Chosen","floor":19,"turns":3},{"damage":10,"enemies":"Shelled Parasite and Fungi","floor":20,"turns":4},{"damage":39,"enemies":"3 Cultists","floor":22,"turns":9},{"damage":38,"enemies":"Gremlin Leader","floor":23,"turns":4}],"seed_played":"8598184922014358825","potions_obtained":[{"floor":1,"key":"BloodPotion"},{"floor":4,"key":"Energy Potion"},{"floor":11,"key":"Dexterity Potion"},{"floor":12,"key":"LiquidMemories"},{"floor":20,"key":"Block Potion"}],"is_trial":false,"path_per_floor":["M","M","?","M","M","E","M","R","T","R","E","M","R","M","R","B",null,"M","M","M","?","M","E"],"character_chosen":"IRONCLAD","items_purchased":[],"campfire_rested":0,"item_purchase_floors":[],"current_hp_per_floor":[72,72,72,71,74,75,61,61,61,61,55,67,67,61,61,25,66,72,74,70,70,37,0,0],"gold":504,"neow_bonus":"ONE_RANDOM_RARE_CARD","is_daily":false,"chose_seed":false,"campfire_upgraded":4,"win_rate":0.0,"timestamp":1611958386,"path_taken":["M","M","?","M","M","E","M","R","T","R","E","M","R","M","R","BOSS","M","M","M","?","M","E"],"items_purchased_type":[],"build_version":"2020-12-22","purchased_purges":0,"victory":false,"max_hp_per_floor":[80,80,80,80,80,80,80,80,80,80,80,80,80,80,80,80,80,80,80,80,80,80,80,80],"card_choices":[{"not_picked":["Rupture","Inflame"],"picked":"Shrug It Off","floor":1},{"not_picked":["Searing Blow","Warcry"],"picked":"Headbutt","floor":2},{"not_picked":["Thunderclap","Anger"],"picked":"Headbutt","floor":4},{"not_picked":["Thunderclap","Heavy Blade","Flex"],"picked":"SKIP","floor":5},{"not_picked":["Barricade","Sever Soul","Hemokinesis"],"picked":"SKIP","floor":6},{"not_picked":["Clothesline","True Grit"],"picked":"Shrug It Off","floor":7},{"not_picked":["Shrug It Off","Clash","Limit Break","Flex"],"picked":"SKIP","floor":11},{"not_picked":["Body Slam","Clash","Armaments","Rampage"],"picked":"SKIP","floor":12},{"not_picked":["Rupture","Rampage","Power Through"],"picked":"Flame Barrier","floor":14},{"not_picked":["Limit Break","Immolate","Reaper"],"picked":"Berserk","floor":16},{"not_picked":["Havoc","Dropkick+1","Rage","Reckless Charge"],"picked":"SKIP","floor":18},{"not_picked":["Havoc","Rage","Reckless Charge"],"picked":"Dropkick+1","floor":18},{"not_picked":["Twin Strike+1","Spot Weakness","Reckless Charge"],"picked":"Havoc","floor":19},{"not_picked":["Sword Boomerang","Iron Wave+1","Power Through+1"],"picked":"Warcry","floor":20},{"not_picked":["Shrug It Off","Carnage","Dark Embrace"],"picked":"Disarm","floor":22}],"player_experience":409135,"relics_obtained":[{"floor":6,"key":"Matryoshka"},{"floor":9,"key":"Tiny Chest"},{"floor":9,"key":"Question Card"},{"floor":11,"key":"StrikeDummy"}],"event_choices":[{"cards_removed":["Strike_R"],"damage_healed":0,"gold_gain":0,"player_choice":"Purged","damage_taken":0,"max_hp_gain":0,"max_hp_loss":0,"event_name":"Purifier","floor":3,"gold_loss":0},{"damage_healed":0,"gold_gain":100,"player_choice":"Pray","damage_taken":0,"max_hp_gain":0,"max_hp_loss":0,"event_name":"Golden Shrine","floor":21,"gold_loss":0}],"is_beta":false,"boss_relics":[{"not_picked":["Philosopher\u0027s Stone","SlaversCollar"],"picked":"Empty Cage"}],"items_purged_floors":[],"is_endless":false,"potions_floor_spawned":[1,4,11,12,19,20],"killed_by":"Gremlin Leader","ascension_level":11}}