{"host":"yqw1zpryoutrnocq","time":1611934242,"event":{"mods":["2.2 Compatiblity","AchievementEnabler","BaseMod","Colored Map","Custom Start","DeckTracker","Minty Spire (QoL Compilation)","StSLib","SuperFastMode"],"gold_per_floor":[112,131,18,18,32,32,50,50,77,77,93,125,125,146,146,275,275,289,289,309,269,292,292,315,315,315,315,9,189,208,251,251,381,381,406,690,208,233,260,260,260],"floor_reached":40,"language":"KOR","playtime":1284,"items_purged":["Strike_G","Regret"],"score":560,"play_id":"efdbdea4-1565-4ee7-953e-0cab92e368bd","local_time":"20210129093042","is_ascension_mode":true,"campfire_choices":[{"data":"Noxious Fumes","floor":6.0,"key":"SMITH"},{"data":"Neutralize","floor":8.0,"key":"SMITH"},{"data":"Bouncing Flask","floor":10.0,"key":"SMITH"},{"floor":15.0,"key":"REST"},{"data":"Sucker Punch","floor":23,"key":"SMITH"},{"floor":25,"key":"REST"},{"data":"Burst","floor":27,"key":"SMITH"},{"floor":32,"key":"REST"}],"circlet_count":0,"master_deck":["Defend_G+1","Defend_G","Defend_G","Defend_G","Defend_G","Survivor+1","Neutralize+1","Flying Knee","Poisoned Stab","Noxious Fumes+1","Bouncing Flask+1","Endless Agony","Heel Hook","Sucker Punch+1","Blade Dance","Burst+1","Die Die Die+1","Deflect+1","Corpse Explosion+1","Caltrops","Dagger Spray","Acrobatics","Well Laid Plans+1","Wraith Form v2","Dark Shackles","Dagger Throw+1","Concentrate+1","Night Terror","Terror","Poisoned Stab+1","Impatience","Cloak And Dagger","Outmaneuver+1"],"relics":["Ring of the Snake","CaptainsWheel","Omamori","Potion Belt","Golden Idol","Astrolabe","Centennial Puzzle","Molten Egg 2","Cauldron","CeramicFish","Calling Bell","Strawberry","Pear","Thread and Needle","Pantograph"],"acts_visited":["TheCity","TheBeyond"],"potions_floor_usage":[22,24,24,28,30,31,33,33,35,35,35,35],"damage_taken":[{"damage":1.0,"enemies":"Cultist","floor":1.0,"turns":5.0},{"damage":8.0,"enemies":"Small Slimes","floor":2.0,"turns":3.0},{"damage":0.0,"enemies":"2 Louse","floor":5.0,"turns":2.0},{"damage":1.0,"enemies":"Blue Slaver","floor":7.0,"turns":3.0},{"damage":6.0,"enemies":"Looter","floor":11.0,"turns":3.0},{"damage":12.0,"enemies":"Gremlin Nob","floor":12.0,"turns":4.0},{"damage":0.0,"enemies":"Lots of Slimes","floor":14.0,"turns":4.0},{"damage":6.0,"enemies":"Slime Boss","floor":16.0,"turns":6.0},{"damage":5.0,"enemies":"Chosen","floor":18.0,"turns":3.0},{"damage":6,"enemies":"3 Byrds","floor":20,"turns":2},{"damage":14,"enemies":"Shelled Parasite and Fungi","floor":22,"turns":5},{"damage":15,"enemies":"Centurion and Healer","floor":24,"turns":2},{"damage":0,"enemies":"3 Cultists","floor":30,"turns":2},{"damage":5,"enemies":"Gremlin Leader","floor":31,"turns":6},{"damage":26,"enemies":"Collector","floor":33,"turns":8},{"damage":1,"enemies":"3 Shapes","floor":35,"turns":1},{"damage":9,"enemies":"3 Darklings","floor":38,"turns":4},{"damage":40,"enemies":"Spire Growth","floor":39,"turns":6},{"damage":27,"enemies":"Giant Head","floor":40,"turns":7}],"seed_played":"-4540939839242561197","potions_obtained":[{"floor":2.0,"key":"Strength Potion"},{"floor":12.0,"key":"SteroidPotion"},{"floor":14.0,"key":"PowerPotion"},{"floor":16.0,"key":"SkillPotion"},{"floor":18.0,"key":"Weak Potion"},{"floor":20,"key":"DuplicationPotion"},{"floor":28,"key":"FearPotion"},{"floor":28,"key":"Strength Potion"},{"floor":28,"key":"AttackPotion"},{"floor":28,"key":"Swift Potion"},{"floor":28,"key":"Fruit Juice"},{"floor":31,"key":"Explosive Potion"},{"floor":33,"key":"DuplicationPotion"},{"floor":35,"key":"Fruit Juice"}],"is_trial":false,"path_per_floor":["M","M","$","?","M","R","M","R","T","R","M","E","?","M","R","B",null,"M","?","M","?","M","R","M","R","T","R","$","?","M","E","R","B",null,"M","?","$","M","M","E"],"character_chosen":"THE_SILENT","items_purchased":["Noxious Fumes","Cauldron","Wraith Form v2","Dark Shackles","Pantograph","Poisoned Stab+1","Impatience"],"campfire_rested":3,"item_purchase_floors":[3,28,28,28,37,37,37],"current_hp_per_floor":[48,40,40,33,33,33,32,32,32,32,26,14,14,14,33,27,56,51,51,45,45,31,31,16,35,35,35,40,15,15,10,31,5,71,75,75,75,66,26,0,0],"gold":260,"neow_bonus":"ONE_RARE_RELIC","is_daily":false,"chose_seed":false,"campfire_upgraded":5,"win_rate":0.0,"timestamp":1611934242,"path_taken":["M","M","?","?","M","R","M","R","T","R","M","E","?","M","R","BOSS","M","?","M","?","?","R","M","R","T","R","$","?","?","E","R","BOSS","M","?","$","M","M","E"],"items_purchased_type":["Card","Relic","Card","Card","Relic","Card","Card"],"build_version":"2020-12-22","purchased_purges":2,"victory":false,"max_hp_per_floor":[70,70,70,70,70,70,70,70,70,70,70,70,65,65,65,65,65,65,65,65,65,65,65,65,65,65,65,70,70,70,70,70,70,87,92,92,92,92,92,92,92],"card_choices":[{"not_picked":["Setup","Escape Plan"],"picked":"Flying Knee","floor":1.0},{"not_picked":["Calculated Gamble","Bane"],"picked":"Poisoned Stab","floor":2.0},{"not_picked":["All Out Attack","Poisoned Stab"],"picked":"Bouncing Flask","floor":5.0},{"not_picked":["Setup","Deflect"],"picked":"Endless Agony","floor":7.0},{"not_picked":["Deadly Poison","Flechettes"],"picked":"Heel Hook","floor":11.0},{"not_picked":["Storm of Steel","Deflect"],"picked":"Sucker Punch","floor":12.0},{"not_picked":["Prepared","Deflect"],"picked":"Blade Dance","floor":14.0},{"not_picked":["After Image","Bullet Time"],"picked":"Burst","floor":16.0},{"not_picked":["Expertise+1","Masterful Stab"],"picked":"Caltrops","floor":18.0},{"not_picked":["Prepared","Bane"],"picked":"Dagger Spray","floor":20},{"not_picked":["Slice","Footwork"],"picked":"Acrobatics","floor":22},{"not_picked":["Acrobatics","Deadly Poison"],"picked":"Well Laid Plans+1","floor":24},{"not_picked":["Slice+1","Flying Knee+1"],"picked":"Dagger Throw+1","floor":30},{"not_picked":["Footwork","Skewer+1"],"picked":"Concentrate+1","floor":31},{"not_picked":["Phantasmal Killer","Unload+1"],"picked":"Night Terror","floor":33},{"not_picked":["Skewer+1","Sucker Punch+1"],"picked":"Terror","floor":35},{"not_picked":["Dodge and Roll","Expertise"],"picked":"Cloak And Dagger","floor":38},{"not_picked":["Deflect+1","Skewer+1"],"picked":"Outmaneuver+1","floor":39}],"player_experience":237173,"relics_obtained":[{"floor":9.0,"key":"Omamori"},{"floor":12.0,"key":"Potion Belt"},{"floor":26,"key":"Molten Egg 2"},{"floor":31,"key":"CeramicFish"},{"floor":34,"key":"Strawberry"},{"floor":34,"key":"Pear"},{"floor":34,"key":"Thread and Needle"}],"event_choices":[{"cards_removed":["Strike_G"],"damage_healed":0.0,"max_hp_gain":0.0,"max_hp_loss":0.0,"gold_gain":0.0,"event_name":"Golden Wing","player_choice":"Card Removal","floor":4.0,"gold_loss":0.0,"damage_taken":7.0},{"damage_healed":0.0,"max_hp_gain":0.0,"max_hp_loss":5.0,"gold_gain":0.0,"event_name":"Golden Idol","player_choice":"Lose Max HP","floor":13.0,"gold_loss":0.0,"damage_taken":0.0,"relics_obtained":["Golden Idol"]},{"damage_healed":0.0,"max_hp_gain":0.0,"max_hp_loss":0.0,"gold_gain":0.0,"event_name":"The Mausoleum","player_choice":"Opened","floor":19.0,"gold_loss":0.0,"damage_taken":0.0,"relics_obtained":["Centennial Puzzle"],"cards_obtained":["Writhe"]},{"damage_healed":0,"gold_gain":0,"player_choice":"Upgraded Two","damage_taken":0,"max_hp_gain":0,"max_hp_loss":0,"event_name":"Designer","floor":21,"gold_loss":40,"cards_upgraded":["Defend_G","Survivor"]},{"damage_healed":0,"gold_gain":180,"player_choice":"GOLD GOLD POTION ","damage_taken":25,"max_hp_gain":0,"max_hp_loss":0,"event_name":"Knowing Skull","floor":29,"potions_obtained":["AttackPotion"],"gold_loss":0,"cards_obtained":[]},{"damage_healed":0,"gold_gain":275,"player_choice":"Desecrate","damage_taken":0,"max_hp_gain":0,"max_hp_loss":0,"event_name":"Golden Shrine","floor":36,"gold_loss":0,"cards_obtained":["Regret"]}],"is_beta":false,"boss_relics":[{"not_picked":["Coffee Dripper","Velvet Choker"],"picked":"Astrolabe"},{"not_picked":["Pandora\u0027s Box","Ring of the Serpent"],"picked":"Calling Bell"}],"items_purged_floors":[3,37],"is_endless":false,"potions_floor_spawned":[2,12,14,16,18,20,31,33,35],"killed_by":"Giant Head","ascension_level":5}}