{"host":"3p68uopcdpnmkayy","time":1611940649,"event":{"mods":["AchievementEnabler","Act Like it!","Arknights The Spire","BaseMod","Colored Map","Colored Powertips","Conspire","Fox Events","GifTheSpireLib","Hallownest","Hubris","Luminous","Minty Spire (QoL Compilation)","Pikachu Mod","Relic Filter","Replay The Spire","Shade Mod","Spikes Relics","StSLib","Stuff the Spire","The Bug Knight","The Hierophant"],"gold_per_floor":[112,132,132,147,159,159,193,204,227,152,152,162,162,181,181,282,282,302,318,335,335,37,64,19,19,19,51,51,63,97,110,110,210,210,225,225,239,319,330,330,343,355,402,272,272,288,288,305,305,305],"floor_reached":51,"language":"ENG","playtime":3997,"items_purged":[],"score":763,"play_id":"b11c0637-2963-435a-a7b0-88216f308321","local_time":"20210129191729","is_ascension_mode":false,"campfire_choices":[{"data":"HollowMod:DesolateDive","floor":6,"key":"SMITH"},{"data":"HollowMod:CloakDash","floor":11,"key":"SMITH"},{"data":"HollowMod:SharpenedNail","floor":13,"key":"SMITH"},{"data":"HollowMod:SoulSplash","floor":15,"key":"SMITH"},{"data":"HollowMod:MantisMark","floor":25,"key":"SMITH"},{"floor":32,"key":"REST"},{"floor":40,"key":"REST"},{"floor":45,"key":"REST"},{"floor":47,"key":"REST"},{"data":"HollowMod:VengefulSpirit","floor":49,"key":"SMITH"}],"circlet_count":0,"master_deck":["Pikachu:Rage+1","HollowMod:NailStrikeStart","HollowMod:NailStrikeStart","HollowMod:NailStrikeStart","HollowMod:NailStrikeStart","HollowMod:QuickDashStart","HollowMod:QuickDashStart","HollowMod:QuickDashStart","HollowMod:QuickDashStart","HollowMod:FocusHealStart","HollowMod:PogoStrike","HollowMod:CloakDash","HollowMod:DesolateDive+1","HollowMod:SharpenedNail+1","HollowMod:CloakDash+1","HollowMod:SoulSplash+1","HollowMod:MantisMark+1","HollowMod:CloakDash","StuffTheSpire:Ambrosia","HollowMod:HeavyBlow+1","HollowMod:VengefulSpirit+1","HollowMod:SoulShaman+1"],"relics":["HollowMod:KingsSoulRelic","Eternal Feather","HollowMod:PaleOreRelic","Membership Card","HollowMod:StagPassRelic","hubris:MysteriousPyramids","RetroEgg","Pantograph","hubris:ToyBattleship","Hallownest:SoulVesselRelic"],"acts_visited":["Hallownest:Greenpath","Hallownest:CityofTears","Hallownest:KingdomsEdge"],"potions_floor_usage":[7,16,27,27,33,50,50],"damage_taken":[{"damage":1,"enemies":"Hallownest:monsterHuskWarrior","floor":1,"turns":4},{"damage":4,"enemies":"Hallownest:monsterHuskGuard","floor":2,"turns":3},{"damage":2,"enemies":"Hallownest:2_MossCreeps","floor":4,"turns":5},{"damage":0,"enemies":"Hallownest:monsterAspidMother","floor":5,"turns":3},{"damage":3,"enemies":"Hallownest:eliteVengeflyKing","floor":7,"turns":2},{"damage":8,"enemies":"Hallownest:1_Baldur_1_Crawlid_1_Warrior","floor":8,"turns":4},{"damage":2,"enemies":"Hallownest:MossCreep_and_Mosskin","floor":12,"turns":4},{"damage":1,"enemies":"Hallownest:monsterMossCharger","floor":14,"turns":2},{"damage":41,"enemies":"Hallownest:BossHornet","floor":16,"turns":8},{"damage":14,"enemies":"Hallownest:3_Youths","floor":18,"turns":4},{"damage":10,"enemies":"Hallownest:2_Mistakes","floor":19,"turns":4},{"damage":2,"enemies":"Hallownest:monsterShrumalOgre","floor":20,"turns":3},{"damage":6,"enemies":"Hallownest:eliteSoulWarrior","floor":23,"turns":4},{"damage":28,"enemies":"Hallownest:eliteWatcherKnight","floor":27,"turns":10},{"damage":2,"enemies":"Hallownest:2_Husk_Sentries","floor":29,"turns":3},{"damage":27,"enemies":"Hallownest:eliteSoulWarrior","floor":30,"turns":4},{"damage":8,"enemies":"Hallownest:Master_and_Novice","floor":31,"turns":3},{"damage":16,"enemies":"Hallownest:BossGrimm","floor":33,"turns":8},{"damage":5,"enemies":"Hallownest:Shield_Heavy","floor":35,"turns":3},{"damage":22,"enemies":"Hallownest:3_Siblings","floor":37,"turns":5},{"damage":22,"enemies":"Hallownest:3_Siblings","floor":38,"turns":4},{"damage":0,"enemies":"Hallownest:3_Siblings","floor":38,"turns":2},{"damage":18,"enemies":"Hallownest:monsterPrimalAspid","floor":39,"turns":3},{"damage":5,"enemies":"Hallownest:2_Great","floor":41,"turns":3},{"damage":44,"enemies":"Hallownest:Slobbering_and_Violent","floor":42,"turns":6},{"damage":20,"enemies":"Hallownest:Shield_Sturdy","floor":46,"turns":4},{"damage":19,"enemies":"Hallownest:monsterPrimalAspid","floor":48,"turns":4},{"damage":49,"enemies":"Hallownest:BossGreyPrinceZote","floor":50,"turns":8}],"seed_played":"3242351200547812066","potions_obtained":[{"floor":2,"key":"AttackPotion"},{"floor":14,"key":"Regen Potion"},{"floor":18,"key":"BlessingOfTheForge"},{"floor":20,"key":"CultistPotion"},{"floor":27,"key":"Explosive Potion"},{"floor":46,"key":"Weak Potion"},{"floor":48,"key":"Venom Potion"}],"is_trial":false,"path_per_floor":["M","M","$","M","M","R","E","M","T","?","R","M","R","M","R","B",null,"M","M","M","?","$","E","?","R","T","E","?","M","E","M","R","B",null,"M","?","M","?","M","R","M","M","T","?","R","M","R","M","R","B",null],"character_chosen":"THE_BUGKNIGHT","items_purchased":["Membership Card","HollowMod:StagPassRelic","HollowMod:CloakDash"],"campfire_rested":4,"item_purchase_floors":[22,22,22],"current_hp_per_floor":[81,77,77,81,81,81,78,70,70,75,84,85,87,86,87,61,87,73,63,61,82,82,76,82,91,91,69,69,68,42,35,72,81,97,93,93,72,52,35,76,72,29,29,29,70,51,93,75,87,53],"gold":305,"neow_bonus":"TEN_PERCENT_HP_BONUS","is_daily":false,"chose_seed":false,"campfire_upgraded":6,"win_rate":0.0,"timestamp":1611940649,"path_taken":["M","M","$","M","M","R","E","M","T","?","R","M","R","M","R","BOSS","M","M","M","?","$","E","?","R","T","E","?","?","E","M","R","BOSS","M","?","?","?","?","R","?","M","T","?","R","M","R","M","R","BOSS"],"items_purchased_type":["Relic","Relic","Card"],"build_version":"2020-12-22","purchased_purges":0,"victory":true,"max_hp_per_floor":[82,82,82,82,82,82,82,82,82,87,87,87,87,87,87,87,87,87,87,87,87,87,87,93,93,93,93,93,94,95,96,96,97,97,98,93,94,96,97,97,98,99,99,99,99,100,100,101,101,102],"card_choices":[{"not_picked":["HollowMod:WraithStrike","HollowMod:PureNailStrike","HollowMod:SoulEater"],"picked":"SKIP","floor":1},{"not_picked":["HollowMod:FastStrike","HollowMod:SoulSplash"],"picked":"HollowMod:CloakDash","floor":2},{"not_picked":["HollowMod:VengefulVoid","HollowMod:TaintedHusks"],"picked":"HollowMod:DesolateDive","floor":4},{"not_picked":["HollowMod:MothsMistake","HollowMod:GrimmsGift"],"picked":"HollowMod:SharpenedNail","floor":5},{"not_picked":["HollowMod:NewJinnsSoul","HollowMod:GrimmsGift","HollowMod:NewInfectedGuardian"],"picked":"SKIP","floor":7},{"not_picked":["HollowMod:PerfectDash","HollowMod:InfectionAssault"],"picked":"HollowMod:CloakDash","floor":8},{"not_picked":["HollowMod:NewJinnsSoul","HollowMod:InfectedCysts","HollowMod:DescendingDark"],"picked":"SKIP","floor":12},{"not_picked":["HollowMod:DescendingDark","HollowMod:TaintedHusks"],"picked":"HollowMod:SoulSplash","floor":14},{"not_picked":["HollowMod:DescendingDark","HollowMod:VengefulVoid","HollowMod:SiblingsSouls"],"picked":"SKIP","floor":18},{"not_picked":["HollowMod:TaintedHusks","HollowMod:DescendingDark","HollowMod:HerrahsAnger"],"picked":"SKIP","floor":19},{"not_picked":["HollowMod:ShadowDash","HollowMod:MothsMistake"],"picked":"HollowMod:MantisMark","floor":20},{"not_picked":["HollowMod:GrimmsGift","HollowMod:SharpenedNail+1","HollowMod:HeavyBlow"],"picked":"SKIP","floor":23},{"not_picked":["HollowMod:SoulSplash","HollowMod:CycloneSlash","HollowMod:WraithStrike"],"picked":"SKIP","floor":27},{"not_picked":["StuffTheSpire:Harmony","StuffTheSpire:Brawn"],"picked":"StuffTheSpire:Ambrosia","floor":28},{"not_picked":["HollowMod:TaintedHusks","HollowMod:InfectedAttack","HollowMod:GrimmsGift"],"picked":"SKIP","floor":29},{"not_picked":["HollowMod:SoulVessel+1","HollowMod:FastStrike","HollowMod:InfectedCysts+1"],"picked":"SKIP","floor":30},{"not_picked":["HollowMod:LordofShades","HollowMod:CloakDash","HollowMod:InfectedAttack"],"picked":"SKIP","floor":31},{"not_picked":["HollowMod:SoulShaman","HollowMod:HeavyBlow","HollowMod:WraithStrike+1"],"picked":"SKIP","floor":35},{"not_picked":["HollowMod:SoulSplash+1","HollowMod:DashSlash+1"],"picked":"HollowMod:HeavyBlow+1","floor":37},{"not_picked":["HollowMod:DreamGate+1","HollowMod:HornetsHelp"],"picked":"HollowMod:VengefulSpirit","floor":39},{"not_picked":["HollowMod:MothsMistake+1","HollowMod:NewJinnsSoul+1","HollowMod:DoubleDash"],"picked":"SKIP","floor":41},{"not_picked":["HollowMod:GoodIntentions","HollowMod:NewLittleFool","HollowMod:LifebloodCocoon"],"picked":"SKIP","floor":42},{"not_picked":["HollowMod:DoubleDash","HollowMod:SoulSplash","HollowMod:DesolateDive"],"picked":"SKIP","floor":46},{"not_picked":["HollowMod:SiblingsSouls+1","HollowMod:ChannelNail"],"picked":"HollowMod:SoulShaman+1","floor":48}],"player_experience":211530,"relics_obtained":[{"floor":7,"key":"Eternal Feather"},{"floor":9,"key":"HollowMod:PaleOreRelic"},{"floor":23,"key":"hubris:MysteriousPyramids"},{"floor":26,"key":"RetroEgg"},{"floor":27,"key":"Anchor"},{"floor":30,"key":"Pantograph"},{"floor":43,"key":"hubris:ToyBattleship"}],"event_choices":[],"is_beta":false,"boss_relics":[{"not_picked":["Sozu","conspire:SeveredTorchhead"],"picked":"HollowMod:KingsSoulRelic"},{"not_picked":["HollowMod:VoidIdolRelic","conspire:SlowCooker","Replay:Ancient Bell"]}],"items_purged_floors":[],"is_endless":false,"potions_floor_spawned":[2,14,18,20,27,37,38,46,48],"ascension_level":0}}