{"host":"lehz9p79pih88cc3","time":1611880823,"event":{"mods":["AchievementEnabler","Act Like it!","BaseMod","Downfall","Lobotomy","LobotomyExtend","Minty Spire (QoL Compilation)","Permanent Neow","Quick Restart","Relic Stats","Replay The Spire","SacredBarkPlus","StSLib","The Construct","The Mystic","The Runesmith","Transform Curses","Yakumo Yukari mod"],"gold_per_floor":[99,116,34,34,50,60,106,106,141,157,157,175,202,216,226,327,327,327,342,342,360,90,122,159,71,94,141,163,192,204,236,262,370,382,394,422,434,496,535,547,584,596,296,296,325,338,352,364,381,381],"floor_reached":51,"language":"ENG","playtime":3307,"items_purged":["champ:BladeFlurry+1"],"score":783,"play_id":"6035307f-ef95-47ee-921c-b52e3326c94c","local_time":"20210128194023","is_ascension_mode":false,"campfire_choices":[{"data":"champ:Taunt","floor":1,"key":"SMITH"},{"data":"champ:HoldFirm","floor":18,"key":"SMITH"},{"data":"champ:TornadoPunch","floor":25,"key":"SMITH"},{"floor":30,"key":"REST"},{"data":"champ:Improvising","floor":35,"key":"SMITH"},{"data":"champ:DefensiveShout","floor":40,"key":"SMITH"}],"circlet_count":0,"master_deck":["champ:Execute","champ:Taunt+1","champ:StanceDance","champ:DefensiveStyle+1","champ:TornadoPunch+1","champ:BringItOn","champ:HoldFirm+1","champ:GutPunch","champ:Circumvent","champ:GladiatorForm+1","champ:DefensiveStyle+1","champ:Backstep+1","champ:FocusedDefense","champ:ShieldSigil","champ:PerfectedStrike","champ:SetATrap+1","champ:DefensiveShout","champ:GladiatorForm","champ:IronFortress","champ:Circumvent","champ:Endure","champ:VampiricStrike","champ:FanOfKnives","champ:Improvising+1","champ:DefensiveShout+1","champ:GutPunch","champ:FalseCounter","champ:EnGarde+1","champ:RageSigil","champ:FlashCut","champ:ShieldSigil+1","champ:TornadoPunch","champ:FlashCut+1"],"relics":["Painkiller Herb","LetterFromLob","Blue Candle","MealTicket","champ:LiftRelic","Mango","Ice Cream","Astrolabe","Guide Book","MawBank","Happy Flower","downfall:HeartBlessingGreen","Blood Vial","Pandora\u0027s Box","Torii","Vajra","Blue Doll","HandDrill","ReplayTheSpireMod:Ninjato"],"acts_visited":["Exordium","TheCity","TheBeyond"],"potions_floor_usage":[19,32,33,47,50,50],"damage_taken":[{"damage":10,"enemies":"2 Louse","floor":2,"turns":2},{"damage":20,"enemies":"downfall:FleeingMerchant","floor":3,"turns":4},{"damage":12,"enemies":"Small Slimes","floor":5,"turns":3},{"damage":10,"enemies":"Jaw Worm","floor":6,"turns":2},{"damage":14,"enemies":"3 Sentries","floor":9,"turns":4},{"damage":13,"enemies":"Blue Slaver","floor":10,"turns":3},{"damage":0,"enemies":"Red Slaver","floor":12,"turns":2},{"damage":10,"enemies":"Gremlin Nob","floor":13,"turns":3},{"damage":0,"enemies":"2 Fungi Beasts","floor":14,"turns":3},{"damage":0,"enemies":"3 Louse","floor":15,"turns":2},{"damage":54,"enemies":"SI_SHIV_ARCHETYPE","floor":16,"turns":11},{"damage":10,"enemies":"3 Byrds","floor":19,"turns":6},{"damage":14,"enemies":"Spheric Guardian","floor":21,"turns":4},{"damage":0,"enemies":"downfall:FleeingMerchant","floor":22,"turns":4},{"damage":25,"enemies":"Replay:Snechameleon","floor":23,"turns":8},{"damage":10,"enemies":"Snecko","floor":26,"turns":4},{"damage":17,"enemies":"Book of Stabbing","floor":27,"turns":5},{"damage":0,"enemies":"3 Cultists","floor":28,"turns":4},{"damage":24,"enemies":"Snake Plant","floor":29,"turns":5},{"damage":18,"enemies":"Shelled Parasite and Fungi","floor":31,"turns":6},{"damage":23,"enemies":"Centurion and Healer","floor":32,"turns":8},{"damage":10,"enemies":"DF_ARCHETYPE_CLAW","floor":33,"turns":9},{"damage":27,"enemies":"3 Darklings","floor":36,"turns":7},{"damage":10,"enemies":"3 Darklings","floor":38,"turns":8},{"damage":20,"enemies":"downfall:FleeingMerchant","floor":43,"turns":4},{"damage":42,"enemies":"Reptomancer","floor":45,"turns":6},{"damage":0,"enemies":"Orb Walker","floor":46,"turns":3},{"damage":37,"enemies":"Transient","floor":47,"turns":5},{"damage":11,"enemies":"Jaw Worm Horde","floor":48,"turns":4},{"damage":1,"enemies":"Maw","floor":49,"turns":8},{"damage":37,"enemies":"IC_BLOCK_ARCHETYPE","floor":50,"turns":11}],"seed_played":"-7802581243962695547","potions_obtained":[{"floor":2,"key":"bronze:BurnAndBuffPotion"},{"floor":5,"key":"FearPotion"},{"floor":13,"key":"DistilledChaos"},{"floor":19,"key":"LifebloodPotion"},{"floor":23,"key":"champ:TechniquePotion"},{"floor":38,"key":"Weak Potion"},{"floor":46,"key":"Elixir"},{"floor":47,"key":"AttackPotion"},{"floor":49,"key":"PowerPotion"}],"is_trial":false,"path_per_floor":["T","?","T","?","?","?","T","?","E","?","?","?","E","?","?","B",null,"T","?","?","?","T","E","T","T","?","E","?","?","T","?","?","B",null,"T","?","?","?","?","T","T","?","T","?","E","?","?","?","?","B",null],"character_chosen":"THE_CHAMP","items_purchased":["champ:DefensiveStyle","champ:PerfectedStrike","champ:SetATrap+1","Guide Book","HandDrill","champ:RageSigil","champ:FlashCut"],"campfire_rested":1,"item_purchase_floors":[3,22,22,22,43,43,43],"current_hp_per_floor":[90,90,90,85,83,83,83,83,93,90,90,90,90,90,90,76,104,104,94,104,100,104,84,84,84,84,77,79,67,98,82,71,63,104,104,92,92,94,94,94,94,94,104,104,72,74,54,45,46,21],"gold":381,"neow_bonus":"BOSS_RELIC","is_daily":false,"chose_seed":false,"campfire_upgraded":5,"win_rate":0.0,"timestamp":1611880823,"path_taken":["T","?","T","?","?","?","T","?","E","?","?","?","E","?","?","BOSS","T","?","?","?","T","E","T","T","?","E","?","?","T","?","?","BOSS","T","?","?","?","?","T","T","?","T","?","E","?","?","?","?","BOSS"],"items_purchased_type":["Card","Card","Card","Relic","Relic","Card","Card"],"build_version":"2020-12-22","purchased_purges":1,"victory":true,"max_hp_per_floor":[90,90,90,90,90,90,90,90,104,104,104,104,104,104,104,104,104,104,104,104,104,104,104,104,104,104,104,104,104,104,104,104,104,104,104,104,104,104,104,104,104,104,104,104,104,104,104,104,104,104],"relic_stats":{"Blood Vial":24,"Happy Flower":[32],"Torii":7,"counters":[32,159],"Blue Candle":[0],"Astrolabe":["champ:DefensiveStyle","champ:BladeFlurry","champ:Backstep"],"MealTicket":14,"Pandora\u0027s Box":["champ:FanOfKnives","champ:Improvising","champ:DefensiveShout","champ:GutPunch","champ:FalseCounter"],"HandDrill":[26],"MawBank":240,"obtain_stats":[{"Ice Cream":13,"ReplayTheSpireMod:Ninjato":45,"Happy Flower":24,"Torii":38,"Blue Candle":4,"Astrolabe":17,"Guide Book":22,"Vajra":39,"champ:ChampionCrown":0,"Painkiller Herb":0,"Mango":9,"downfall:HeartBlessingGreen":25,"Blue Doll":41,"MawBank":23,"Blood Vial":27,"champ:LiftRelic":8,"MealTicket":7,"Pandora\u0027s Box":34,"LetterFromLob":2,"HandDrill":43},{"Ice Cream":8,"ReplayTheSpireMod:Ninjato":26,"Happy Flower":15,"Torii":24,"Blue Candle":2,"Astrolabe":11,"Guide Book":14,"Vajra":24,"champ:ChampionCrown":0,"Painkiller Herb":0,"Mango":5,"downfall:HeartBlessingGreen":15,"Blue Doll":24,"MawBank":15,"Blood Vial":17,"champ:LiftRelic":4,"MealTicket":4,"Pandora\u0027s Box":22,"LetterFromLob":1,"HandDrill":25},{"Ice Cream":23,"ReplayTheSpireMod:Ninjato":127,"Happy Flower":61,"Torii":117,"Blue Candle":6,"Astrolabe":39,"Guide Book":53,"Vajra":117,"champ:ChampionCrown":0,"Painkiller Herb":0,"Mango":15,"downfall:HeartBlessingGreen":61,"Blue Doll":117,"MawBank":61,"Blood Vial":70,"champ:LiftRelic":11,"MealTicket":11,"Pandora\u0027s Box":102,"LetterFromLob":2,"HandDrill":121}]},"card_choices":[{"not_picked":["champ:RapidStrikes","champ:SetATrap"],"picked":"champ:StanceDance","floor":2},{"not_picked":["champ:DefensiveStyle","champ:GladiatorStyle"],"picked":"champ:PerfectedStrike","floor":3},{"not_picked":["champ:Shatter","champ:BladeFlurry"],"picked":"champ:TornadoPunch","floor":5},{"not_picked":["champ:FancyFootwork","champ:BladeFlurry"],"picked":"champ:BringItOn","floor":6},{"not_picked":["champ:PreciseThrust","champ:FalseCounter"],"picked":"champ:HoldFirm","floor":9},{"not_picked":["champ:EnGarde","champ:FocusedBerserking"],"picked":"champ:GutPunch","floor":10},{"not_picked":["champ:DeathBlow","champ:CrookedStrike","champ:FanOfKnives"],"picked":"SKIP","floor":12},{"not_picked":["champ:Shatter","champ:EndlessRage","champ:FaceSlap"],"picked":"SKIP","floor":13},{"not_picked":["champ:ArenaPreparation","champ:CrownThrow","champ:AdrenalArmor"],"picked":"SKIP","floor":14},{"not_picked":["champ:HeavySlash","champ:PreciseThrust"],"picked":"champ:Circumvent","floor":15},{"not_picked":["champ:SteelEdge","champ:ShieldThrow"],"picked":"champ:GladiatorForm","floor":16},{"not_picked":["champ:Encircle","champ:Haymaker","champ:FaceSlap"],"picked":"SKIP","floor":19},{"not_picked":["champ:Circumvent","champ:Shatter+1"],"picked":"champ:FocusedDefense","floor":21},{"not_picked":["champ:RapidStrikes","champ:TornadoPunch"],"picked":"champ:ShieldSigil","floor":22},{"not_picked":["champ:Backstep","champ:BladeFlurry","champ:GutPunch"],"picked":"SKIP","floor":23},{"not_picked":["champ:FancyFootwork","champ:Circumvent"],"picked":"champ:DefensiveShout","floor":26},{"not_picked":["champ:FancyFootwork","champ:BringItOn"],"picked":"champ:GladiatorForm","floor":27},{"not_picked":["champ:FancyFootwork","champ:RageSigil"],"picked":"champ:IronFortress","floor":28},{"not_picked":["champ:BringItOn+1","champ:GutPunch"],"picked":"champ:Circumvent","floor":29},{"not_picked":["champ:FaceSlap+1","champ:SetATrap","champ:GutPunch+1"],"picked":"SKIP","floor":31},{"not_picked":["champ:FalseCounter","champ:PerfectedStrike"],"picked":"champ:Endure","floor":32},{"not_picked":["champ:GladiatorForm","champ:SwordThrow"],"picked":"champ:VampiricStrike","floor":33},{"not_picked":["champ:DefensiveShout","champ:RecklessLeap+1"],"picked":"champ:EnGarde+1","floor":36},{"not_picked":["champ:BladeFlurry","champ:Circumvent","champ:BerserkersShout+1"],"picked":"SKIP","floor":43},{"not_picked":["champ:CrownThrow+1","champ:Haymaker","champ:StanceDance"],"picked":"SKIP","floor":45},{"not_picked":["champ:AdrenalArmor+1","champ:PerfectedStrike"],"picked":"champ:ShieldSigil+1","floor":46},{"not_picked":["champ:AdrenalArmor","champ:FalseCounter","champ:DeathBlow+1"],"picked":"SKIP","floor":47},{"not_picked":["champ:MurderStrike","champ:Backstep"],"picked":"champ:TornadoPunch","floor":48},{"not_picked":["champ:AdrenalArmor+1","champ:FalseCounter+1"],"picked":"champ:FlashCut+1","floor":49}],"player_experience":171838,"relics_obtained":[{"floor":2,"key":"LetterFromLob"},{"floor":7,"key":"MealTicket"},{"floor":9,"key":"Mango"},{"floor":13,"key":"Ice Cream"},{"floor":23,"key":"MawBank"},{"floor":24,"key":"Happy Flower"},{"floor":27,"key":"Blood Vial"},{"floor":38,"key":"Torii"},{"floor":39,"key":"Vajra"},{"floor":41,"key":"Blue Doll"},{"floor":45,"key":"ReplayTheSpireMod:Ninjato"}],"event_choices":[{"damage_healed":10,"gold_gain":0,"player_choice":"Full Heal","damage_taken":0,"max_hp_gain":0,"max_hp_loss":0,"event_name":"Wheel of Change","floor":20,"gold_loss":0},{"cards_removed":["champ:PerfectedStrike"],"damage_healed":0,"gold_gain":0,"player_choice":"Removed Attack","damage_taken":0,"max_hp_gain":0,"max_hp_loss":0,"event_name":"Falling","floor":44,"gold_loss":0}],"is_beta":false,"boss_relics":[{"not_picked":["Runic Pyramid","construct:ClawGrip"],"picked":"Astrolabe"},{"not_picked":["Replay:Wanted Poster","SacredBark"],"picked":"Pandora\u0027s Box"}],"items_purged_floors":[43],"is_endless":false,"potions_floor_spawned":[2,5,13,15,19,23,26,27,28,38,46,47,48,49],"ascension_level":0}}