{"host":"l2y2hf5oty1xxg4a","time":1611895984,"event":{"mods":["BaseMod","Minty Spire (QoL Compilation)","Relic Stats","Slay-I"],"gold_per_floor":[109,128,148,164,174,200,200,228,253,253,272,299,299,299,299,400,400,419,430,529,529,304,332,407,439,466,466,213,227,241,266,266,370,420,439,439,455,505,120,154,7,34,34,68,86,36,36,51,51,51,51,51,1,31,31],"floor_reached":56,"language":"ENG","playtime":2520,"items_purged":["Strike_R+1","Strike_R+1","Strike_R+1","Strike_R+1","Strike_R+1"],"score":1389,"play_id":"133e3fb2-5756-41cd-83d5-1fd78ffcdba3","local_time":"20210128205304","is_ascension_mode":true,"campfire_choices":[{"floor":7.0,"key":"REST"},{"data":"Flame Barrier","floor":10.0,"key":"SMITH"},{"data":"Spot Weakness","floor":13.0,"key":"SMITH"},{"floor":15.0,"key":"REST"},{"data":"Whirlwind","floor":27.0,"key":"SMITH"},{"data":"Fiend Fire","floor":32.0,"key":"SMITH"},{"floor":47,"key":"RECALL"},{"data":"Bludgeon","floor":49,"key":"SMITH"},{"data":"Uppercut","floor":52,"key":"SMITH"}],"circlet_count":0,"master_deck":["Defend_R+1","Defend_R+1","Defend_R+1","Defend_R+1","Bash+1","Thunderclap","Shockwave+1","Carnage","Flame Barrier+1","Shrug It Off+1","Spot Weakness+1","Fiend Fire+1","Whirlwind+1","Iron Wave","Pommel Strike+1","Bludgeon+1","Uppercut+1","Iron Wave+1"],"relics":["Burning Blood","Vajra","Incense Burner","HornCleat","Bronze Scales","Red Skull","Busted Crown","Bag of Marbles","Smiling Mask","Centennial Puzzle","War Paint","Lantern","PreservedInsect","Tiny House","Unceasing Top","Dead Branch","Oddly Smooth Stone","Medical Kit","Kunai","Juzu Bracelet","Toy Ornithopter"],"acts_visited":["Exordium","TheCity","TheBeyond","TheEnding"],"potions_floor_usage":[42,54,55,55,55],"damage_taken":[{"damage":1.0,"enemies":"Cultist","floor":1.0,"turns":4.0},{"damage":5.0,"enemies":"Jaw Worm","floor":2.0,"turns":4.0},{"damage":2.0,"enemies":"2 Louse","floor":3.0,"turns":2.0},{"damage":3.0,"enemies":"Large Slime","floor":4.0,"turns":5.0},{"damage":30.0,"enemies":"Exordium Thugs","floor":5.0,"turns":5.0},{"damage":26.0,"enemies":"Lagavulin","floor":6.0,"turns":6.0},{"damage":24.0,"enemies":"3 Sentries","floor":8.0,"turns":10.0},{"damage":9.0,"enemies":"Red Slaver","floor":11.0,"turns":4.0},{"damage":14.0,"enemies":"Lagavulin","floor":12.0,"turns":6.0},{"damage":31.0,"enemies":"The Guardian","floor":16.0,"turns":9.0},{"damage":0.0,"enemies":"3 Byrds","floor":18.0,"turns":3.0},{"damage":0.0,"enemies":"2 Thieves","floor":19.0,"turns":3.0},{"damage":15.0,"enemies":"Book of Stabbing","floor":23.0,"turns":4.0},{"damage":3.0,"enemies":"Gremlin Leader","floor":25.0,"turns":4.0},{"damage":12.0,"enemies":"Sentry and Sphere","floor":29.0,"turns":5.0},{"damage":1.0,"enemies":"Centurion and Healer","floor":30.0,"turns":3.0},{"damage":1.0,"enemies":"Book of Stabbing","floor":31.0,"turns":4.0},{"damage":28.0,"enemies":"Collector","floor":33.0,"turns":8.0},{"damage":0.0,"enemies":"3 Shapes","floor":35.0,"turns":3.0},{"damage":0,"enemies":"3 Darklings","floor":37,"turns":1},{"damage":0,"enemies":"Mind Bloom Boss Battle","floor":38,"turns":7},{"damage":15,"enemies":"Nemesis","floor":40,"turns":5},{"damage":1,"enemies":"Reptomancer","floor":42,"turns":4},{"damage":13,"enemies":"Giant Head","floor":44,"turns":7},{"damage":4,"enemies":"Writhing Mass","floor":45,"turns":4},{"damage":0,"enemies":"Jaw Worm Horde","floor":48,"turns":3},{"damage":46,"enemies":"Awakened One","floor":50,"turns":13},{"damage":27,"enemies":"Shield and Spear","floor":54,"turns":6},{"damage":53,"enemies":"The Heart","floor":55,"turns":5}],"seed_played":"-6201254362809653624","potions_obtained":[{"floor":3.0,"key":"DistilledChaos"},{"floor":4.0,"key":"SkillPotion"},{"floor":6.0,"key":"Block Potion"},{"floor":12.0,"key":"Explosive Potion"},{"floor":16.0,"key":"EssenceOfSteel"},{"floor":18.0,"key":"Energy Potion"},{"floor":23.0,"key":"Block Potion"},{"floor":29.0,"key":"Fire Potion"},{"floor":33.0,"key":"DistilledChaos"},{"floor":35.0,"key":"HeartOfIron"},{"floor":44,"key":"Weak Potion"},{"floor":48,"key":"Energy Potion"},{"floor":54,"key":"BlessingOfTheForge"}],"is_trial":false,"path_per_floor":["M","M","M","M","M","E","R","E","T","R","M","E","R","?","R","B",null,"M","M","?","?","$","E","?","E","T","R","$","M","M","E","R","B",null,"M","?","M","?","$","E","$","E","T","E","M","$","R","M","R","B",null,"R","$","E","B",null],"character_chosen":"IRONCLAD","items_purchased":["Bag of Marbles","Lantern","Iron Wave","Uppercut","Dead Branch","Medical Kit"],"campfire_rested":2,"item_purchase_floors":[22,28,28,39,39,41],"current_hp_per_floor":[80,80,80,80,56,36,60,42,42,42,39,31,31,31,55,30,80,80,80,80,80,80,71,63,66,66,66,66,60,65,70,70,48,85,85,85,85,85,85,76,76,81,81,74,76,76,76,82,82,42,85,85,85,64,32],"gold":31,"neow_bonus":"RANDOM_COMMON_RELIC","is_daily":false,"chose_seed":false,"campfire_upgraded":6,"win_rate":0.0,"timestamp":1611895984,"path_taken":["M","M","M","?","M","E","R","E","T","R","M","E","R","?","R","BOSS","M","M","?","?","$","E","?","E","T","R","$","M","M","E","R","BOSS","M","?","?","?","?","E","$","E","T","E","M","$","R","M","R","BOSS","R","$","E","BOSS"],"items_purchased_type":["Relic","Relic","Card","Card","Relic","Relic"],"build_version":"2020-12-22","purchased_purges":5,"victory":true,"max_hp_per_floor":[80,80,80,80,80,80,80,80,80,80,80,80,80,80,80,80,80,80,80,80,80,80,80,80,80,80,80,80,80,80,80,80,80,85,85,85,85,85,85,85,85,85,85,85,85,85,85,85,85,85,85,85,85,85,85],"relic_stats":{"counters":[29,147],"Dead Branch":[78],"PreservedInsect":297,"Juzu Bracelet":0,"War Paint":["Shrug It Off","Shockwave"],"Smiling Mask":350,"Medical Kit":[4],"Burning Blood":131,"Centennial Puzzle":[33],"Busted Crown":36,"Bronze Scales":[361],"Kunai":[9],"obtain_stats":[{"Lantern":28,"Tiny House":34,"Dead Branch":39,"Vajra":0,"Oddly Smooth Stone":40,"PreservedInsect":31,"Incense Burner":6,"Juzu Bracelet":44,"War Paint":26,"Smiling Mask":23,"Medical Kit":41,"Burning Blood":0,"Centennial Puzzle":25,"HornCleat":8,"Busted Crown":17,"Bronze Scales":9,"Bag of Marbles":22,"Kunai":42,"Red Skull":12,"Unceasing Top":38,"Toy Ornithopter":54},{"Lantern":14,"Tiny House":18,"Dead Branch":21,"Vajra":0,"Oddly Smooth Stone":22,"PreservedInsect":17,"Incense Burner":6,"Juzu Bracelet":24,"War Paint":14,"Smiling Mask":13,"Medical Kit":22,"Burning Blood":0,"Centennial Puzzle":14,"HornCleat":7,"Busted Crown":10,"Bronze Scales":7,"Bag of Marbles":12,"Kunai":23,"Red Skull":9,"Unceasing Top":21,"Toy Ornithopter":28},{"Lantern":69,"Tiny House":89,"Dead Branch":100,"Vajra":0,"Oddly Smooth Stone":105,"PreservedInsect":81,"Incense Burner":26,"Juzu Bracelet":116,"War Paint":69,"Smiling Mask":65,"Medical Kit":105,"Burning Blood":0,"Centennial Puzzle":69,"HornCleat":36,"Busted Crown":55,"Bronze Scales":36,"Bag of Marbles":61,"Kunai":109,"Red Skull":46,"Unceasing Top":100,"Toy Ornithopter":142}],"Unceasing Top":[0],"Toy Ornithopter":15},"card_choices":[{"not_picked":["Twin Strike","Armaments"],"picked":"Thunderclap","floor":1.0},{"not_picked":["Rampage","Battle Trance"],"picked":"Shockwave","floor":2.0},{"not_picked":["Infernal Blade","Body Slam"],"picked":"Carnage","floor":3.0},{"not_picked":["Pommel Strike","Headbutt","Cleave"],"picked":"SKIP","floor":4.0},{"not_picked":["Anger","Body Slam","Infernal Blade"],"picked":"SKIP","floor":5.0},{"not_picked":["Searing Blow","Seeing Red","Rupture"],"picked":"SKIP","floor":6.0},{"not_picked":["Armaments","Carnage"],"picked":"Flame Barrier","floor":8.0},{"not_picked":["Body Slam","Flame Barrier"],"picked":"Shrug It Off","floor":11.0},{"not_picked":["Hemokinesis","Blood for Blood"],"picked":"Spot Weakness","floor":12.0},{"not_picked":["Impervious","Juggernaut"],"picked":"Fiend Fire","floor":16.0},{"not_picked":["Anger+1"],"picked":"SKIP","floor":18.0},{"not_picked":[],"picked":"Whirlwind","floor":19.0},{"not_picked":["Wild Strike"],"picked":"SKIP","floor":23.0},{"not_picked":["Juggernaut"],"picked":"SKIP","floor":25.0},{"not_picked":["Intimidate"],"picked":"SKIP","floor":29.0},{"not_picked":[],"picked":"Pommel Strike+1","floor":30.0},{"not_picked":["Shrug It Off+1"],"picked":"SKIP","floor":31.0},{"not_picked":["Perfected Strike"],"picked":"SKIP","floor":35.0},{"not_picked":["Shrug It Off+1"],"picked":"SKIP","floor":37},{"not_picked":["Twin Strike"],"picked":"SKIP","floor":40},{"not_picked":["Feed"],"picked":"SKIP","floor":42},{"not_picked":["Combust+1"],"picked":"SKIP","floor":44},{"not_picked":[],"picked":"Iron Wave+1","floor":45},{"not_picked":["Rage+1"],"picked":"SKIP","floor":48},{"not_picked":["Cleave"],"picked":"SKIP","floor":54}],"player_experience":776863,"relics_obtained":[{"floor":6.0,"key":"Incense Burner"},{"floor":8.0,"key":"HornCleat"},{"floor":9.0,"key":"Bronze Scales"},{"floor":12.0,"key":"Red Skull"},{"floor":23.0,"key":"Smiling Mask"},{"floor":25.0,"key":"Centennial Puzzle"},{"floor":26.0,"key":"War Paint"},{"floor":31.0,"key":"PreservedInsect"},{"floor":38,"key":"Unceasing Top"},{"floor":40,"key":"Oddly Smooth Stone"},{"floor":42,"key":"Kunai"},{"floor":44,"key":"Juzu Bracelet"},{"floor":54,"key":"Toy Ornithopter"}],"event_choices":[{"damage_healed":0.0,"max_hp_gain":0.0,"max_hp_loss":0.0,"gold_gain":0.0,"event_name":"Liars Game","player_choice":"Ignored","floor":14.0,"gold_loss":0.0,"damage_taken":0.0},{"damage_healed":0.0,"max_hp_gain":0.0,"max_hp_loss":0.0,"gold_gain":99.0,"event_name":"Nest","player_choice":"Stole From Cult","floor":20.0,"gold_loss":0.0,"damage_taken":0.0},{"damage_healed":0.0,"max_hp_gain":0.0,"max_hp_loss":0.0,"gold_gain":0.0,"event_name":"Back to Basics","player_choice":"Simplicity","floor":21.0,"gold_loss":0.0,"damage_taken":0.0,"cards_upgraded":["Strike_R","Strike_R","Strike_R","Strike_R","Strike_R","Defend_R","Defend_R","Defend_R","Defend_R"]},{"damage_healed":0.0,"max_hp_gain":0.0,"max_hp_loss":0.0,"gold_gain":75.0,"event_name":"FaceTrader","player_choice":"Touch","floor":24.0,"gold_loss":0.0,"damage_taken":8.0},{"damage_healed":0,"gold_gain":0,"player_choice":"1 cards matched","damage_taken":0,"max_hp_gain":0,"max_hp_loss":0,"event_name":"Match and Keep!","floor":36,"gold_loss":0,"cards_obtained":["Bludgeon"]},{"damage_healed":0,"gold_gain":0,"player_choice":"Fight","damage_taken":0,"max_hp_gain":0,"max_hp_loss":0,"event_name":"MindBloom","floor":38,"gold_loss":0}],"is_beta":false,"boss_relics":[{"not_picked":["SacredBark","Astrolabe"],"picked":"Busted Crown"},{"not_picked":["Runic Pyramid","Runic Cube"],"picked":"Tiny House"}],"items_purged_floors":[22,28,39,46,53],"is_endless":false,"potions_floor_spawned":[3,4,6,12,16,18,23,29,33,35,40,44,48,54],"ascension_level":1}}