{"host":"jhy70w0yh8dayqay","time":1611931265,"event":{"mods":["AchievementEnabler","BaseMod","Colored Map","Colored Powertips","DeckTracker","Minty Spire (QoL Compilation)","Permanent Neow","SuperFastMode"],"gold_per_floor":[118,128,147,160,173,173,193,220,220,10,27,62,77,77,77,77,77],"floor_reached":16,"language":"KOR","playtime":414,"items_purged":["Strike_R"],"score":203,"play_id":"e015177e-ee84-432c-b8d7-2b89c49406a9","local_time":"20210129234105","is_ascension_mode":true,"campfire_choices":[{"data":"True Grit","floor":6,"key":"SMITH"},{"data":"Demon Form","floor":15,"key":"SMITH"}],"circlet_count":0,"master_deck":["AscendersBane","Strike_R","Strike_R","Defend_R","Defend_R","Defend_R","Defend_R","Bash","Immolate","Dark Embrace","Headbutt","Carnage","Wild Strike","True Grit+1","Panacea","Shrug It Off","Flex","Evolve","Demon Form+1"],"relics":["Burning Blood","Champion Belt","Ancient Tea Set","Nunchaku","Smiling Mask"],"acts_visited":["Exordium"],"potions_floor_usage":[8,16],"damage_taken":[{"damage":9,"enemies":"Small Slimes","floor":1,"turns":4},{"damage":1,"enemies":"Cultist","floor":2,"turns":3},{"damage":7,"enemies":"Jaw Worm","floor":3,"turns":2},{"damage":0,"enemies":"3 Louse","floor":4,"turns":1},{"damage":13,"enemies":"2 Fungi Beasts","floor":5,"turns":3},{"damage":19,"enemies":"Large Slime","floor":7,"turns":5},{"damage":17,"enemies":"Lagavulin","floor":8,"turns":6},{"damage":0,"enemies":"3 Louse","floor":11,"turns":1},{"damage":13,"enemies":"3 Sentries","floor":12,"turns":5},{"damage":16,"enemies":"Exordium Thugs","floor":13,"turns":3},{"damage":0,"enemies":"The Guardian","floor":16,"turns":2}],"seed_played":"764032131760943048","potions_obtained":[{"floor":2,"key":"LiquidBronze"},{"floor":4,"key":"DuplicationPotion"},{"floor":8,"key":"Strength Potion"},{"floor":13,"key":"Fire Potion"}],"is_trial":false,"path_per_floor":["M","M","M","M","M","R","M","E","T","$","M","E","M","?","R","B"],"character_chosen":"IRONCLAD","items_purchased":["Panacea","Shrug It Off"],"campfire_rested":0,"item_purchase_floors":[10,10],"current_hp_per_floor":[65,68,67,68,61,61,48,37,37,37,43,36,26,8,8,8,8],"gold":77,"neow_bonus":"TRANSFORM_TWO_CARDS","is_daily":false,"chose_seed":false,"campfire_upgraded":2,"win_rate":0.0,"timestamp":1611931265,"path_taken":["M","M","M","M","M","R","M","E","T","$","M","E","M","?","R","BOSS"],"items_purchased_type":["Card","Card"],"build_version":"2020-12-22","purchased_purges":1,"victory":false,"max_hp_per_floor":[68,68,68,68,68,68,68,68,68,68,68,68,68,68,68,68,68],"card_choices":[{"not_picked":["Sword Boomerang","Flex"],"picked":"Headbutt","floor":1},{"not_picked":["Headbutt","Cleave"],"picked":"Carnage","floor":2},{"not_picked":["Bloodletting","Clothesline"],"picked":"Wild Strike","floor":3},{"not_picked":["Dark Embrace","Armaments","Flex"],"picked":"SKIP","floor":4},{"not_picked":["Burning Pact","Havoc"],"picked":"True Grit","floor":5},{"not_picked":["Reaper","Entrench","Clash"],"picked":"SKIP","floor":7},{"not_picked":["Dark Embrace","Thunderclap","Searing Blow"],"picked":"SKIP","floor":8},{"not_picked":["True Grit","Rupture"],"picked":"Flex","floor":11},{"not_picked":["Perfected Strike","Sword Boomerang"],"picked":"Evolve","floor":12},{"not_picked":["Perfected Strike","Anger"],"picked":"Demon Form","floor":13}],"player_experience":460618,"relics_obtained":[{"floor":8,"key":"Champion Belt"},{"floor":9,"key":"Ancient Tea Set"},{"floor":12,"key":"Nunchaku"}],"event_choices":[{"damage_healed":0,"gold_gain":0,"player_choice":"Success","damage_taken":18,"relics_obtained":["Smiling Mask"],"max_hp_gain":0,"max_hp_loss":0,"event_name":"Scrap Ooze","floor":14,"gold_loss":0}],"is_beta":false,"boss_relics":[],"items_purged_floors":[10],"is_endless":false,"potions_floor_spawned":[2,4,8,12,13],"killed_by":"The Guardian","ascension_level":15}}