{"host":"5853c1oyph9xmrns","time":1611883915,"event":{"mods":["BaseMod","Colored Powertips","Downfall","Googly Eyes","Hermit","Mimic Mod","Minty Spire (QoL Compilation)","Quick Restart","Rare Cards Sparkle","StSLib","The IronCluck","Wide Potions"],"gold_per_floor":[99,99,99,99,5,36,36,21,21,196,196,206,6,18,34,137,137,137,148,148,159,67,84,107,117,174,193,93,120,140,72,84,185,185,185,202,202,6,16,16,16,47,147,160,42,42,79,110,124,124,124,159,27,27,27,27,27,27],"floor_reached":56,"language":"ENG","playtime":3277,"items_purged":[],"score":1035,"play_id":"2d33c774-1ace-41a0-b197-935be1906389","local_time":"20210128213155","is_ascension_mode":true,"campfire_choices":[{"floor":1.0,"key":"RECALL"},{"data":"bronze:MaxOutput","floor":9.0,"key":"SMITH"},{"floor":13.0,"key":"REST"},{"data":"bronze:HyperBeam","floor":18.0,"key":"SMITH"},{"floor":28.0,"key":"REST"},{"data":"bronze:AlphaBuild","floor":35.0,"key":"SMITH"},{"data":"bronze:Repulsor","floor":40.0,"key":"SMITH"},{"floor":46.0,"key":"REST"},{"floor":54.0,"key":"REST"}],"circlet_count":0,"master_deck":["bronze:Replicate","bronze:Goto","bronze:BugBarrage","bronze:Terminator","bronze:Spike","bronze:DazingPulse","bronze:Explode","bronze:FindAndReplace","bronze:BuggyMess","bronze:ItsAFeature","bronze:MaxOutput+1","bronze:InfiniteBeams","Doubt","bronze:Backtrace","bronze:Turbo","bronze:Safeguard","bronze:HyperBeam+1","bronze:Boost","bronze:ClassDefault","bronze:ChosenStrike","bronze:Optimize+1","bronze:DigitalCarnage+1","bronze:DelayedSlice","bronze:Fortify","bronze:MaxOutput","bronze:DarkDash+1","Pain","bronze:Refactor+1","bronze:BurnOut","bronze:MaxOutput","bronze:WildBeam","bronze:Turbo+1","bronze:AlphaBuild+1","bronze:DarkDash","bronze:ItsAFeature","bronze:BronzeOrb","bronze:Repulsor+1","bronze:DigitalCarnage","bronze:BronzeArmor","bronze:Mutator","bronze:ChildClass+1","expansioncontent:YouAreMine","expansioncontent:Chronoboost","expansioncontent:QuickStudy","bronze:Backtrace","bronze:ItsAFeature","expansioncontent:LastStand","bronze:ThunderWave","bronze:OilSpill+1","downfall:Haunted","downfall:Haunted","Injury","bronze:TinkerersToolbox","Normality","Clumsy","bronze:WildBeam","bronze:FindAndReplace","bronze:WildBeam","bronze:DigitalCarnage","bronze:Verify","bronze:Turbo+1","bronze:Mutator","bronze:ClassDefault","bronze:WildBeam"],"relics":["bronze:PlatinumCore","downfall:HeartsMalice","Bag of Marbles","Bottled Tornado","Thread and Needle","downfall:HeartBlessingRed","downfall:HeartBlessingGreen","Pandora\u0027s Box","Bottled Flame","downfall:HeartBlessingBlue","StoneCalendar","Juzu Bracelet","FossilizedHelix","Darkstone Periapt","hexamod:Sixitude","Strawberry","Happy Flower"],"acts_visited":["Exordium","TheCity","TheBeyond","TheEnding"],"potions_floor_usage":[],"damage_taken":[{"damage":0.0,"enemies":"Cultist","floor":2.0,"turns":1.0},{"damage":0.0,"enemies":"2 Louse","floor":3.0,"turns":1.0},{"damage":0.0,"enemies":"2 Louse","floor":4.0,"turns":1.0},{"damage":10.0,"enemies":"downfall:FleeingMerchant","floor":5.0,"turns":4.0},{"damage":22.0,"enemies":"Lagavulin","floor":6.0,"turns":6.0},{"damage":4.0,"enemies":"downfall:FleeingMerchant","floor":8.0,"turns":4.0},{"damage":2.0,"enemies":"Jaw Worm","floor":12.0,"turns":4.0},{"damage":0.0,"enemies":"Blue Slaver","floor":14.0,"turns":1.0},{"damage":0.0,"enemies":"Gremlin Gang","floor":15.0,"turns":1.0},{"damage":17.0,"enemies":"SI_SHIV_ARCHETYPE","floor":16.0,"turns":6.0},{"damage":0.0,"enemies":"3 Byrds","floor":19.0,"turns":2.0},{"damage":15.0,"enemies":"Sentry and Sphere","floor":21.0,"turns":3.0},{"damage":18.0,"enemies":"downfall:FleeingMerchant","floor":22.0,"turns":4.0},{"damage":2.0,"enemies":"Snecko","floor":23.0,"turns":2.0},{"damage":3.0,"enemies":"Snake Plant","floor":25.0,"turns":2.0},{"damage":3.0,"enemies":"downfall:FleeingMerchant","floor":26.0,"turns":2.0},{"damage":0.0,"enemies":"3 Cultists","floor":27.0,"turns":1.0},{"damage":0.0,"enemies":"Slavers","floor":29.0,"turns":1.0},{"damage":2.0,"enemies":"Shelled Parasite and Fungi","floor":30.0,"turns":2.0},{"damage":9.0,"enemies":"Centurion and Healer","floor":32.0,"turns":4.0},{"damage":45.0,"enemies":"DF_ARCHETYPE_CLAW","floor":33.0,"turns":5.0},{"damage":6.0,"enemies":"Orb Walker","floor":36.0,"turns":2.0},{"damage":0.0,"enemies":"3 Darklings","floor":39.0,"turns":4.0},{"damage":35.0,"enemies":"Reptomancer","floor":42.0,"turns":5.0},{"damage":0.0,"enemies":"Jaw Worm Horde","floor":44.0,"turns":3.0},{"damage":3.0,"enemies":"Spire Growth","floor":47.0,"turns":7.0},{"damage":45.0,"enemies":"Giant Head","floor":48.0,"turns":8.0},{"damage":2.0,"enemies":"Spire Growth","floor":49.0,"turns":2.0},{"damage":52.0,"enemies":"WA_ARCHETYPE_DIVINITY","floor":50.0,"turns":8.0},{"damage":95.0,"enemies":"downfall:CharBossMerchant","floor":52.0,"turns":8.0},{"damage":59.0,"enemies":"downfall:NeowBoss","floor":55.0,"turns":12.0},{"damage":4,"enemies":"downfall:NeowBossFinal","floor":56,"turns":1}],"seed_played":"-5731012967137878295","potions_obtained":[{"floor":4.0,"key":"champ:CounterPotion"},{"floor":6.0,"key":"PowerPotion"},{"floor":16.0,"key":"Guardian:BlockOnCardUsePotion"},{"floor":30.0,"key":"EntropicBrew"},{"floor":33.0,"key":"SteroidPotion"}],"is_trial":false,"path_per_floor":["R","M","M","?","$","E","T","$","R","?","T","M","R","M","M","B",null,"R","M","?","M","$","M","T","M","$","M","R","E","M","$","M","B",null,"R","M","?","$","M","R","T","E","?","M","$","R","MIM","E","M","B",null,"E","$","R","B","B"],"character_chosen":"THE_AUTOMATON","items_purchased":["bronze:ItsAFeature","bronze:MaxOutput","Bottled Flame","bronze:DarkDash","bronze:DigitalCarnage","bronze:Backtrace","bronze:ItsAFeature","expansioncontent:LastStand","bronze:FindAndReplace","bronze:WildBeam","bronze:ClassDefault","bronze:WildBeam"],"campfire_rested":4,"item_purchase_floors":[5,22,26,26,31,38,38,38,45,45,53,53],"current_hp_per_floor":[70,70,70,70,60,38,38,34,34,34,34,32,53,53,53,36,70,70,70,70,55,37,35,35,32,29,29,63,63,61,61,52,7,80,80,74,64,64,64,64,64,29,64,64,64,98,95,57,55,3,122,27,27,63,4,0,0,0],"gold":27,"neow_bonus":"THREE_ENEMY_KILL","is_daily":false,"chose_seed":false,"campfire_upgraded":4,"win_rate":0.0,"timestamp":1611883915,"path_taken":["R","M","?","?","$","E","T","$","R","?","?","M","R","M","M","BOSS","R","?","?","?","$","M","T","?","?","?","R","E","M","$","M","BOSS","R","M","?","$","M","R","T","E","?","M","$","R","?","E","M","BOSS","E","$","R","BOSS","BOSS"],"items_purchased_type":["Card","Card","Relic","Card","Card","Card","Card","Card","Card","Card","Card","Card"],"build_version":"2020-12-22","purchased_purges":0,"victory":false,"max_hp_per_floor":[70,70,70,70,70,70,70,70,70,70,70,70,70,70,70,70,70,70,70,70,70,70,70,70,70,70,70,80,80,80,80,80,80,80,80,80,80,80,80,80,80,80,115,115,115,115,115,122,122,122,122,122,122,122,122,122,122,122],"card_choices":[{"not_picked":["bronze:CutThrough","bronze:OilSpill"],"picked":"bronze:BugBarrage","floor":2.0},{"not_picked":["bronze:Shell","bronze:Overload"],"picked":"bronze:Terminator","floor":3.0},{"not_picked":[],"picked":"bronze:Spike","floor":4.0},{"not_picked":[],"picked":"bronze:DazingPulse","floor":4.0},{"not_picked":[],"picked":"bronze:Explode","floor":4.0},{"not_picked":["bronze:Constructor","bronze:DarkDash"],"picked":"bronze:FindAndReplace","floor":4.0},{"not_picked":["bronze:Deprecate","bronze:Invalidate"],"picked":"bronze:BuggyMess","floor":5.0},{"not_picked":["bronze:Mutator","bronze:ItsAFeature"],"picked":"bronze:MaxOutput","floor":6.0},{"not_picked":["bronze:Philosophize","bronze:BuggyMess"],"picked":"bronze:InfiniteBeams","floor":8.0},{"not_picked":["bronze:OilSpill","bronze:CutThrough"],"picked":"bronze:Backtrace","floor":12.0},{"not_picked":["bronze:Safeguard","bronze:Fortify"],"picked":"bronze:Turbo","floor":14.0},{"not_picked":["bronze:Frontload","bronze:Repair"],"picked":"bronze:Safeguard","floor":15.0},{"not_picked":["bronze:HardenedForm","bronze:Assembly"],"picked":"bronze:HyperBeam","floor":16.0},{"not_picked":["bronze:Frontload","bronze:BugBarrage"],"picked":"bronze:DarkDash+1","floor":19.0},{"not_picked":["bronze:OilSpill+1","bronze:Turbo"],"picked":"bronze:Refactor+1","floor":21.0},{"not_picked":["bronze:Branch","bronze:Separator+1"],"picked":"bronze:BurnOut","floor":22.0},{"not_picked":["bronze:Invalidate+1","bronze:Branch"],"picked":"bronze:WildBeam","floor":23.0},{"not_picked":["bronze:WhirlingStrike","bronze:Branch+1"],"picked":"bronze:Turbo+1","floor":25.0},{"not_picked":["bronze:Branch","bronze:BuggyMess"],"picked":"bronze:AlphaBuild","floor":26.0},{"not_picked":["bronze:DelayedGuard","bronze:Branch"],"picked":"bronze:ItsAFeature","floor":27.0},{"not_picked":["bronze:CutThrough+1","bronze:ForceShield+1"],"picked":"bronze:BronzeOrb","floor":29.0},{"not_picked":["bronze:WildBeam+1","bronze:CutThrough+1"],"picked":"bronze:Repulsor","floor":30.0},{"not_picked":["bronze:Separator","bronze:Deprecate"],"picked":"bronze:BronzeArmor","floor":32.0},{"not_picked":["bronze:Assembly","bronze:SpaghettiCode"],"picked":"bronze:Mutator","floor":33.0},{"not_picked":["bronze:FineTuning+1","bronze:BugBarrage"],"picked":"bronze:ChildClass+1","floor":36.0},{"not_picked":["expansioncontent:DecaShield","expansioncontent:Chronoboost"],"picked":"expansioncontent:YouAreMine","floor":37.0},{"not_picked":["expansioncontent:GuardianWhirl","expansioncontent:PrepareCrush"],"picked":"expansioncontent:Chronoboost","floor":37.0},{"not_picked":["expansioncontent:PolyBeam","expansioncontent:DecaShield"],"picked":"expansioncontent:QuickStudy","floor":37.0},{"not_picked":["bronze:Constructor","bronze:Separator"],"picked":"bronze:ThunderWave","floor":39.0},{"not_picked":["bronze:Invalidate","bronze:DelayedGuard"],"picked":"bronze:OilSpill+1","floor":42.0},{"not_picked":["bronze:Branch+1","bronze:Shield+1"],"picked":"bronze:WildBeam","floor":44.0},{"not_picked":["bronze:OilSpill+1","bronze:Overheat+1"],"picked":"bronze:DigitalCarnage","floor":47.0},{"not_picked":["bronze:Iterate","bronze:ChildClass"],"picked":"bronze:Verify","floor":48.0},{"not_picked":["bronze:DelayedSlice+1","bronze:Overheat"],"picked":"bronze:Turbo+1","floor":49.0},{"not_picked":["bronze:Invalidate+1","bronze:Safeguard+1"],"picked":"bronze:Mutator","floor":52.0}],"player_experience":464368,"relics_obtained":[{"floor":6.0,"key":"Bag of Marbles"},{"floor":7.0,"key":"Bottled Tornado"},{"floor":11.0,"key":"Thread and Needle"},{"floor":29.0,"key":"StoneCalendar"},{"floor":41.0,"key":"Juzu Bracelet"},{"floor":42.0,"key":"FossilizedHelix"},{"floor":47.0,"key":"hexamod:Sixitude"},{"floor":48.0,"key":"Strawberry"},{"floor":52.0,"key":"Happy Flower"}],"event_choices":[],"is_beta":false,"boss_relics":[{"not_picked":["Fusion Hammer","Busted Crown"],"picked":"Pandora\u0027s Box"},{"not_picked":["Sozu","Velvet Choker"],"picked":"bronze:PlatinumCore"}],"items_purged_floors":[],"is_endless":false,"potions_floor_spawned":[4,6,12,16,19,21,25,30,33,44,48,49],"killed_by":"downfall:NeowBossFinal","ascension_level":1}}