{"host":"d61fcf2p3sjwe6yo","time":1611954505,"event":{"mods":["AchievementEnabler","BaseMod","Colored Map","Minty Spire (QoL Compilation)","StSLib","SuperFastMode"],"gold_per_floor":[119,130,130,155,179,179,218,218,218,243,264,264,264,264,264,264,264],"floor_reached":16,"language":"ENG","playtime":402,"items_purged":[],"score":194,"play_id":"a2732e90-21c8-40c4-af7f-ef5bcd07fccb","local_time":"20210130000825","is_ascension_mode":true,"campfire_choices":[{"data":"Cloak And Dagger","floor":6,"key":"SMITH"},{"floor":8,"key":"REST"},{"floor":13,"key":"REST"},{"floor":15,"key":"REST"}],"circlet_count":0,"master_deck":["AscendersBane","Strike_G","Strike_G","Strike_G","Strike_G","Defend_G","Defend_G","Defend_G","Defend_G","Defend_G","Survivor","Neutralize","Slice","Dagger Throw","Cloak And Dagger+1","Venomology","All Out Attack","Escape Plan"],"relics":["Ring of the Snake","Golden Idol","Ancient Tea Set","Matryoshka","Toxic Egg 2"],"acts_visited":["Exordium"],"potions_floor_usage":[7,7,11,16],"damage_taken":[{"damage":5,"enemies":"Small Slimes","floor":1,"turns":4},{"damage":1,"enemies":"2 Louse","floor":2,"turns":5},{"damage":0,"enemies":"Cultist","floor":4,"turns":3},{"damage":0,"enemies":"2 Fungi Beasts","floor":5,"turns":3},{"damage":19,"enemies":"Lagavulin","floor":7,"turns":6},{"damage":1,"enemies":"Looter","floor":10,"turns":3},{"damage":3,"enemies":"Exordium Wildlife","floor":11,"turns":4},{"damage":28,"enemies":"The Guardian","floor":16,"turns":3}],"seed_played":"-558258374870420863","potions_obtained":[{"floor":2,"key":"Swift Potion"},{"floor":4,"key":"Fire Potion"}],"is_trial":false,"path_per_floor":["M","M","?","M","M","R","E","R","T","M","M","?","R","?","R","B"],"character_chosen":"THE_SILENT","items_purchased":[],"campfire_rested":3,"item_purchase_floors":[],"current_hp_per_floor":[60,59,34,34,34,34,15,36,36,35,32,14,35,28,49,21,21],"gold":264,"neow_bonus":"TEN_PERCENT_HP_BONUS","is_daily":false,"chose_seed":false,"campfire_upgraded":1,"win_rate":0.0,"timestamp":1611954505,"path_taken":["M","M","?","M","M","R","E","R","T","M","M","?","R","?","R","BOSS"],"items_purchased_type":[],"build_version":"2020-12-22","purchased_purges":0,"victory":false,"max_hp_per_floor":[72,72,72,72,72,72,72,72,72,72,72,72,72,72,72,72,72],"card_choices":[{"not_picked":["Flying Knee","Heel Hook"],"picked":"Slice","floor":1},{"not_picked":["Slice","Sucker Punch"],"picked":"Dagger Throw","floor":2},{"not_picked":["Acrobatics","Endless Agony"],"picked":"Cloak And Dagger","floor":4},{"not_picked":["PiercingWail","Dodge and Roll"],"picked":"Venomology","floor":5},{"not_picked":["Masterful Stab","Slice"],"picked":"All Out Attack","floor":7},{"not_picked":["Bane","PiercingWail","Crippling Poison"],"picked":"SKIP","floor":10},{"not_picked":["Quick Slash","Bane"],"picked":"Escape Plan","floor":11}],"player_experience":226081,"relics_obtained":[{"floor":7,"key":"Ancient Tea Set"},{"floor":9,"key":"Matryoshka"}],"event_choices":[{"damage_healed":0,"gold_gain":0,"player_choice":"Take Damage","damage_taken":25,"relics_obtained":["Golden Idol"],"max_hp_gain":0,"max_hp_loss":0,"event_name":"Golden Idol","floor":3,"gold_loss":0},{"damage_healed":0,"gold_gain":0,"player_choice":"Success","damage_taken":18,"relics_obtained":["Toxic Egg 2"],"max_hp_gain":0,"max_hp_loss":0,"event_name":"Scrap Ooze","floor":12,"gold_loss":0},{"cards_removed":["Strike_G"],"damage_healed":0,"gold_gain":0,"player_choice":"Card Removal","damage_taken":7,"max_hp_gain":0,"max_hp_loss":0,"event_name":"Golden Wing","floor":14,"gold_loss":0}],"is_beta":false,"boss_relics":[],"items_purged_floors":[],"is_endless":false,"potions_floor_spawned":[2,4,10],"killed_by":"The Guardian","ascension_level":18}}