{"host":"vx9g5eyuglzorf3u","time":1611931712,"event":{"mods":["2.2 Compatiblity","BaseMod","DeckTracker","Keyboard Shortcuts","Minty Spire (QoL Compilation)","Relic Stats","StSLib","SuperFastMode","everything is the same but u backflip on backflip"],"gold_per_floor":[118,43,57,74,74,74,103,122,122,137,152,178,189,189,189,268,268,281,167,197,197,97,97,126,6,6,18,35,35,70,80,80,157,157,167,186,123,139,155,155,185,198,221,221,255,273,273,328,328,328,328,328,328,120,151,151],"floor_reached":57,"language":"KOR","playtime":1925,"items_purged":["Defend_P","Defend_P","Strike_P","Defend_P","Shame"],"score":3178,"play_id":"0868823a-49cf-436c-8d0b-02881b3f5d41","local_time":"20210129234832","is_ascension_mode":true,"campfire_choices":[{"data":"Eruption","floor":6.0,"key":"SMITH"},{"data":"Adaptation","floor":15.0,"key":"SMITH"},{"data":"Adaptation","floor":23.0,"key":"SMITH"},{"floor":32.0,"key":"REST"},{"data":"Vault","floor":40.0,"key":"SMITH"},{"floor":49.0,"key":"RECALL"},{"data":"Vault","floor":53,"key":"SMITH"}],"circlet_count":0,"master_deck":["AscendersBane","Strike_P","Defend_P","Eruption+1","Vigilance","Adaptation+1","SandsOfTime","Perseverance","WheelKick","Adaptation+1","Vault+1","Crescendo+1","Vault+1"],"relics":["PureWater","NeowsBlessing","Akabeko","InkBottle","The Courier","Cursed Key","Nloth\u0027s Gift","MealTicket","Kunai","VioletLotus","Ginger","Bottled Tornado","Girya","Du-Vu Doll","Ice Cream"],"acts_visited":["Exordium","TheCity","TheBeyond","TheEnding"],"potions_floor_usage":[56,56],"damage_taken":[{"damage":0.0,"enemies":"2 Louse","floor":1.0,"turns":1.0},{"damage":0.0,"enemies":"Cultist","floor":3.0,"turns":1.0},{"damage":0.0,"enemies":"Small Slimes","floor":4.0,"turns":1.0},{"damage":10.0,"enemies":"Lagavulin","floor":7.0,"turns":8.0},{"damage":0.0,"enemies":"2 Fungi Beasts","floor":8.0,"turns":2.0},{"damage":5.0,"enemies":"Gremlin Gang","floor":10.0,"turns":3.0},{"damage":0.0,"enemies":"3 Louse","floor":11.0,"turns":2.0},{"damage":0.0,"enemies":"Gremlin Nob","floor":12.0,"turns":2.0},{"damage":0.0,"enemies":"Large Slime","floor":13.0,"turns":3.0},{"damage":0.0,"enemies":"Slime Boss","floor":16.0,"turns":5.0},{"damage":0.0,"enemies":"Spheric Guardian","floor":18.0,"turns":2.0},{"damage":20.0,"enemies":"Masked Bandits","floor":20.0,"turns":3.0},{"damage":21.0,"enemies":"Book of Stabbing","floor":24.0,"turns":4.0},{"damage":13.0,"enemies":"Shell Parasite","floor":27.0,"turns":3.0},{"damage":4.0,"enemies":"Cultist and Chosen","floor":28.0,"turns":3.0},{"damage":0.0,"enemies":"Gremlin Leader","floor":30.0,"turns":4.0},{"damage":0.0,"enemies":"Snake Plant","floor":31.0,"turns":2.0},{"damage":9.0,"enemies":"Collector","floor":33.0,"turns":7.0},{"damage":8.0,"enemies":"Orb Walker","floor":35.0,"turns":3.0},{"damage":0.0,"enemies":"3 Darklings","floor":36.0,"turns":2.0},{"damage":0.0,"enemies":"Sphere and 2 Shapes","floor":38.0,"turns":3.0},{"damage":12.0,"enemies":"4 Shapes","floor":39.0,"turns":3.0},{"damage":0.0,"enemies":"Reptomancer","floor":41.0,"turns":2.0},{"damage":0.0,"enemies":"Writhing Mass","floor":42.0,"turns":3.0},{"damage":0.0,"enemies":"Nemesis","floor":45.0,"turns":2.0},{"damage":0.0,"enemies":"3 Darklings","floor":46.0,"turns":3.0},{"damage":0.0,"enemies":"2 Orb Walkers","floor":48.0,"turns":3.0},{"damage":0.0,"enemies":"Donu and Deca","floor":50.0,"turns":3.0},{"damage":9,"enemies":"Time Eater","floor":51,"turns":7},{"damage":0,"enemies":"Shield and Spear","floor":55,"turns":3},{"damage":59,"enemies":"The Heart","floor":56,"turns":7}],"seed_played":"3101053162333388578","potions_obtained":[{"floor":1.0,"key":"LiquidMemories"},{"floor":10.0,"key":"SkillPotion"},{"floor":12.0,"key":"Energy Potion"},{"floor":14.0,"key":"EntropicBrew"},{"floor":24.0,"key":"Fruit Juice"},{"floor":30.0,"key":"Energy Potion"},{"floor":31.0,"key":"Energy Potion"},{"floor":36.0,"key":"Regen Potion"},{"floor":38.0,"key":"Strength Potion"},{"floor":46.0,"key":"Ancient Potion"}],"is_trial":false,"path_per_floor":["M","$","M","M","?","R","E","M","T","M","M","E","M","?","R","B",null,"M","$","?","?","$","R","E","$","T","M","M","?","E","M","R","B",null,"M","M","?","M","M","R","E","M","T","?","E","M","?","?","R","B","B",null,"R","$","E","B",null],"character_chosen":"WATCHER","items_purchased":["Adaptation","DuplicationPotion"],"campfire_rested":1,"item_purchase_floors":[19,54],"current_hp_per_floor":[61,61,61,61,61,61,51,51,51,46,46,46,46,46,46,46,63,63,63,43,43,43,43,27,42,42,29,25,25,25,25,46,37,64,56,56,56,56,44,44,44,44,44,44,44,44,44,44,44,44,35,61,61,69,69,10],"gold":151,"neow_bonus":"THREE_ENEMY_KILL","is_daily":false,"chose_seed":false,"campfire_upgraded":5,"win_rate":0.0,"timestamp":1611931712,"path_taken":["M","$","M","M","?","R","E","M","T","M","?","E","M","?","R","BOSS","M","?","?","?","$","R","E","$","T","M","?","?","E","M","R","BOSS","M","M","?","M","M","R","E","?","T","?","E","M","?","?","R","BOSS","BOSS","R","$","E","BOSS"],"items_purchased_type":["Card","Potion"],"build_version":"2020-12-22","purchased_purges":5,"victory":true,"max_hp_per_floor":[68,68,68,68,68,68,68,68,68,68,68,68,68,68,68,68,68,68,68,68,68,68,68,73,73,73,73,73,73,73,73,73,73,73,73,73,73,73,73,73,73,73,73,69,69,69,69,69,69,69,69,69,69,69,69,69],"relic_stats":{"counters":[31,100],"MealTicket":23,"VioletLotus":[247],"Nloth\u0027s Gift":4,"Kunai":[98],"Ginger":[3],"Cursed Key":1,"obtain_stats":[{"Ice Cream":55,"Girya":45,"NeowsBlessing":0,"The Courier":12,"Ginger":37,"Bottled Tornado":41,"Cursed Key":17,"Akabeko":7,"Du-Vu Doll":48,"MealTicket":24,"VioletLotus":34,"Red Mask":20,"Nloth\u0027s Gift":21,"Kunai":30,"PureWater":0,"InkBottle":9},{"Ice Cream":30,"Girya":25,"NeowsBlessing":0,"The Courier":8,"Ginger":20,"Bottled Tornado":23,"Cursed Key":10,"Akabeko":4,"Du-Vu Doll":27,"MealTicket":13,"VioletLotus":18,"Red Mask":12,"Nloth\u0027s Gift":12,"Kunai":16,"PureWater":0,"InkBottle":5},{"Ice Cream":93,"Girya":74,"NeowsBlessing":0,"The Courier":20,"Ginger":61,"Bottled Tornado":69,"Cursed Key":28,"Akabeko":11,"Du-Vu Doll":80,"MealTicket":37,"VioletLotus":56,"Red Mask":33,"Nloth\u0027s Gift":33,"Kunai":47,"PureWater":0,"InkBottle":13}],"InkBottle":[43]},"card_choices":[{"not_picked":["Study","Worship","Pray"],"picked":"SKIP","floor":1.0},{"not_picked":["Prostrate","Wallop"],"picked":"Adaptation","floor":3.0},{"not_picked":["CrushJoints","ThirdEye"],"picked":"SandsOfTime","floor":4.0},{"not_picked":["CrushJoints","Wallop","ThirdEye"],"picked":"SKIP","floor":7.0},{"not_picked":["CrushJoints","Wallop","ThirdEye"],"picked":"SKIP","floor":7.0},{"not_picked":["WreathOfFlame","Consecrate","EmptyMind"],"picked":"SKIP","floor":8.0},{"not_picked":["Crescendo","Halt","Brilliance"],"picked":"SKIP","floor":10.0},{"not_picked":["FollowUp","Evaluate"],"picked":"WheelKick","floor":11.0},{"not_picked":["Perseverance","Weave","FollowUp"],"picked":"SKIP","floor":12.0},{"not_picked":["ClearTheMind","Prostrate","ReachHeaven"],"picked":"SKIP","floor":13.0},{"not_picked":["Crescendo","ReachHeaven","Conclude"],"picked":"SKIP","floor":18.0},{"not_picked":["WindmillStrike","DeusExMachina","FlurryOfBlows+1"],"picked":"SKIP","floor":24.0},{"not_picked":["ClearTheMind","ThirdEye","Vengeance"],"picked":"SKIP","floor":27.0},{"not_picked":["Prostrate","CrushJoints"],"picked":"Vault","floor":28.0},{"not_picked":["Indignation","Establishment","Consecrate"],"picked":"SKIP","floor":30.0},{"not_picked":["Evaluate","WreathOfFlame+1"],"picked":"Study","floor":31.0},{"not_picked":["PathToVictory","Consecrate","CrushJoints+1"],"picked":"SKIP","floor":35.0},{"not_picked":["DevaForm","CrushJoints","BowlingBash"],"picked":"SKIP","floor":36.0},{"not_picked":["DeceiveReality","Indignation"],"picked":"Crescendo+1","floor":38.0},{"not_picked":["Meditate+1","EmptyMind","ClearTheMind"],"picked":"SKIP","floor":39.0},{"not_picked":["EmptyFist","ThirdEye","Adaptation"],"picked":"SKIP","floor":41.0},{"not_picked":["FlurryOfBlows+1","ClearTheMind","Prostrate+1"],"picked":"SKIP","floor":42.0},{"not_picked":["CrushJoints","Brilliance"],"picked":"Vault","floor":45.0},{"not_picked":["Protect","Worship","ReachHeaven"],"picked":"SKIP","floor":46.0},{"not_picked":["EmptyMind","CutThroughFate","SpiritShield"],"picked":"SKIP","floor":55}],"player_experience":1508232,"relics_obtained":[{"floor":7.0,"key":"Akabeko"},{"floor":9.0,"key":"InkBottle"},{"floor":12.0,"key":"The Courier"},{"floor":20.0,"key":"Red Mask"},{"floor":24.0,"key":"MealTicket"},{"floor":30.0,"key":"Kunai"},{"floor":41.0,"key":"Bottled Tornado"},{"floor":45.0,"key":"Girya"},{"floor":48.0,"key":"Du-Vu Doll"},{"floor":55,"key":"Ice Cream"}],"event_choices":[{"damage_healed":0.0,"max_hp_gain":0.0,"max_hp_loss":0.0,"gold_gain":0.0,"cards_transformed":["Strike_P"],"event_name":"Transmorgrifier","player_choice":"Transformed","floor":5.0,"gold_loss":0.0,"damage_taken":0.0,"cards_obtained":["Perseverance"]},{"damage_healed":0.0,"max_hp_gain":0.0,"max_hp_loss":0.0,"gold_gain":0.0,"event_name":"Lab","player_choice":"Got Potions","floor":14.0,"gold_loss":0.0,"damage_taken":0.0},{"damage_healed":0.0,"max_hp_gain":0.0,"max_hp_loss":0.0,"gold_gain":0.0,"event_name":"Masked Bandits","player_choice":"Fought Bandits","floor":20.0,"gold_loss":0.0,"damage_taken":0.0},{"damage_healed":0.0,"max_hp_gain":0.0,"max_hp_loss":0.0,"gold_gain":0.0,"event_name":"N\u0027loth","player_choice":"Traded Relic","floor":21.0,"relics_lost":["Red Mask"],"gold_loss":0.0,"damage_taken":0.0,"relics_obtained":["Nloth\u0027s Gift"]},{"cards_removed":["Strike_P"],"damage_healed":0.0,"max_hp_gain":0.0,"max_hp_loss":0.0,"gold_gain":0.0,"event_name":"Back to Basics","player_choice":"Elegance","floor":29.0,"gold_loss":0.0,"damage_taken":0.0},{"damage_healed":0.0,"max_hp_gain":0.0,"max_hp_loss":0.0,"gold_gain":0.0,"event_name":"WeMeetAgain","player_choice":"Paid Gold","floor":37.0,"gold_loss":63.0,"damage_taken":0.0,"relics_obtained":["Ginger"]},{"damage_healed":0.0,"max_hp_gain":0.0,"max_hp_loss":4.0,"gold_gain":0.0,"event_name":"Winding Halls","player_choice":"Max HP","floor":44.0,"gold_loss":0.0,"damage_taken":0.0},{"cards_removed":["Study"],"damage_healed":0.0,"max_hp_gain":0.0,"max_hp_loss":0.0,"gold_gain":0.0,"event_name":"Falling","player_choice":"Removed Power","floor":47.0,"gold_loss":0.0,"damage_taken":0.0},{"damage_healed":0.0,"max_hp_gain":0.0,"max_hp_loss":0.0,"gold_gain":0.0,"event_name":"Mysterious Sphere","player_choice":"Fight","floor":48.0,"gold_loss":0.0,"damage_taken":0.0}],"is_beta":false,"boss_relics":[{"not_picked":["Philosopher\u0027s Stone","Calling Bell"],"picked":"Cursed Key"},{"not_picked":["SacredBark","Astrolabe"],"picked":"VioletLotus"}],"items_purged_floors":[2,19,22,25,54],"is_endless":false,"potions_floor_spawned":[1,10,12,24,30,31,36,38,41,46,48,55],"ascension_level":20}}