{"host":"mai03x2ekbjy4059","time":1611963645,"event":{"mods":["2.2 Compatiblity","BaseMod","Colored Map","DeckTracker","Keyboard Shortcuts","Minty Spire (QoL Compilation)","Permanent Neow","Quick Restart","SuperFastMode","everything is the same but u backflip on backflip"],"gold_per_floor":[12,31,31,31,31,31,71,71,146,146,186,31,31,69,69,199,199,218,243,282,35,134,170,170,214,214,257,257,257,65,79,79,199,199,214,50,64,127,127,167,167,17,40,61,104,104,127,166,166,166,166,166,105,136,136],"floor_reached":56,"language":"KOR","playtime":1143,"items_purged":["Strike_G","Strike_G","Strike_G","Defend_G"],"score":1664,"play_id":"ac07a5ac-b3b0-4eef-8f60-984b0acc6220","local_time":"20210130084045","is_ascension_mode":true,"campfire_choices":[{"data":"Neutralize","floor":6.0,"key":"SMITH"},{"data":"Accuracy","floor":8.0,"key":"SMITH"},{"data":"Blade Dance","floor":10.0,"key":"SMITH"},{"data":"Die Die Die","floor":13.0,"key":"SMITH"},{"data":"Accuracy","floor":15.0,"key":"SMITH"},{"data":"Panache","floor":24.0,"key":"SMITH"},{"data":"Accuracy","floor":28.0,"key":"SMITH"},{"data":"Escape Plan","floor":32.0,"key":"SMITH"},{"data":"Footwork","floor":41.0,"key":"SMITH"},{"data":"Demon Form","floor":46.0,"key":"SMITH"},{"floor":49.0,"key":"RECALL"},{"data":"Defend_G","floor":52.0,"key":"SMITH"}],"circlet_count":0,"master_deck":["Defend_G","Defend_G+1","Defend_G+1","Neutralize+1","Die Die Die+1","Blade Dance+1","Accuracy+1","Accuracy+1","Escape Plan+1","Accuracy+1","Blade Dance+1","Panache+1","Finesse+1","Footwork+1","Demon Form+1","Backflip+1","Footwork+1"],"relics":["Ring of the Snake","Golden Idol","Bottled Flame","Eternal Feather","Singing Bowl","Pen Nib","Ornamental Fan","Empty Cage","Red Mask","Orichalcum","Bag of Preparation","FossilizedHelix","StrikeDummy","Black Star","Bird Faced Urn","Mummified Hand","StoneCalendar","Darkstone Periapt","War Paint","Frozen Egg 2","The Courier","White Beast Statue","Snake Skull"],"acts_visited":["Exordium","TheCity","TheBeyond","TheEnding"],"potions_floor_usage":[55,55,55],"damage_taken":[{"damage":0.0,"enemies":"Small Slimes","floor":1.0,"turns":2.0},{"damage":2.0,"enemies":"Jaw Worm","floor":2.0,"turns":8.0},{"damage":19.0,"enemies":"3 Sentries","floor":7.0,"turns":8.0},{"damage":9.0,"enemies":"Gremlin Nob","floor":11.0,"turns":4.0},{"damage":12.0,"enemies":"Lagavulin","floor":14.0,"turns":6.0},{"damage":0.0,"enemies":"Slime Boss","floor":16.0,"turns":6.0},{"damage":11.0,"enemies":"Spheric Guardian","floor":18.0,"turns":4.0},{"damage":3.0,"enemies":"3 Byrds","floor":19.0,"turns":4.0},{"damage":3.0,"enemies":"Masked Bandits","floor":20.0,"turns":3.0},{"damage":0.0,"enemies":"Slavers","floor":23.0,"turns":1.0},{"damage":0.0,"enemies":"Gremlin Leader","floor":25.0,"turns":3.0},{"damage":9.0,"enemies":"Slavers","floor":27.0,"turns":2.0},{"damage":0.0,"enemies":"Cultist and Chosen","floor":31.0,"turns":4.0},{"damage":7.0,"enemies":"Automaton","floor":33.0,"turns":4.0},{"damage":0.0,"enemies":"3 Shapes","floor":35.0,"turns":2.0},{"damage":0.0,"enemies":"Orb Walker","floor":37.0,"turns":4.0},{"damage":0.0,"enemies":"Mind Bloom Boss Battle","floor":38.0,"turns":4.0},{"damage":0.0,"enemies":"Reptomancer","floor":40.0,"turns":3.0},{"damage":0.0,"enemies":"Jaw Worm Horde","floor":44.0,"turns":1.0},{"damage":0.0,"enemies":"Nemesis","floor":45.0,"turns":3.0},{"damage":0.0,"enemies":"Spire Growth","floor":47.0,"turns":2.0},{"damage":0.0,"enemies":"Giant Head","floor":48.0,"turns":3.0},{"damage":0.0,"enemies":"Donu and Deca","floor":50.0,"turns":3.0},{"damage":0.0,"enemies":"Shield and Spear","floor":54.0,"turns":3.0},{"damage":20,"enemies":"The Heart","floor":55,"turns":5}],"seed_played":"-8080178033600298088","potions_obtained":[{"floor":1.0,"key":"LiquidMemories"},{"floor":16.0,"key":"ColorlessPotion"},{"floor":18.0,"key":"GhostInAJar"},{"floor":37.0,"key":"PowerPotion"},{"floor":38.0,"key":"Dexterity Potion"},{"floor":48.0,"key":"LiquidBronze"}],"is_trial":false,"path_per_floor":["M","M","?","?","$","R","E","R","T","R","E","$","R","E","R","B",null,"M","M","?","$","?","E","R","E","T","E","R","?","$","M","R","B",null,"M","$","M","?","?","E","R","$","T","M","E","R","M","E","R","B",null,"R","$","E","B",null],"character_chosen":"THE_SILENT","items_purchased":["Pen Nib","Panache","Finesse","Footwork","Footwork+1"],"campfire_rested":0,"item_purchase_floors":[12,21,30,36,53],"current_hp_per_floor":[70,68,51,51,51,51,32,32,32,38,31,31,37,25,34,36,74,63,60,57,57,57,59,68,70,70,63,72,72,72,74,82,77,84,86,86,88,90,90,92,92,92,92,94,96,96,96,98,98,98,98,98,98,100,80],"gold":136,"neow_bonus":"THREE_RARE_CARDS","is_daily":false,"chose_seed":false,"campfire_upgraded":11,"win_rate":0.0,"timestamp":1611963645,"path_taken":["M","M","?","?","$","R","E","R","T","R","E","$","R","E","R","BOSS","M","M","?","$","?","E","R","E","T","E","R","?","?","?","R","BOSS","M","$","M","?","?","E","R","$","T","M","E","R","M","E","R","BOSS","R","$","E","BOSS"],"items_purchased_type":["Relic","Card","Card","Card","Card"],"build_version":"2020-12-22","purchased_purges":4,"victory":true,"max_hp_per_floor":[70,70,70,70,70,70,70,70,70,70,72,72,72,72,72,74,74,74,74,74,74,74,76,76,78,78,80,80,80,80,82,82,84,84,86,86,88,90,90,92,92,92,92,94,96,96,96,98,98,98,98,98,98,100,100],"card_choices":[{"not_picked":["Malaise","Glass Knife"],"picked":"Die Die Die","floor":0.0},{"not_picked":["Flying Knee","Calculated Gamble","Crippling Poison"],"picked":"SKIP","floor":1.0},{"not_picked":["Prepared","Slice"],"picked":"Blade Dance","floor":2.0},{"not_picked":["Expertise","Quick Slash"],"picked":"Accuracy","floor":7.0},{"not_picked":["Predator","Quick Slash","Prepared"],"picked":"Singing Bowl","floor":11.0},{"not_picked":["Outmaneuver","Flying Knee"],"picked":"Accuracy","floor":14.0},{"not_picked":["Phantasmal Killer","Unload","Night Terror"],"picked":"Singing Bowl","floor":16.0},{"not_picked":["Heel Hook","Endless Agony+1"],"picked":"Escape Plan","floor":18.0},{"not_picked":["All Out Attack","Underhanded Strike"],"picked":"Accuracy","floor":19.0},{"not_picked":["Calculated Gamble","Underhanded Strike"],"picked":"Blade Dance+1","floor":20.0},{"not_picked":["Deadly Poison","Underhanded Strike+1","PiercingWail+1"],"picked":"Singing Bowl","floor":23.0},{"not_picked":["Backflip","Underhanded Strike","Concentrate"],"picked":"Singing Bowl","floor":25.0},{"not_picked":["Setup","Corpse Explosion","Concentrate"],"picked":"Singing Bowl","floor":27.0},{"not_picked":["Outmaneuver+1","Blade Dance","All Out Attack"],"picked":"Singing Bowl","floor":31.0},{"not_picked":["Venomology","Die Die Die","Storm of Steel"],"picked":"Singing Bowl","floor":33.0},{"not_picked":["Bouncing Flask+1","Quick Slash+1","Calculated Gamble+1"],"picked":"Singing Bowl","floor":35.0},{"not_picked":["Quick Slash","Backflip","PiercingWail"],"picked":"Singing Bowl","floor":37.0},{"not_picked":["PiercingWail+1","Reflex","Slice"],"picked":"Singing Bowl","floor":38.0},{"not_picked":["Storm of Steel","PiercingWail+1","Flechettes+1"],"picked":"Singing Bowl","floor":40.0},{"not_picked":["Prepared","Riddle With Holes+1","Crippling Poison"],"picked":"Singing Bowl","floor":44.0},{"not_picked":["Blade Dance","Predator+1","Concentrate"],"picked":"Singing Bowl","floor":45.0},{"not_picked":["Dagger Throw","Sucker Punch+1"],"picked":"Backflip+1","floor":47.0},{"not_picked":["Masterful Stab","Poisoned Stab+1","Predator"],"picked":"Singing Bowl","floor":48.0},{"not_picked":["Blade Dance","All Out Attack","Calculated Gamble+1"],"picked":"Singing Bowl","floor":54.0}],"player_experience":1160713,"relics_obtained":[{"floor":7.0,"key":"Bottled Flame"},{"floor":9.0,"key":"Eternal Feather"},{"floor":11.0,"key":"Singing Bowl"},{"floor":14.0,"key":"Ornamental Fan"},{"floor":20.0,"key":"Red Mask"},{"floor":23.0,"key":"Orichalcum"},{"floor":25.0,"key":"Bag of Preparation"},{"floor":26.0,"key":"FossilizedHelix"},{"floor":27.0,"key":"StrikeDummy"},{"floor":38.0,"key":"Bird Faced Urn"},{"floor":40.0,"key":"Mummified Hand"},{"floor":40.0,"key":"StoneCalendar"},{"floor":45.0,"key":"Darkstone Periapt"},{"floor":45.0,"key":"War Paint"},{"floor":48.0,"key":"Frozen Egg 2"},{"floor":48.0,"key":"The Courier"},{"floor":54.0,"key":"White Beast Statue"},{"floor":54.0,"key":"Snake Skull"}],"event_choices":[{"damage_healed":0.0,"max_hp_gain":0.0,"max_hp_loss":0.0,"gold_gain":0.0,"event_name":"Golden Idol","player_choice":"Take Damage","floor":3.0,"gold_loss":0.0,"damage_taken":17.0,"relics_obtained":["Golden Idol"]},{"cards_removed":["Strike_G"],"damage_healed":0.0,"max_hp_gain":0.0,"max_hp_loss":0.0,"gold_gain":0.0,"event_name":"Purifier","player_choice":"Purged","floor":4.0,"gold_loss":0.0,"damage_taken":0.0},{"damage_healed":0.0,"max_hp_gain":0.0,"max_hp_loss":0.0,"gold_gain":0.0,"event_name":"Masked Bandits","player_choice":"Fought Bandits","floor":20.0,"gold_loss":0.0,"damage_taken":0.0},{"damage_healed":0.0,"max_hp_gain":0.0,"max_hp_loss":0.0,"gold_gain":99.0,"event_name":"Nest","player_choice":"Stole From Cult","floor":22.0,"gold_loss":0.0,"damage_taken":0.0},{"damage_healed":0.0,"max_hp_gain":0.0,"max_hp_loss":0.0,"gold_gain":0.0,"event_name":"Ghosts","player_choice":"Ignored","floor":29.0,"gold_loss":0.0,"damage_taken":0.0},{"damage_healed":0.0,"max_hp_gain":0.0,"max_hp_loss":0.0,"gold_gain":0.0,"event_name":"MindBloom","player_choice":"Fight","floor":38.0,"gold_loss":0.0,"damage_taken":0.0},{"cards_removed":["Defend_G"],"damage_healed":0.0,"max_hp_gain":0.0,"max_hp_loss":0.0,"gold_gain":0.0,"event_name":"NoteForYourself","player_choice":"Took Card","floor":39.0,"gold_loss":0.0,"damage_taken":0.0,"cards_obtained":["Demon Form"]}],"is_beta":false,"boss_relics":[{"not_picked":["HoveringKite","Cursed Key"],"picked":"Empty Cage"},{"not_picked":["Fusion Hammer","Tiny House"],"picked":"Black Star"}],"items_purged_floors":[21,30,36,42],"is_endless":false,"potions_floor_spawned":[1,16,18,19,23,31,37,38,45,48,54],"ascension_level":1}}