{"host":"Ian","time":1611911410,"event":{"mods":["BaseMod","Bestiary","Block Reminder","Colored Map","Highlight Path","Key Reminder","Minty Spire (QoL Compilation)","Relic Stats"],"gold_per_floor":[10,29,29,29,49,77,77,112,112,144,144,144,162,216,216,216,216],"floor_reached":16,"language":"ENG","playtime":535,"items_purged":[],"score":236,"play_id":"1c06890a-9c79-4cd6-843b-aa382799a32f","local_time":"20210129091010","is_ascension_mode":true,"campfire_choices":[{"floor":7.0,"key":"REST"},{"data":"Feed","floor":11.0,"key":"SMITH"},{"data":"Bash","floor":15,"key":"SMITH"}],"circlet_count":0,"master_deck":["AscendersBane","Strike_R","Strike_R","Strike_R","Strike_R","Strike_R","Defend_R","Defend_R","Defend_R","Defend_R","Bash+1","Pommel Strike","Perfected Strike+1","Thunderclap","Reaper","Feed+1","Feel No Pain"],"relics":["Burning Blood","Turnip","Mercury Hourglass","Ornamental Fan","keyreminder:keyreminder","Ice Cream","Centennial Puzzle"],"acts_visited":["Exordium"],"potions_floor_usage":[],"damage_taken":[{"damage":9.0,"enemies":"2 Louse","floor":1.0,"turns":3.0},{"damage":0.0,"enemies":"Small Slimes","floor":2.0,"turns":4.0},{"damage":14.0,"enemies":"Jaw Worm","floor":5.0,"turns":4.0},{"damage":31.0,"enemies":"Gremlin Nob","floor":6.0,"turns":4.0},{"damage":10.0,"enemies":"3 Sentries","floor":8.0,"turns":6.0},{"damage":4.0,"enemies":"Gremlin Nob","floor":10.0,"turns":3.0},{"damage":1,"enemies":"3 Louse","floor":13,"turns":3},{"damage":83,"enemies":"Hexaghost","floor":16,"turns":9}],"seed_played":"2971785257194989611","potions_obtained":[{"floor":2.0,"key":"GamblersBrew"},{"floor":6.0,"key":"FearPotion"},{"floor":10.0,"key":"ElixirPotion"}],"is_trial":false,"path_per_floor":["M","M","$","?","M","E","R","E","T","E","R","?","M","T","R","B"],"character_chosen":"IRONCLAD","items_purchased":[],"campfire_rested":1,"item_purchase_floors":[],"current_hp_per_floor":[65,71,71,71,63,38,60,56,56,64,64,69,78,78,78,0,0],"gold":216,"neow_bonus":"ONE_RARE_RELIC","is_daily":false,"chose_seed":false,"campfire_upgraded":2,"win_rate":0.0,"timestamp":1611911410,"path_taken":["M","M","$","?","M","E","R","E","T","E","R","?","M","?","R","BOSS"],"items_purchased_type":[],"build_version":"2020-12-18","purchased_purges":0,"victory":false,"max_hp_per_floor":[75,75,75,75,75,75,75,75,75,75,75,80,84,84,84,84,84],"relic_stats":{"Centennial Puzzle":[3],"counters":[8,35],"Ornamental Fan":[4],"Turnip":[1],"obtain_stats":[{"keyreminder:keyreminder":9,"Ice Cream":10,"Centennial Puzzle":14,"Ornamental Fan":8,"Turnip":0,"Burning Blood":0,"Mercury Hourglass":6},{"keyreminder:keyreminder":5,"Ice Cream":6,"Centennial Puzzle":7,"Ornamental Fan":5,"Turnip":0,"Burning Blood":0,"Mercury Hourglass":4},{"keyreminder:keyreminder":21,"Ice Cream":24,"Centennial Puzzle":26,"Ornamental Fan":21,"Turnip":0,"Burning Blood":0,"Mercury Hourglass":15}],"Burning Blood":42,"Mercury Hourglass":[87]},"card_choices":[{"not_picked":["Cleave","Pummel"],"picked":"Pommel Strike","floor":1.0},{"not_picked":["Havoc","Blood for Blood"],"picked":"Perfected Strike","floor":2.0},{"not_picked":["Warcry","Dark Embrace"],"picked":"Thunderclap","floor":5.0},{"not_picked":["Brutality","Heavy Blade","Infernal Blade"],"picked":"SKIP","floor":6.0},{"not_picked":["Wild Strike","Rupture"],"picked":"Reaper","floor":8.0},{"not_picked":["Entrench","Pommel Strike"],"picked":"Feed","floor":10.0},{"not_picked":["Infernal Blade","Sentinel"],"picked":"Feel No Pain","floor":13}],"player_experience":2704807,"relics_obtained":[{"floor":6.0,"key":"Mercury Hourglass"},{"floor":8.0,"key":"Ornamental Fan"},{"floor":10.0,"key":"Ice Cream"},{"floor":14,"key":"Centennial Puzzle"}],"event_choices":[{"damage_healed":0.0,"max_hp_gain":0.0,"max_hp_loss":0.0,"gold_gain":0.0,"event_name":"Living Wall","player_choice":"Grow","floor":4.0,"gold_loss":0.0,"damage_taken":0.0,"cards_upgraded":["Perfected Strike"]},{"damage_healed":0.0,"max_hp_gain":5.0,"max_hp_loss":0.0,"gold_gain":0.0,"event_name":"Big Fish","player_choice":"Donut","floor":12.0,"gold_loss":0.0,"damage_taken":0.0}],"is_beta":true,"boss_relics":[],"items_purged_floors":[],"is_endless":false,"potions_floor_spawned":[2,6,10],"killed_by":"Hexaghost","ascension_level":20}}