{"host":"7ap89n2sm7vm35bt","time":1611931708,"event":{"mods":["AchievementEnabler","Aspiration","BaseMod","Minty Spire (QoL Compilation)","StSLib","[IsaacMod]ÒÔÈö¼âËþ"],"gold_per_floor":[118,135,60,160,176,176,190,221,244,244,254,154,220,230,230,331,331,341,216,216,66,80,93,93,93,118,118,131,131,331,346,346,443,443,463,463,463,476,491,507,177,196,196,196,214,214,14,14,14,14],"floor_reached":51,"language":"ZHS","playtime":1503,"items_purged":["Defend_R","Strike_R","Strike_R","Strike_R","Defend_R","Strike_R"],"score":949,"play_id":"6b1821b6-1256-4aae-a899-bc65da2784e7","local_time":"20210129224828","is_ascension_mode":false,"campfire_choices":[{"data":"Whirlwind","floor":6.0,"key":"SMITH"},{"data":"Flex","floor":10.0,"key":"SMITH"},{"data":"Bash","floor":15.0,"key":"SMITH"},{"data":"Bludgeon","floor":24.0,"key":"SMITH"},{"floor":27.0,"key":"REST"},{"floor":32.0,"key":"REST"},{"data":"Ghostly Armor","floor":46,"key":"SMITH"},{"data":"Defend_R","floor":49,"key":"SMITH"}],"circlet_count":0,"master_deck":["Strike_R+1","Defend_R","Defend_R+1","Bash+1","Ghostly Armor+1","Whirlwind+1","Flex+1","Bludgeon+1","Thunderclap+1","Iron Wave+1"],"relics":["Burning Blood","HushsDoor","aspiration:Nostalgia","DeadEye","Oddly Smooth Stone","Whetstone","Philosopher\u0027s Stone","aspiration:RitualStick","aspiration:Stabinomicon","CeramicFish","MagicMushroom","Magic Flower","Anchor","Darkstone Periapt"],"acts_visited":["Exordium","TheCity","TheBeyond"],"potions_floor_usage":[38,42,50,50,50],"damage_taken":[{"damage":6.0,"enemies":"Small Slimes","floor":1.0,"turns":4.0},{"damage":1.0,"enemies":"Cultist","floor":2.0,"turns":4.0},{"damage":0.0,"enemies":"2 Louse","floor":5.0,"turns":2.0},{"damage":18.0,"enemies":"Exordium Thugs","floor":7.0,"turns":3.0},{"damage":13.0,"enemies":"3 Sentries","floor":8.0,"turns":4.0},{"damage":9.0,"enemies":"2 Fungi Beasts","floor":11.0,"turns":2.0},{"damage":0.0,"enemies":"Gremlin Gang","floor":14.0,"turns":1.0},{"damage":16.0,"enemies":"Slime Boss","floor":16.0,"turns":5.0},{"damage":0.0,"enemies":"Spheric Guardian","floor":18.0,"turns":2.0},{"damage":12.0,"enemies":"Chosen","floor":22.0,"turns":2.0},{"damage":19.0,"enemies":"Snake Plant","floor":23.0,"turns":3.0},{"damage":23.0,"enemies":"Centurion and Healer","floor":28.0,"turns":3.0},{"damage":18.0,"enemies":"Cultist and Chosen","floor":31.0,"turns":5.0},{"damage":27.0,"enemies":"Automaton","floor":33.0,"turns":5.0},{"damage":11,"enemies":"3 Shapes","floor":35,"turns":2},{"damage":0,"enemies":"Orb Walker","floor":38,"turns":2},{"damage":16,"enemies":"Sphere and 2 Shapes","floor":39,"turns":4},{"damage":11,"enemies":"3 Darklings","floor":40,"turns":3},{"damage":26,"enemies":"Maw","floor":42,"turns":5},{"damage":0,"enemies":"Spire Growth","floor":45,"turns":4},{"damage":42,"enemies":"Time Eater","floor":50,"turns":8}],"seed_played":"-6600132941377538753","potions_obtained":[{"floor":5.0,"key":"Dexterity Potion"},{"floor":7.0,"key":"DistilledChaos"},{"floor":11.0,"key":"DistilledChaos"},{"floor":18.0,"key":"LiquidBronze"},{"floor":33.0,"key":"Block Potion"},{"floor":35,"key":"Ancient Potion"},{"floor":38,"key":"SteroidPotion"},{"floor":45,"key":"PowerPotion"}],"is_trial":false,"path_per_floor":["M","M","$","?","M","R","M","E","T","R","M","$","?","M","R","B",null,"M","$","?","$","M","M","R","?","T","R","M","?","?","M","R","B",null,"M","?","?","M","M","M","$","M","T","?","M","R","$","?","R","B",null],"character_chosen":"IRONCLAD","items_purchased":["Anchor"],"campfire_rested":2,"item_purchase_floors":[41],"current_hp_per_floor":[80,80,80,80,80,80,68,61,61,61,58,58,58,64,64,54,80,80,80,64,64,58,45,45,29,29,53,36,80,80,68,80,59,87,83,83,83,87,80,80,80,65,65,65,76,76,76,76,76,45],"gold":14,"neow_bonus":"NOSTALGIA","is_daily":false,"chose_seed":false,"campfire_upgraded":6,"win_rate":0.0,"timestamp":1611931708,"path_taken":["M","M","$","?","?","R","M","E","T","R","M","$","?","M","R","BOSS","M","$","?","$","?","M","R","?","T","R","M","?","?","M","R","BOSS","M","?","?","?","M","M","$","M","T","?","M","R","$","?","R","BOSS"],"items_purchased_type":["Relic"],"build_version":"2020-12-22","purchased_purges":6,"victory":true,"max_hp_per_floor":[80,80,80,80,80,80,80,80,80,80,80,80,80,80,80,80,80,80,80,80,80,80,80,80,80,80,80,80,80,80,80,80,80,87,87,87,87,87,87,87,87,87,87,83,83,83,83,83,83,83],"card_choices":[{"not_picked":["Warcry","Body Slam"],"picked":"Ghostly Armor","floor":1.0},{"not_picked":["Pommel Strike","Carnage","Wild Strike"],"picked":"SKIP","floor":2.0},{"not_picked":["Anger","Havoc"],"picked":"Whirlwind","floor":5.0},{"not_picked":["Bloodletting","Shrug It Off"],"picked":"Flex","floor":7.0},{"not_picked":["Corruption","Hemokinesis"],"picked":"Sever Soul","floor":8.0},{"not_picked":["True Grit","Sword Boomerang","Ghostly Armor"],"picked":"SKIP","floor":11.0},{"not_picked":["Thunderclap","Shockwave","Infernal Blade"],"picked":"SKIP","floor":14.0},{"not_picked":["Demon Form","Fiend Fire"],"picked":"Bludgeon","floor":16.0},{"not_picked":["Twin Strike+1","True Grit","Cleave"],"picked":"SKIP","floor":18.0},{"not_picked":["Flex","Body Slam+1"],"picked":"Thunderclap+1","floor":22.0},{"not_picked":["Anger+1","Infernal Blade","Berserk"],"picked":"SKIP","floor":23.0},{"not_picked":["Warcry","Flex","Perfected Strike"],"picked":"SKIP","floor":28.0},{"not_picked":["True Grit","Infernal Blade","Metallicize"],"picked":"SKIP","floor":31.0},{"not_picked":["Pommel Strike+1","Body Slam","Clothesline"],"picked":"SKIP","floor":35},{"not_picked":["Flex","Dark Embrace+1","Wild Strike"],"picked":"SKIP","floor":38},{"not_picked":["Flex+1","Battle Trance","Wild Strike+1"],"picked":"SKIP","floor":39},{"not_picked":["Clash","Fire Breathing+1","Flex"],"picked":"SKIP","floor":40},{"not_picked":["Dark Embrace","Cleave"],"picked":"Iron Wave+1","floor":42},{"not_picked":["Perfected Strike","Cleave","Whirlwind"],"picked":"SKIP","floor":45}],"player_experience":239873,"relics_obtained":[{"floor":8.0,"key":"Oddly Smooth Stone"},{"floor":9.0,"key":"Whetstone"},{"floor":25.0,"key":"aspiration:Stabinomicon"},{"floor":26.0,"key":"CeramicFish"},{"floor":37,"key":"Magic Flower"},{"floor":43,"key":"Darkstone Periapt"}],"event_choices":[{"damage_healed":0.0,"max_hp_gain":0.0,"max_hp_loss":0.0,"gold_gain":100.0,"event_name":"Golden Shrine","player_choice":"Pray","floor":4.0,"gold_loss":0.0,"damage_taken":0.0},{"damage_healed":0.0,"max_hp_gain":0.0,"max_hp_loss":0.0,"gold_gain":66.0,"event_name":"Golden Wing","player_choice":"Gained Gold","floor":13.0,"gold_loss":0.0,"damage_taken":0.0},{"damage_healed":0.0,"max_hp_gain":0.0,"max_hp_loss":0.0,"gold_gain":0.0,"event_name":"Cursed Tome","player_choice":"Obtained Book","floor":25.0,"gold_loss":0.0,"damage_taken":16.0},{"cards_removed":["Sever Soul"],"damage_healed":44.0,"max_hp_gain":0.0,"max_hp_loss":0.0,"gold_gain":0.0,"event_name":"Bonfire Elementals","player_choice":"Offered Uncommon","floor":29.0,"gold_loss":0.0,"damage_taken":0.0},{"damage_healed":0.0,"max_hp_gain":0.0,"max_hp_loss":0.0,"gold_gain":200.0,"event_name":"Wheel of Change","player_choice":"Gold","floor":30.0,"gold_loss":0.0,"damage_taken":0.0},{"damage_healed":0,"gold_gain":0,"player_choice":"Ignored","damage_taken":0,"max_hp_gain":0,"max_hp_loss":0,"event_name":"Tomb of Lord Red Mask","floor":36,"gold_loss":0},{"damage_healed":0,"gold_gain":0,"player_choice":"Relic","damage_taken":0,"max_hp_gain":0,"max_hp_loss":0,"event_name":"Wheel of Change","floor":37,"gold_loss":0},{"damage_healed":0,"gold_gain":0,"player_choice":"Max HP","damage_taken":0,"max_hp_gain":0,"max_hp_loss":4,"event_name":"Winding Halls","floor":44,"gold_loss":0},{"damage_healed":0,"gold_gain":0,"player_choice":"Memory 1","damage_taken":0,"max_hp_gain":0,"max_hp_loss":0,"event_name":"SensoryStone","floor":48,"gold_loss":0}],"is_beta":false,"boss_relics":[{"not_picked":["Black Blood","ChampionBelt"],"picked":"Philosopher\u0027s Stone"},{"not_picked":[]},{"not_picked":["Calling Bell","aspiration:SilentSkillbook"],"picked":"MagicMushroom"},{"not_picked":[]}],"items_purged_floors":[3,12,19,21,41,47],"is_endless":false,"potions_floor_spawned":[5,7,11,14,18,33,35,38,45],"ascension_level":0}}