{"host":"59fzh68erzs7h44i","time":1611953097,"event":{"mods":["AchievementEnabler","BaseMod","Downfall","Minty Spire (QoL Compilation)","StSLib","The Jungle"],"gold_per_floor":[113,125,125,125,125,157,157,82,82,82,96,109,126,143,143,244,244,263,290,305,55,55,55],"floor_reached":22,"language":"ENG","playtime":1200,"items_purged":["Defend_P","Defend_P"],"score":211,"play_id":"58dff1e0-cad2-40cd-a078-8405e8bb7cbc","local_time":"20210129154457","is_ascension_mode":false,"campfire_choices":[{"floor":7,"key":"REST"},{"data":"CutThroughFate","floor":10,"key":"SMITH"},{"data":"CutThroughFate","floor":15,"key":"SMITH"}],"circlet_count":0,"master_deck":["Strike_P","Strike_P","Strike_P","Strike_P","Defend_P","Eruption","Vigilance","ThirdEye+1","Nirvana","CutThroughFate+1","CutThroughFate+1","Nirvana","CrushJoints","CrushJoints","Consecrate","ConjureBlade","Conclude","ThirdEye+1","ThirdEye"],"relics":["PureWater","NeowsBlessing","Dream Catcher","Matryoshka","Tiny Chest","Gremlin Horn","SlaversCollar","Red Mask","PreservedInsect"],"acts_visited":["Exordium","TheCity"],"potions_floor_usage":[16,16,16,22],"damage_taken":[{"damage":0,"enemies":"Cultist","floor":1,"turns":1},{"damage":0,"enemies":"2 Louse","floor":2,"turns":1},{"damage":0,"enemies":"3 Sentries","floor":6,"turns":1},{"damage":0,"enemies":"Small Slimes","floor":11,"turns":2},{"damage":0,"enemies":"Exordium Thugs","floor":12,"turns":5},{"damage":0,"enemies":"Exordium Wildlife","floor":13,"turns":3},{"damage":0,"enemies":"Blue Slaver","floor":14,"turns":3},{"damage":30,"enemies":"Hexaghost","floor":16,"turns":8},{"damage":24,"enemies":"Shell Parasite","floor":18,"turns":8},{"damage":34,"enemies":"Masked Bandits","floor":19,"turns":5},{"damage":10,"enemies":"2 Thieves","floor":20,"turns":4},{"damage":8,"enemies":"Snake Plant","floor":22,"turns":5}],"seed_played":"-8610607513212048668","potions_obtained":[{"floor":11,"key":"FearPotion"},{"floor":12,"key":"champ:CounterPotion"},{"floor":13,"key":"Regen Potion"},{"floor":18,"key":"Slimebound:ThreeZeroPotion"},{"floor":19,"key":"SpeedPotion"}],"is_trial":false,"path_per_floor":["M","M","?","?","?","E","R","$","T","R","M","M","M","M","R","B",null,"M","?","M","$","M"],"character_chosen":"WATCHER","items_purchased":["PreservedInsect"],"campfire_rested":1,"item_purchase_floors":[21],"current_hp_per_floor":[72,72,54,54,54,54,72,72,72,72,72,72,72,72,72,57,72,48,14,4,4,0,0],"gold":55,"neow_bonus":"THREE_ENEMY_KILL","is_daily":false,"chose_seed":false,"campfire_upgraded":2,"win_rate":0.0,"timestamp":1611953097,"path_taken":["M","M","?","?","?","E","R","$","T","R","M","M","M","?","R","BOSS","M","?","M","$","M"],"items_purchased_type":["Relic"],"build_version":"2020-12-22","purchased_purges":2,"victory":false,"max_hp_per_floor":[72,72,72,72,72,72,72,72,72,72,72,72,72,72,72,72,72,72,72,72,72,72,72],"card_choices":[{"not_picked":["Crescendo","PathToVictory"],"picked":"ThirdEye","floor":1},{"not_picked":["WheelKick","TalkToTheHand"],"picked":"Nirvana","floor":2},{"not_picked":["BowlingBash","Crescendo"],"picked":"CutThroughFate","floor":6},{"not_picked":["BattleHymn","ClearTheMind"],"picked":"CutThroughFate","floor":7},{"not_picked":["SandsOfTime","Protect"],"picked":"Nirvana","floor":11},{"not_picked":["Protect","BowlingBash"],"picked":"CrushJoints","floor":12},{"not_picked":["LikeWater","Crescendo"],"picked":"CrushJoints","floor":13},{"not_picked":["Crescendo","Perseverance"],"picked":"Consecrate","floor":14},{"not_picked":["Scrawl","LessonLearned"],"picked":"ConjureBlade","floor":16},{"not_picked":["Study+1","EmptyMind"],"picked":"Conclude","floor":18},{"not_picked":["Crescendo","CarveReality+1"],"picked":"ThirdEye+1","floor":19},{"not_picked":["Sanctity","EmptyFist"],"picked":"ThirdEye","floor":20}],"player_experience":185996,"relics_obtained":[{"floor":6,"key":"Matryoshka"},{"floor":9,"key":"Tiny Chest"},{"floor":9,"key":"Gremlin Horn"},{"floor":19,"key":"Red Mask"}],"event_choices":[{"damage_healed":0,"gold_gain":0,"player_choice":"Success","damage_taken":18,"relics_obtained":["Dream Catcher"],"max_hp_gain":0,"max_hp_loss":0,"event_name":"Scrap Ooze","floor":3,"gold_loss":0},{"cards_removed":["Defend_P"],"damage_healed":0,"gold_gain":0,"player_choice":"Forget","damage_taken":0,"max_hp_gain":0,"max_hp_loss":0,"event_name":"Living Wall","floor":4,"gold_loss":0},{"damage_healed":0,"gold_gain":0,"player_choice":"Forge","damage_taken":0,"max_hp_gain":0,"max_hp_loss":0,"event_name":"Accursed Blacksmith","floor":5,"gold_loss":0,"cards_upgraded":["ThirdEye"]},{"damage_healed":0,"gold_gain":0,"player_choice":"Fought Bandits","damage_taken":0,"max_hp_gain":0,"max_hp_loss":0,"event_name":"Masked Bandits","floor":19,"gold_loss":0}],"is_beta":false,"boss_relics":[{"not_picked":["Cursed Key","Pandora\u0027s Box"],"picked":"SlaversCollar"}],"items_purged_floors":[8,21],"is_endless":false,"potions_floor_spawned":[11,12,13,18,19],"killed_by":"Snake Plant","ascension_level":0}}