{"host":"i0dcpa89fcfo7o2v","time":1611918442,"event":{"mods":["2.2 Compatiblity","AchievementEnabler","Alarm Clock","AlwaysNeverKeys","BaseMod","Better Altar","Better Match","Better Note","Better Sensory Stone","Better Skull","Better Third Choice","Better Vampires","BetterRewards","Block Reminder","Colored Map","Colored Powertips","Conspire","Curses Come First","Defuse TimeMaze Blight","Displayed Cursed Tome","Downfall","Energized Spire","Gold Saver","Halation","Highlight Path","Hubris","Minty Spire (QoL Compilation)","Quick Restart","Relic Stats","Replay The Spire","Shop Mod","Spicy Shops","StSLib","Synergy Search","The Jungle","Transform Curses","Uncapped","Wandering Minibosses"],"gold_per_floor":[99,99,99,99,99,1,1,17,27,27,39,84,114,114,127,222,222,22,40,90,103,103,3,3,38,238,252,252,284,32,62,75,176,176,176,186,199,219,219,219,274,286,329,89,116,116,116,116],"floor_reached":46,"language":"ENG","playtime":2131,"items_purged":["Hallucinations"],"score":612,"play_id":"fd94f176-54df-4a04-ab76-e2f3de285806","local_time":"20210129120722","is_ascension_mode":true,"campfire_choices":[{"data":"sneckomod:Unknown","floor":1.0,"key":"SMITH"},{"data":"sneckomod:Memorize","floor":10.0,"key":"SMITH"},{"data":"sneckomod:UnknownBoss","floor":23,"key":"SMITH"},{"data":"sneckomod:UnknownUncommonPower","floor":28,"key":"SMITH"},{"data":"expansioncontent:DashGenerateEvil","floor":40,"key":"SMITH"}],"circlet_count":0,"master_deck":["sneckomod:Strike","sneckomod:Strike","sneckomod:Defend","sneckomod:Defend","sneckomod:TailWhip","sneckomod:SnekBite","sneckomod:Unknown+1","expansioncontent:HyperBeam+1","sneckomod:UnknownUncommonPower+1","CarveReality","sneckomod:UnknownClassPURPLE","sneckomod:DiceBlock","sneckomod:UnknownDraw","Guardian:RevengeProtocol+1","sneckomod:UnknownDraw","sneckomod:RainOfDice+1","sneckomod:QuickMove+1","Tantrum+1","sneckomod:UnknownStrength+1","expansioncontent:AwakenDeath+1","sneckomod:UnknownWeak+1","expansioncontent:DashGenerateEvil+1","sneckomod:UnknownX+1","sneckomod:Restock","Replay:Hum","sneckomod:UnknownCommonSkill+1","sneckomod:SoulDraw+1","bronze:Repair+1","sneckomod:TrashToTreasure","sneckomod:UnknownUncommonPower+1","expansioncontent:YouAreMine"],"relics":["sneckomod:SuperSneckoSoul","downfall:HeartsMalice","Mummified Hand","Shuriken","hubris:SphereOfDissonance","Replay:Grab Bag","ChewingGum","Coffee Dripper","downfall:HeartBlessingRed","downfall:HeartBlessingGreen","Slimebound:StickyStick","downfall:HeartBlessingBlue","Garlic","ReplayFunnel","bronze:BronzeIdol","Mercury Hourglass","Sozu","MawBank","Toy Ornithopter","ClockworkSouvenir","Juzu Bracelet"],"acts_visited":["Exordium","TheCity","TheBeyond"],"potions_floor_usage":[16,16,29,43],"damage_taken":[{"damage":0.0,"enemies":"conspire:RoseBush","floor":2.0,"turns":1.0},{"damage":0.0,"enemies":"Cultist","floor":3.0,"turns":1.0},{"damage":0.0,"enemies":"2 Louse","floor":5.0,"turns":1.0},{"damage":0.0,"enemies":"downfall:FleeingMerchant","floor":6.0,"turns":2.0},{"damage":0.0,"enemies":"3 Louse","floor":8.0,"turns":1.0},{"damage":7.0,"enemies":"2 Fungi Beasts","floor":9.0,"turns":2.0},{"damage":13.0,"enemies":"Lots of Slimes","floor":11.0,"turns":3.0},{"damage":8.0,"enemies":"Gremlin Gang","floor":12.0,"turns":4.0},{"damage":19.0,"enemies":"3 Sentries","floor":13.0,"turns":6.0},{"damage":0.0,"enemies":"2 Fungi Beasts","floor":15.0,"turns":1.0},{"damage":41,"enemies":"DF_ARCHETYPE_STREAMLINE","floor":16,"turns":5},{"damage":17,"enemies":"conspire:FuzzyDice","floor":19,"turns":6},{"damage":0,"enemies":"Spheric Guardian","floor":21,"turns":1},{"damage":3,"enemies":"conspire:Head Lice","floor":25,"turns":4},{"damage":0,"enemies":"conspire:HollyBat","floor":27,"turns":5},{"damage":14,"enemies":"Slavers","floor":29,"turns":2},{"damage":29,"enemies":"Gremlin Leader","floor":31,"turns":6},{"damage":0,"enemies":"Sentry and Sphere","floor":32,"turns":3},{"damage":3,"enemies":"SI_MIRROR_ARCHETYPE","floor":33,"turns":4},{"damage":10,"enemies":"3 Shapes","floor":36,"turns":3},{"damage":5,"enemies":"Orb Walker","floor":37,"turns":2},{"damage":0,"enemies":"Spire Growth","floor":38,"turns":2},{"damage":25,"enemies":"R_Hoarder","floor":43,"turns":5},{"damage":33,"enemies":"Nemesis","floor":45,"turns":3},{"damage":29,"enemies":"Jaw Worm Horde","floor":46,"turns":2}],"seed_played":"1566195347195550191","potions_obtained":[{"floor":9.0,"key":"champ:CounterPotion"},{"floor":11.0,"key":"hexamod:SoulburnPotion"},{"floor":12.0,"key":"sneckomod:OffclassReductionPotion"},{"floor":16,"key":"Adrenaline Potion"},{"floor":19,"key":"Strength Potion"},{"floor":20,"key":"Adrenaline Potion"}],"is_trial":false,"path_per_floor":["R","M","M","?","M","$","T","M","M","R","M","M","E","?","M","B",null,"R_BF","M","?","M","?","R","T","E","?","M","R","E","$","E","M","B",null,"R_BF","M","M","M","?","R","T","?","E","$","E","M"],"character_chosen":"THE_SNECKO","items_purchased":["expansioncontent:HyperBeam","Mummified Hand","expansioncontent:DashGenerateEvil","ClockworkSouvenir","expansioncontent:YouAreMine"],"campfire_rested":0,"item_purchase_floors":[6,6,30,44,44],"current_hp_per_floor":[90,90,90,90,90,90,90,90,83,83,70,62,43,43,43,2,90,90,73,73,73,73,83,83,80,80,80,80,66,66,37,37,34,100,100,90,85,85,85,85,85,85,60,60,27,0,0,0],"gold":116,"neow_bonus":"THREE_ENEMY_KILL","is_daily":false,"chose_seed":false,"campfire_upgraded":5,"win_rate":0.0,"timestamp":1611918442,"path_taken":["R","M","M","?","?","$","T","M","M","R","M","M","E","?","M","BOSS","R_BF","M","?","M","?","R","T","E","?","?","R","E","$","E","M","BOSS","R_BF","M","M","M","?","R","T","?","E","$","E","M"],"items_purchased_type":["Card","Relic","Card","Relic","Card"],"build_version":"2020-12-22","purchased_purges":1,"victory":false,"max_hp_per_floor":[90,90,90,90,90,90,90,90,90,90,90,90,90,90,90,90,90,90,90,90,90,90,100,100,100,100,100,100,100,100,100,100,100,100,100,100,100,100,100,100,100,100,100,100,100,100,100,100],"relic_stats":{"Sozu":2,"counters":[25,72],"Mummified Hand":[37],"Shuriken":[25],"Juzu Bracelet":0,"MawBank":36,"obtain_stats":[{"ReplayFunnel":25,"downfall:HeartBlessingRed":18,"Replay:Grab Bag":17,"hubris:SphereOfDissonance":13,"downfall:HeartsMalice":0,"downfall:HeartBlessingGreen":18,"Juzu Bracelet":45,"sneckomod:SneckoSoul":0,"MawBank":41,"bronze:BronzeIdol":29,"Mercury Hourglass":31,"ClockworkSouvenir":44,"Sozu":34,"sneckomod:SuperSneckoSoul":17,"Mummified Hand":6,"Shuriken":7,"Slimebound:StickyStick":20,"downfall:HeartBlessingBlue":23,"ChewingGum":17,"Coffee Dripper":17,"Garlic":24,"Toy Ornithopter":43},{"ReplayFunnel":14,"downfall:HeartBlessingRed":11,"Replay:Grab Bag":11,"hubris:SphereOfDissonance":9,"downfall:HeartsMalice":0,"downfall:HeartBlessingGreen":11,"Juzu Bracelet":24,"sneckomod:SneckoSoul":0,"MawBank":22,"bronze:BronzeIdol":16,"Mercury Hourglass":17,"ClockworkSouvenir":23,"Sozu":19,"sneckomod:SuperSneckoSoul":11,"Mummified Hand":4,"Shuriken":4,"Slimebound:StickyStick":12,"downfall:HeartBlessingBlue":13,"ChewingGum":11,"Coffee Dripper":11,"Garlic":13,"Toy Ornithopter":23},{"ReplayFunnel":35,"downfall:HeartBlessingRed":24,"Replay:Grab Bag":24,"hubris:SphereOfDissonance":18,"downfall:HeartsMalice":0,"downfall:HeartBlessingGreen":24,"Juzu Bracelet":70,"sneckomod:SneckoSoul":0,"MawBank":62,"bronze:BronzeIdol":42,"Mercury Hourglass":48,"ClockworkSouvenir":67,"Sozu":55,"sneckomod:SuperSneckoSoul":24,"Mummified Hand":2,"Shuriken":2,"Slimebound:StickyStick":30,"downfall:HeartBlessingBlue":31,"ChewingGum":24,"Coffee Dripper":24,"Garlic":31,"Toy Ornithopter":67}],"Toy Ornithopter":0,"Mercury Hourglass":[56]},"card_choices":[{"not_picked":["sneckomod:DefensiveFlair","sneckomod:QuickMove"],"picked":"sneckomod:UnknownStrength","floor":2.0},{"not_picked":["sneckomod:IronFang","sneckomod:UnknownBlock"],"picked":"sneckomod:UnknownUncommonAttack","floor":3.0},{"not_picked":["sneckomod:SoulCleanse","sneckomod:DiceCrush"],"picked":"sneckomod:Memorize","floor":5.0},{"not_picked":["sneckomod:SnekBeam","sneckomod:RainOfDice"],"picked":"sneckomod:UnknownUncommonPower","floor":8.0},{"not_picked":["sneckomod:ImprovisedGuard","sneckomod:SlitherStrike"],"picked":"sneckomod:Unknown1Cost","floor":9.0},{"not_picked":["sneckomod:UnknownBlock","sneckomod:SnekBeam"],"picked":"sneckomod:UnknownClassPURPLE","floor":11.0},{"not_picked":["sneckomod:TrashToTreasure","sneckomod:DiceCrush"],"picked":"sneckomod:DiceBlock","floor":12.0},{"not_picked":["sneckomod:DiceBlock","sneckomod:UnknownUncommonSkill"],"picked":"sneckomod:UnknownBoss","floor":13.0},{"not_picked":["sneckomod:Nope","sneckomod:UnknownBlock"],"picked":"sneckomod:UnknownDraw","floor":15.0},{"not_picked":["sneckomod:SoulDraw","sneckomod:UnknownColorless","sneckomod:RainOfDice"],"picked":"SKIP","floor":19},{"not_picked":["sneckomod:ImprovisedAttack+1","sneckomod:QuickBite"],"picked":"sneckomod:UnknownDraw","floor":20},{"not_picked":["sneckomod:WideSting","sneckomod:QuickMove+1"],"picked":"sneckomod:RainOfDice+1","floor":20},{"not_picked":["sneckomod:RainOfDice","sneckomod:Nope"],"picked":"sneckomod:QuickMove+1","floor":21},{"not_picked":["sneckomod:UnknownVulnerable","sneckomod:Rotation+1"],"picked":"sneckomod:UnknownStrength+1","floor":25},{"not_picked":["sneckomod:DiceBlock","sneckomod:UnknownBlock","sneckomod:UnknownX"],"picked":"SKIP","floor":27},{"not_picked":["sneckomod:IronFang","sneckomod:UnknownClassTHE_BRONZE_AUTOMATON"],"picked":"sneckomod:UnknownWeak","floor":29},{"not_picked":["sneckomod:DiceBlock","sneckomod:UnknownClassPURPLE","sneckomod:UnknownClassTHE_BRONZE_AUTOMATON"],"picked":"SKIP","floor":31},{"not_picked":["sneckomod:DiceCrush","sneckomod:Unknown0Cost","sneckomod:UnknownX+1"],"picked":"SKIP","floor":32},{"not_picked":["sneckomod:DiceCrush","sneckomod:Unknown0Cost"],"picked":"sneckomod:UnknownX+1","floor":32},{"not_picked":["sneckomod:DangerNoodle","sneckomod:SerpentMind"],"picked":"sneckomod:Restock","floor":33},{"not_picked":["sneckomod:TrashToTreasure+1","sneckomod:QuickBite+1"],"picked":"sneckomod:Unknown1Cost+1","floor":36},{"not_picked":["sneckomod:UnknownStrike","sneckomod:SnekBeam"],"picked":"sneckomod:UnknownCommonSkill+1","floor":37},{"not_picked":["sneckomod:MixItUp+1","sneckomod:UnknownX"],"picked":"sneckomod:SoulDraw+1","floor":38},{"not_picked":["sneckomod:MixItUp","sneckomod:IronFang+1"],"picked":"sneckomod:UnknownUncommonPower+1","floor":43},{"not_picked":["sneckomod:UnknownCommonAttack","sneckomod:SoulRoll+1","sneckomod:TrashToTreasure"],"picked":"SKIP","floor":45}],"player_experience":203895,"relics_obtained":[{"floor":7.0,"key":"Shuriken"},{"floor":13.0,"key":"hubris:SphereOfDissonance"},{"floor":20,"key":"Slimebound:StickyStick"},{"floor":24,"key":"Garlic"},{"floor":25,"key":"ReplayFunnel"},{"floor":29,"key":"bronze:BronzeIdol"},{"floor":31,"key":"Mercury Hourglass"},{"floor":41,"key":"MawBank"},{"floor":43,"key":"Toy Ornithopter"},{"floor":45,"key":"Juzu Bracelet"}],"event_choices":[{"damage_healed":0.0,"max_hp_gain":0.0,"max_hp_loss":0.0,"gold_gain":0.0,"event_name":"conspire:Investor","player_choice":"Leave","floor":14.0,"gold_loss":0.0,"damage_taken":0.0},{"damage_healed":0,"gold_gain":200,"player_choice":"Gold","damage_taken":0,"max_hp_gain":0,"max_hp_loss":0,"event_name":"Wheel of Change","floor":26,"gold_loss":0},{"cards_removed":["sneckomod:Strike"],"damage_healed":0,"gold_gain":0,"player_choice":"Removed Attack","damage_taken":0,"max_hp_gain":0,"max_hp_loss":0,"event_name":"Falling","floor":39,"gold_loss":0}],"is_beta":false,"boss_relics":[{"not_picked":["conspire:RoyalGoblet","Replay:Wanted Poster"],"picked":"Replay:Grab Bag"},{"not_picked":["energizedSpire:SpiderWeb","conspire:SlowCooker"],"picked":"ChewingGum"},{"not_picked":["Busted Crown","conspire:SeveredTorchhead"],"picked":"Coffee Dripper"},{"not_picked":["sneckomod:SneckoTalon","Calling Bell"],"picked":"sneckomod:SuperSneckoSoul"},{"not_picked":["expansioncontent:StudyCardRelic","Snecko Eye"],"picked":"Sozu"}],"items_purged_floors":[6],"is_endless":false,"potions_floor_spawned":[9,11,12,16,19,21,25,43,45],"killed_by":"Jaw Worm Horde","ascension_level":1}}