{"host":"zwezhz46a5cjkxff","time":1611895290,"event":{"mods":["AchievementEnabler","BaseMod","Colored Map","Colored Powertips","DeckTracker","Hermit","Minty Spire (QoL Compilation)","Permanent Neow","Quick Restart","Rare Cards Sparkle","Relic Stats","Robot Space Explorer","StSLib","SuperFastMode","The Hierophant","The Servant 0.9.4","Weighted Paths","slay the spire mod where everything is the same but ironclad has a cowboy hat"],"gold_per_floor":[110,185,196,209,384,417,417,417,417],"floor_reached":8,"language":"ENG","playtime":153,"items_purged":[],"score":59,"play_id":"8b6d6090-c54c-4a95-a9c6-f431088809c5","local_time":"20210128224130","is_ascension_mode":true,"campfire_choices":[{"data":"Corruption","floor":7.0,"key":"SMITH"}],"circlet_count":0,"master_deck":["Strike_R","Strike_R","Strike_R","Strike_R","Strike_R","Defend_R","Defend_R","Defend_R","Defend_R","Bash","Iron Wave","Iron Wave","Doubt","Corruption+1"],"relics":["Burning Blood","TungstenRod","Pen Nib"],"acts_visited":["Exordium"],"potions_floor_usage":[],"damage_taken":[{"damage":0.0,"enemies":"Small Slimes","floor":1.0,"turns":3.0},{"damage":2.0,"enemies":"2 Louse","floor":3.0,"turns":4.0},{"damage":0.0,"enemies":"Jaw Worm","floor":4.0,"turns":4.0},{"damage":37.0,"enemies":"Lagavulin","floor":6.0,"turns":6.0},{"damage":0,"enemies":"3 Sentries","floor":8,"turns":1}],"seed_played":"-2847319251408739519","potions_obtained":[{"floor":4.0,"key":"Strength Potion"},{"floor":6.0,"key":"BloodPotion"}],"is_trial":false,"path_per_floor":["M","?","M","M","?","E","R","E"],"character_chosen":"IRONCLAD","items_purchased":[],"campfire_rested":0,"item_purchase_floors":[],"current_hp_per_floor":[62,52,56,62,62,31,31,31,31],"gold":417,"neow_bonus":"ONE_RARE_RELIC","is_daily":false,"chose_seed":false,"campfire_upgraded":1,"win_rate":0.0,"timestamp":1611895290,"path_taken":["M","?","M","M","?","E","R","E"],"items_purchased_type":[],"build_version":"2020-12-22","purchased_purges":0,"victory":false,"max_hp_per_floor":[80,80,80,80,80,80,80,80,80],"relic_stats":{"counters":[5,18],"Pen Nib":[0],"obtain_stats":[{"Pen Nib":6,"Burning Blood":0,"TungstenRod":0},{"Pen Nib":4,"Burning Blood":0,"TungstenRod":0},{"Pen Nib":17,"Burning Blood":0,"TungstenRod":0}],"Burning Blood":24,"TungstenRod":6},"card_choices":[{"not_picked":["Warcry","Cleave"],"picked":"Iron Wave","floor":1.0},{"not_picked":["Wild Strike","Cleave"],"picked":"Iron Wave","floor":3.0},{"not_picked":["Anger","Flex","Iron Wave"],"picked":"SKIP","floor":4.0},{"not_picked":["Infernal Blade","Feel No Pain"],"picked":"Corruption","floor":6.0}],"player_experience":42724,"relics_obtained":[{"floor":6.0,"key":"Pen Nib"}],"event_choices":[{"damage_healed":0.0,"max_hp_gain":0.0,"max_hp_loss":0.0,"gold_gain":75.0,"event_name":"World of Goop","player_choice":"Gather Gold","floor":2.0,"gold_loss":0.0,"damage_taken":11.0},{"damage_healed":0.0,"max_hp_gain":0.0,"max_hp_loss":0.0,"gold_gain":175.0,"event_name":"Liars Game","player_choice":"AGREE","floor":5.0,"gold_loss":0.0,"damage_taken":0.0,"cards_obtained":["Doubt"]}],"is_beta":false,"boss_relics":[],"items_purged_floors":[],"is_endless":false,"potions_floor_spawned":[4,6],"killed_by":"3 Sentries","ascension_level":1}}