{"host":"kvo7eymyd21g9abd","time":1611936531,"event":{"mods":["AchievementEnabler","BaseMod","Bestiary","Colored Map","Minty Spire (QoL Compilation)","StSLib"],"gold_per_floor":[15,29,42,53,53,82,82,82,106,106,106],"floor_reached":10,"language":"ENG","playtime":323,"items_purged":[],"score":85,"play_id":"2aead3f7-7352-43cf-a46a-2e99871c85d0","local_time":"20210129110851","is_ascension_mode":true,"campfire_choices":[{"floor":8,"key":"RECALL"}],"circlet_count":0,"master_deck":["Strike_G","Strike_G","Strike_G","Strike_G","Strike_G","Defend_G","Defend_G","Defend_G","Defend_G","Defend_G+1","Survivor","Neutralize","Bullet Time+1","Eviscerate+1","Escape Plan","Backflip","Distraction","Prepared","Injury"],"relics":["Ring of the Snake","War Paint","Golden Idol"],"acts_visited":["Exordium"],"potions_floor_usage":[6,10,10],"damage_taken":[{"damage":1,"enemies":"Cultist","floor":1,"turns":4},{"damage":0,"enemies":"2 Louse","floor":2,"turns":1},{"damage":0,"enemies":"Jaw Worm","floor":3,"turns":3},{"damage":0,"enemies":"Blue Slaver","floor":4,"turns":4},{"damage":46,"enemies":"Gremlin Nob","floor":6,"turns":6},{"damage":24,"enemies":"3 Sentries","floor":10,"turns":7}],"seed_played":"-1297242535017362573","potions_obtained":[{"floor":1,"key":"AttackPotion"},{"floor":2,"key":"BlessingOfTheForge"},{"floor":6,"key":"LiquidBronze"}],"is_trial":false,"path_per_floor":["M","M","M","M","?","E","?","R","T","E"],"character_chosen":"THE_SILENT","items_purchased":[],"campfire_rested":0,"item_purchase_floors":[],"current_hp_per_floor":[69,69,69,69,69,23,23,23,23,0,0],"gold":106,"neow_bonus":"THREE_RARE_CARDS","is_daily":false,"chose_seed":false,"campfire_upgraded":0,"win_rate":0.0,"timestamp":1611936531,"path_taken":["M","M","?","M","?","E","?","R","T","E"],"items_purchased_type":[],"build_version":"2020-12-22","purchased_purges":0,"victory":false,"max_hp_per_floor":[70,70,70,70,70,70,70,70,70,70,70],"card_choices":[{"not_picked":["Malaise","Doppelganger"],"picked":"Bullet Time","floor":0},{"not_picked":["Outmaneuver","Dagger Spray"],"picked":"Eviscerate","floor":1},{"not_picked":["Expertise","Sucker Punch"],"picked":"Escape Plan","floor":2},{"not_picked":["Sucker Punch","Outmaneuver"],"picked":"Backflip","floor":3},{"not_picked":["Expertise","PiercingWail"],"picked":"Distraction","floor":4},{"not_picked":["Footwork","Leg Sweep"],"picked":"Prepared","floor":6}],"player_experience":433948,"relics_obtained":[{"floor":6,"key":"War Paint"}],"event_choices":[{"damage_healed":0,"gold_gain":0,"player_choice":"Grow","damage_taken":0,"max_hp_gain":0,"max_hp_loss":0,"event_name":"Living Wall","floor":5,"gold_loss":0,"cards_upgraded":["Eviscerate"]},{"damage_healed":0,"gold_gain":0,"player_choice":"Take Wound","damage_taken":0,"relics_obtained":["Golden Idol"],"max_hp_gain":0,"max_hp_loss":0,"event_name":"Golden Idol","floor":7,"gold_loss":0,"cards_obtained":["Injury"]}],"is_beta":false,"boss_relics":[],"items_purged_floors":[],"is_endless":false,"potions_floor_spawned":[1,2,6],"killed_by":"3 Sentries","ascension_level":5}}