{"host":"zrwwt1jjq0fpdjej","time":1611886040,"event":{"mods":["AchievementEnabler","BaseMod","Colored Map","Minty Spire (QoL Compilation)","StSLib","SuperFastMode"],"gold_per_floor":[118,218,231,249,10,10,38,38,38,50,50,50],"floor_reached":11,"language":"KOR","playtime":389,"items_purged":[],"score":99,"play_id":"ca4ba62f-2915-4482-8f96-5b232182cd0e","local_time":"20210129110720","is_ascension_mode":true,"campfire_choices":[{"data":"Eruption","floor":6,"key":"SMITH"},{"data":"Adaptation","floor":8,"key":"SMITH"}],"circlet_count":0,"master_deck":["Strike_P","Strike_P","Strike_P","Strike_P","Defend_P","Defend_P","Defend_P","Defend_P","Eruption+1","Vigilance","Adaptation+1","Consecrate","Fasting2","Halt"],"relics":["PureWater","Gremlin Horn","Ornamental Fan","The Courier"],"acts_visited":["Exordium"],"potions_floor_usage":[7],"damage_taken":[{"damage":1.0,"enemies":"Small Slimes","floor":1.0,"turns":3.0},{"damage":0,"enemies":"Cultist","floor":3,"turns":3},{"damage":10,"enemies":"2 Louse","floor":4,"turns":3},{"damage":29,"enemies":"Gremlin Nob","floor":7,"turns":4},{"damage":17,"enemies":"Gremlin Gang","floor":10,"turns":6},{"damage":0,"enemies":"3 Sentries","floor":11,"turns":1}],"seed_played":"2961817528888958175","potions_obtained":[{"floor":1.0,"key":"GamblersBrew"}],"is_trial":false,"path_per_floor":["M","?","M","M","$","R","E","R","T","M","E"],"character_chosen":"WATCHER","items_purchased":["Gremlin Horn"],"campfire_rested":0,"item_purchase_floors":[5],"current_hp_per_floor":[64,64,64,54,54,54,25,25,25,8,8,8],"gold":50,"neow_bonus":"THREE_CARDS","is_daily":false,"chose_seed":false,"campfire_upgraded":2,"win_rate":0.0,"timestamp":1611886040,"path_taken":["M","?","M","M","$","R","E","R","T","M","E"],"items_purchased_type":["Relic"],"build_version":"2020-12-22","purchased_purges":0,"victory":false,"max_hp_per_floor":[72,72,72,72,72,72,72,72,72,72,72,72],"card_choices":[{"not_picked":["Halt","Wallop"],"picked":"Adaptation","floor":0.0},{"not_picked":["Indignation","ThirdEye"],"picked":"Consecrate","floor":1.0},{"not_picked":["FlyingSleeves","Study","CutThroughFate"],"picked":"SKIP","floor":3},{"not_picked":["Halt","ThirdEye"],"picked":"Fasting2","floor":4},{"not_picked":["SignatureMove","FlyingSleeves"],"picked":"Halt","floor":7},{"not_picked":["Crescendo","Halt","Meditate"],"picked":"SKIP","floor":10}],"player_experience":220684,"relics_obtained":[{"floor":7,"key":"Ornamental Fan"},{"floor":9,"key":"The Courier"}],"event_choices":[{"damage_healed":0.0,"max_hp_gain":0.0,"max_hp_loss":0.0,"gold_gain":100.0,"event_name":"Wheel of Change","player_choice":"Gold","floor":2.0,"gold_loss":0.0,"damage_taken":0.0}],"is_beta":false,"boss_relics":[],"items_purged_floors":[],"is_endless":false,"potions_floor_spawned":[1],"killed_by":"3 Sentries","ascension_level":7}}