{"host":"6rv19vytt12upadi","time":1611927965,"event":{"mods":["Ascension Reborn","BaseMod","Better Third Choice","BetterRewards","Conspire","Custom Cards and Relics","Downfall","Hermit","Infinite Spire","Jorbs\u0027s Wanderer Trilogy","Minty Spire (QoL Compilation)","Replay The Spire","Shop Mod","StSLib","The Bladedancer","The Cursed","The Disciple","The Necromancer","The Runesmith","Wandering Minibosses"],"gold_per_floor":[112,112,124,135,158,158,158,158],"floor_reached":7,"language":"ENG","playtime":1076,"items_purged":["stsjorbsmod:Procrastination"],"score":41,"play_id":"2a550c92-359e-4275-a527-b7b208723e37","local_time":"20210129144605","is_ascension_mode":false,"campfire_choices":[{"data":"Eruption","floor":6,"key":"SMITH"}],"circlet_count":0,"master_deck":["Strike_P","Strike_P","Strike_P","Strike_P","Defend_P","Defend_P","Defend_P","Defend_P","Eruption+1","Vigilance","Consecrate","EmptyBody","Crescendo","Meditate"],"relics":["PureWater","ReplayTheSpireMod:CursedCoin","HornCleat","Bag of Marbles"],"acts_visited":["Exordium"],"potions_floor_usage":[],"damage_taken":[{"damage":6,"enemies":"Jaw Worm","floor":1,"turns":2},{"damage":0,"enemies":"Cultist","floor":3,"turns":3},{"damage":0,"enemies":"2 Louse","floor":4,"turns":2},{"damage":50,"enemies":"3 Sentries","floor":7,"turns":7}],"seed_played":"3494319128918541758","potions_obtained":[{"floor":3,"key":"bronze:BurnAndBuffPotion"},{"floor":4,"key":"DistilledChaos"}],"is_trial":false,"path_per_floor":["M","?","M","M","T","R","E"],"character_chosen":"WATCHER","items_purchased":["ReplayTheSpireMod:CursedCoin","Consecrate"],"campfire_rested":0,"item_purchase_floors":[0,0],"current_hp_per_floor":[66,66,66,66,66,66,16,16],"gold":158,"neow_bonus":"","is_daily":false,"chose_seed":false,"campfire_upgraded":1,"win_rate":0.0,"timestamp":1611927965,"path_taken":["M","?","M","?","?","R","E"],"items_purchased_type":["Relic","Card"],"build_version":"2020-12-22","purchased_purges":1,"victory":false,"max_hp_per_floor":[72,72,72,72,72,72,72,72],"card_choices":[{"not_picked":["Replay:ManipulateFuture","SashWhip"],"picked":"EmptyBody","floor":1},{"not_picked":["CarveReality","Perseverance"],"picked":"Crescendo","floor":3},{"not_picked":["Vengeance","ThirdEye"],"picked":"Meditate","floor":4}],"player_experience":227475,"relics_obtained":[{"floor":2,"key":"HornCleat"},{"floor":5,"key":"Bag of Marbles"}],"event_choices":[{"damage_healed":0,"gold_gain":0,"player_choice":"Relic","damage_taken":0,"max_hp_gain":0,"max_hp_loss":0,"event_name":"Wheel of Change","floor":2,"gold_loss":0}],"is_beta":false,"boss_relics":[],"items_purged_floors":[0],"is_endless":false,"potions_floor_spawned":[3,4],"killed_by":"3 Sentries","ascension_level":0}}