{"host":"hixkpep13ay54y5b","time":1611934201,"event":{"mods":["AchievementEnabler","BaseMod","BetterRewards","Colored Map","Hubris","Infinite Spire","Minty Spire (QoL Compilation)","Quick Restart","Replay The Spire","Shop Mod","StSLib","SuperFastMode"],"gold_per_floor":[116,131,231,242,242,272,347,359,359,359,372,372,372,387,387,387,387],"floor_reached":16,"language":"ENG","playtime":339,"items_purged":[],"score":102,"play_id":"99bb6975-ddb8-48ac-aaeb-45ac3a4f6ada","local_time":"20210129103001","is_ascension_mode":false,"campfire_choices":[{"data":"Defend_R","floor":10,"key":"SMITH"},{"data":"Defend_R","floor":12,"key":"SMITH"},{"data":"Defend_R","floor":15,"key":"SMITH"}],"circlet_count":0,"master_deck":["Strike_R","Strike_R","Strike_R","Strike_R","Strike_R","Defend_R+1","Defend_R+1","Defend_R+1","Defend_R+1","Bash","Thunderclap","Cleave","Reaper"],"relics":["Burning Blood","NeowsBlessing","Replay:Multitool","hubris:PeanutButter","Juzu Bracelet"],"acts_visited":["Exordium"],"potions_floor_usage":[6,16,16],"damage_taken":[{"damage":0,"enemies":"2 Louse","floor":1,"turns":1},{"damage":0,"enemies":"Cultist","floor":2,"turns":1},{"damage":0,"enemies":"Jaw Worm","floor":4,"turns":1},{"damage":43,"enemies":"Lagavulin","floor":6,"turns":9},{"damage":7,"enemies":"3 Louse","floor":8,"turns":3},{"damage":3,"enemies":"Blue Slaver","floor":11,"turns":6},{"damage":3,"enemies":"Looter","floor":14,"turns":4},{"damage":62,"enemies":"Fading Forest","floor":16,"turns":7}],"seed_played":"-2157565201446242138","potions_obtained":[{"floor":4,"key":"SpeedPotion"},{"floor":11,"key":"ColorlessPotion"},{"floor":14,"key":"SkillPotion"}],"is_trial":false,"path_per_floor":["M","M","?","M","?","E","?","M","T","R","M","R","?","M","R","B"],"character_chosen":"IRONCLAD","items_purchased":[],"campfire_rested":0,"item_purchase_floors":[],"current_hp_per_floor":[80,80,80,80,80,43,32,31,31,31,38,38,35,44,44,0,0],"gold":387,"neow_bonus":"THREE_ENEMY_KILL","is_daily":false,"chose_seed":false,"campfire_upgraded":3,"win_rate":0.0,"timestamp":1611934201,"path_taken":["M","M","?","?","?","E","?","M","T","R","M","R","?","M","R","BOSS"],"items_purchased_type":[],"build_version":"2020-12-22","purchased_purges":0,"victory":false,"max_hp_per_floor":[80,80,80,80,80,80,80,80,80,80,80,80,80,80,80,80,80],"card_choices":[{"not_picked":["Shrug It Off","Clothesline","Shockwave"],"picked":"SKIP","floor":1},{"not_picked":["Dark Embrace","Clothesline"],"picked":"Thunderclap","floor":2},{"not_picked":["Wild Strike","Anger"],"picked":"Cleave","floor":4},{"not_picked":["True Grit","infinitespire:OneForAll","Clothesline"],"picked":"SKIP","floor":6},{"not_picked":["Heavy Blade","Dark Embrace"],"picked":"Reaper","floor":8},{"not_picked":["Combust","Replay:Undeath\u0027s Touch","Uppercut"],"picked":"SKIP","floor":11},{"not_picked":["True Grit","Pommel Strike","Wild Strike"],"picked":"SKIP","floor":14}],"player_experience":157745,"relics_obtained":[{"floor":6,"key":"Replay:Multitool"},{"floor":9,"key":"hubris:PeanutButter"}],"event_choices":[{"damage_healed":0,"gold_gain":100,"player_choice":"Pray","damage_taken":0,"max_hp_gain":0,"max_hp_loss":0,"event_name":"Golden Shrine","floor":3,"gold_loss":0},{"damage_healed":0,"gold_gain":0,"player_choice":"Grow","damage_taken":0,"max_hp_gain":0,"max_hp_loss":0,"event_name":"Living Wall","floor":5,"gold_loss":0,"cards_upgraded":["Defend_R"]},{"damage_healed":0,"gold_gain":75,"player_choice":"Gather Gold","damage_taken":11,"max_hp_gain":0,"max_hp_loss":0,"event_name":"World of Goop","floor":7,"gold_loss":0},{"damage_healed":0,"gold_gain":0,"player_choice":"Success","damage_taken":3,"relics_obtained":["Juzu Bracelet"],"max_hp_gain":0,"max_hp_loss":0,"event_name":"Scrap Ooze","floor":13,"gold_loss":0}],"is_beta":false,"boss_relics":[],"items_purged_floors":[],"is_endless":false,"potions_floor_spawned":[4,11,14],"killed_by":"Fading Forest","ascension_level":0}}