{"host":"kvo7eymyd21g9abd","time":1611878666,"event":{"mods":["AchievementEnabler","BaseMod","Bestiary","Colored Map","Minty Spire (QoL Compilation)","StSLib"],"gold_per_floor":[111,128,142,142,156,156,156,186,260,275,26,40,40,71,71,71,71],"floor_reached":16,"language":"ENG","playtime":785,"items_purged":[],"score":158,"play_id":"249b07a1-c451-43c3-9d62-1a35833407f9","local_time":"20210128190426","is_ascension_mode":true,"campfire_choices":[{"floor":7,"key":"RECALL"},{"floor":15,"key":"REST"}],"circlet_count":0,"master_deck":["Strike_P","Strike_P","Strike_P","Defend_P","Defend_P","Defend_P+1","Defend_P","Eruption","Vigilance","Writhe","Prostrate","Prostrate","Evaluate+1","Regret","Prostrate","LessonLearned+1","Perseverance","EmptyBody","FlurryOfBlows+1","SpiritShield"],"relics":["PureWater","Du-Vu Doll","Thread and Needle","Blood Vial","StrikeDummy","Pantograph"],"acts_visited":["Exordium"],"potions_floor_usage":[10,12,14],"damage_taken":[{"damage":0,"enemies":"Small Slimes","floor":1,"turns":2},{"damage":0,"enemies":"Cultist","floor":2,"turns":2},{"damage":0,"enemies":"Jaw Worm","floor":3,"turns":3},{"damage":9,"enemies":"3 Louse","floor":5,"turns":3},{"damage":46,"enemies":"Lagavulin","floor":8,"turns":10},{"damage":12,"enemies":"Exordium Thugs","floor":10,"turns":5},{"damage":10,"enemies":"Lots of Slimes","floor":12,"turns":6},{"damage":2,"enemies":"Gremlin Nob","floor":14,"turns":3},{"damage":51,"enemies":"Slime Boss","floor":16,"turns":17}],"seed_played":"-2097269760653618146","potions_obtained":[{"floor":5,"key":"Fruit Juice"},{"floor":8,"key":"LiquidMemories"},{"floor":12,"key":"Ambrosia"},{"floor":14,"key":"BlessingOfTheForge"}],"is_trial":false,"path_per_floor":["M","M","M","?","M","?","R","E","T","M","$","M","?","E","R","B"],"character_chosen":"WATCHER","items_purchased":["StrikeDummy"],"campfire_rested":1,"item_purchase_floors":[11],"current_hp_per_floor":[72,72,72,72,63,63,63,17,17,7,7,4,1,1,24,0,0],"gold":71,"neow_bonus":"ONE_RARE_RELIC","is_daily":false,"chose_seed":false,"campfire_upgraded":0,"win_rate":0.0,"timestamp":1611878666,"path_taken":["M","M","M","?","M","?","R","E","T","?","$","M","?","E","R","BOSS"],"items_purchased_type":["Relic"],"build_version":"2020-12-22","purchased_purges":0,"victory":false,"max_hp_per_floor":[72,72,72,72,72,72,72,72,72,72,72,77,77,77,77,77,77],"card_choices":[{"not_picked":["CutThroughFate","FlyingSleeves"],"picked":"Prostrate","floor":1},{"not_picked":["BattleHymn","PathToVictory"],"picked":"Prostrate","floor":2},{"not_picked":["FlyingSleeves","Omniscience"],"picked":"Evaluate","floor":3},{"not_picked":["FollowUp","JustLucky"],"picked":"Prostrate","floor":5},{"not_picked":["TalkToTheHand","Consecrate"],"picked":"Perseverance","floor":8},{"not_picked":["MentalFortress","JustLucky"],"picked":"EmptyBody","floor":10},{"not_picked":["InnerPeace","SashWhip"],"picked":"FlurryOfBlows","floor":12},{"not_picked":["Meditate","Evaluate"],"picked":"SpiritShield","floor":14}],"player_experience":432568,"relics_obtained":[{"floor":8,"key":"Blood Vial"},{"floor":14,"key":"Pantograph"}],"event_choices":[{"damage_healed":0,"gold_gain":0,"player_choice":"Box","damage_taken":0,"relics_obtained":["Thread and Needle"],"max_hp_gain":0,"max_hp_loss":0,"event_name":"Big Fish","floor":4,"gold_loss":0,"cards_obtained":["Regret"]},{"damage_healed":0,"gold_gain":0,"cards_transformed":["Strike_P"],"player_choice":"Transformed","damage_taken":0,"max_hp_gain":0,"max_hp_loss":0,"event_name":"Transmorgrifier","floor":6,"gold_loss":0,"cards_obtained":["LessonLearned"]},{"damage_healed":0,"gold_gain":0,"player_choice":"Fled","damage_taken":3,"max_hp_gain":0,"max_hp_loss":0,"event_name":"Scrap Ooze","floor":13,"gold_loss":0}],"is_beta":false,"boss_relics":[],"items_purged_floors":[],"is_endless":false,"potions_floor_spawned":[5,8,12,14],"killed_by":"Slime Boss","ascension_level":3}}