{"host":"Ringo","time":1611941433,"event":{"mods":["BaseMod","Colored Map","Conspire","Dota2Spire","Hubris","Minty Spire (QoL Compilation)","Replay The Spire","StSLib","The Construct","[IsaacMod]ÒÔÈö¼âËþ","¡¾ÒÅÎï¿¨ÅÆ¡¿REMEMod"],"gold_per_floor":[118,130,142,158,169,203,236,266,266,295,328,360,385,414,414,486,536,547,180,198,198,213,248,274,304,331,361,361,392,392,419,419,496,496,516,466,485,157,169,199,251,278,305,334,348,377,94,124,124,124,124],"floor_reached":52,"language":"ZHS","playtime":1465,"items_purged":["REME_Scribble"],"score":3853,"play_id":"dc0447e9-252e-4c8c-87dc-703d3ecfea71","local_time":"20210130013033","daily_mods":["SealedDeck","Vintage","Colorless Cards","Heirloom","Time Dilation","Flight","DeadlyEvents","Elite Swarm","Lethality","Binary"],"is_ascension_mode":true,"campfire_choices":[{"data":"Armaments","floor":15.0,"key":"SMITH"},{"data":"Replay:Undeath\u0027s Touch","floor":28.0,"key":"SMITH"},{"data":"Iron Wave","floor":32.0,"key":"SMITH"},{"data":"REME_ACTH","floor":49,"key":"SMITH"}],"circlet_count":0,"master_deck":["AscendersBane","Thunderclap","Iron Wave+1","Shrug It Off","Anger","Sword Boomerang","Twin Strike","Shrug It Off","Thunderclap","Armaments+1","Feed+1","REME_Cut","ReplayTheSpireMod:Private Reserves","Sword Boomerang","Replay:Undeath\u0027s Touch+1","Flex","Master of Strategy","Master of Strategy","REME_ACTH+1"],"relics":["Burning Blood","Busted Crown","HushsDoor","REME_ComplimentaryCards","replay:Trail_Library","Pondfish Scales","Chaos","PreservedInsect","Runic Capacitor","conspire:InfiniteJournal","BelialBook","Smiling Mask","MagicMushroom","TheBean","Eternal Feather","PokeGo","Toy Ornithopter","D6","Ninja Scroll","construct:ClawGrip","Tiny House","SatanicBible","Incense Burner","Ice Cream","Dota2Spire:CrimsonGuard","AnarchistCookbook","Iron Hammer","Incubus","Inserter","ReplayTheSpireMod:Spearhead","Replay:WaspNest","Torii","ReplayTheSpireMod:Ninjato","Dota2Spire:PowerTreads","GuppysHead","GuppysPaw","Raider\u0027s Mask","Dota2Spire:BladeMail","Question Card","Void","Chemical X","TheBible","hubris:SoftwareUpdate","Replay:Bottled Flurry","Chameleon Ring","Orrery","conspire:SpecialSausage","Thread and Needle","Garlic","SalivaCoin","Replay:Bottled Steam","EdensBlessing","BookOfRevelations","Dota2Spire:LinkenSphere","MomsKnife","Emotion Chip"],"acts_visited":["Exordium","TheCity","TheBeyond"],"potions_floor_usage":[51,51],"damage_taken":[{"damage":2.0,"enemies":"Cultist","floor":1.0,"turns":2.0},{"damage":2.0,"enemies":"Small Slimes","floor":2.0,"turns":2.0},{"damage":2.0,"enemies":"2 Louse","floor":3.0,"turns":1.0},{"damage":3.0,"enemies":"Exordium Thugs","floor":4.0,"turns":2.0},{"damage":2.0,"enemies":"3 Louse","floor":5.0,"turns":2.0},{"damage":3.0,"enemies":"3 Sentries","floor":6.0,"turns":2.0},{"damage":0.0,"enemies":"Lagavulin","floor":7.0,"turns":2.0},{"damage":2.0,"enemies":"3 Sentries","floor":8.0,"turns":3.0},{"damage":5.0,"enemies":"Lagavulin","floor":10.0,"turns":4.0},{"damage":2.0,"enemies":"Gremlin Nob","floor":11.0,"turns":2.0},{"damage":2.0,"enemies":"Lagavulin","floor":12.0,"turns":2.0},{"damage":2.0,"enemies":"Gremlin Nob","floor":13.0,"turns":2.0},{"damage":2.0,"enemies":"3 Sentries","floor":14.0,"turns":2.0},{"damage":0.0,"enemies":"Slime Boss","floor":16.0,"turns":1.0},{"damage":0.0,"enemies":"Chosen","floor":18.0,"turns":1.0},{"damage":2.0,"enemies":"3 Byrds","floor":20.0,"turns":1.0},{"damage":0.0,"enemies":"Centurion and Healer","floor":22.0,"turns":2.0},{"damage":0.0,"enemies":"Book of Stabbing","floor":23.0,"turns":2.0},{"damage":0.0,"enemies":"Gremlin Leader","floor":24.0,"turns":1.0},{"damage":0.0,"enemies":"REME_1_Revenger","floor":25.0,"turns":2.0},{"damage":0.0,"enemies":"Gremlin Leader","floor":27.0,"turns":1.0},{"damage":0.0,"enemies":"Book of Stabbing","floor":29.0,"turns":1.0},{"damage":0.0,"enemies":"Slavers","floor":31.0,"turns":1.0},{"damage":0.0,"enemies":"Champ","floor":33.0,"turns":1.0},{"damage":0.0,"enemies":"3 Shapes","floor":35.0,"turns":1.0},{"damage":0.0,"enemies":"3 Darklings","floor":37.0,"turns":1.0},{"damage":0.0,"enemies":"Sphere and 2 Shapes","floor":39.0,"turns":1.0},{"damage":0.0,"enemies":"R_Hoarder","floor":40.0,"turns":1.0},{"damage":0.0,"enemies":"Giant Head","floor":41.0,"turns":2.0},{"damage":0,"enemies":"Nemesis","floor":42,"turns":1},{"damage":0,"enemies":"R_Hoarder","floor":44,"turns":1},{"damage":0,"enemies":"Jaw Worm Horde","floor":45,"turns":1},{"damage":0,"enemies":"Reptomancer","floor":46,"turns":1},{"damage":0,"enemies":"R_Hoarder","floor":48,"turns":1},{"damage":0,"enemies":"hubris:GrandSnecko","floor":50,"turns":1},{"damage":0,"enemies":"Awakened One","floor":51,"turns":2}],"seed_played":"-4007766234312685511","potions_obtained":[{"floor":2.0,"key":"LiquidMemories"},{"floor":4.0,"key":"Block Potion"},{"floor":6.0,"key":"construct:ShiftPotion"},{"floor":7.0,"key":"Death Potion"},{"floor":46,"key":"LiquidMemories"}],"is_trial":true,"path_per_floor":["M","M","M","M","M","E","E","E","T","E","E","E","E","E","R","B",null,"M","$","M","$","M","E","E","E","T","E","R","E","T","E","R","B",null,"M","$","M","$","M","E","E","E","T","E","M","E","$","E","R","B","B",null],"character_chosen":"IRONCLAD","items_purchased":["SatanicBible","ReplayTheSpireMod:Private Reserves","Ice Cream","Sword Boomerang","GuppysHead","GuppysPaw","Void","Dota2Spire:LinkenSphere"],"campfire_rested":0,"item_purchase_floors":[17,17,19,19,34,34,38,47],"current_hp_per_floor":[77,85,90,96,101,114,117,122,122,128,133,138,143,148,148,151,144,148,148,150,150,152,154,158,160,160,160,160,160,160,163,163,163,143,143,143,143,143,143,147,147,147,147,152,152,156,156,156,156,161,165],"gold":124,"neow_bonus":"","is_daily":false,"chose_seed":false,"campfire_upgraded":4,"win_rate":0.0,"timestamp":1611941433,"path_taken":["M","M","M","M","M","E","E","E","T","E","E","E","E","E","R","BOSS","M","$","M","$","M","E","E","E","T","E","R","E","?","E","R","BOSS","M","$","M","$","M","E","E","E","T","E","M","E","$","E","R","BOSS","BOSS"],"items_purchased_type":["Relic","Card","Relic","Card","Relic","Relic","Card","Relic"],"build_version":"2020-12-18","purchased_purges":1,"victory":true,"max_hp_per_floor":[80,85,90,96,101,114,117,122,122,128,133,138,143,148,148,151,144,148,148,150,150,152,154,158,160,160,160,160,160,160,163,163,163,143,143,143,143,143,143,147,147,147,147,152,152,156,156,156,156,161,165],"card_choices":[{"not_picked":["Bludgeon"],"picked":"SKIP","floor":40.0},{"not_picked":[],"picked":"Master of Strategy","floor":41},{"not_picked":["REME_BuildACard"],"picked":"SKIP","floor":41},{"not_picked":["Violence"],"picked":"SKIP","floor":41},{"not_picked":["HandOfGreed"],"picked":"SKIP","floor":41},{"not_picked":["conspire:HitWhereItHurts"],"picked":"SKIP","floor":44},{"not_picked":[],"picked":"Master of Strategy","floor":46},{"not_picked":[],"picked":"REME_ACTH","floor":48}],"player_experience":588599,"relics_obtained":[{"floor":1.0,"key":"PreservedInsect"},{"floor":2.0,"key":"Runic Capacitor"},{"floor":3.0,"key":"conspire:InfiniteJournal"},{"floor":4.0,"key":"BelialBook"},{"floor":5.0,"key":"Smiling Mask"},{"floor":6.0,"key":"MagicMushroom"},{"floor":7.0,"key":"TheBean"},{"floor":8.0,"key":"Eternal Feather"},{"floor":9.0,"key":"PokeGo"},{"floor":10.0,"key":"Toy Ornithopter"},{"floor":11.0,"key":"D6"},{"floor":12.0,"key":"Ninja Scroll"},{"floor":14.0,"key":"construct:ClawGrip"},{"floor":18.0,"key":"Incense Burner"},{"floor":22.0,"key":"Dota2Spire:CrimsonGuard"},{"floor":23.0,"key":"Ooze Armor"},{"floor":24.0,"key":"AnarchistCookbook"},{"floor":25.0,"key":"Iron Hammer"},{"floor":26.0,"key":"Incubus"},{"floor":27.0,"key":"Damocles"},{"floor":29.0,"key":"Inserter"},{"floor":29.0,"key":"ReplayTheSpireMod:Spearhead"},{"floor":30.0,"key":"Replay:WaspNest"},{"floor":31.0,"key":"Torii"},{"floor":31.0,"key":"ReplayTheSpireMod:Ninjato"},{"floor":35.0,"key":"Raider\u0027s Mask"},{"floor":35.0,"key":"Dota2Spire:BladeMail"},{"floor":37.0,"key":"Question Card"},{"floor":37.0,"key":"Snecko Scales"},{"floor":39.0,"key":"Chemical X"},{"floor":39.0,"key":"TheBible"},{"floor":40.0,"key":"hubris:SoftwareUpdate"},{"floor":40.0,"key":"Replay:Bottled Flurry"},{"floor":41,"key":"Chameleon Ring"},{"floor":41,"key":"Orrery"},{"floor":42,"key":"conspire:SpecialSausage"},{"floor":43,"key":"Thread and Needle"},{"floor":44,"key":"Garlic"},{"floor":44,"key":"SalivaCoin"},{"floor":45,"key":"Replay:Bottled Steam"},{"floor":46,"key":"EdensBlessing"},{"floor":46,"key":"BookOfRevelations"},{"floor":48,"key":"MomsKnife"},{"floor":48,"key":"Emotion Chip"}],"event_choices":[],"is_beta":true,"boss_relics":[{"not_picked":["ReplayTheSpireMod:TigerMarble","hubris:ChampionShield"],"picked":"Tiny House"},{"not_picked":[]},{"not_picked":["construct:FoamFinger","Bottled Tornado"],"picked":"Dota2Spire:PowerTreads"},{"not_picked":[]}],"items_purged_floors":[36],"is_endless":false,"potions_floor_spawned":[2,4,6,7,8,11,13,24,27,29,33,39,40,41,44,46,48],"ascension_level":20}}