{"host":"75zx7uhsgygk98v8","time":1611964117,"event":{"mods":["BaseMod","Colored Map","Colored Powertips","Downfall","Googly Eyes","Highlight Path","Minty Spire (QoL Compilation)","StSLib"],"gold_per_floor":[99,118,131,131,65,93,140,160,60,89,89,103,128,146,161,262,262,62,79,79,94,7,39,39,39,24,38,38,138,138,163,175,270,270,270,283,283,283,303,334,361,361,380,380,380,413,413,436,447,447,447,447],"floor_reached":50,"language":"ENG","playtime":5772,"items_purged":[],"score":637,"play_id":"910ee737-30bb-42e0-8187-f8c7a92cf297","local_time":"20210129174837","is_ascension_mode":true,"campfire_choices":[{"data":"Guardian:CompilePackage","floor":1.0,"key":"SMITH"},{"floor":9.0,"key":"RECALL"},{"data":"Guardian:TwinSlam","floor":11.0,"key":"SMITH"},{"data":"Guardian:BaubleBeam","floor":18.0,"key":"SMITH"},{"data":"Guardian:TimeCapacitor","floor":25.0,"key":"SMITH"},{"data":"Guardian:FuturePlans","floor":30.0,"key":"SMITH"},{"data":"Guardian:StasisStrike","floor":35.0,"key":"SMITH"},{"data":"Guardian:FastForward","floor":44.0,"key":"SMITH"},{"data":"Guardian:Planning","floor":47,"key":"SMITH"}],"circlet_count":0,"master_deck":["Guardian:Strike_Guardian","Guardian:Strike_Guardian","Guardian:Defend_Guardian","Guardian:Defend_Guardian","Guardian:Defend_Guardian","Guardian:CurlUp","Guardian:TwinSlam+1","Guardian:CompilePackage+1","Guardian:PiercingHide","Guardian:Planning+1","Guardian:TemporalStrike","Guardian:ChargeUp","Guardian:PolyBeam","Guardian:EvasiveProtocol","Guardian:AncientConstruct","Guardian:FloatingOrbs","Guardian:BaubleBeam+1","Guardian:BronzeOrb","Guardian:Clone+1","Guardian:Repulse+1","Guardian:TimeCapacitor+1","Guardian:FuturePlans+1","Guardian:FastForward+1","Guardian:Reroute","Guardian:TemporalShield","Guardian:StasisStrike+1","downfall:Aged","Guardian:Incinerate+1","Guardian:EvasiveProtocol","Guardian:Gem_Orange","Guardian:Gem_Yellow","Guardian:ShieldCharger"],"relics":["Guardian:ModeShifterPlus","CaptainsWheel","downfall:HeartBlessingGreen","Anchor","Ginger","Philosopher\u0027s Stone","downfall:HeartBlessingRed","downfall:HeartBlessingBlue","Slimebound:PreparedRelic","Juzu Bracelet","hexamod:CandleOfCauterizing","Guardian:StasisEgg","Bottled Flame","Guardian:PickAxe","Kunai","Centennial Puzzle"],"acts_visited":["Exordium","TheCity","TheBeyond"],"potions_floor_usage":[50],"damage_taken":[{"damage":5.0,"enemies":"2 Louse","floor":2.0,"turns":2.0},{"damage":1.0,"enemies":"Small Slimes","floor":3.0,"turns":3.0},{"damage":0.0,"enemies":"downfall:FleeingMerchant","floor":5.0,"turns":4.0},{"damage":0.0,"enemies":"3 Sentries","floor":6.0,"turns":2.0},{"damage":0.0,"enemies":"Jaw Worm","floor":8.0,"turns":3.0},{"damage":16.0,"enemies":"Gremlin Nob","floor":10.0,"turns":5.0},{"damage":0.0,"enemies":"3 Louse","floor":12.0,"turns":4.0},{"damage":1.0,"enemies":"Lagavulin","floor":13.0,"turns":9.0},{"damage":3.0,"enemies":"Red Slaver","floor":14.0,"turns":4.0},{"damage":2.0,"enemies":"Large Slime","floor":15.0,"turns":4.0},{"damage":32.0,"enemies":"WA_ARCHETYPE_RETAIN","floor":16.0,"turns":9.0},{"damage":0.0,"enemies":"Shell Parasite","floor":19.0,"turns":4.0},{"damage":10.0,"enemies":"Snecko","floor":21.0,"turns":6.0},{"damage":0.0,"enemies":"downfall:FleeingMerchant","floor":22.0,"turns":4.0},{"damage":1.0,"enemies":"Gremlin Leader","floor":23.0,"turns":8.0},{"damage":0.0,"enemies":"downfall:FleeingMerchant","floor":26.0,"turns":4.0},{"damage":6.0,"enemies":"Snake Plant","floor":27.0,"turns":4.0},{"damage":10.0,"enemies":"Slavers","floor":31.0,"turns":4.0},{"damage":7.0,"enemies":"3 Cultists","floor":32.0,"turns":5.0},{"damage":9.0,"enemies":"SI_MIRROR_ARCHETYPE","floor":33.0,"turns":8.0},{"damage":0.0,"enemies":"3 Darklings","floor":36.0,"turns":5.0},{"damage":0.0,"enemies":"Orb Walker","floor":39.0,"turns":4.0},{"damage":18.0,"enemies":"Nemesis","floor":40.0,"turns":7.0},{"damage":0.0,"enemies":"Spire Growth","floor":43.0,"turns":5.0},{"damage":36,"enemies":"Giant Head","floor":46,"turns":9},{"damage":2,"enemies":"Transient","floor":49,"turns":5},{"damage":80,"enemies":"IC_BLOCK_ARCHETYPE","floor":50,"turns":4}],"seed_played":"2118113282200617338","potions_obtained":[{"floor":2.0,"key":"SkillPotion"},{"floor":8.0,"key":"SmokeBomb"},{"floor":12.0,"key":"Guardian:DefensiveModePotion"},{"floor":21.0,"key":"GamblersBrew"},{"floor":23.0,"key":"Explosive Potion"},{"floor":27.0,"key":"FearPotion"},{"floor":31.0,"key":"Fruit Juice"},{"floor":39.0,"key":"Explosive Potion"},{"floor":40.0,"key":"Dexterity Potion"},{"floor":43.0,"key":"Regen Potion"}],"is_trial":false,"path_per_floor":["R","M","M","?","$","E","T","M","R","E","R","M","E","M","M","B",null,"R","M","?","M","$","E","T","R","$","M","?","?","R","E","M","B",null,"R","M","?","?","M","E","T","R","M","R","?","E","R","T","M","B"],"character_chosen":"GUARDIAN","items_purchased":["Guardian:Gem_Lightblue","Guardian:TimeCapacitor"],"campfire_rested":0,"item_purchase_floors":[5,22],"current_hp_per_floor":[80,75,74,74,74,74,74,74,74,58,58,58,57,54,52,20,80,90,90,90,80,80,79,79,79,79,73,73,73,73,68,61,52,95,95,95,95,95,95,77,77,77,77,77,77,41,41,41,39,0,0,0],"gold":447,"neow_bonus":"ONE_RANDOM_RARE_CARD","is_daily":false,"chose_seed":false,"campfire_upgraded":8,"win_rate":0.0,"timestamp":1611964117,"path_taken":["R","M","M","?","$","E","T","M","R","E","R","M","E","M","M","BOSS","R","M","?","M","$","E","T","R","?","M","?","?","R","E","M","BOSS","R","M","?","?","M","E","T","R","M","R","?","E","R","?","M","BOSS"],"items_purchased_type":["Card","Card"],"build_version":"2020-12-22","purchased_purges":0,"victory":false,"max_hp_per_floor":[80,80,80,80,80,80,80,80,80,80,80,80,80,80,80,80,80,90,90,90,90,90,90,90,90,90,90,90,90,90,95,95,95,95,95,95,95,95,95,95,95,95,95,95,95,95,95,95,95,95,95,95],"card_choices":[{"not_picked":["Guardian:RollAttack","Guardian:Gem_Green"],"picked":"Guardian:PiercingHide","floor":2.0},{"not_picked":["Guardian:Gem_Red","Guardian:Repulse"],"picked":"Guardian:Planning","floor":3.0},{"not_picked":["Guardian:Planning","Guardian:PrimingBeam"],"picked":"Guardian:TemporalStrike","floor":5.0},{"not_picked":["Guardian:ShieldCharger","Guardian:Gem_Red"],"picked":"Guardian:ChargeUp","floor":6.0},{"not_picked":["Guardian:PrimingBeam","Guardian:Incinerate"],"picked":"Guardian:PolyBeam","floor":8.0},{"not_picked":["Guardian:Planning","Guardian:ChargeCore","Guardian:WalkerClaw"],"picked":"SKIP","floor":10.0},{"not_picked":["Guardian:Incinerate","Guardian:TemporalStrike"],"picked":"Guardian:EvasiveProtocol","floor":12.0},{"not_picked":["Guardian:CrystalBeam","Guardian:RollAttack"],"picked":"Guardian:AncientConstruct","floor":13.0},{"not_picked":["Guardian:Incinerate","Guardian:BronzeArmor"],"picked":"Guardian:Gem_Purple","floor":14.0},{"not_picked":["Guardian:Reroute","Guardian:TemporalShield"],"picked":"Guardian:FloatingOrbs","floor":15.0},{"not_picked":["Guardian:RevengeProtocol","Guardian:GatlingBeam"],"picked":"Guardian:BaubleBeam","floor":16.0},{"not_picked":["Guardian:CrystalBeam","Guardian:RollAttack"],"picked":"Guardian:BronzeOrb","floor":19.0},{"not_picked":["Guardian:Orbwalk","Guardian:PiercingHide"],"picked":"Guardian:Clone+1","floor":21.0},{"not_picked":["Guardian:CrystalBeam","Guardian:Gem_Fragmented"],"picked":"Guardian:Repulse+1","floor":22.0},{"not_picked":["Guardian:ChargeCore+1","Guardian:Gem_Green"],"picked":"Guardian:FuturePlans","floor":23.0},{"not_picked":["Guardian:Incinerate","Guardian:BronzeArmor"],"picked":"Guardian:FastForward","floor":26.0},{"not_picked":["Guardian:CrystalBeam+1","Guardian:Suspension+1"],"picked":"Guardian:Gem_Lightblue","floor":27.0},{"not_picked":["Guardian:Emergency+1","Guardian:Repulse"],"picked":"Guardian:Reroute","floor":31.0},{"not_picked":["Guardian:VentSteam+1","Guardian:PrimingBeam"],"picked":"Guardian:TemporalShield","floor":32.0},{"not_picked":["Guardian:FastForward","Guardian:ConstructionForm"],"picked":"Guardian:StasisStrike","floor":33.0},{"not_picked":["Guardian:Repulse+1","Guardian:TemporalShield"],"picked":"Guardian:Gem_Lightblue","floor":36.0},{"not_picked":["Guardian:CrystalBeam","Guardian:PrismaticBeam"],"picked":"Guardian:Incinerate+1","floor":39.0},{"not_picked":["Guardian:Gem_Yellow","Guardian:Gem_Blue"],"picked":"Guardian:Gem_Crimson","floor":40.0},{"not_picked":["Guardian:Recover","Guardian:PiercingHide"],"picked":"Guardian:EvasiveProtocol","floor":43.0},{"not_picked":["Guardian:Planning","Guardian:PrismaticBarrier"],"picked":"Guardian:Gem_Yellow","floor":46},{"not_picked":["Guardian:Gem_Red","Guardian:DecasProtection+1"],"picked":"Guardian:ShieldCharger","floor":49}],"player_experience":1270399,"relics_obtained":[{"floor":6.0,"key":"CaptainsWheel"},{"floor":10.0,"key":"Anchor"},{"floor":13.0,"key":"Ginger"},{"floor":23.0,"key":"Slimebound:PreparedRelic"},{"floor":24.0,"key":"Juzu Bracelet"},{"floor":31.0,"key":"hexamod:CandleOfCauterizing"},{"floor":40.0,"key":"Bottled Flame"},{"floor":41.0,"key":"Guardian:PickAxe"},{"floor":46,"key":"Kunai"},{"floor":48,"key":"Centennial Puzzle"}],"event_choices":[{"damage_healed":0.0,"max_hp_gain":0.0,"max_hp_loss":0.0,"gold_gain":0.0,"event_name":"Ghosts","player_choice":"Ignored","floor":20.0,"gold_loss":0.0,"damage_taken":0.0},{"damage_healed":0.0,"max_hp_gain":0.0,"max_hp_loss":0.0,"gold_gain":0.0,"event_name":"The Library","player_choice":"Read","floor":28.0,"gold_loss":0.0,"damage_taken":0.0,"cards_obtained":["Guardian:Gem_White"]}],"is_beta":false,"boss_relics":[{"not_picked":["SacredBark","Velvet Choker"],"picked":"Philosopher\u0027s Stone"},{"not_picked":["Pandora\u0027s Box","Fusion Hammer"],"picked":"Guardian:ModeShifterPlus"}],"items_purged_floors":[],"is_endless":false,"potions_floor_spawned":[2,8,12,21,23,27,31,39,40,43,46],"killed_by":"IC_BLOCK_ARCHETYPE","ascension_level":1}}