{"host":"8is2j71l4wmybkoi","time":1611916108,"event":{"mods":["AchievementEnabler","BaseMod","Colored Map","Minty Spire (QoL Compilation)","Rare Cards Sparkle","StSLib","SuperFastMode"],"gold_per_floor":[118,193,209,209,222,222,251,270,293,74,89,120,133,184,184,263,263,280,34,34,50,50,50,66,66,89,89,109,120,120,120,120],"floor_reached":31,"language":"KOR","playtime":1077,"items_purged":["Strike_B","Strike_B"],"score":476,"play_id":"73687d89-4110-455d-8a3d-6466f8423cbf","local_time":"20210129192828","is_ascension_mode":true,"campfire_choices":[{"data":"Zap","floor":6,"key":"SMITH"},{"floor":15,"key":"REST"},{"floor":23,"key":"REST"},{"data":"Buffer","floor":25,"key":"SMITH"},{"data":"Consume","floor":27,"key":"SMITH"},{"floor":30,"key":"REST"}],"circlet_count":0,"master_deck":["AscendersBane","Strike_B","Strike_B","Defend_B","Defend_B","Defend_B","Defend_B","Zap+1","Dualcast","Turbo","Conserve Battery","Hologram","Buffer+1","Ball Lightning+1","Capacitor","White Noise","Cold Snap","Meteor Strike+1","Consume+1","Heatsinks","Heatsinks+1"],"relics":["FrozenCore","Regal Pillow","Anchor","Strawberry","Happy Flower","Whetstone","Lantern"],"acts_visited":["Exordium","TheCity"],"potions_floor_usage":[7,12,12,18,21,29,31],"damage_taken":[{"damage":5,"enemies":"Small Slimes","floor":1,"turns":4},{"damage":7,"enemies":"Jaw Worm","floor":3,"turns":4},{"damage":7,"enemies":"2 Louse","floor":5,"turns":2},{"damage":15,"enemies":"3 Sentries","floor":7,"turns":7},{"damage":1,"enemies":"Blue Slaver","floor":8,"turns":4},{"damage":0,"enemies":"Exordium Thugs","floor":11,"turns":4},{"damage":0,"enemies":"Gremlin Nob","floor":12,"turns":3},{"damage":7,"enemies":"Gremlin Gang","floor":13,"turns":5},{"damage":48,"enemies":"Slime Boss","floor":16,"turns":12},{"damage":0,"enemies":"Spheric Guardian","floor":18,"turns":5},{"damage":38,"enemies":"2 Thieves","floor":21,"turns":5},{"damage":28,"enemies":"Snake Plant","floor":24,"turns":6},{"damage":0,"enemies":"Shelled Parasite and Fungi","floor":28,"turns":8},{"damage":2,"enemies":"Centurion and Healer","floor":29,"turns":9},{"damage":44,"enemies":"Gremlin Leader","floor":31,"turns":9}],"seed_played":"298487720753613933","potions_obtained":[{"floor":3,"key":"FearPotion"},{"floor":5,"key":"PowerPotion"},{"floor":8,"key":"Explosive Potion"},{"floor":12,"key":"Swift Potion"},{"floor":18,"key":"Swift Potion"},{"floor":21,"key":"Strength Potion"},{"floor":28,"key":"Ancient Potion"}],"is_trial":false,"path_per_floor":["M","?","M","?","M","R","E","M","T","$","M","E","M","T","R","B",null,"M","$","?","M","?","R","M","R","T","R","M","M","R","E"],"character_chosen":"DEFECT","items_purchased":["Strawberry","Whetstone"],"campfire_rested":3,"item_purchase_floors":[10,19],"current_hp_per_floor":[66,55,48,48,41,41,26,25,25,32,32,32,25,25,65,17,68,68,68,68,30,18,58,30,30,30,30,30,28,68,24,24],"gold":120,"neow_bonus":"TEN_PERCENT_HP_BONUS","is_daily":false,"chose_seed":false,"campfire_upgraded":3,"win_rate":0.0,"timestamp":1611916108,"path_taken":["M","?","M","?","M","R","E","M","T","$","M","E","M","?","R","BOSS","M","$","?","M","?","R","?","R","T","R","M","?","R","E"],"items_purchased_type":["Relic","Relic"],"build_version":"2020-12-22","purchased_purges":2,"victory":false,"max_hp_per_floor":[78,78,78,78,78,78,78,78,78,85,85,85,85,85,85,85,85,85,85,85,85,85,85,85,85,85,85,85,85,85,85,85],"card_choices":[{"not_picked":["Force Field","Static Discharge"],"picked":"Turbo","floor":1},{"not_picked":["Barrage","Doom and Gloom"],"picked":"Conserve Battery","floor":3},{"not_picked":["Go for the Eyes","Double Energy"],"picked":"Hologram","floor":5},{"not_picked":["Redo","Stack"],"picked":"Buffer","floor":7},{"not_picked":["Force Field","White Noise"],"picked":"Ball Lightning","floor":8},{"not_picked":["Gash","Steam"],"picked":"Capacitor","floor":11},{"not_picked":["Barrage","Aggregate"],"picked":"White Noise","floor":12},{"not_picked":["Ball Lightning","Leap"],"picked":"Cold Snap","floor":13},{"not_picked":["Buffer","Core Surge"],"picked":"Meteor Strike","floor":16},{"not_picked":["Stack","Hologram+1"],"picked":"Consume","floor":18},{"not_picked":["Doom and Gloom","Turbo"],"picked":"Heatsinks","floor":21},{"not_picked":["Doom and Gloom","Reprogram","Compile Driver"],"picked":"SKIP","floor":24},{"not_picked":["Rebound","Conserve Battery","Streamline"],"picked":"SKIP","floor":28},{"not_picked":["Darkness","Steam Power"],"picked":"Heatsinks+1","floor":29}],"player_experience":831669,"relics_obtained":[{"floor":7,"key":"Regal Pillow"},{"floor":9,"key":"Anchor"},{"floor":12,"key":"Happy Flower"},{"floor":26,"key":"Lantern"}],"event_choices":[{"damage_healed":0,"gold_gain":75,"player_choice":"Gather Gold","damage_taken":11,"max_hp_gain":0,"max_hp_loss":0,"event_name":"World of Goop","floor":2,"gold_loss":0},{"damage_healed":0,"gold_gain":0,"player_choice":"Ignored","damage_taken":0,"max_hp_gain":0,"max_hp_loss":0,"event_name":"Liars Game","floor":4,"gold_loss":0},{"damage_healed":0,"gold_gain":0,"player_choice":"Damaged","damage_taken":12,"max_hp_gain":0,"max_hp_loss":0,"event_name":"Wheel of Change","floor":22,"gold_loss":0}],"is_beta":false,"boss_relics":[{"not_picked":["Coffee Dripper","Cursed Key"],"picked":"FrozenCore"}],"items_purged_floors":[10,19],"is_endless":false,"potions_floor_spawned":[3,5,8,12,18,21,28],"killed_by":"Gremlin Leader","ascension_level":15}}