{"host":"nwd160me4iqdtr8u","time":1611896513,"event":{"mods":["AchievementEnabler","Act Like it!","BaseMod","Colored Map","DeckTracker","Minty Spire (QoL Compilation)","Quick Restart","Rare Cards Sparkle","StSLib","SuperFastMode","everything is the same but u backflip on backflip"],"gold_per_floor":[118,69,69,79,94,121,141,141,141,157,186,203,57,68,68,170,170,189,104,84,94,108,108,126,126,126,126,51,67,83,83,83,187,187,202,212,212,222,122,122,151,151,223,223,240,258,84,103,103,103,103,103,28,53,53,53],"floor_reached":55,"language":"KOR","playtime":2905,"items_purged":["Clothesline","Entrench+1"],"score":663,"play_id":"dd143cbd-9a5b-484e-b395-cc02b4e12488","local_time":"20210129140153","is_ascension_mode":false,"campfire_choices":[{"data":"Battle Trance","floor":8.0,"key":"SMITH"},{"data":"Flame Barrier","floor":15.0,"key":"SMITH"},{"data":"Immolate","floor":23.0,"key":"SMITH"},{"data":"Fire Breathing","floor":25.0,"key":"SMITH"},{"data":"Rupture","floor":27.0,"key":"SMITH"},{"data":"Fiend Fire","floor":32.0,"key":"SMITH"},{"floor":40.0,"key":"RECALL"},{"data":"Reckless Charge","floor":44.0,"key":"SMITH"},{"floor":49.0,"key":"REST"},{"data":"Shrug It Off","floor":52.0,"key":"SMITH"}],"circlet_count":0,"master_deck":["Bash+1","Immolate+1","Flame Barrier+1","Shrug It Off+1","Battle Trance+1","Fire Breathing+1","Wild Strike","True Grit+1","Spot Weakness+1","Warcry+1","Offering+1","Impervious+1","Impervious+1","Wild Strike+1","Intimidate+1","Rupture+1","Reckless Charge+1","Offering+1","Twin Strike","Flex+1","Thunderclap+1","Blood for Blood+1","Seeing Red+1","Shrug It Off+1","Fiend Fire+1","Dark Embrace","Finesse+1","Disarm+1"],"relics":["Burning Blood","Art of War","Pear","Toxic Egg 2","Nunchaku","Pandora\u0027s Box","Pocketwatch","Bottled Tornado","Busted Crown","Ornamental Fan","Whetstone"],"acts_visited":["Exordium","TheCity","TheBeyond","TheEnding"],"potions_floor_usage":[55],"damage_taken":[{"damage":6.0,"enemies":"Jaw Worm","floor":1.0,"turns":3.0},{"damage":0.0,"enemies":"Cultist","floor":4.0,"turns":3.0},{"damage":0.0,"enemies":"2 Louse","floor":5.0,"turns":2.0},{"damage":20.0,"enemies":"Gremlin Nob","floor":6.0,"turns":5.0},{"damage":13.0,"enemies":"Exordium Thugs","floor":7.0,"turns":3.0},{"damage":8.0,"enemies":"Red Slaver","floor":10.0,"turns":2.0},{"damage":22.0,"enemies":"Lagavulin","floor":11.0,"turns":7.0},{"damage":7.0,"enemies":"3 Louse","floor":12.0,"turns":3.0},{"damage":0.0,"enemies":"2 Fungi Beasts","floor":14.0,"turns":2.0},{"damage":38.0,"enemies":"The Guardian","floor":16.0,"turns":11.0},{"damage":16.0,"enemies":"2 Thieves","floor":18.0,"turns":2.0},{"damage":6.0,"enemies":"3 Byrds","floor":21.0,"turns":3.0},{"damage":6.0,"enemies":"Snecko","floor":22.0,"turns":4.0},{"damage":12.0,"enemies":"Snake Plant","floor":24.0,"turns":3.0},{"damage":12.0,"enemies":"Sentry and Sphere","floor":29.0,"turns":1.0},{"damage":6.0,"enemies":"Centurion and Healer","floor":30.0,"turns":2.0},{"damage":32.0,"enemies":"Champ","floor":33.0,"turns":6.0},{"damage":12.0,"enemies":"3 Shapes","floor":35.0,"turns":3.0},{"damage":12.0,"enemies":"Orb Walker","floor":36.0,"turns":2.0},{"damage":9.0,"enemies":"Writhing Mass","floor":38.0,"turns":2.0},{"damage":24.0,"enemies":"Giant Head","floor":41.0,"turns":6.0},{"damage":6.0,"enemies":"Spire Growth","floor":45.0,"turns":2.0},{"damage":6.0,"enemies":"Jaw Worm Horde","floor":46.0,"turns":4.0},{"damage":6.0,"enemies":"Transient","floor":48.0,"turns":5.0},{"damage":51.0,"enemies":"Time Eater","floor":50.0,"turns":8.0},{"damage":25.0,"enemies":"Shield and Spear","floor":54.0,"turns":4.0},{"damage":73,"enemies":"The Heart","floor":55,"turns":6}],"seed_played":"-704799495110850439","potions_obtained":[{"floor":1.0,"key":"SteroidPotion"},{"floor":5.0,"key":"BloodPotion"},{"floor":6.0,"key":"PowerPotion"},{"floor":16.0,"key":"Ancient Potion"},{"floor":20.0,"key":"AttackPotion"},{"floor":24.0,"key":"AttackPotion"},{"floor":29.0,"key":"LiquidMemories"},{"floor":30.0,"key":"SteroidPotion"},{"floor":35.0,"key":"Block Potion"},{"floor":36.0,"key":"Explosive Potion"},{"floor":42.0,"key":"Dexterity Potion"},{"floor":42.0,"key":"Swift Potion"},{"floor":45.0,"key":"GamblersBrew"}],"is_trial":false,"path_per_floor":["M","$","?","M","M","E","M","R","T","M","E","M","$","M","R","B",null,"M","?","?","M","M","R","M","R","T","R","$","M","M","?","R","B",null,"M","M","?","M","$","R","E","?","T","R","M","M","$","M","R","B",null,"R","$","E","B"],"character_chosen":"IRONCLAD","items_purchased":["Shrug It Off","Offering+1","Dark Embrace","Finesse+1","Disarm+1"],"campfire_rested":1,"item_purchase_floors":[2,13,47,47,53],"current_hp_per_floor":[56,56,56,62,68,64,57,57,57,55,39,38,38,44,44,30,90,80,80,80,80,80,80,74,74,74,74,74,68,68,68,68,42,90,84,78,73,70,70,70,52,52,52,52,52,52,52,52,79,34,90,90,90,71,0,0],"gold":53,"neow_bonus":"THREE_RARE_CARDS","is_daily":false,"chose_seed":false,"campfire_upgraded":8,"win_rate":0.0,"timestamp":1611896513,"path_taken":["M","$","?","M","M","E","?","R","T","M","E","M","$","M","R","BOSS","M","?","?","M","?","R","M","R","T","R","?","?","M","?","R","BOSS","M","M","?","M","$","R","E","?","T","R","?","M","$","M","R","BOSS","R","$","E","BOSS"],"items_purchased_type":["Card","Card","Card","Card","Card"],"build_version":"2020-12-22","purchased_purges":2,"victory":false,"max_hp_per_floor":[80,80,80,80,80,90,90,90,90,90,90,90,90,90,90,90,90,90,90,90,90,90,90,90,90,90,90,90,90,90,90,90,90,90,90,90,90,90,90,90,90,90,90,90,90,90,90,90,90,90,90,90,90,90,90,90],"card_choices":[{"not_picked":["Limit Break","Berserk"],"picked":"Immolate","floor":0.0},{"not_picked":["Pommel Strike","Metallicize"],"picked":"Flame Barrier","floor":1.0},{"not_picked":["Thunderclap","Anger"],"picked":"Battle Trance","floor":4.0},{"not_picked":["Clothesline","Sword Boomerang"],"picked":"Fire Breathing","floor":5.0},{"not_picked":["Havoc","Bludgeon"],"picked":"Wild Strike","floor":6.0},{"not_picked":["Wild Strike","Cleave","Havoc"],"picked":"SKIP","floor":7.0},{"not_picked":["Armaments+1","Metallicize"],"picked":"True Grit+1","floor":10.0},{"not_picked":["Rage+1","Pommel Strike"],"picked":"Spot Weakness+1","floor":11.0},{"not_picked":["Dropkick","Pommel Strike"],"picked":"Warcry+1","floor":12.0},{"not_picked":["Armaments+1","Disarm+1"],"picked":"Impervious+1","floor":14.0},{"not_picked":["Berserk","Limit Break+1"],"picked":"Impervious+1","floor":16.0},{"not_picked":["Whirlwind","Flex+1"],"picked":"Thunderclap+1","floor":18.0},{"not_picked":["Infernal Blade+1","Clash","Perfected Strike"],"picked":"SKIP","floor":21.0},{"not_picked":["Armaments+1","Whirlwind"],"picked":"Blood for Blood+1","floor":22.0},{"not_picked":["Sword Boomerang","Havoc+1"],"picked":"Seeing Red+1","floor":24.0},{"not_picked":["Wild Strike","Anger"],"picked":"Shrug It Off+1","floor":29.0},{"not_picked":["Carnage","Shrug It Off+1","Clothesline"],"picked":"SKIP","floor":30.0},{"not_picked":["Hemokinesis+1"],"picked":"SKIP","floor":35.0},{"not_picked":["Sever Soul+1"],"picked":"SKIP","floor":36.0},{"not_picked":["Clash+1"],"picked":"SKIP","floor":38.0},{"not_picked":["Shrug It Off+1"],"picked":"SKIP","floor":41.0},{"not_picked":["Armaments+1"],"picked":"SKIP","floor":45.0},{"not_picked":["Searing Blow+1"],"picked":"SKIP","floor":46.0},{"not_picked":["Dropkick+1"],"picked":"SKIP","floor":48.0},{"not_picked":["Carnage"],"picked":"SKIP","floor":54.0}],"player_experience":292499,"relics_obtained":[{"floor":6.0,"key":"Pear"},{"floor":9.0,"key":"Toxic Egg 2"},{"floor":11.0,"key":"Nunchaku"},{"floor":26.0,"key":"Bottled Tornado"},{"floor":41.0,"key":"Ornamental Fan"},{"floor":54.0,"key":"Whetstone"}],"event_choices":[{"damage_healed":0.0,"max_hp_gain":0.0,"max_hp_loss":0.0,"gold_gain":0.0,"event_name":"WeMeetAgain","player_choice":"Gave Potion","floor":3.0,"gold_loss":0.0,"damage_taken":0.0,"relics_obtained":["Art of War"]},{"damage_healed":0.0,"max_hp_gain":0.0,"max_hp_loss":0.0,"gold_gain":0.0,"event_name":"Addict","player_choice":"Obtained Relic","floor":19.0,"gold_loss":85.0,"damage_taken":0.0,"relics_obtained":["Pocketwatch"]},{"damage_healed":0.0,"max_hp_gain":0.0,"max_hp_loss":0.0,"gold_gain":0.0,"event_name":"The Woman in Blue","player_choice":"Bought 1 Potion","floor":20.0,"gold_loss":0.0,"damage_taken":0.0},{"damage_healed":0.0,"max_hp_gain":0.0,"max_hp_loss":0.0,"gold_gain":0.0,"event_name":"The Library","player_choice":"Read","floor":31.0,"gold_loss":0.0,"damage_taken":0.0,"cards_obtained":["Fiend Fire"]},{"damage_healed":0.0,"max_hp_gain":0.0,"max_hp_loss":0.0,"gold_gain":0.0,"event_name":"SensoryStone","player_choice":"Memory 2","floor":37.0,"gold_loss":0.0,"damage_taken":5.0},{"damage_healed":0.0,"max_hp_gain":0.0,"max_hp_loss":0.0,"gold_gain":0.0,"event_name":"Lab","player_choice":"Got Potions","floor":42.0,"gold_loss":0.0,"damage_taken":0.0}],"is_beta":false,"boss_relics":[{"not_picked":["Black Star","Philosopher\u0027s Stone"],"picked":"Pandora\u0027s Box"},{"not_picked":["Empty Cage","Runic Dome"],"picked":"Busted Crown"}],"items_purged_floors":[28,39],"is_endless":false,"potions_floor_spawned":[1,5,6,16,24,29,30,35,36,45],"killed_by":"The Heart","ascension_level":0}}