{"host":"oehe2dxjvdgux73m","time":1611934205,"event":{"mods":["AchievementEnabler","BaseMod","Colored Map","Colored Powertips","DeckTracker","Keyboard Shortcuts","Minty Spire (QoL Compilation)","Permanent Neow","Quick Restart","StSLib","SuperFastMode"],"gold_per_floor":[361,361,436,33,33,33,47,59,83,97,97,97],"floor_reached":11,"language":"KOR","playtime":246,"items_purged":["Normality"],"score":126,"play_id":"ca4e9561-b141-492b-872a-47bfe6e1ea51","local_time":"20210130003005","is_ascension_mode":true,"campfire_choices":[{"data":"Neutralize","floor":6,"key":"SMITH"}],"circlet_count":0,"master_deck":["AscendersBane","Strike_G","Strike_G","Strike_G","Strike_G","Defend_G","Defend_G","Defend_G","Defend_G","Defend_G","Survivor","Neutralize+1","PiercingWail","Backstab","Dagger Spray","Backstab"],"relics":["Ring of the Snake","Unceasing Top","Bag of Preparation"],"acts_visited":["Exordium"],"potions_floor_usage":[11,11],"damage_taken":[{"damage":0,"enemies":"2 Louse","floor":1,"turns":2},{"damage":5,"enemies":"Cultist","floor":7,"turns":5},{"damage":2,"enemies":"Jaw Worm","floor":8,"turns":5},{"damage":16,"enemies":"Exordium Wildlife","floor":10,"turns":5},{"damage":54,"enemies":"Lagavulin","floor":11,"turns":8}],"seed_played":"3205682869897827674","potions_obtained":[{"floor":1,"key":"FairyPotion"},{"floor":5,"key":"EntropicBrew"}],"is_trial":false,"path_per_floor":["M","?","?","$","?","R","M","M","T","M","E"],"character_chosen":"THE_SILENT","items_purchased":["Unceasing Top"],"campfire_rested":0,"item_purchase_floors":[4],"current_hp_per_floor":[59,52,41,41,41,41,36,34,34,18,0,0],"gold":97,"neow_bonus":"TWO_FIFTY_GOLD","is_daily":false,"chose_seed":false,"campfire_upgraded":1,"win_rate":0.0,"timestamp":1611934205,"path_taken":["M","?","?","$","?","R","M","M","T","M","E"],"items_purchased_type":["Relic"],"build_version":"2020-12-22","purchased_purges":1,"victory":false,"max_hp_per_floor":[66,66,66,66,66,66,66,66,66,66,66,66],"card_choices":[{"not_picked":["Poisoned Stab","Acrobatics"],"picked":"PiercingWail","floor":1},{"not_picked":["Flying Knee","Prepared"],"picked":"Backstab","floor":7},{"not_picked":["Catalyst","Bouncing Flask"],"picked":"Dagger Spray","floor":8},{"not_picked":["Backflip","Acrobatics"],"picked":"Backstab","floor":10}],"player_experience":324545,"relics_obtained":[{"floor":9,"key":"Bag of Preparation"}],"event_choices":[{"cards_removed":["Strike_G"],"damage_healed":0,"gold_gain":0,"player_choice":"Card Removal","damage_taken":7,"max_hp_gain":0,"max_hp_loss":0,"event_name":"Golden Wing","floor":2,"gold_loss":0},{"damage_healed":0,"gold_gain":75,"player_choice":"Gather Gold","damage_taken":11,"max_hp_gain":0,"max_hp_loss":0,"event_name":"World of Goop","floor":3,"gold_loss":0},{"damage_healed":0,"gold_gain":0,"player_choice":"Got Potions","damage_taken":0,"max_hp_gain":0,"max_hp_loss":0,"event_name":"Lab","floor":5,"gold_loss":0}],"is_beta":false,"boss_relics":[],"items_purged_floors":[4],"is_endless":false,"potions_floor_spawned":[1,10],"killed_by":"Lagavulin","ascension_level":20}}