{"host":"agdto6ifbg57aw9m","time":1611955765,"event":{"mods":["2.2 Compatiblity","Aspiration","BaseMod","BetterRewards","Duelist Mod","Friendly Minions","GifTheSpireLib","Halation","Infinite Spire","Minty Spire (QoL Compilation)","Replay The Spire","Spikes Relics","StSLib","Stuff the Spire","The Spell Scribe"],"gold_per_floor":[145,95,112,131,131,156,166,191,191,219,234,268,268,284,284,387,387,407,419,419,359,372,399,413,413,463,313,342,357,375,408,408,513,513,560,268,296,326,367,367,419,457,511,560,614,614,614,688,688,688],"floor_reached":51,"language":"ENG","playtime":4921,"items_purged":["theDuelist:ZombieCorpse","theDuelist:ArmoredZombie"],"score":1417,"play_id":"2bbf6f3c-f010-4489-8542-18275c216909","local_time":"20210129162925","is_ascension_mode":true,"campfire_choices":[{"data":"theDuelist:OverpoweringEye","floor":13,"key":"SMITH"},{"data":"theDuelist:VendreadStriges","floor":15,"key":"SMITH"},{"data":"theDuelist:NecroFusion","floor":25,"key":"SMITH"},{"data":"theDuelist:GlowUpBloom","floor":32,"key":"SMITH"},{"data":"theDuelist:UltraPolymerization","floor":40,"key":"SMITH"},{"data":"theDuelist:CustomResummonCard","floor":47,"key":"SMITH"},{"data":"theDuelist:RevendreadOrigin","floor":49,"key":"SMITH"}],"circlet_count":0,"master_deck":["theDuelist:TutanMask+1","theDuelist:FusionGuard","theDuelist:OverpoweringEye+1","theDuelist:ShiranuiSwordsaga+1","theDuelist:Chewbone+1","theDuelist:VendreadReunion+1","theDuelist:CardSafeReturn+1","theDuelist:RevendreadOrigin+1","theDuelist:ArmoredZombie","theDuelist:UltraPolymerization+1","theDuelist:CustomResummonCard+1","theDuelist:ZombieWarrior+1","theDuelist:Polymerization+1","theDuelist:RevendreadExecutor","theDuelist:PainPainter+1","theDuelist:FutureFusion+1","theDuelist:AshBlossom+1","theDuelist:OniGamiCombo+1","theDuelist:GhostrickJiangshi","theDuelist:VendreadStriges+1","theDuelist:VendreadStriges+1","theDuelist:IlBlud","theDuelist:BattleFusion+1","theDuelist:RyuKokki+1","theDuelist:WightLady","theDuelist:NecroFusion+1","theDuelist:GlowUpBloom+1","theDuelist:VendreadReorigin+1","theDuelist:GhostrickWarwolf","theDuelist:VendreadHoundhorde+1","theDuelist:Mispolymerization+1","theDuelist:GhostrickAlucard+1","theDuelist:GhostrickGhoul"],"relics":["theDuelist:MillenniumPuzzle","theDuelist:CardPoolRelic","theDuelist:CardPoolBasicRelic","theDuelist:BoosterPackPoolRelic","theDuelist:CardPoolAddRelic","theDuelist:CardPoolMinusRelic","theDuelist:CardPoolSaveRelic","theDuelist:CardPoolOptionsRelic","halation:PromiseList","theDuelist:ResummonBranch","StuffTheSpire:Barrel","theDuelist:BlessingAnubis","Bottled Flame","Coffee Dripper","Empty Cage","Replay:Frozen Program","ReplayTheSpireMod:Shallot","theDuelist:SummonAnchor","theDuelist:MillenniumPrayerbook","Whetstone","Iron Hammer","infinitespire:EvilPickle","halation:HeavySnake","Strawberry","Orichalcum","Vajra","StuffTheSpire:Wildfire"],"acts_visited":["Exordium","TheCity","TheBeyond"],"potions_floor_usage":[],"damage_taken":[{"damage":0.0,"enemies":"2 Louse","floor":1.0,"turns":3.0},{"damage":0.0,"enemies":"Cultist","floor":3.0,"turns":4.0},{"damage":0.0,"enemies":"Small Slimes","floor":4.0,"turns":3.0},{"damage":18.0,"enemies":"Lagavulin","floor":6.0,"turns":8.0},{"damage":1,"enemies":"Gremlin Gang","floor":7,"turns":5},{"damage":0,"enemies":"Gremlin Nob","floor":8,"turns":3},{"damage":3,"enemies":"3 Sentries","floor":10,"turns":5},{"damage":0,"enemies":"Exordium Wildlife","floor":11,"turns":1},{"damage":6,"enemies":"Lagavulin","floor":12,"turns":4},{"damage":0,"enemies":"Red Slaver","floor":14,"turns":1},{"damage":0,"enemies":"Slime Boss","floor":16,"turns":3},{"damage":4,"enemies":"Chosen","floor":18,"turns":2},{"damage":4,"enemies":"3 Byrds","floor":19,"turns":4},{"damage":0,"enemies":"Sentry and Sphere","floor":22,"turns":1},{"damage":8,"enemies":"Gremlin Leader","floor":23,"turns":4},{"damage":0,"enemies":"Chosen and Byrds","floor":24,"turns":2},{"damage":0,"enemies":"theDuelist:KaibaA2","floor":28,"turns":3},{"damage":0,"enemies":"Centurion and Healer","floor":29,"turns":2},{"damage":0,"enemies":"Snecko","floor":30,"turns":2},{"damage":0,"enemies":"Replay:Snechameleon","floor":31,"turns":3},{"damage":0,"enemies":"Pondfish","floor":33,"turns":4},{"damage":0,"enemies":"3 Darklings","floor":35,"turns":2},{"damage":0,"enemies":"3 Shapes","floor":37,"turns":3},{"damage":0,"enemies":"Transient","floor":38,"turns":5},{"damage":0,"enemies":"Writhing Mass","floor":39,"turns":1},{"damage":0,"enemies":"R_Hoarder","floor":41,"turns":4},{"damage":0,"enemies":"Maw","floor":42,"turns":4},{"damage":0,"enemies":"Jaw Worm Horde","floor":44,"turns":2},{"damage":11,"enemies":"4 Shapes","floor":45,"turns":2},{"damage":0,"enemies":"Reptomancer","floor":48,"turns":2},{"damage":33,"enemies":"infinitespire:MassOfShapes","floor":50,"turns":6}],"seed_played":"-7606188493168407600","potions_obtained":[{"floor":1.0,"key":"SkillPotion"},{"floor":6,"key":"theDuelist:StunPotion"},{"floor":11,"key":"GamblersBrew"}],"is_trial":false,"path_per_floor":["M","?","M","M","?","E","M","E","T","E","M","E","R","M","R","B",null,"M","M","AVR","?","M","E","M","R","T","?","E","M","M","E","R","B",null,"M","$","M","M","M","R","E","M","T","M","M","?","R","E","R","B",null],"character_chosen":"THE_DUELIST","items_purchased":["theDuelist:RevendreadOrigin","Strawberry"],"campfire_rested":0,"item_purchase_floors":[36,36],"current_hp_per_floor":[80,80,80,80,80,62,61,61,61,58,58,52,52,52,52,52,80,76,72,72,72,72,64,64,64,64,58,58,58,58,58,58,58,80,80,87,87,87,87,87,87,87,87,87,76,76,76,76,76,45],"gold":688,"neow_bonus":"THREE_CARDS","is_daily":false,"chose_seed":false,"campfire_upgraded":7,"win_rate":0.0,"timestamp":1611955765,"path_taken":["M","?","M","M","?","E","M","E","T","E","M","E","R","M","R","BOSS","M","M","AVR","?","M","E","M","R","T","?","E","M","?","E","R","BOSS","M","$","M","M","M","R","E","M","T","M","M","?","R","E","R","BOSS"],"items_purchased_type":["Card","Relic"],"build_version":"2020-12-22","purchased_purges":2,"victory":true,"max_hp_per_floor":[80,80,80,80,80,80,80,80,80,80,80,80,80,80,80,80,80,80,80,80,80,80,80,80,80,80,80,80,80,80,80,80,80,80,80,87,87,87,87,87,87,87,87,87,87,87,87,87,87,87],"card_choices":[{"not_picked":["theDuelist:Yasha","theDuelist:PhantomGhost"],"picked":"theDuelist:GhostrickAlucard","floor":0.0},{"not_picked":["theDuelist:VisionFusion","theDuelist:GhostrickParade","theDuelist:BattleFusion","theDuelist:GhostrickSpecter"],"picked":"theDuelist:Polymerization","floor":1.0},{"not_picked":["theDuelist:VampireRetainer","theDuelist:PyramidWonders","theDuelist:GhostrickMansion"],"picked":"theDuelist:CardSafeReturn","floor":3.0},{"not_picked":["theDuelist:VendreadStriges","theDuelist:VendreadDaybreak","theDuelist:UltraPolymerization","theDuelist:SoulRelease"],"picked":"theDuelist:OverpoweringEye","floor":4.0},{"not_picked":["theDuelist:Pumpking","theDuelist:Kasha","theDuelist:FireReaper","theDuelist:Zombina"],"picked":"theDuelist:Chewbone","floor":6},{"not_picked":["theDuelist:WightLady","theDuelist:VampireBaby","theDuelist:DarkDustSpirit","theDuelist:VampireHunter"],"picked":"theDuelist:GhostrickGhoul","floor":7},{"not_picked":["theDuelist:VampireRedBaron","theDuelist:VampireBaby","theDuelist:VendreadChimera","theDuelist:AvendreadSavior"],"picked":"theDuelist:VendreadStriges","floor":8},{"not_picked":["theDuelist:VampireSorcerer","theDuelist:GhostBelle","theDuelist:GhostrickMuseum","theDuelist:GhostrickNight"],"picked":"theDuelist:GhostrickAlucard","floor":10},{"not_picked":["theDuelist:GhostrickMummy","theDuelist:GhostrickJiangshi","theDuelist:GhostrickJackfrost","theDuelist:GhostrickAlucard"],"picked":"theDuelist:GhostrickWarwolf","floor":11},{"not_picked":["theDuelist:FossilDragon","theDuelist:ShiranuiSunsaga","theDuelist:FlashFusion","theDuelist:DarkAssailant"],"picked":"theDuelist:ShiranuiSwordsaga","floor":12},{"not_picked":["theDuelist:VampireGrimson","theDuelist:Pumpking","theDuelist:OvertexQoatlus","theDuelist:VampireDragon"],"picked":"theDuelist:ZombieWarrior","floor":14},{"not_picked":["theDuelist:VendreadStriges","theDuelist:SoulRelease","theDuelist:BookLife","theDuelist:BookEclipse"],"picked":"theDuelist:FusionGuard","floor":16},{"not_picked":["theDuelist:OvertexQoatlus","theDuelist:GhostrickYeti","theDuelist:Chewbone","theDuelist:VampireRedBaron"],"picked":"theDuelist:AshBlossom","floor":18},{"not_picked":["theDuelist:VendreadCharge","theDuelist:VampireGenesis","theDuelist:BoneMouse","theDuelist:UniZombie"],"picked":"theDuelist:NecroFusion","floor":19},{"not_picked":["theDuelist:VampireFamiliar+1","theDuelist:GoblinZombie+1","theDuelist:GhostrickMummy","theDuelist:GhostReaper"],"picked":"theDuelist:VendreadHoundhorde+1","floor":22},{"not_picked":["theDuelist:Wasteland","theDuelist:VampireRetainer+1","theDuelist:PyramidWonders","theDuelist:CardSafeReturn+1"],"picked":"theDuelist:VendreadReunion+1","floor":23},{"not_picked":["theDuelist:OboroGuruma+1","theDuelist:GhostrickMansion","theDuelist:DimensionFusion"],"picked":"theDuelist:OniGamiCombo+1","floor":24},{"not_picked":["theDuelist:RebornZombie","theDuelist:ShiranuiSpectralsword","theDuelist:ShiranuiSpectralswordShade","theDuelist:ForbiddenLance"],"picked":"theDuelist:GlowUpBloom","floor":28},{"not_picked":["theDuelist:PhantomGhost","theDuelist:GhostrickYeti","theDuelist:SkullConductor","theDuelist:GhostrickAlucard"],"picked":"theDuelist:RyuKokki+1","floor":29},{"not_picked":["theDuelist:Kasha","theDuelist:GhostrickMuseum","theDuelist:GoblinZombie+1","theDuelist:DimensionBurial"],"picked":"theDuelist:IlBlud","floor":30},{"not_picked":["theDuelist:GhostrickMummy","theDuelist:GhostrickJackfrost+1","theDuelist:FossilSkullknight+1","theDuelist:FireReaper"],"picked":"theDuelist:RevendreadExecutor","floor":31},{"not_picked":["theDuelist:YukiOnnaAbsolute","theDuelist:SoulRelease","theDuelist:OverpoweringEye","theDuelist:BookLife"],"picked":"theDuelist:UltraPolymerization","floor":33},{"not_picked":["theDuelist:VampireSorcerer+1","theDuelist:VampireGrimson+1","theDuelist:GhostrickWarwolf+1","theDuelist:YukiMusume"],"picked":"theDuelist:GhostrickJiangshi","floor":35},{"not_picked":["theDuelist:VendreadRevolution+1","theDuelist:VampireTakeover","theDuelist:GhostrickScare+1","theDuelist:GhostrickBreak"],"picked":"theDuelist:VendreadReorigin+1","floor":37},{"not_picked":["theDuelist:Skelesaurus+1","theDuelist:NightmareHorse+1","theDuelist:Miscellaneousaurus","theDuelist:GhostrickWarwolf+1"],"picked":"theDuelist:VendreadStriges+1","floor":38},{"not_picked":["theDuelist:FlameGhost","theDuelist:ShiranuiSpectralsword+1","theDuelist:MiracleFusion+1","theDuelist:FusionFire"],"picked":"theDuelist:FutureFusion","floor":39},{"not_picked":["theDuelist:ZombieWarrior","theDuelist:GhostrickMummy+1","theDuelist:Polymerization","theDuelist:VampireDomain"],"picked":"theDuelist:BattleFusion","floor":41},{"not_picked":["theDuelist:FossilSkullknight+1","theDuelist:Gashadokuro+1","theDuelist:Wightmare","theDuelist:GhostrickStein+1"],"picked":"theDuelist:PainPainter+1","floor":42},{"not_picked":["theDuelist:RobbinZombie+1","theDuelist:GhostrickScare","theDuelist:VampireAwakening","theDuelist:GhostrickParade"],"picked":"theDuelist:Mispolymerization","floor":44},{"not_picked":["Bandage Up","Dark Shackles+1","HandOfGreed","Impatience"],"picked":"SKIP","floor":45},{"not_picked":["theDuelist:VampireLady+1","theDuelist:PhantomGhost+1","theDuelist:MechMoleZombie+1","theDuelist:Zombina+1"],"picked":"theDuelist:WightLady","floor":48}],"player_experience":563801,"relics_obtained":[{"floor":6,"key":"halation:PromiseList"},{"floor":8,"key":"theDuelist:ResummonBranch"},{"floor":9,"key":"StuffTheSpire:Barrel"},{"floor":10,"key":"theDuelist:BlessingAnubis"},{"floor":12,"key":"Bottled Flame"},{"floor":23,"key":"ReplayTheSpireMod:Shallot"},{"floor":26,"key":"theDuelist:SummonAnchor"},{"floor":28,"key":"Whetstone"},{"floor":31,"key":"Iron Hammer"},{"floor":41,"key":"Orichalcum"},{"floor":43,"key":"Vajra"},{"floor":48,"key":"StuffTheSpire:Wildfire"}],"event_choices":[{"cards_removed":["theDuelist:ZombieCorpse"],"damage_healed":0.0,"max_hp_gain":0.0,"max_hp_loss":0.0,"gold_gain":0.0,"event_name":"The Cleric","player_choice":"Card Removal","floor":2.0,"gold_loss":50.0,"damage_taken":0.0},{"damage_healed":0.0,"max_hp_gain":0.0,"max_hp_loss":0.0,"gold_gain":0.0,"event_name":"Match and Keep!","player_choice":"1 cards matched","floor":5.0,"gold_loss":0.0,"damage_taken":0.0,"cards_obtained":["theDuelist:BookLife"]},{"damage_healed":0,"gold_gain":0,"player_choice":"Dig - random Duelist relic","duelist":true,"damage_taken":0,"max_hp_gain":0,"max_hp_loss":0,"event_name":"Aknamkanon\u0027s Tomb","floor":27,"gold_loss":0},{"damage_healed":0,"gold_gain":0,"player_choice":"Ignored","damage_taken":0,"max_hp_gain":0,"max_hp_loss":0,"event_name":"SecretPortal","floor":46,"gold_loss":0}],"is_beta":false,"boss_relics":[{"not_picked":["aspiration:SecretTechniqueScroll","aspiration:ScribeSkillbook"],"picked":"Coffee Dripper"},{"not_picked":["Runic Pyramid","halation:PlatinumPhoenix"],"picked":"halation:HeavySnake"}],"items_purged_floors":[20,36],"is_endless":false,"potions_floor_spawned":[1,6,11,14,16,18,22,28,31,37,39,41,44,45],"ascension_level":1}}