{"host":"kzpuingyul43kz0j","time":1611956871,"event":{"mods":["2.2 Compatiblity","BaseMod","Bestiary","Better Skull","BetterRewards","Colored Map","Colored Powertips","Curses Come First","Displayed Cursed Tome","Downfall","Gold Saver","Highlight Path","Keyboard Shortcuts","Minty Spire (QoL Compilation)","Relic Stats","Remove Card Discount Mod","StSLib","Uncapped"],"gold_per_floor":[430,39,39,4,21,52,52,52,75,75,75,75,94,109,109,230,230,242,242,83,102,102,131,131,127,152,172,172,186,186,206,206,311,311,331,346,363,378,392,392,392,392],"floor_reached":41,"language":"ENG","playtime":2144,"items_purged":["Defend_B","Strike_B","Strike_B","Defend_B","downfall:Bewildered","Strike_B"],"score":413,"play_id":"183948f6-4f4f-4f49-8894-338e033994e5","local_time":"20210129224751","is_ascension_mode":false,"campfire_choices":[{"floor":7,"key":"DIG"},{"floor":10,"key":"DIG"},{"floor":12,"key":"DIG"},{"floor":15,"key":"DIG"},{"floor":24,"key":"DIG"},{"floor":28,"key":"RECALL"},{"floor":30,"key":"DIG"},{"data":"Creative AI","floor":32,"key":"SMITH"},{"floor":40,"key":"DIG"}],"circlet_count":0,"master_deck":["Strike_B+1","Defend_B","Defend_B+1","Zap+1","Dualcast","Conserve Battery","Panacea","Streamline","BootSequence+1","Beam Cell","Cold Snap","Creative AI+1","Ball Lightning+1","Streamline+1","Cold Snap+1","Leap+1","Sweeping Beam+1","Sweeping Beam+1","Ball Lightning+1","BootSequence"],"relics":["Cracked Core","Shovel","MealTicket","Bag of Marbles","Dream Catcher","Lantern","Bag of Preparation","Gambling Chip","Regal Pillow","Molten Egg 2","SlaversCollar","Oddly Smooth Stone","War Paint","sneckomod:BabySnecko","InkBottle","Unceasing Top","PreservedInsect","Ancient Tea Set","SacredBark","Centennial Puzzle"],"acts_visited":["Exordium","TheCity","TheBeyond"],"potions_floor_usage":[6,16,21,37,37],"damage_taken":[{"damage":0,"enemies":"Small Slimes","floor":1,"turns":4},{"damage":0,"enemies":"Jaw Worm","floor":5,"turns":2},{"damage":31,"enemies":"3 Sentries","floor":6,"turns":10},{"damage":0,"enemies":"Cultist","floor":13,"turns":2},{"damage":0,"enemies":"Exordium Thugs","floor":14,"turns":3},{"damage":19,"enemies":"Slime Boss","floor":16,"turns":11},{"damage":6,"enemies":"2 Thieves","floor":18,"turns":4},{"damage":10,"enemies":"Spheric Guardian","floor":21,"turns":3},{"damage":34,"enemies":"Gremlin Leader","floor":23,"turns":5},{"damage":6,"enemies":"Centurion and Healer","floor":27,"turns":5},{"damage":3,"enemies":"Chosen and Byrds","floor":29,"turns":4},{"damage":2,"enemies":"3 Cultists","floor":31,"turns":4},{"damage":19,"enemies":"Champ","floor":33,"turns":7},{"damage":13,"enemies":"3 Shapes","floor":35,"turns":3},{"damage":1,"enemies":"Orb Walker","floor":36,"turns":3},{"damage":2,"enemies":"Jaw Worm Horde","floor":37,"turns":4},{"damage":19,"enemies":"4 Shapes","floor":38,"turns":4},{"damage":23,"enemies":"Sphere and 2 Shapes","floor":39,"turns":4},{"damage":21,"enemies":"Giant Head","floor":41,"turns":5}],"seed_played":"1191197443752691140","potions_obtained":[{"floor":1,"key":"Energy Potion"},{"floor":6,"key":"SpeedPotion"},{"floor":14,"key":"ColorlessPotion"},{"floor":18,"key":"champ:CounterPotion"},{"floor":21,"key":"SmokeBomb"},{"floor":35,"key":"Block Potion"},{"floor":39,"key":"ColorlessPotion"}],"is_trial":false,"path_per_floor":["M","$","?","?","M","E","R","$","T","R","T","R","M","M","R","B",null,"M","?","$","M","?","E","R","$","T","M","R","M","R","M","R","B",null,"M","M","M","M","M","R","E"],"character_chosen":"DEFECT","items_purchased":["MealTicket","Bag of Marbles","Panacea","War Paint"],"campfire_rested":0,"item_purchase_floors":[2,2,2,20],"current_hp_per_floor":[54,54,39,57,57,26,26,41,41,41,41,41,41,41,41,22,75,69,69,75,65,65,31,31,46,46,40,40,37,37,35,35,16,75,62,61,59,40,17,17,0,0],"gold":392,"neow_bonus":"ONE_RARE_RELIC","is_daily":false,"chose_seed":false,"campfire_upgraded":1,"win_rate":0.0,"timestamp":1611956871,"path_taken":["M","$","?","?","M","E","R","?","T","R","?","R","?","M","R","BOSS","M","?","?","M","?","E","R","$","T","M","R","M","R","M","R","BOSS","M","M","M","M","M","R","E"],"items_purchased_type":["Relic","Relic","Card","Relic"],"build_version":"2020-12-22","purchased_purges":6,"victory":false,"max_hp_per_floor":[75,75,75,75,75,75,75,75,75,75,75,75,75,75,75,75,75,75,75,75,75,75,75,75,75,75,75,75,75,75,75,75,75,75,75,75,75,75,75,75,75,75],"relic_stats":{"Regal Pillow":0,"counters":[19,87],"PreservedInsect":125,"Bag of Preparation":[32],"War Paint":["Defend_B","BootSequence"],"Dream Catcher":0,"Centennial Puzzle":[0],"Shovel":7,"Gambling Chip":[46],"MealTicket":36,"obtain_stats":[{"Lantern":7,"Regal Pillow":12,"SacredBark":34,"Oddly Smooth Stone":19,"PreservedInsect":26,"Bag of Preparation":9,"War Paint":20,"Ancient Tea Set":30,"SlaversCollar":17,"sneckomod:BabySnecko":22,"Dream Catcher":6,"Centennial Puzzle":40,"Shovel":0,"Gambling Chip":10,"MealTicket":2,"Molten Egg 2":15,"Bag of Marbles":2,"Cracked Core":0,"InkBottle":23,"Unceasing Top":24},{"Lantern":3,"Regal Pillow":3,"SacredBark":13,"Oddly Smooth Stone":7,"PreservedInsect":9,"Bag of Preparation":3,"War Paint":7,"Ancient Tea Set":11,"SlaversCollar":6,"sneckomod:BabySnecko":8,"Dream Catcher":3,"Centennial Puzzle":18,"Shovel":0,"Gambling Chip":3,"MealTicket":1,"Molten Egg 2":5,"Bag of Marbles":1,"Cracked Core":0,"InkBottle":9,"Unceasing Top":9},{"Lantern":16,"Regal Pillow":16,"SacredBark":64,"Oddly Smooth Stone":36,"PreservedInsect":44,"Bag of Preparation":16,"War Paint":36,"Ancient Tea Set":53,"SlaversCollar":32,"sneckomod:BabySnecko":39,"Dream Catcher":16,"Centennial Puzzle":82,"Shovel":0,"Gambling Chip":16,"MealTicket":4,"Molten Egg 2":21,"Bag of Marbles":4,"Cracked Core":0,"InkBottle":44,"Unceasing Top":44}],"InkBottle":[19],"Unceasing Top":[7]},"card_choices":[{"not_picked":["FTL","Skim"],"picked":"Conserve Battery","floor":1},{"not_picked":["Conserve Battery","Rebound"],"picked":"Streamline","floor":5},{"not_picked":["Aggregate","Amplify"],"picked":"BootSequence","floor":6},{"not_picked":["Scrape","Doom and Gloom"],"picked":"Beam Cell","floor":13},{"not_picked":["Blizzard","Beam Cell"],"picked":"Cold Snap","floor":14},{"not_picked":["Reboot","Multi-Cast"],"picked":"Creative AI","floor":16},{"not_picked":["Barrage+1","Beam Cell+1"],"picked":"Ball Lightning+1","floor":18},{"not_picked":["Barrage+1","Gash+1"],"picked":"Streamline+1","floor":21},{"not_picked":["Streamline+1","Hello World","Rebound+1"],"picked":"SKIP","floor":23},{"not_picked":["Genetic Algorithm","Meteor Strike+1"],"picked":"Cold Snap+1","floor":27},{"not_picked":["Doom and Gloom+1","Rebound+1"],"picked":"Leap+1","floor":29},{"not_picked":["Turbo+1","Streamline+1"],"picked":"Sweeping Beam+1","floor":31},{"not_picked":["Turbo+1","Beam Cell+1"],"picked":"Sweeping Beam+1","floor":35},{"not_picked":["Aggregate+1","Coolheaded+1"],"picked":"Ball Lightning+1","floor":36},{"not_picked":["Doom and Gloom+1","Steam","Reboot"],"picked":"SKIP","floor":37},{"not_picked":["Skim","Lockon+1"],"picked":"BootSequence","floor":38},{"not_picked":["BootSequence","Streamline+1","Reprogram"],"picked":"SKIP","floor":39}],"player_experience":91369,"relics_obtained":[{"floor":6,"key":"Dream Catcher"},{"floor":7,"key":"Lantern"},{"floor":9,"key":"Bag of Preparation"},{"floor":10,"key":"Gambling Chip"},{"floor":12,"key":"Regal Pillow"},{"floor":15,"key":"Molten Egg 2"},{"floor":23,"key":"InkBottle"},{"floor":24,"key":"Unceasing Top"},{"floor":26,"key":"PreservedInsect"},{"floor":30,"key":"Ancient Tea Set"},{"floor":40,"key":"Centennial Puzzle"}],"event_choices":[{"damage_healed":0,"gold_gain":0,"player_choice":"Entered Light","damage_taken":15,"max_hp_gain":0,"max_hp_loss":0,"event_name":"Shining Light","floor":3,"gold_loss":0,"cards_upgraded":["Strike_B","Zap"]},{"damage_healed":18,"gold_gain":0,"player_choice":"Healed","damage_taken":0,"max_hp_gain":0,"max_hp_loss":0,"event_name":"The Cleric","floor":4,"gold_loss":35},{"damage_healed":0,"gold_gain":0,"player_choice":"Opened","damage_taken":0,"relics_obtained":["Oddly Smooth Stone"],"max_hp_gain":0,"max_hp_loss":0,"event_name":"The Mausoleum","floor":19,"gold_loss":0}],"is_beta":false,"boss_relics":[{"not_picked":["Cursed Key","Ectoplasm"],"picked":"SlaversCollar"},{"not_picked":["Coffee Dripper","Sozu"],"picked":"SacredBark"}],"items_purged_floors":[2,2,20,20,25,25],"is_endless":false,"potions_floor_spawned":[1,6,14,18,21,35,39],"killed_by":"Giant Head","ascension_level":0}}