{"host":"1lhpgrjjhxx10cx0","time":1611920385,"event":{"mods":["Act Like it!","Aspiration","BaseMod","Better Vampires","Downfall","Friendly Minions","Gensokyo","Highlight Path","Marisa£®ÏF”Í°°ƒß¿Ì…≥£©","Minty Spire (QoL Compilation)","Permanent Neow","Quick Restart","StSLib","The Bug Knight","Waifu the Spire","Youmu£®ªÍ∆«—˝√Œ£©"],"gold_per_floor":[110,110,110,110,35,35,52,14,14,26,26,26,37,47,47,47,47],"floor_reached":16,"language":"ZHS","playtime":406,"items_purged":["Clumsy"],"score":90,"play_id":"0d9b07ea-9d43-4081-9c92-71c6c11c7c64","local_time":"20210129193945","is_ascension_mode":false,"campfire_choices":[{"data":"Gensokyo:MarisaTwilightSpark","floor":6,"key":"SMITH"},{"data":"SuperPerseids","floor":15,"key":"SMITH"}],"circlet_count":0,"master_deck":["Strike_MRS","Strike_MRS","Defend_MRS","Defend_MRS","Defend_MRS","MasterSpark","UpSweep","SuperPerseids+1","Gensokyo:MarisaTwilightSpark+1","MilkyWay","GasGiant+1","LuminesStrike"],"relics":["MiniHakkero","aspiration:Nostalgia","PureWater","Gensokyo:NagashiBinaDoll","Strawberry","Bottled Flame"],"acts_visited":["Exordium"],"potions_floor_usage":[],"damage_taken":[{"damage":1,"enemies":"Gensokyo:3_Fairies","floor":1,"turns":3},{"damage":2,"enemies":"Gensokyo:Gryphon","floor":7,"turns":3},{"damage":0,"enemies":"Gensokyo:2_Kodama","floor":10,"turns":1},{"damage":2,"enemies":"Gensokyo:2_Rabbits","floor":13,"turns":4},{"damage":2,"enemies":"Gensokyo:Kitsune","floor":14,"turns":2},{"damage":0,"enemies":"Gensokyo:Kokoro","floor":16,"turns":1}],"seed_played":"-7015900750825409914","potions_obtained":[{"floor":10,"key":"Swift Potion"},{"floor":13,"key":"FairyPotion"}],"is_trial":false,"path_per_floor":["M","?","?","?","$","R","M","COS","T","M","?","?","M","M","R","B"],"character_chosen":"MARISA","items_purchased":[],"campfire_rested":0,"item_purchase_floors":[],"current_hp_per_floor":[74,74,71,71,71,71,69,69,69,69,37,45,43,41,41,41,41],"gold":47,"neow_bonus":"NOSTALGIA","is_daily":false,"chose_seed":false,"campfire_upgraded":2,"win_rate":0.0,"timestamp":1611920385,"path_taken":["M","?","?","?","?","R","?","COS","T","M","?","?","?","M","R","BOSS"],"items_purchased_type":[],"build_version":"2020-12-22","purchased_purges":1,"victory":false,"max_hp_per_floor":[75,75,82,82,82,82,82,82,82,82,82,82,82,82,82,82,82],"card_choices":[{"not_picked":["PowerUp","ShootingEcho"],"picked":"SuperPerseids","floor":1},{"not_picked":["DeepEcoloBomb","PowerUp"],"picked":"MilkyWay","floor":7},{"not_picked":["IllusionStar","DoubleSpark","MysteriousBeam"],"picked":"SKIP","floor":10},{"not_picked":["IllusionStar","DoubleSpark","MysteriousBeam"],"picked":"SKIP","floor":10},{"not_picked":["EventHorizon+1","IllusionStar+1"],"picked":"GasGiant+1","floor":13},{"not_picked":["AsteroidBelt","MagicAbsorber"],"picked":"LuminesStrike","floor":13},{"not_picked":["ShootingEcho","SporeBomb","DoubleSpark"],"picked":"SKIP","floor":14}],"player_experience":103717,"relics_obtained":[{"floor":9,"key":"Bottled Flame"}],"event_choices":[],"is_beta":false,"boss_relics":[],"items_purged_floors":[5],"is_endless":false,"potions_floor_spawned":[10,13],"killed_by":"Gensokyo:Kokoro","ascension_level":0}}