{"host":"hixkpep13ay54y5b","time":1611882923,"event":{"mods":["AchievementEnabler","BaseMod","BetterRewards","Colored Map","Hubris","Infinite Spire","Minty Spire (QoL Compilation)","Quick Restart","Replay The Spire","Shop Mod","StSLib","SuperFastMode"],"gold_per_floor":[116,116,68,68,85,120,120,120,146,146,156,156,205,205,259,358,358,368,368,368,388,408,408,408,408,432,450,450,460,22,41,41,41,41],"floor_reached":33,"language":"ENG","playtime":719,"items_purged":["Strike_R"],"score":293,"play_id":"d9a5c92c-ab7d-4bcc-b439-4d353924eb52","local_time":"20210128201523","is_ascension_mode":false,"campfire_choices":[{"data":"Searing Blow","floor":8.0,"key":"SMITH"},{"data":"Searing Blow+1","floor":10.0,"key":"SMITH"},{"data":"Searing Blow+2","floor":12.0,"key":"SMITH"},{"data":"Searing Blow+3","floor":23.0,"key":"SMITH"},{"data":"Searing Blow+4","floor":25.0,"key":"SMITH"},{"data":"Searing Blow+5","floor":28.0,"key":"SMITH"},{"data":"Searing Blow+6","floor":32,"key":"SMITH"}],"circlet_count":0,"master_deck":["Strike_R","Strike_R+1","Strike_R","Strike_R+1","Defend_R+1","Defend_R","Defend_R","Defend_R","Bash","Thunderclap+1","Searing Blow+7","Armaments+1","Battle Trance","Metallicize"],"relics":["Burning Blood","NeowsBlessing","Bronze Scales","hubris:Towel","Juzu Bracelet","Pantograph","Gremlin Food","MerchantsRug"],"acts_visited":["Exordium","TheCity"],"potions_floor_usage":[31,33],"damage_taken":[{"damage":0.0,"enemies":"Small Slimes","floor":1.0,"turns":1.0},{"damage":0.0,"enemies":"2 Louse","floor":5.0,"turns":1.0},{"damage":0.0,"enemies":"Gremlin Nob","floor":6.0,"turns":1.0},{"damage":0.0,"enemies":"Cultist","floor":11.0,"turns":2.0},{"damage":59.0,"enemies":"Fading Forest","floor":16.0,"turns":11.0},{"damage":5.0,"enemies":"Chosen","floor":18.0,"turns":4.0},{"damage":13.0,"enemies":"Shell Parasite","floor":21.0,"turns":8.0},{"damage":18.0,"enemies":"Cultist and Chosen","floor":22.0,"turns":6.0},{"damage":29.0,"enemies":"Chosen and Byrds","floor":27.0,"turns":6.0},{"damage":0.0,"enemies":"Centurion and Healer","floor":29.0,"turns":4.0},{"damage":0,"enemies":"Shelled Parasite and Fungi","floor":31,"turns":2},{"damage":78,"enemies":"Pondfish","floor":33,"turns":15}],"seed_played":"4792876962095582263","potions_obtained":[{"floor":1.0,"key":"Milkshake"},{"floor":6.0,"key":"FearPotion"},{"floor":21.0,"key":"DuplicationPotion"},{"floor":29.0,"key":"LiquidBronze"}],"is_trial":false,"path_per_floor":["M","?","$","?","M","E","?","R","T","R","M","R","T","?","R_BF","B",null,"M","?","?","M","M","R","?","R","T","M","R","M","$","M","R","B"],"character_chosen":"IRONCLAD","items_purchased":["Thunderclap","Battle Trance","MerchantsRug","Metallicize","DuplicationPotion"],"campfire_rested":0,"item_purchase_floors":[3,30,30,30,30],"current_hp_per_floor":[80,80,80,80,80,80,80,80,80,80,80,80,80,80,80,35,80,80,80,80,73,61,61,61,61,61,38,38,44,44,50,50,0,0],"gold":41,"neow_bonus":"THREE_ENEMY_KILL","is_daily":false,"chose_seed":false,"campfire_upgraded":7,"win_rate":0.0,"timestamp":1611882923,"path_taken":["M","?","$","?","?","E","?","R","T","R","M","R","?","?","R_BF","BOSS","M","?","?","M","M","R","?","R","T","M","R","M","?","M","R","BOSS"],"items_purchased_type":["Card","Card","Relic","Card","Potion"],"build_version":"2020-12-22","purchased_purges":1,"victory":false,"max_hp_per_floor":[80,80,80,80,80,80,80,80,80,80,80,80,80,80,80,80,80,80,80,80,80,80,80,80,80,80,80,80,80,80,80,80,80,80],"card_choices":[{"not_picked":["Flex","Rage","Pommel Strike"],"picked":"SKIP","floor":1.0},{"not_picked":["Sword Boomerang","Clothesline","Hemokinesis"],"picked":"SKIP","floor":5.0},{"not_picked":["Dropkick","hubris:SharpeningStone"],"picked":"Searing Blow","floor":6.0},{"not_picked":["Demonic Infusion","Twin Strike","Rage"],"picked":"SKIP","floor":11.0},{"not_picked":["Flex","ReplayTheSpireMod:Strike From Hell"],"picked":"Armaments+1","floor":18.0},{"not_picked":["Feel No Pain","Body Slam+1","Replay:Undeath\u0027s Touch"],"picked":"SKIP","floor":21.0},{"not_picked":["Flex","Body Slam","Massacre"],"picked":"SKIP","floor":22.0},{"not_picked":["Sword Boomerang+1","Cleave","Berserk"],"picked":"SKIP","floor":27.0},{"not_picked":["Hemokinesis+1","Sword Boomerang","Combust+1"],"picked":"SKIP","floor":29.0},{"not_picked":["Anger","Iron Wave+1","Headbutt"],"picked":"SKIP","floor":31}],"player_experience":154898,"relics_obtained":[{"floor":6.0,"key":"Bronze Scales"},{"floor":9.0,"key":"Juzu Bracelet"},{"floor":13.0,"key":"Whetstone"},{"floor":26.0,"key":"Gremlin Food"}],"event_choices":[{"damage_healed":0.0,"max_hp_gain":0.0,"max_hp_loss":0.0,"gold_gain":0.0,"event_name":"Living Wall","player_choice":"Grow","floor":2.0,"gold_loss":0.0,"damage_taken":0.0,"cards_upgraded":["Defend_R"]},{"damage_healed":0.0,"max_hp_gain":0.0,"max_hp_loss":0.0,"gold_gain":0.0,"event_name":"Upgrade Shrine","player_choice":"Upgraded","floor":4.0,"gold_loss":0.0,"damage_taken":0.0,"cards_upgraded":["Thunderclap"]},{"damage_healed":0.0,"max_hp_gain":0.0,"max_hp_loss":0.0,"gold_gain":0.0,"event_name":"Liars Game","player_choice":"Ignored","floor":14.0,"gold_loss":0.0,"damage_taken":0.0},{"damage_healed":0.0,"max_hp_gain":0.0,"max_hp_loss":0.0,"gold_gain":0.0,"event_name":"Match and Keep!","player_choice":"0 cards matched","floor":20.0,"gold_loss":0.0,"damage_taken":0.0,"cards_obtained":[]},{"damage_healed":0.0,"max_hp_gain":0.0,"max_hp_loss":0.0,"gold_gain":0.0,"event_name":"The Mausoleum","player_choice":"Opened","floor":24.0,"gold_loss":0.0,"damage_taken":0.0,"relics_obtained":["Pantograph"]}],"is_beta":false,"boss_relics":[{"not_picked":["Runic Dome","hubris:BlackHole","Honey Jar"]}],"items_purged_floors":[30],"is_endless":false,"potions_floor_spawned":[1,6,21,29],"killed_by":"Pondfish","ascension_level":0}}