{"host":"80ojs5zx0tu8i1zz","time":1611887185,"event":{"mods":["AchievementEnabler","Arknights The Spire","Aspiration","BaseMod","Better Altar","Better Match","Better Note","Better Sensory Stone","Better Skull","Better Third Choice","ChefMod","Colored Map","Colored Powertips","Hermit","Hubris","Infinite Spire","Jorbs\u0027s Wanderer Trilogy","Minty Spire (QoL Compilation)","Replay The Spire","Shade Mod","Shop Mod","StSLib","The Dragon Tamer","The Hayseed","The Hierophant","The Marked"],"gold_per_floor":[114,114,126,137,152,183,203,216,216,228,244,278,293,311,311,311,311],"floor_reached":16,"language":"ENG","playtime":878,"items_purged":[],"score":120,"play_id":"441c750a-659b-4f78-ae49-9b330e92a81c","local_time":"20210129042625","is_ascension_mode":false,"campfire_choices":[{"floor":15,"key":"REST"}],"circlet_count":0,"master_deck":["theMarked:Strike","theMarked:Strike","theMarked:Strike","theMarked:Strike","theMarked:Strike","theMarked:Defend","theMarked:Defend","theMarked:Defend","theMarked:Defend","theMarked:SoldierOfQuellstein","theMarked:StartUp","theMarked:StartUp","theMarked:EmpowerWeapon","theMarked:Parkour","theMarked:Indomitable","theMarked:WastefulAttack","theMarked:HeightenedSenses","theMarked:ThrowWeapon","theMarked:MuscleMemory","theMarked:ChainLightning","theMarked:MagusForm","theMarked:ResourceFulStrike"],"relics":["theMarked:ArtifactOfAir","aspiration:Nostalgia","chefmod:TrustyPot","Mirror","theMarked:Gun","Blue Doll"],"acts_visited":["Exordium"],"potions_floor_usage":[12],"damage_taken":[{"damage":0,"enemies":"2 Louse","floor":1,"turns":2},{"damage":2,"enemies":"Small Slimes","floor":3,"turns":3},{"damage":0,"enemies":"Cultist","floor":4,"turns":3},{"damage":5,"enemies":"Looter","floor":5,"turns":3},{"damage":31,"enemies":"Lagavulin","floor":6,"turns":6},{"damage":12,"enemies":"Blue Slaver","floor":7,"turns":3},{"damage":2,"enemies":"3 Louse","floor":8,"turns":3},{"damage":2,"enemies":"Red Slaver","floor":10,"turns":3},{"damage":0,"enemies":"Looter","floor":11,"turns":2},{"damage":8,"enemies":"Gremlin Nob","floor":12,"turns":3},{"damage":0,"enemies":"3 Louse","floor":13,"turns":3},{"damage":0,"enemies":"Gremlin Gang","floor":14,"turns":4},{"damage":39,"enemies":"Hexaghost","floor":16,"turns":10}],"seed_played":"-8189205678894703363","potions_obtained":[{"floor":1,"key":"CultistPotion"},{"floor":4,"key":"Explosive Potion"},{"floor":8,"key":"Strength Potion"},{"floor":11,"key":"CultistPotion"}],"is_trial":false,"path_per_floor":["M","?","M","M","M","E","M","M","T","M","M","E","M","M","R","B"],"character_chosen":"THE_DEFAULT","items_purchased":[],"campfire_rested":1,"item_purchase_floors":[],"current_hp_per_floor":[70,75,73,73,68,37,25,23,23,21,21,13,13,13,35,0,0],"gold":311,"neow_bonus":"NOSTALGIA","is_daily":false,"chose_seed":false,"campfire_upgraded":0,"win_rate":0.0,"timestamp":1611887185,"path_taken":["M","?","M","M","M","E","M","M","T","M","M","E","M","M","R","BOSS"],"items_purchased_type":[],"build_version":"2020-12-22","purchased_purges":0,"victory":false,"max_hp_per_floor":[70,75,75,75,75,75,75,75,75,75,75,75,75,75,75,75,75],"card_choices":[{"not_picked":["theMarked:SwordAndMagic","theMarked:Generate"],"picked":"theMarked:StartUp","floor":1},{"not_picked":["theMarked:ElectricStrings","theMarked:LightningStrikesTwice"],"picked":"theMarked:StartUp","floor":3},{"not_picked":["theMarked:TakeCover","theMarked:StartUp"],"picked":"theMarked:EmpowerWeapon","floor":4},{"not_picked":["theMarked:HeightenedSenses","theMarked:AttractMetal"],"picked":"theMarked:Parkour","floor":5},{"not_picked":["theMarked:RogueSparks","theMarked:Heritage"],"picked":"theMarked:Indomitable","floor":6},{"not_picked":["theMarked:TakeCover","theMarked:Frustration"],"picked":"theMarked:WastefulAttack","floor":7},{"not_picked":["theMarked:EmpowerWeapon","theMarked:SwordAndMagic"],"picked":"theMarked:HeightenedSenses","floor":8},{"not_picked":["theMarked:AttractMetal","theMarked:SwordAndMagic"],"picked":"theMarked:ThrowWeapon","floor":10},{"not_picked":["theMarked:SwordAndMagic","theMarked:EmpowerWeapon"],"picked":"theMarked:MuscleMemory","floor":11},{"not_picked":["theMarked:EmpowerWeapon","theMarked:Reabsorb"],"picked":"theMarked:ChainLightning","floor":12},{"not_picked":["theMarked:ElectricStrings","theMarked:Frustration"],"picked":"theMarked:MagusForm","floor":13},{"not_picked":["theMarked:Heritage","theMarked:Improvise"],"picked":"theMarked:ResourceFulStrike","floor":14}],"player_experience":220811,"relics_obtained":[{"floor":6,"key":"Mirror"},{"floor":9,"key":"theMarked:Gun"},{"floor":12,"key":"Blue Doll"}],"event_choices":[{"damage_healed":0,"gold_gain":0,"player_choice":"Donut","damage_taken":0,"max_hp_gain":5,"max_hp_loss":0,"event_name":"Big Fish","floor":2,"gold_loss":0}],"is_beta":false,"boss_relics":[],"items_purged_floors":[],"is_endless":false,"potions_floor_spawned":[1,4,8,11],"killed_by":"Hexaghost","ascension_level":0}}