{"host":"zsnmfqgcm92hlreo","time":1611950871,"event":{"mods":["AchievementEnabler","BaseMod","Bestiary","Block Reminder","Colored Powertips","Minty Spire (QoL Compilation)","Permanent Neow","Quick Restart","Relic Stats","Weighted Paths"],"gold_per_floor":[119,136,153,167,167,201,10,10,10,45,45,45,65,100,100,193,193,217,217,241,254,68,68,112,112,112],"floor_reached":25,"language":"ENG","playtime":1172,"items_purged":["Strike_G"],"score":482,"play_id":"8d113f6a-4393-45e8-8252-367a6eae89e6","local_time":"20210129140751","is_ascension_mode":true,"campfire_choices":[{"floor":8.0,"key":"REST"},{"floor":11.0,"key":"REST"},{"floor":15.0,"key":"RECALL"},{"floor":23.0,"key":"REST"}],"circlet_count":0,"master_deck":["AscendersBane","Strike_G","Strike_G","Strike_G","Strike_G","Defend_G","Defend_G","Defend_G","Defend_G","Defend_G","Survivor","Neutralize","Noxious Fumes","Dash","Skewer","Cloak And Dagger","Night Terror","Caltrops+1","All Out Attack","Blade Dance","Wraith Form v2","Malaise","Skewer","Blade Dance+1","Backflip+1","Caltrops","Accuracy","Infinite Blades","Noxious Fumes"],"relics":["Fusion Hammer","Golden Idol","The Courier","Incense Burner","Thread and Needle","Omamori","Philosopher\u0027s Stone","Juzu Bracelet"],"acts_visited":["Exordium","TheCity"],"potions_floor_usage":[25],"damage_taken":[{"damage":5.0,"enemies":"Small Slimes","floor":1.0,"turns":5.0},{"damage":4.0,"enemies":"2 Louse","floor":2.0,"turns":4.0},{"damage":1.0,"enemies":"Cultist","floor":3.0,"turns":4.0},{"damage":4.0,"enemies":"Large Slime","floor":4.0,"turns":5.0},{"damage":6.0,"enemies":"Lagavulin","floor":6.0,"turns":7.0},{"damage":9.0,"enemies":"3 Sentries","floor":10.0,"turns":8.0},{"damage":0.0,"enemies":"Exordium Wildlife","floor":13.0,"turns":3.0},{"damage":18.0,"enemies":"Lagavulin","floor":14.0,"turns":7.0},{"damage":36.0,"enemies":"The Guardian","floor":16.0,"turns":10.0},{"damage":20.0,"enemies":"2 Thieves","floor":18.0,"turns":3.0},{"damage":0.0,"enemies":"Shell Parasite","floor":20.0,"turns":6.0},{"damage":9.0,"enemies":"Centurion and Healer","floor":21.0,"turns":7.0},{"damage":20.0,"enemies":"Book of Stabbing","floor":24.0,"turns":6.0},{"damage":21,"enemies":"Snecko","floor":25,"turns":3}],"seed_played":"4409793084006420390","potions_obtained":[{"floor":1.0,"key":"Dexterity Potion"},{"floor":6.0,"key":"PowerPotion"},{"floor":10.0,"key":"Explosive Potion"},{"floor":14.0,"key":"CunningPotion"},{"floor":16.0,"key":"Energy Potion"}],"is_trial":false,"path_per_floor":["M","M","M","M","?","E","$","R","T","E","R","?","M","E","R","B",null,"M","?","M","M","$","R","E","M"],"character_chosen":"THE_SILENT","items_purchased":["Caltrops","All Out Attack","Caltrops","Accuracy","Infinite Blades"],"campfire_rested":3,"item_purchase_floors":[7,7,22,22,22],"current_hp_per_floor":[54,50,49,45,45,39,39,57,57,48,60,60,60,42,42,6,47,27,27,27,18,18,36,16,0,0],"gold":112,"neow_bonus":"BOSS_RELIC","is_daily":false,"chose_seed":false,"campfire_upgraded":0,"win_rate":0.0,"timestamp":1611950871,"path_taken":["M","M","M","M","?","E","$","R","T","E","R","?","M","E","R","BOSS","M","?","M","M","$","R","E","M"],"items_purchased_type":["Card","Card","Card","Card","Card"],"build_version":"2020-12-22","purchased_purges":1,"victory":false,"max_hp_per_floor":[66,66,66,66,60,60,60,60,60,60,60,60,60,60,60,60,60,60,60,60,60,60,60,60,60,60],"relic_stats":{"counters":[14,78],"Golden Idol":66,"Juzu Bracelet":0,"obtain_stats":[{"Golden Idol":5,"Thread and Needle":10,"Philosopher\u0027s Stone":17,"Fusion Hammer":0,"The Courier":6,"Incense Burner":9,"Omamori":14,"Juzu Bracelet":24,"Ring of the Snake":0},{"Golden Idol":4,"Thread and Needle":6,"Philosopher\u0027s Stone":9,"Fusion Hammer":0,"The Courier":5,"Incense Burner":5,"Omamori":8,"Juzu Bracelet":13,"Ring of the Snake":0},{"Golden Idol":18,"Thread and Needle":33,"Philosopher\u0027s Stone":53,"Fusion Hammer":0,"The Courier":25,"Incense Burner":25,"Omamori":43,"Juzu Bracelet":75,"Ring of the Snake":0}]},"card_choices":[{"not_picked":["Dodge and Roll","Quick Slash"],"picked":"Noxious Fumes","floor":1.0},{"not_picked":["Reflex","Flying Knee"],"picked":"Dash","floor":2.0},{"not_picked":["Flying Knee","Endless Agony"],"picked":"Skewer","floor":3.0},{"not_picked":["Quick Slash","Slice"],"picked":"Cloak And Dagger","floor":4.0},{"not_picked":["Masterful Stab","Flying Knee"],"picked":"Night Terror","floor":6.0},{"not_picked":["Acrobatics","Underhanded Strike"],"picked":"Blade Dance","floor":10.0},{"not_picked":["Bane","Deflect","Dagger Throw"],"picked":"SKIP","floor":13.0},{"not_picked":["Catalyst","Quick Slash"],"picked":"Wraith Form v2","floor":14.0},{"not_picked":["Unload","Storm of Steel"],"picked":"Malaise","floor":16.0},{"not_picked":["Finisher","Bane"],"picked":"Skewer","floor":18.0},{"not_picked":["Well Laid Plans","Dagger Spray+1"],"picked":"Blade Dance+1","floor":20.0},{"not_picked":["Prepared","Poisoned Stab"],"picked":"Backflip+1","floor":21.0},{"not_picked":["Poisoned Stab","Prepared"],"picked":"Noxious Fumes","floor":24.0}],"player_experience":939977,"relics_obtained":[{"floor":6.0,"key":"The Courier"},{"floor":9.0,"key":"Incense Burner"},{"floor":10.0,"key":"Thread and Needle"},{"floor":14.0,"key":"Omamori"},{"floor":24.0,"key":"Juzu Bracelet"}],"event_choices":[{"damage_healed":0.0,"max_hp_gain":0.0,"max_hp_loss":6.0,"gold_gain":0.0,"event_name":"Golden Idol","player_choice":"Lose Max HP","floor":5.0,"gold_loss":0.0,"damage_taken":0.0,"relics_obtained":["Golden Idol"]},{"damage_healed":0.0,"max_hp_gain":0.0,"max_hp_loss":0.0,"gold_gain":0.0,"event_name":"Upgrade Shrine","player_choice":"Upgraded","floor":12.0,"gold_loss":0.0,"damage_taken":0.0,"cards_upgraded":["Caltrops"]},{"damage_healed":0.0,"max_hp_gain":0.0,"max_hp_loss":0.0,"gold_gain":0.0,"event_name":"Cursed Tome","player_choice":"Ignored","floor":19.0,"gold_loss":0.0,"damage_taken":0.0}],"is_beta":false,"boss_relics":[{"not_picked":["Astrolabe","Sozu"],"picked":"Philosopher\u0027s Stone"}],"items_purged_floors":[7],"is_endless":false,"potions_floor_spawned":[1,6,10,14,16,21],"killed_by":"Snecko","ascension_level":20}}