{"host":"xi8yg1ddhptuxb9d","time":1611886556,"event":{"mods":["AchievementEnabler","AlwaysNeverKeys","BaseMod","Block Reminder","Minty Spire (QoL Compilation)","Relic Sorter","StSLib"],"gold_per_floor":[112,166,184,197,216,216,249,249,249,249,281,222,241,252,252,328,328,345,345,345,357,368,388,388,388],"floor_reached":24,"language":"ENG","playtime":1258,"items_purged":[],"score":424,"play_id":"68af2b2a-25f3-48eb-bf9d-90f5f602e5af","local_time":"20210128211556","is_ascension_mode":true,"campfire_choices":[{"floor":6,"key":"REST"},{"floor":8,"key":"REST"},{"floor":10,"key":"REST"},{"floor":15,"key":"REST"}],"circlet_count":0,"master_deck":["AscendersBane","Defend_G","Defend_G","Defend_G","Defend_G","Defend_G","Survivor","Neutralize","Finisher","Acrobatics","Leg Sweep","Predator","Quick Slash","Envenom","Cloak And Dagger","Backflip","PiercingWail","Wraith Form v2","Catalyst","Bite","Bite","Bite","Bite","Bite","RitualDagger","Dagger Throw","Riddle With Holes+1","Dodge and Roll"],"relics":["Fusion Hammer","Bag of Preparation","Centennial Puzzle","Bottled Lightning","CaptainsWheel","Cursed Key"],"acts_visited":["Exordium","TheCity"],"potions_floor_usage":[7,23,23],"damage_taken":[{"damage":0,"enemies":"Cultist","floor":1,"turns":4},{"damage":8,"enemies":"2 Louse","floor":3,"turns":3},{"damage":0,"enemies":"Small Slimes","floor":4,"turns":3},{"damage":28,"enemies":"Exordium Wildlife","floor":5,"turns":12},{"damage":30,"enemies":"Gremlin Nob","floor":7,"turns":4},{"damage":12,"enemies":"3 Sentries","floor":11,"turns":10},{"damage":5,"enemies":"Gremlin Gang","floor":13,"turns":5},{"damage":0,"enemies":"Blue Slaver","floor":14,"turns":4},{"damage":29,"enemies":"The Guardian","floor":16,"turns":11},{"damage":0,"enemies":"Chosen","floor":18,"turns":5},{"damage":14,"enemies":"2 Thieves","floor":21,"turns":4},{"damage":12,"enemies":"Snake Plant","floor":22,"turns":5},{"damage":15,"enemies":"Cultist and Chosen","floor":23,"turns":8},{"damage":50,"enemies":"Gremlin Leader","floor":24,"turns":5}],"seed_played":"-5597599569650069230","potions_obtained":[{"floor":4,"key":"Strength Potion"},{"floor":5,"key":"Regen Potion"},{"floor":13,"key":"ColorlessPotion"},{"floor":21,"key":"CunningPotion"}],"is_trial":false,"path_per_floor":["M","T","M","M","M","R","E","R","T","R","E","$","M","M","R","B",null,"M","?","?","M","M","M","E"],"character_chosen":"THE_SILENT","items_purchased":["Cloak And Dagger"],"campfire_rested":4,"item_purchase_floors":[12],"current_hp_per_floor":[59,59,51,51,23,42,12,31,31,50,38,38,33,33,52,23,55,55,46,40,32,32,34,0,0],"gold":388,"neow_bonus":"BOSS_RELIC","is_daily":false,"chose_seed":false,"campfire_upgraded":0,"win_rate":0.0,"timestamp":1611886556,"path_taken":["M","?","M","M","M","R","E","R","T","R","E","$","M","M","R","BOSS","M","?","?","M","M","M","E"],"items_purchased_type":["Card"],"build_version":"2020-12-22","purchased_purges":0,"victory":false,"max_hp_per_floor":[66,66,66,66,66,66,66,66,66,66,66,66,66,66,66,66,66,66,46,46,46,46,46,46,46],"card_choices":[{"not_picked":["Flying Knee","Reflex"],"picked":"Finisher","floor":1},{"not_picked":["Deadly Poison","Bane"],"picked":"Acrobatics","floor":3},{"not_picked":["Blur","Terror"],"picked":"Leg Sweep","floor":4},{"not_picked":["Masterful Stab","Quick Slash"],"picked":"Predator","floor":5},{"not_picked":["Endless Agony","PiercingWail"],"picked":"Quick Slash","floor":7},{"not_picked":["Underhanded Strike","Endless Agony"],"picked":"Envenom","floor":11},{"not_picked":["Sucker Punch","Endless Agony"],"picked":"Backflip","floor":13},{"not_picked":["Poisoned Stab","Flying Knee"],"picked":"PiercingWail","floor":14},{"not_picked":["Malaise","Phantasmal Killer"],"picked":"Wraith Form v2","floor":16},{"not_picked":["Deadly Poison","PiercingWail"],"picked":"Catalyst","floor":18},{"not_picked":["Outmaneuver","Deflect+1"],"picked":"Dagger Throw","floor":21},{"not_picked":["Deadly Poison","Underhanded Strike"],"picked":"Riddle With Holes+1","floor":22},{"not_picked":["Flying Knee","Quick Slash"],"picked":"Dodge and Roll","floor":23}],"player_experience":689091,"relics_obtained":[{"floor":2,"key":"Bag of Preparation"},{"floor":7,"key":"Centennial Puzzle"},{"floor":9,"key":"Bottled Lightning"},{"floor":11,"key":"CaptainsWheel"}],"event_choices":[{"damage_healed":0,"gold_gain":0,"player_choice":"Became a vampire","damage_taken":0,"max_hp_gain":0,"max_hp_loss":20,"event_name":"Vampires","floor":19,"gold_loss":0,"cards_obtained":["Bite","Bite","Bite","Bite","Bite"]},{"damage_healed":0,"gold_gain":0,"player_choice":"Joined the Cult","damage_taken":6,"max_hp_gain":0,"max_hp_loss":0,"event_name":"Nest","floor":20,"gold_loss":0,"cards_obtained":["RitualDagger"]}],"is_beta":false,"boss_relics":[{"not_picked":["Velvet Choker","Calling Bell"],"picked":"Cursed Key"}],"items_purged_floors":[],"is_endless":false,"potions_floor_spawned":[4,5,13,21,22],"killed_by":"Gremlin Leader","ascension_level":18}}