{"host":"ywif2ugnepgiw45s","time":1611961594,"event":{"mods":["Act Like it!","BaseMod","Better Skull","Downfall","Elementarium","GifTheSpireLib","Hermit","Lobotomy","Minty Spire (QoL Compilation)","READ ME - Guardian Mod","Shade Mod","Shop Mod","StSLib","The Cursed","The Exalted","The Jungle","The Servant 0.9.4"],"gold_per_floor":[99,109,121,106,123,138,220,230,230,264,106,135,135,163,174,174,174],"floor_reached":16,"language":"ENG","playtime":761,"items_purged":[],"score":154,"play_id":"c93e0164-e178-4d70-8a4b-0c79a9188a5c","local_time":"20210129180634","is_ascension_mode":true,"campfire_choices":[{"data":"Shade:AnimateDead","floor":1,"key":"SMITH"},{"data":"Shade:SensePrey","floor":9,"key":"SMITH"},{"floor":13,"key":"RECALL"}],"circlet_count":0,"master_deck":["Shade:Strike_Shade","Shade:Strike_Shade","Shade:Strike_Shade","Shade:Strike_Shade","Shade:Defend_Shade","Shade:Defend_Shade","Shade:Defend_Shade","Shade:Defend_Shade","Shade:AnimateDead+1","Shade:CarefulCut","Shade:FingerOfDeath","Shade:SpectralStrikes","Shade:SensePrey+1","Shade:ScuttlingHand","Shade:DarkOfNight","Shade:OminousRitual"],"relics":["Shade:YorickSkull","Mummified Hand","Ancient Tea Set","TheAbacus","Tiny Chest","Akabeko"],"acts_visited":["Exordium"],"potions_floor_usage":[4,16],"damage_taken":[{"damage":0,"enemies":"Cultist","floor":2,"turns":3},{"damage":0,"enemies":"2 Louse","floor":3,"turns":2},{"damage":0,"enemies":"downfall:FleeingMerchant","floor":4,"turns":4},{"damage":0,"enemies":"Jaw Worm","floor":5,"turns":3},{"damage":0,"enemies":"Exordium Wildlife","floor":6,"turns":2},{"damage":0,"enemies":"Lots of Slimes","floor":8,"turns":3},{"damage":21,"enemies":"Gremlin Nob","floor":10,"turns":4},{"damage":0,"enemies":"downfall:FleeingMerchant","floor":11,"turns":4},{"damage":0,"enemies":"Lagavulin","floor":12,"turns":6},{"damage":26,"enemies":"Gremlin Nob","floor":14,"turns":5},{"damage":0,"enemies":"Blue Slaver","floor":15,"turns":2},{"damage":77,"enemies":"IC_STATUS_ARCHETYPE","floor":16,"turns":13}],"seed_played":"6047977256432429511","potions_obtained":[{"floor":0,"key":"SteroidPotion"},{"floor":0,"key":"Explosive Potion"},{"floor":0,"key":"EssenceOfSteel"},{"floor":6,"key":"sneckomod:MuddlingPotion"},{"floor":14,"key":"FairyPotion"}],"is_trial":false,"path_per_floor":["R","M","M","$","M","M","T","M","R","E","$","E","R","E","M","B"],"character_chosen":"SHADE","items_purchased":["TheAbacus"],"campfire_rested":0,"item_purchase_floors":[11],"current_hp_per_floor":[65,65,65,65,65,65,65,65,65,44,44,44,44,18,18,0,0],"gold":174,"neow_bonus":"THREE_SMALL_POTIONS","is_daily":false,"chose_seed":false,"campfire_upgraded":2,"win_rate":0.0,"timestamp":1611961594,"path_taken":["R","M","M","?","M","M","T","M","R","E","$","E","R","E","M","BOSS"],"items_purchased_type":["Relic"],"build_version":"2020-12-22","purchased_purges":0,"victory":false,"max_hp_per_floor":[65,65,65,65,65,65,65,65,65,65,65,65,65,65,65,65,65],"card_choices":[{"not_picked":["Shade:GraveStillness","Shade:CommandSoldier"],"picked":"Shade:FingerOfDeath","floor":2},{"not_picked":["Shade:Patience","Shade:RitualOffering"],"picked":"Shade:SpectralStrikes","floor":3},{"not_picked":["Shade:Awaken","Shade:AncientSpear"],"picked":"Shade:SensePrey","floor":4},{"not_picked":["Shade:CoffinDance","Shade:PotionOfRestlessness","Shade:SkeletonHug"],"picked":"SKIP","floor":5},{"not_picked":["Shade:FreshBones","Shade:FeralStrike"],"picked":"Shade:ScuttlingHand","floor":6},{"not_picked":["Shade:ClawBack","Shade:FleshToFlesh","Shade:BoneShards"],"picked":"SKIP","floor":8},{"not_picked":["Shade:AncientSpear","Shade:FleshToFlesh","Shade:CoffinDance"],"picked":"SKIP","floor":10},{"not_picked":["Shade:Trample","Shade:CloudOfShrapnel"],"picked":"Shade:DarkOfNight","floor":11},{"not_picked":["Shade:Brains","Shade:Awaken"],"picked":"Shade:OminousRitual","floor":12},{"not_picked":["Shade:FuneraryArmor","Shade:WallOfFlesh","Shade:CommandSoldier"],"picked":"SKIP","floor":14},{"not_picked":["Shade:SanguineRitual","Shade:Bonestorm","Shade:Awaken"],"picked":"SKIP","floor":15}],"player_experience":1768820,"relics_obtained":[{"floor":7,"key":"Mummified Hand"},{"floor":10,"key":"Ancient Tea Set"},{"floor":12,"key":"Tiny Chest"},{"floor":14,"key":"Akabeko"}],"event_choices":[],"is_beta":false,"boss_relics":[],"items_purged_floors":[],"is_endless":false,"potions_floor_spawned":[3,6,10,12,14],"killed_by":"IC_STATUS_ARCHETYPE","ascension_level":1}}