{"host":"fvux6yoihym3ucic","time":1611938794,"event":{"mods":["BaseMod","Curses Come First","Downfall","Energized Spire","Hermit","Infinite Spire","Minty Spire (QoL Compilation)","Rare Cards Sparkle","Replay The Spire","Spire Arcade","StSLib","The Cursed"],"gold_per_floor":[10,10,20,20,20,50,50,50,103,136,136],"floor_reached":10,"language":"ENG","playtime":348,"items_purged":[],"score":74,"play_id":"c0ad9eef-0e2c-4a69-bc51-43038f151bb5","local_time":"20210129114634","is_ascension_mode":false,"campfire_choices":[{"data":"Bludgeon","floor":7,"key":"SMITH"}],"circlet_count":0,"master_deck":["Strike_R","Strike_R","Strike_R","Strike_R","Defend_R","Defend_R","Defend_R","Bash","Inflame","Clothesline","Regret","Heavy Blade","Bludgeon+1","infinitespire:OneForAll"],"relics":["Burning Blood","Replay:Mystery Machine","Replay:Rubber Ducky","infinitespire:Bottled Soul"],"acts_visited":["Exordium"],"potions_floor_usage":[10],"damage_taken":[{"damage":12,"enemies":"Small Slimes","floor":1,"turns":3},{"damage":9,"enemies":"2 Louse","floor":3,"turns":3},{"damage":33,"enemies":"Lagavulin","floor":6,"turns":6},{"damage":28,"enemies":"3 Sentries","floor":10,"turns":6}],"seed_played":"-7323741496947029686","potions_obtained":[{"floor":3,"key":"Milkshake"}],"is_trial":false,"path_per_floor":["M","?","M","?","$","E","R","$","T","E"],"character_chosen":"IRONCLAD","items_purchased":[],"campfire_rested":0,"item_purchase_floors":[],"current_hp_per_floor":[74,74,71,71,71,44,44,44,44,22,22],"gold":136,"neow_bonus":"TRANSFORM_TWO_CARDS","is_daily":false,"chose_seed":false,"campfire_upgraded":1,"win_rate":0.0,"timestamp":1611938794,"path_taken":["M","?","M","?","?","E","R","?","T","E"],"items_purchased_type":[],"build_version":"2020-12-22","purchased_purges":0,"victory":false,"max_hp_per_floor":[80,80,80,80,80,80,80,80,80,80,80],"card_choices":[{"not_picked":["Havoc","Flame Barrier","ReplayTheSpireMod:Muscle Training"],"picked":"SKIP","floor":1},{"not_picked":["Defy Death","Fire Breathing"],"picked":"Heavy Blade","floor":3},{"not_picked":["Iron Wave","Run Through"],"picked":"Bludgeon","floor":6},{"not_picked":["Iron Wave","Flame Barrier"],"picked":"infinitespire:OneForAll","floor":10}],"player_experience":33971,"relics_obtained":[{"floor":6,"key":"Replay:Rubber Ducky"},{"floor":10,"key":"infinitespire:Bottled Soul"}],"event_choices":[{"damage_healed":0,"gold_gain":0,"player_choice":"Box","damage_taken":0,"relics_obtained":["Replay:Mystery Machine"],"max_hp_gain":0,"max_hp_loss":0,"event_name":"Big Fish","floor":2,"gold_loss":0,"cards_obtained":["Regret"]}],"is_beta":false,"boss_relics":[],"items_purged_floors":[],"is_endless":false,"potions_floor_spawned":[3],"killed_by":"3 Sentries","ascension_level":0}}