{"host":"lxihx0b6awoz2w1j","time":1611935799,"event":{"mods":["Act Like it!","BaseMod","Better Third Choice","BetterRewards","CapriCore","Colored Powertips","Conspire","Downfall","Fox Events","Gensokyo","Hermit","Hubris","Infinite Spire","JesterMod","Luminous","Marisa????????","Melee Mod","Minty Spire (QoL Compilation)","Permanent Neow","Prisma Mod","Quick Restart","Relic Stats","Reliquary","Replay The Spire","Shade Mod","Spicy Shops","StSLib","Td1madao Mod","The Alterego","The Blue Laboratory","The Cursed","The Death Knight","The Disciple","The Forsaken","The Gatherer","The Immortal","The Jungle","The Marked","The Runesmith","The Senshi","The Servant 0.9.4","The Spell Scribe","Waifu the Spire"],"gold_per_floor":[111,111,123,141,151,151,177,177,177,167,167,181,200,231,231,327,327,338,338,355,355,367,367,367,380,429,442,458,468,480,515,515,617,617,617],"floor_reached":34,"language":"ENG","playtime":2728,"items_purged":["hubris:Greed"],"score":485,"play_id":"d1fe1537-3408-48ba-a1c8-5827782169a2","local_time":"20210129165639","is_ascension_mode":true,"campfire_choices":[{"data":"infinitespire:OneForAll","floor":6.0,"key":"SMITH"},{"data":"Bash","floor":8.0,"key":"SMITH"},{"data":"ReplayReversal","floor":11.0,"key":"SMITH"},{"data":"Combust","floor":15.0,"key":"SMITH"},{"data":"Hemogenesis","floor":23.0,"key":"SMITH"},{"floor":32,"key":"DIG"}],"circlet_count":0,"master_deck":["Strike_R","Strike_R","Strike_R","Strike_R+1","Strike_R","Defend_R+1","Defend_R","Defend_R","Defend_R","Bash+1","Dropkick+1","Heavy Blade","conspire:HitWhereItHurts","Ghostly Armor","Armaments","infinitespire:OneForAll+1","Twin Strike","Combust+1","Uppercut","Heavy Blade","ReplayReversal+1","Seeing Red","ReplayTheSpireMod:Limb From Limb","Iron Wave","Hemogenesis+1","Pummel","Warcry","infinitespire:NeuralNetwork","Cleave","Reaper","Spreading Infection","Anger","Warcry","Shrug It Off+1","ReplayTheSpireMod:LeadingStrike+1","Power Through","Replay:Many Hands"],"relics":["Burning Blood","Thread and Needle","hubris:GlazedTorus","Orrery","Bronze Scales","Regal Pillow","ReplayTheSpireMod:CursedCoin","Bottled Tornado","Cursed Key","alterego_mod:SomeoneToFightFor","Replay:Kaleidoscope","Whetstone","Gambling Chip","reliquary:Knoch"],"acts_visited":["Exordium","TheCity"],"potions_floor_usage":[],"damage_taken":[{"damage":0.0,"enemies":"Jaw Worm","floor":1.0,"turns":3.0},{"damage":0.0,"enemies":"2 Louse","floor":3.0,"turns":2.0},{"damage":3.0,"enemies":"Small Slimes","floor":4.0,"turns":3.0},{"damage":0.0,"enemies":"2 Fungi Beasts","floor":5.0,"turns":3.0},{"damage":12.0,"enemies":"3 Sentries","floor":7.0,"turns":6.0},{"damage":0.0,"enemies":"Looter","floor":12.0,"turns":2.0},{"damage":0.0,"enemies":"Exordium Wildlife","floor":13.0,"turns":4.0},{"damage":6.0,"enemies":"Lagavulin","floor":14.0,"turns":5.0},{"damage":3.0,"enemies":"Slime Boss","floor":16.0,"turns":4.0},{"damage":3.0,"enemies":"Shell Parasite","floor":18.0,"turns":3.0},{"damage":12.0,"enemies":"conspire:FuzzyDice","floor":20.0,"turns":4.0},{"damage":9.0,"enemies":"Snake Plant","floor":22.0,"turns":4.0},{"damage":22.0,"enemies":"Centurion and Healer","floor":25.0,"turns":4.0},{"damage":11.0,"enemies":"3 Cultists","floor":27.0,"turns":4.0},{"damage":2.0,"enemies":"Snake Plant","floor":28.0,"turns":2.0},{"damage":4.0,"enemies":"Chosen and Byrds","floor":29.0,"turns":5.0},{"damage":6.0,"enemies":"Cultist and Chosen","floor":30.0,"turns":5.0},{"damage":14.0,"enemies":"conspire:SneckoGhost","floor":31.0,"turns":4.0},{"damage":58,"enemies":"Collector","floor":33,"turns":9}],"seed_played":"6651645876305037040","potions_obtained":[{"floor":3.0,"key":"ColorlessPotion"},{"floor":5.0,"key":"Guardian:BlockOnCardUsePotion"},{"floor":13.0,"key":"blueLaboratory:BottledHope"},{"floor":14.0,"key":"EssenceOfSteel"},{"floor":25.0,"key":"Block Potion"},{"floor":28.0,"key":"blueLaboratory:BottleOfRum"},{"floor":29.0,"key":"blueLaboratory:FruitPreserves"}],"is_trial":false,"path_per_floor":["M","?","M","M","M","R","E","R","T","$","R","M","M","E","R","B",null,"M","?","M","?","M","R","AVR","M","T","M","M","M","M","E","R","B",null],"character_chosen":"IRONCLAD","items_purchased":["hubris:GlazedTorus","Dropkick","Orrery","ReplayTheSpireMod:CursedCoin","Heavy Blade","ReplayReversal"],"campfire_rested":0,"item_purchase_floors":[0,0,0,10,10,10],"current_hp_per_floor":[70,70,76,79,80,80,74,74,74,74,74,80,80,80,80,80,80,80,80,74,54,63,63,63,55,55,66,70,78,80,80,80,44,44,44],"gold":617,"neow_bonus":"","is_daily":false,"chose_seed":false,"campfire_upgraded":5,"win_rate":0.0,"timestamp":1611935799,"path_taken":["M","?","M","M","M","R","E","R","T","$","R","M","M","E","R","BOSS","M","?","M","?","M","R","AVR","M","T","M","M","M","M","E","R","BOSS"],"items_purchased_type":["Relic","Card","Relic","Relic","Card","Card"],"build_version":"2020-12-22","purchased_purges":1,"victory":false,"max_hp_per_floor":[80,80,80,80,80,80,80,80,80,80,80,80,80,80,80,80,80,80,80,80,80,80,80,80,80,80,80,80,80,80,80,80,80,80,80],"relic_stats":{"Regal Pillow":0,"counters":[51,237],"Bronze Scales":[141],"Gambling Chip":[3],"Whetstone":["Strike_R","Dropkick"],"Cursed Key":1,"obtain_stats":[{"Regal Pillow":9,"Gremlin Horn":0,"CeramicFish":9,"StoneCalendar":13,"Blue Doll":29,"Incense Burner":0,"hubris:SlimyHat":48,"Whetstone":26,"Bottled Tornado":14,"alterego_mod:SomeoneToFightFor":19,"Cursed Key":17,"Burning Blood":0,"hubris:Icosahedron":34,"hubris:Backtick":36,"Gambling Chip":31,"Toolbox":48,"hubris:GlazedTorus":0,"Gremlin Food":11,"hubris:DisguiseKit":27,"Happy Flower":4,"ReplayTheSpireMod:CursedCoin":10,"Blue Candle":6,"Oddly Smooth Stone":28,"Thread and Needle":0,"Replay:Kaleidoscope":24,"hubris:Towel":8,"Akabeko":48,"reliquary:Bookmark":48,"Replay:Baseball":0,"Bronze Scales":7,"infinitespire:Satchel":45,"DeathKnight:PutricidesVial":51,"Orrery":0,"Mark of Pain":17,"Nloth\u0027s Gift":24,"infinitespire:EmpoweringShard":36,"reliquary:Knoch":32,"ReplayTheSpireMod:Lightbulb":50,"TungstenRod":20},{"Regal Pillow":37,"Gremlin Horn":5,"CeramicFish":10,"StoneCalendar":13,"Blue Doll":21,"Incense Burner":5,"hubris:SlimyHat":30,"Whetstone":45,"Bottled Tornado":40,"alterego_mod:SomeoneToFightFor":42,"Cursed Key":41,"Burning Blood":0,"hubris:Icosahedron":23,"hubris:Backtick":24,"Gambling Chip":50,"Toolbox":30,"hubris:GlazedTorus":32,"Gremlin Food":11,"hubris:DisguiseKit":20,"Happy Flower":8,"ReplayTheSpireMod:CursedCoin":37,"Blue Candle":9,"Oddly Smooth Stone":20,"Thread and Needle":32,"Replay:Kaleidoscope":44,"hubris:Towel":10,"Akabeko":30,"reliquary:Bookmark":30,"Replay:Baseball":0,"Bronze Scales":37,"infinitespire:Satchel":29,"DeathKnight:PutricidesVial":31,"Orrery":32,"Mark of Pain":15,"Nloth\u0027s Gift":18,"infinitespire:EmpoweringShard":24,"reliquary:Knoch":50,"ReplayTheSpireMod:Lightbulb":31,"TungstenRod":17},{"Regal Pillow":178,"Gremlin Horn":21,"CeramicFish":34,"StoneCalendar":50,"Blue Doll":96,"Incense Burner":21,"hubris:SlimyHat":144,"Whetstone":208,"Bottled Tornado":189,"alterego_mod:SomeoneToFightFor":196,"Cursed Key":193,"Burning Blood":0,"hubris:Icosahedron":104,"hubris:Backtick":115,"Gambling Chip":228,"Toolbox":144,"hubris:GlazedTorus":161,"Gremlin Food":42,"hubris:DisguiseKit":89,"Happy Flower":26,"ReplayTheSpireMod:CursedCoin":178,"Blue Candle":31,"Oddly Smooth Stone":89,"Thread and Needle":161,"Replay:Kaleidoscope":204,"hubris:Towel":34,"Akabeko":144,"reliquary:Bookmark":144,"Replay:Baseball":0,"Bronze Scales":178,"infinitespire:Satchel":140,"DeathKnight:PutricidesVial":151,"Orrery":161,"Mark of Pain":65,"Nloth\u0027s Gift":79,"infinitespire:EmpoweringShard":115,"reliquary:Knoch":228,"ReplayTheSpireMod:Lightbulb":151,"TungstenRod":75}],"Burning Blood":219},"card_choices":[{"not_picked":["Body Slam","Sever Soul"],"picked":"Heavy Blade","floor":0.0},{"not_picked":["Limit Break","hubris:SharpeningStone"],"picked":"conspire:HitWhereItHurts","floor":0.0},{"not_picked":["Pummel","Iron Wave"],"picked":"Ghostly Armor","floor":0.0},{"not_picked":["conspire:Charge","Life Link"],"picked":"Armaments","floor":1.0},{"not_picked":["Iron Wave","Inflame"],"picked":"infinitespire:OneForAll","floor":3.0},{"not_picked":["Massacre","Anger"],"picked":"Twin Strike","floor":4.0},{"not_picked":["Clothesline","True Grit"],"picked":"Combust","floor":5.0},{"not_picked":["infinitespire:OneForAll","Evolve"],"picked":"Uppercut","floor":7.0},{"not_picked":["Heavy Blade","Perfected Strike"],"picked":"Seeing Red","floor":12.0},{"not_picked":["Armaments","hubris:CleavingFinish"],"picked":"ReplayTheSpireMod:Limb From Limb","floor":13.0},{"not_picked":["ReplayTheSpireMod:Strike From Hell","Dual Wield"],"picked":"Iron Wave","floor":14.0},{"not_picked":["Barricade","Impervious"],"picked":"Hemogenesis","floor":16.0},{"not_picked":["Warcry","Twin Strike"],"picked":"Pummel","floor":18.0},{"not_picked":["Flex","Body Slam"],"picked":"Warcry","floor":20.0},{"not_picked":["infinitespire:FutureSight","infinitespire:SealOfDarkness+"],"picked":"infinitespire:NeuralNetwork","floor":21.0},{"not_picked":["Perfected Strike+1","Infernal Blade+1"],"picked":"Cleave","floor":22.0},{"not_picked":["Warcry+1","Wild Strike"],"picked":"Reaper","floor":25.0},{"not_picked":["Sever Soul","Perfected Strike"],"picked":"Anger","floor":27.0},{"not_picked":["ReplayTheSpireMod:Strike From Hell","Heavy Blade"],"picked":"Warcry","floor":28.0},{"not_picked":["Wild Strike","Massacre"],"picked":"Shrug It Off+1","floor":29.0},{"not_picked":["Pommel Strike","Replay:Undeath\u0027s Touch"],"picked":"ReplayTheSpireMod:LeadingStrike+1","floor":30.0},{"not_picked":["Headbutt","ReplayTheSpireMod:Limb From Limb"],"picked":"Power Through","floor":31.0},{"not_picked":["Corruption","conspire:HitWhereItHurts"],"picked":"Replay:Many Hands","floor":33}],"player_experience":689150,"relics_obtained":[{"floor":7.0,"key":"Bronze Scales"},{"floor":9.0,"key":"Regal Pillow"},{"floor":14.0,"key":"Bottled Tornado"},{"floor":26.0,"key":"Whetstone"},{"floor":31.0,"key":"Gambling Chip"},{"floor":32,"key":"reliquary:Knoch"}],"event_choices":[{"damage_healed":0.0,"max_hp_gain":0.0,"max_hp_loss":0.0,"gold_gain":0.0,"event_name":"Secret Garden","player_choice":"Choice 2","floor":19.0,"gold_loss":0.0,"damage_taken":0.0,"relics_obtained":["alterego_mod:SomeoneToFightFor"]}],"is_beta":false,"boss_relics":[{"not_picked":["Coffee Dripper","Astrolabe"],"picked":"Cursed Key"}],"items_purged_floors":[10],"is_endless":false,"potions_floor_spawned":[3,5,13,14,16,22,25,27,28,29],"ascension_level":1}}