{"host":"ynimr9ugvc6f046i","time":1611937962,"event":{"mods":["2.2 Compatiblity","BaseMod","Colored Map","DeckTracker","Highlight Path","Keyboard Shortcuts","Minty Spire (QoL Compilation)","Permanent Neow","Quick Restart","StSLib","SuperFastMode"],"gold_per_floor":[109,109,123,123,138,171,171,200,224,240,240,240],"floor_reached":11,"language":"KOR","playtime":269,"items_purged":[],"score":216,"play_id":"70bdeb84-febd-4f0c-976f-09a6d6ccc822","local_time":"20210130013242","is_ascension_mode":true,"campfire_choices":[{"data":"Meditate","floor":7,"key":"SMITH"}],"circlet_count":0,"master_deck":["AscendersBane","Strike_P","Strike_P+1","Strike_P","Defend_P+1","Defend_P+1","Defend_P+1","Eruption+1","Vigilance+1","LessonLearned","Meditate+1"],"relics":["PureWater","Damaru","MealTicket","Blood Vial"],"acts_visited":["Exordium"],"potions_floor_usage":[6,6,8,11],"damage_taken":[{"damage":2,"enemies":"2 Louse","floor":1,"turns":2},{"damage":0,"enemies":"Cultist","floor":3,"turns":4},{"damage":7,"enemies":"Jaw Worm","floor":5,"turns":2},{"damage":0,"enemies":"Lagavulin","floor":6,"turns":4},{"damage":34,"enemies":"3 Sentries","floor":8,"turns":16},{"damage":4,"enemies":"2 Fungi Beasts","floor":10,"turns":3},{"damage":18,"enemies":"Gremlin Nob","floor":11,"turns":3}],"seed_played":"-2819127768987614243","potions_obtained":[{"floor":3,"key":"ColorlessPotion"},{"floor":5,"key":"SteroidPotion"},{"floor":6,"key":"SteroidPotion"},{"floor":8,"key":"CultistPotion"}],"is_trial":false,"path_per_floor":["M","?","M","?","M","E","R","E","T","M","E"],"character_chosen":"WATCHER","items_purchased":[],"campfire_rested":0,"item_purchase_floors":[],"current_hp_per_floor":[59,59,59,52,45,45,45,11,11,9,0,0],"gold":240,"neow_bonus":"UPGRADE_CARD","is_daily":false,"chose_seed":false,"campfire_upgraded":1,"win_rate":0.0,"timestamp":1611937962,"path_taken":["M","?","?","?","M","E","R","E","T","M","E"],"items_purchased_type":[],"build_version":"2020-12-22","purchased_purges":0,"victory":false,"max_hp_per_floor":[68,68,68,68,68,68,68,68,68,68,68,68],"card_choices":[{"not_picked":["ThirdEye","Swivel","ClearTheMind"],"picked":"SKIP","floor":1},{"not_picked":["Halt","Protect","LessonLearned"],"picked":"SKIP","floor":3},{"not_picked":["EmptyBody","ThirdEye","JustLucky"],"picked":"SKIP","floor":5},{"not_picked":["DeusExMachina","PathToVictory"],"picked":"Meditate","floor":6},{"not_picked":["BowlingBash","Nirvana","ThirdEye"],"picked":"SKIP","floor":8},{"not_picked":["ClearTheMind","Sanctity","CutThroughFate"],"picked":"SKIP","floor":10}],"player_experience":543138,"relics_obtained":[{"floor":6,"key":"Damaru"},{"floor":8,"key":"MealTicket"},{"floor":9,"key":"Blood Vial"}],"event_choices":[{"damage_healed":0,"gold_gain":0,"cards_transformed":["Strike_P"],"player_choice":"Transformed","damage_taken":0,"max_hp_gain":0,"max_hp_loss":0,"event_name":"Transmorgrifier","floor":2,"gold_loss":0,"cards_obtained":["LessonLearned"]},{"cards_removed":["Defend_P"],"damage_healed":0,"gold_gain":0,"player_choice":"Card Removal","damage_taken":7,"max_hp_gain":0,"max_hp_loss":0,"event_name":"Golden Wing","floor":4,"gold_loss":0}],"is_beta":false,"boss_relics":[],"items_purged_floors":[],"is_endless":false,"potions_floor_spawned":[3,5,6,8],"killed_by":"Gremlin Nob","ascension_level":20}}