{"host":"3pcjltfiofc9y6qs","time":1611962290,"event":{"mods":["BaseMod","Colored Map","Downfall","Minty Spire (QoL Compilation)","Permanent Neow","Relic Stats","StSLib"],"gold_per_floor":[99,99,199,349,349,349,349,376,392,429,429,429,229,256,278,278,278,278],"floor_reached":16,"language":"ENG","playtime":871,"items_purged":[],"score":131,"play_id":"1f556647-43b9-4192-8478-57b266caceb6","local_time":"20210130001810","is_ascension_mode":false,"campfire_choices":[{"data":"hexamod:Float","floor":1,"key":"SMITH"},{"floor":11,"key":"RECALL"},{"data":"hexamod:Rewind","floor":13,"key":"SMITH"}],"circlet_count":0,"master_deck":["hexamod:Strike+1","hexamod:Strike","hexamod:Strike+1","hexamod:Strike","hexamod:Defend","hexamod:Defend","hexamod:Defend","hexamod:Defend","hexamod:Sear","hexamod:Float+1","hexamod:GhostShield","Strike_R","hexamod:GhostLash","hexamod:Rewind+1","hexamod:GhostLash","hexamod:AdvancingGuard","hexamod:GhostLash"],"relics":["hexamod:SpiritBrand","downfall:HeartsMalice","Singing Bowl","Whetstone","CeramicFish","downfall:BrokenWingStatue","downfall:HeartBlessingRed","downfall:HeartBlessingGreen"],"acts_visited":["Exordium"],"potions_floor_usage":[16],"damage_taken":[{"damage":0,"enemies":"Jaw Worm","floor":2,"turns":1},{"damage":0,"enemies":"Small Slimes","floor":6,"turns":1},{"damage":0,"enemies":"3 Sentries","floor":8,"turns":1},{"damage":0,"enemies":"2 Louse","floor":9,"turns":2},{"damage":29,"enemies":"Lagavulin","floor":10,"turns":6},{"damage":2,"enemies":"Red Slaver","floor":14,"turns":3},{"damage":0,"enemies":"Blue Slaver","floor":15,"turns":3},{"damage":44,"enemies":"SI_SHIV_ARCHETYPE","floor":16,"turns":10}],"seed_played":"1328923812730217261","potions_obtained":[{"floor":10,"key":"SkillPotion"},{"floor":15,"key":"PowerPotion"}],"is_trial":false,"path_per_floor":["R","M","?","?","?","M","T","E","M","E","R","?","R","M","M","B"],"character_chosen":"THE_SPIRIT","items_purchased":[],"campfire_rested":0,"item_purchase_floors":[],"current_hp_per_floor":[70,70,70,70,70,70,70,72,72,43,43,43,43,41,41,0,0,0],"gold":278,"neow_bonus":"THREE_ENEMY_KILL","is_daily":false,"chose_seed":false,"campfire_upgraded":2,"win_rate":0.0,"timestamp":1611962290,"path_taken":["R","M","?","?","?","M","T","E","?","E","R","?","R","M","M","BOSS"],"items_purchased_type":[],"build_version":"2020-12-22","purchased_purges":0,"victory":false,"max_hp_per_floor":[70,70,70,70,70,70,70,72,72,72,72,72,72,72,72,72,72,72],"relic_stats":{"Singing Bowl":2,"counters":[8,24],"CeramicFish":27,"Whetstone":["hexamod:Strike","hexamod:Strike"],"obtain_stats":[{"downfall:BrokenWingStatue":12,"Singing Bowl":7,"downfall:HeartBlessingRed":13,"CeramicFish":10,"downfall:HeartsMalice":0,"downfall:HeartBlessingGreen":13,"Whetstone":8,"hexamod:SpiritBrand":0},{"downfall:BrokenWingStatue":5,"Singing Bowl":2,"downfall:HeartBlessingRed":5,"CeramicFish":5,"downfall:HeartsMalice":0,"downfall:HeartBlessingGreen":5,"Whetstone":3,"hexamod:SpiritBrand":0},{"downfall:BrokenWingStatue":8,"Singing Bowl":0,"downfall:HeartBlessingRed":8,"CeramicFish":8,"downfall:HeartsMalice":0,"downfall:HeartBlessingGreen":8,"Whetstone":0,"hexamod:SpiritBrand":0}]},"card_choices":[{"not_picked":["hexamod:ShieldOfDarkness","hexamod:HauntingEcho"],"picked":"hexamod:GhostShield","floor":2},{"not_picked":["hexamod:AdvancingGuard","hexamod:InspiringFlames"],"picked":"hexamod:GhostLash","floor":6},{"not_picked":["hexamod:InspiringFlames","hexamod:ShieldOfDarkness","hexamod:SecondSeal"],"picked":"Singing Bowl","floor":8},{"not_picked":["hexamod:PhantomFireball","hexamod:EtherealExpedition"],"picked":"hexamod:Rewind","floor":9},{"not_picked":["hexamod:ThermalTransfer","hexamod:ShieldOfDarkness"],"picked":"hexamod:GhostLash","floor":10},{"not_picked":["hexamod:TimeOfNeed","hexamod:GhostShield"],"picked":"hexamod:AdvancingGuard","floor":14},{"not_picked":["hexamod:SwordOfDarkness","hexamod:FastForward"],"picked":"hexamod:GhostLash","floor":15}],"player_experience":438180,"relics_obtained":[{"floor":7,"key":"Singing Bowl"},{"floor":8,"key":"Whetstone"},{"floor":10,"key":"CeramicFish"}],"event_choices":[{"cards_removed":["downfall:Icky"],"damage_healed":0,"gold_gain":0,"player_choice":"Took Card","damage_taken":0,"max_hp_gain":0,"max_hp_loss":0,"event_name":"NoteForYourself","floor":5,"gold_loss":0,"cards_obtained":["Strike_R"]}],"is_beta":false,"boss_relics":[],"items_purged_floors":[],"is_endless":false,"potions_floor_spawned":[10,15],"killed_by":"SI_SHIV_ARCHETYPE","ascension_level":0}}