{"host":"d7fiu2yjkssjxoz6","time":1611904347,"event":{"mods":["AchievementEnabler","BaseMod","Duelist Mod","Minty Spire (QoL Compilation)","StSLib"],"gold_per_floor":[145,145,161,172,187,222,222,249,299,329,345,16,34,50,50,127,127,138,138,154,154,154],"floor_reached":21,"language":"ENG","playtime":1363,"items_purged":[],"score":537,"play_id":"6cc548f5-39d5-4666-b14c-a4940c5851db","local_time":"20210128231227","is_ascension_mode":true,"campfire_choices":[{"floor":7,"key":"REST"},{"floor":15,"key":"REST"}],"circlet_count":0,"master_deck":["theDuelist:CyberArchfiend","theDuelist:OjamaYellow","theDuelist:SummonedSkull","theDuelist:LegendaryExodia","theDuelist:ExodiaRL","theDuelist:SpiralSpearStrike","theDuelist:ShardGreed","theDuelist:BeastTalwar","theDuelist:CardDestruction","theDuelist:FeatherShot","theDuelist:BlueEyes","AscendersBane","theDuelist:ExodiaLL","theDuelist:IceQueen","theDuelist:PowerWall","theDuelist:Hinotama+1","theDuelist:MagicCylinder","theDuelist:CaveDragon","theDuelist:FairyBox","theDuelist:ZombieMammoth","theDuelist:DarkMagician","theDuelist:BlockSpider","theDuelist:Hinotama+1","theDuelist:ChangeHeart","theDuelist:Mixeroid","theDuelist:BlockSpider","theDuelist:DarkMasterZorc","theDuelist:ExodiaRA","theDuelist:OneForOne","theDuelist:ExodiaHead","theDuelist:ExodiaNecross","theDuelist:ExodiaNecross","theDuelist:OneForOne","theDuelist:PowerWall","theDuelist:RainbowDragon","theDuelist:LabyrinthWall","theDuelist:GreenGadget","theDuelist:ClownZombie","theDuelist:CombinationAttack","theDuelist:ClownZombie","theDuelist:Sparks","theDuelist:Wildfire","theDuelist:GracefulCharity","theDuelist:MiraculousDescent+1","theDuelist:Sparks","theDuelist:PowerWall","theDuelist:Polymerization","theDuelist:Sparks","theDuelist:PotGreed","theDuelist:ArchfiendSoldier","theDuelist:ArchfiendSoldier","theDuelist:Mixeroid","theDuelist:MillenniumShield","theDuelist:PowerWall","theDuelist:MysticalElf","theDuelist:MillenniumScorpion","theDuelist:ExodiaLA","theDuelist:CaveDragon","theDuelist:Sparks","theDuelist:GracefulCharity","theDuelist:BerserkerCrush"],"relics":["theDuelist:MillenniumPuzzle","theDuelist:CardPoolRelic","theDuelist:CardPoolBasicRelic","theDuelist:BoosterPackPoolRelic","Bag of Preparation","Mercury Hourglass","Gambling Chip","SlaversCollar"],"acts_visited":["Exordium","TheCity"],"potions_floor_usage":[18,18],"damage_taken":[{"damage":0,"enemies":"Small Slimes","floor":1,"turns":5},{"damage":4,"enemies":"Jaw Worm","floor":3,"turns":4},{"damage":4,"enemies":"2 Louse","floor":4,"turns":3},{"damage":28,"enemies":"2 Fungi Beasts","floor":5,"turns":5},{"damage":21,"enemies":"Lagavulin","floor":6,"turns":7},{"damage":0,"enemies":"3 Sentries","floor":8,"turns":4},{"damage":0,"enemies":"Looter","floor":11,"turns":2},{"damage":3,"enemies":"Red Slaver","floor":13,"turns":5},{"damage":24,"enemies":"Exordium Thugs","floor":14,"turns":6},{"damage":18,"enemies":"Hexaghost","floor":16,"turns":9},{"damage":8,"enemies":"3 Byrds","floor":18,"turns":4},{"damage":24,"enemies":"Spheric Guardian","floor":20,"turns":7},{"damage":7,"enemies":"3 Cultists","floor":21,"turns":2}],"seed_played":"2567618128001433651","potions_obtained":[{"floor":4,"key":"DistilledChaos"},{"floor":5,"key":"theDuelist:OrbBottle"},{"floor":8,"key":"ColorlessPotion"},{"floor":20,"key":"SkillPotion"}],"is_trial":false,"path_per_floor":["M","?","M","M","M","E","R","E","T","?","M","$","M","M","R","B",null,"M","?","M","M"],"character_chosen":"THE_DUELIST","items_purchased":["Gambling Chip"],"campfire_rested":2,"item_purchase_floors":[12],"current_hp_per_floor":[70,70,66,62,34,13,36,36,36,36,36,36,33,9,32,14,61,53,31,7,0,0],"gold":154,"neow_bonus":"TEN_PERCENT_HP_BONUS","is_daily":false,"chose_seed":false,"campfire_upgraded":0,"win_rate":0.0,"timestamp":1611904347,"path_taken":["M","?","M","M","M","E","R","E","T","?","M","?","M","M","R","BOSS","M","?","M","M"],"items_purchased_type":["Relic"],"build_version":"2020-12-22","purchased_purges":0,"victory":false,"max_hp_per_floor":[77,77,77,77,77,77,77,77,77,77,77,77,77,77,77,77,77,77,82,82,82,82],"card_choices":[{"not_picked":["theDuelist:FuryFire","theDuelist:HarpieFeather","theDuelist:FlameTiger","theDuelist:BigEye","theDuelist:GoldenApples"],"picked":"SKIP","floor":1},{"not_picked":["theDuelist:EarthquakeGiant","theDuelist:Wiretap","theDuelist:MillenniumScorpion","theDuelist:Polymerization","theDuelist:RainbowOverdragon"],"picked":"SKIP","floor":3},{"not_picked":["theDuelist:GraniteLoyalist","theDuelist:HammerShot","theDuelist:LightningRodLord"],"picked":"SKIP","floor":4},{"not_picked":["theDuelist:AttackTheMoon","theDuelist:HammerShot","theDuelist:GiantTrapHole","theDuelist:MagicalStone","theDuelist:ReleaseFromStone"],"picked":"SKIP","floor":5},{"not_picked":["theDuelist:Blockman","theDuelist:Metronome","theDuelist:OrbMetronome","theDuelist:YellowBelliedOni"],"picked":"theDuelist:PotGenerosity","floor":6},{"not_picked":["theDuelist:BattleOx","theDuelist:ClearKuriboh","theDuelist:Sangan","theDuelist:HammerShot","theDuelist:PowerGiant"],"picked":"SKIP","floor":8},{"not_picked":["theDuelist:Hinotama","theDuelist:FlyingSaucer","theDuelist:WormApocalypse","theDuelist:FluteKuriboh","theDuelist:BigFire"],"picked":"SKIP","floor":11},{"not_picked":["theDuelist:BigFire","theDuelist:Hinotama","theDuelist:FluteKuriboh","theDuelist:ScrapFactory","theDuelist:Terraforming"],"picked":"SKIP","floor":13},{"not_picked":["theDuelist:Jinzo","theDuelist:ImperialOrder","theDuelist:JamBreeding","theDuelist:SphereKuriboh"],"picked":"SKIP","floor":14},{"not_picked":["theDuelist:OrbMetronome","theDuelist:Solidarity","theDuelist:YamiForm","theDuelist:TheCreator"],"picked":"theDuelist:PotGenerosity","floor":16},{"not_picked":["theDuelist:Hinotama","theDuelist:FlyingSaucer+1","theDuelist:WormApocalypse","theDuelist:ScrapFactory","theDuelist:Kuribohrn"],"picked":"SKIP","floor":18},{"not_picked":["theDuelist:BigFire","theDuelist:Hinotama","theDuelist:SilverApples+1","theDuelist:BattleguardKing"],"picked":"theDuelist:Polymerization","floor":20}],"player_experience":342408,"relics_obtained":[{"floor":6,"key":"Bag of Preparation"},{"floor":8,"key":"Mercury Hourglass"}],"event_choices":[{"damage_healed":0,"gold_gain":0,"player_choice":"Leave","duelist":true,"damage_taken":0,"max_hp_gain":0,"max_hp_loss":0,"event_name":"Card Trader","floor":2,"gold_loss":0},{"damage_healed":0,"gold_gain":30,"player_choice":"Searched \u00272\u0027 times","damage_taken":0,"max_hp_gain":0,"max_hp_loss":0,"event_name":"Dead Adventurer","floor":10,"gold_loss":0},{"damage_healed":0,"gold_gain":0,"player_choice":"Shed Blood","damage_taken":27,"max_hp_gain":5,"max_hp_loss":0,"event_name":"Forgotten Altar","floor":19,"gold_loss":0}],"is_beta":false,"boss_relics":[{"not_picked":["Calling Bell","Cursed Key"],"picked":"SlaversCollar"}],"items_purged_floors":[],"is_endless":false,"potions_floor_spawned":[4,5,8,13,14,20],"killed_by":"3 Cultists","ascension_level":18}}