{"host":"jmumkimrafwvkspb","time":1611948109,"event":{"mods":["AchievementEnabler","BaseMod","Colored Map","Minty Spire (QoL Compilation)","Replay The Spire","StSLib"],"gold_per_floor":[118,132,167,167,186,212,212,212,239,20,20,36,71,71,71,148,148,163,88,162,180,100,100,132,132,132,132,132],"floor_reached":27,"language":"ENG","playtime":1330,"items_purged":["Zap"],"score":474,"play_id":"52bb02ef-1bf1-419a-9175-ccf554d91e6b","local_time":"20210129202149","is_ascension_mode":true,"campfire_choices":[{"data":"ReplayTheSpireMod:Omega Cannon","floor":7.0,"key":"SMITH"},{"floor":11.0,"key":"REST"},{"floor":15.0,"key":"REST"},{"data":"Hologram","floor":23.0,"key":"SMITH"},{"data":"Hologram","floor":25.0,"key":"SMITH"}],"circlet_count":0,"master_deck":["AscendersBane","Strike_B+1","Strike_B+1","Strike_B+1","Strike_B+1","Defend_B","Defend_B","Defend_B","Dualcast","Chaos","Hologram+1","ReplayTheSpireMod:Omega Cannon+1","Reinforced Body","BasicCrystalCard","Ball Lightning","Fission","Hologram+1","Creative AI+1"],"relics":["Cracked Core","Replay:Accelerometer","Pen Nib","Replay:Bottled Eggs","Anchor","Replay:Wax Seal","Toy Ornithopter","Dream Catcher","Snecko Eye","Frozen Egg 2","Centennial Puzzle"],"acts_visited":["Exordium","TheCity"],"potions_floor_usage":[],"damage_taken":[{"damage":0.0,"enemies":"Small Slimes","floor":1.0,"turns":3.0},{"damage":13.0,"enemies":"2 Louse","floor":2.0,"turns":4.0},{"damage":4.0,"enemies":"Cultist","floor":5.0,"turns":4.0},{"damage":21.0,"enemies":"Replay:BlueRogue","floor":6.0,"turns":6.0},{"damage":0.0,"enemies":"Exordium Thugs","floor":12.0,"turns":2.0},{"damage":28.0,"enemies":"Gremlin Nob","floor":13.0,"turns":4.0},{"damage":13.0,"enemies":"Slime Boss","floor":16.0,"turns":5.0},{"damage":0.0,"enemies":"3 Byrds","floor":18.0,"turns":3.0},{"damage":13.0,"enemies":"2 Thieves","floor":21.0,"turns":3.0},{"damage":20.0,"enemies":"Replay:Snechameleon","floor":24.0,"turns":4.0},{"damage":31,"enemies":"Gremlin Leader","floor":27,"turns":7}],"seed_played":"-823190848590643193","potions_obtained":[{"floor":1.0,"key":"Elixir"},{"floor":2.0,"key":"SteroidPotion"},{"floor":3.0,"key":"ColorlessPotion"},{"floor":24.0,"key":"SkillPotion"}],"is_trial":false,"path_per_floor":["M","M","?","?","M","E","R","?","T","$","R","M","E","$","R","B",null,"M","$","T","M","?","R","E","R","T","E"],"character_chosen":"DEFECT","items_purchased":["Replay:Wax Seal","Toy Ornithopter"],"campfire_rested":2,"item_purchase_floors":[10,10],"current_hp_per_floor":[71,58,33,33,29,8,8,8,8,8,31,31,3,3,26,13,62,62,62,62,49,49,49,29,29,29,0,0],"gold":132,"neow_bonus":"TEN_PERCENT_HP_BONUS","is_daily":false,"chose_seed":false,"campfire_upgraded":3,"win_rate":0.0,"timestamp":1611948109,"path_taken":["M","M","?","?","M","E","R","?","T","$","R","M","E","$","R","BOSS","M","?","?","M","?","R","E","R","T","E"],"items_purchased_type":["Relic","Relic"],"build_version":"2020-12-22","purchased_purges":1,"victory":false,"max_hp_per_floor":[78,78,78,78,78,78,78,78,78,78,78,78,78,78,78,78,78,78,78,78,78,78,78,78,78,78,78,78],"card_choices":[{"not_picked":["Leap","BasicCrystalCard"],"picked":"Chaos","floor":1.0},{"not_picked":["Double Energy","Heatsinks"],"picked":"Recycle","floor":2.0},{"not_picked":["Panic Button","Tempest"],"picked":"Hologram","floor":3.0},{"not_picked":["Sweeping Beam","Heatsinks"],"picked":"ReplayTheSpireMod:Omega Cannon","floor":5.0},{"not_picked":["Stack","Panic Button"],"picked":"Reinforced Body","floor":6.0},{"not_picked":["Scrape","ReplaySort"],"picked":"BasicCrystalCard","floor":12.0},{"not_picked":["Chaos","Panic Button"],"picked":"Ball Lightning","floor":13.0},{"not_picked":["All For One","Amplify"],"picked":"Fission","floor":16.0},{"not_picked":["Compile Driver","Steam"],"picked":"Hologram","floor":18.0},{"not_picked":["Panic Button","Ball Lightning","ReplayTheSpireMod:GoodbyeWorld+1"],"picked":"SKIP","floor":21.0},{"not_picked":["Go for the Eyes","Time Bomb"],"picked":"Creative AI+1","floor":24.0}],"player_experience":1627074,"relics_obtained":[{"floor":3.0,"key":"Replay:Accelerometer"},{"floor":6.0,"key":"Pen Nib"},{"floor":9.0,"key":"Anchor"},{"floor":13.0,"key":"Dream Catcher"},{"floor":20.0,"key":"Frozen Egg 2"},{"floor":24.0,"key":"Centennial Puzzle"}],"event_choices":[{"cards_removed":["Recycle"],"damage_healed":0.0,"max_hp_gain":0.0,"max_hp_loss":0.0,"gold_gain":0.0,"event_name":"WeMeetAgain","player_choice":"Gave Card","floor":8.0,"gold_loss":0.0,"damage_taken":0.0,"relics_obtained":["Replay:Bottled Eggs"]}],"is_beta":false,"boss_relics":[{"not_picked":["Astrolabe","Empty Cage"],"picked":"Snecko Eye"}],"items_purged_floors":[19],"is_endless":false,"potions_floor_spawned":[1,2,24],"killed_by":"Gremlin Leader","ascension_level":20}}