{"host":"s3s7xsmblwiz356v","time":1611880537,"event":{"mods":["AchievementEnabler","BaseMod","Block Reminder","Colored Map","Colored Powertips","Minty Spire (QoL Compilation)"],"gold_per_floor":[114,189,202,202,167,202,202,219,219,219,245,18,34,69,69,147,147,160,110,129,169,196,225,225,250,250,99,219,230,230,31,31,105,105,124,140,91,313,313,313,157,507,507,28,46,77,77,77,77,77,77],"floor_reached":50,"language":"ENG","playtime":2446,"items_purged":[],"score":1016,"play_id":"db83a6ec-e32b-481a-882e-78efbdbacfa6","local_time":"20210128193537","is_ascension_mode":true,"campfire_choices":[{"data":"Bash","floor":7.0,"key":"SMITH"},{"data":"Armaments","floor":15.0,"key":"SMITH"},{"floor":24.0,"key":"REST"},{"floor":32.0,"key":"RECALL"},{"floor":40.0,"key":"REST"},{"floor":49.0,"key":"REST"}],"circlet_count":0,"master_deck":["AscendersBane","Strike_R","Strike_R+1","Strike_R+1","Strike_R","Defend_R","Defend_R","Defend_R","Defend_R","Bash+1","Headbutt","Clothesline+1","Whirlwind+1","Pommel Strike","Fire Breathing","Limit Break","Armaments+1","Spot Weakness","Feed","Hemokinesis+1","Thunderclap+1","Reckless Charge","Seeing Red","Offering","Wild Strike+1","Shrug It Off","Wild Strike+1","Rupture"],"relics":["Burning Blood","Mercury Hourglass","Ornamental Fan","Thread and Needle","Toolbox","Lantern","Fusion Hammer","Red Mask","Whetstone","Vajra","Bottled Flame","Bag of Marbles","StoneCalendar","Kunai","ClockworkSouvenir","SacredBark","Anchor","Old Coin","Red Skull","Shovel","Gambling Chip"],"acts_visited":["Exordium","TheCity","TheBeyond"],"potions_floor_usage":[],"damage_taken":[{"damage":4.0,"enemies":"Small Slimes","floor":1.0,"turns":3.0},{"damage":6.0,"enemies":"2 Louse","floor":3.0,"turns":3.0},{"damage":20.0,"enemies":"3 Sentries","floor":6.0,"turns":7.0},{"damage":0.0,"enemies":"Jaw Worm","floor":8.0,"turns":3.0},{"damage":36.0,"enemies":"Lagavulin","floor":11.0,"turns":7.0},{"damage":0.0,"enemies":"3 Louse","floor":13.0,"turns":1.0},{"damage":15.0,"enemies":"3 Sentries","floor":14.0,"turns":6.0},{"damage":11.0,"enemies":"Slime Boss","floor":16.0,"turns":6.0},{"damage":10.0,"enemies":"2 Thieves","floor":18.0,"turns":3.0},{"damage":0.0,"enemies":"Chosen","floor":20.0,"turns":5.0},{"damage":41.0,"enemies":"Shelled Parasite and Fungi","floor":21.0,"turns":5.0},{"damage":0.0,"enemies":"Masked Bandits","floor":22.0,"turns":1.0},{"damage":7.0,"enemies":"Slavers","floor":23.0,"turns":3.0},{"damage":6.0,"enemies":"Book of Stabbing","floor":25.0,"turns":4.0},{"damage":2.0,"enemies":"Colosseum Slavers","floor":28.0,"turns":1.0},{"damage":0.0,"enemies":"Colosseum Nobs","floor":28.0,"turns":2.0},{"damage":0.0,"enemies":"Snake Plant","floor":29.0,"turns":2.0},{"damage":11.0,"enemies":"Champ","floor":33.0,"turns":5.0},{"damage":0.0,"enemies":"Orb Walker","floor":35.0,"turns":2.0},{"damage":8.0,"enemies":"3 Shapes","floor":36.0,"turns":2.0},{"damage":15.0,"enemies":"2 Orb Walkers","floor":42.0,"turns":4.0},{"damage":20.0,"enemies":"Writhing Mass","floor":45.0,"turns":5.0},{"damage":29.0,"enemies":"Giant Head","floor":46.0,"turns":6.0},{"damage":22.0,"enemies":"Reptomancer","floor":48.0,"turns":3.0},{"damage":46,"enemies":"Time Eater","floor":50,"turns":4}],"seed_played":"-8241091009761621628","potions_obtained":[{"floor":3.0,"key":"Fire Potion"},{"floor":13.0,"key":"Fire Potion"},{"floor":16.0,"key":"Fruit Juice"},{"floor":20.0,"key":"Explosive Potion"},{"floor":21.0,"key":"Explosive Potion"},{"floor":28.0,"key":"ElixirPotion"},{"floor":29.0,"key":"LiquidBronze"},{"floor":33.0,"key":"AttackPotion"},{"floor":36.0,"key":"SkillPotion"},{"floor":46.0,"key":"SmokeBomb"}],"is_trial":false,"path_per_floor":["M","?","M","?","?","E","R","M","T","?","E","$","M","E","R","B",null,"M","?","M","M","?","E","R","E","T","$","?","M","?","$","R","B",null,"M","M","$","?","?","R","$","?","T","$","M","E","$","E","R","B"],"character_chosen":"IRONCLAD","items_purchased":["Regen Potion","Toolbox","Bag of Marbles","ClockworkSouvenir","SteroidPotion","Shrug It Off","Anchor","Red Skull","Shovel","SteroidPotion"],"campfire_rested":3,"item_purchase_floors":[12,12,27,31,31,37,41,44,44,44],"current_hp_per_floor":[70,59,59,36,54,40,40,46,46,46,16,16,22,28,28,23,62,58,58,64,34,40,39,63,63,63,63,73,82,82,82,82,77,82,86,84,84,84,82,82,82,73,73,73,59,36,36,20,44,0,0],"gold":77,"neow_bonus":"THREE_CARDS","is_daily":false,"chose_seed":false,"campfire_upgraded":2,"win_rate":0.0,"timestamp":1611880537,"path_taken":["M","?","M","?","?","E","R","M","T","?","E","?","M","E","R","BOSS","M","?","M","?","?","E","R","E","T","$","?","M","?","?","R","BOSS","M","M","?","?","?","R","$","?","T","?","M","E","$","E","R","BOSS"],"items_purchased_type":["Potion","Relic","Relic","Relic","Potion","Card","Relic","Relic","Relic","Potion"],"build_version":"2020-12-22","purchased_purges":0,"victory":false,"max_hp_per_floor":[75,75,75,75,75,75,75,75,75,75,75,75,75,75,75,75,75,75,75,75,80,80,80,80,80,80,80,80,83,83,83,83,83,83,86,86,86,86,82,82,82,82,82,82,82,82,82,82,82,82,82],"card_choices":[{"not_picked":["Flex","Perfected Strike"],"picked":"Headbutt","floor":0.0},{"not_picked":["Headbutt","Cleave"],"picked":"Clothesline","floor":1.0},{"not_picked":["Second Wind","Clothesline"],"picked":"Whirlwind","floor":3.0},{"not_picked":["True Grit","Headbutt"],"picked":"Pommel Strike","floor":6.0},{"not_picked":["Headbutt","Clothesline","Iron Wave"],"picked":"SKIP","floor":8.0},{"not_picked":["Havoc","Iron Wave"],"picked":"Limit Break","floor":11.0},{"not_picked":["Anger","Sword Boomerang"],"picked":"Armaments","floor":13.0},{"not_picked":["Shrug It Off","Flame Barrier"],"picked":"Spot Weakness","floor":14.0},{"not_picked":["Impervious","Reaper"],"picked":"Feed","floor":16.0},{"not_picked":["Havoc","Clothesline","Headbutt"],"picked":"SKIP","floor":18.0},{"not_picked":["Iron Wave","Twin Strike"],"picked":"Hemokinesis+1","floor":20.0},{"not_picked":["Dual Wield","Sentinel","Sever Soul"],"picked":"SKIP","floor":21.0},{"not_picked":["Perfected Strike+1","Anger"],"picked":"Thunderclap+1","floor":23.0},{"not_picked":["Heavy Blade","Limit Break"],"picked":"Reckless Charge","floor":25.0},{"not_picked":["Heavy Blade","Armaments"],"picked":"Seeing Red","floor":29.0},{"not_picked":["Impervious","Corruption"],"picked":"Offering","floor":33.0},{"not_picked":["Armaments","Clash","Twin Strike"],"picked":"SKIP","floor":35.0},{"not_picked":["Clothesline+1","Exhume"],"picked":"Wild Strike+1","floor":36.0},{"not_picked":["Perfected Strike","Cleave"],"picked":"Wild Strike+1","floor":45.0},{"not_picked":["Uppercut+1","Anger+1"],"picked":"Rupture","floor":46.0}],"player_experience":531794,"relics_obtained":[{"floor":6.0,"key":"Mercury Hourglass"},{"floor":9.0,"key":"Ornamental Fan"},{"floor":11.0,"key":"Thread and Needle"},{"floor":14.0,"key":"Lantern"},{"floor":22.0,"key":"Red Mask"},{"floor":23.0,"key":"Whetstone"},{"floor":25.0,"key":"Vajra"},{"floor":26.0,"key":"Bottled Flame"},{"floor":28.0,"key":"StoneCalendar"},{"floor":28.0,"key":"Kunai"},{"floor":42.0,"key":"Old Coin"},{"floor":46.0,"key":"Gambling Chip"}],"event_choices":[{"damage_healed":0.0,"max_hp_gain":0.0,"max_hp_loss":0.0,"gold_gain":75.0,"event_name":"World of Goop","player_choice":"Gather Gold","floor":2.0,"gold_loss":0.0,"damage_taken":11.0},{"damage_healed":0.0,"max_hp_gain":0.0,"max_hp_loss":0.0,"gold_gain":0.0,"event_name":"Shining Light","player_choice":"Entered Light","floor":4.0,"gold_loss":0.0,"damage_taken":23.0,"cards_upgraded":["Clothesline","Whirlwind"]},{"damage_healed":18.0,"max_hp_gain":0.0,"max_hp_loss":0.0,"gold_gain":0.0,"event_name":"The Cleric","player_choice":"Healed","floor":5.0,"gold_loss":35.0,"damage_taken":0.0},{"damage_healed":0.0,"max_hp_gain":0.0,"max_hp_loss":0.0,"gold_gain":0.0,"cards_transformed":["Strike_R"],"event_name":"Living Wall","player_choice":"Change","floor":10.0,"gold_loss":0.0,"damage_taken":0.0,"cards_obtained":["Fire Breathing"]},{"damage_healed":0.0,"max_hp_gain":0.0,"max_hp_loss":0.0,"gold_gain":0.0,"event_name":"The Joust","player_choice":"Bet on Owner","floor":19.0,"gold_loss":50.0,"damage_taken":0.0},{"damage_healed":0.0,"max_hp_gain":0.0,"max_hp_loss":0.0,"gold_gain":0.0,"event_name":"Masked Bandits","player_choice":"Fought Bandits","floor":22.0,"gold_loss":0.0,"damage_taken":0.0},{"damage_healed":0.0,"max_hp_gain":0.0,"max_hp_loss":0.0,"gold_gain":0.0,"event_name":"Colosseum","player_choice":"Fight","floor":28.0,"gold_loss":0.0,"damage_taken":0.0},{"damage_healed":0.0,"max_hp_gain":0.0,"max_hp_loss":0.0,"gold_gain":0.0,"event_name":"Colosseum","player_choice":"Fought Nobs","floor":28.0,"gold_loss":0.0,"damage_taken":0.0},{"damage_healed":0.0,"max_hp_gain":0.0,"max_hp_loss":0.0,"gold_gain":0.0,"event_name":"Vampires","player_choice":"Ignored","floor":30.0,"gold_loss":0.0,"damage_taken":0.0},{"damage_healed":0.0,"max_hp_gain":0.0,"max_hp_loss":0.0,"gold_gain":222.0,"event_name":"Tomb of Lord Red Mask","player_choice":"Wore Mask","floor":38.0,"gold_loss":0.0,"damage_taken":0.0},{"damage_healed":0.0,"max_hp_gain":0.0,"max_hp_loss":4.0,"gold_gain":0.0,"event_name":"Winding Halls","player_choice":"Max HP","floor":39.0,"gold_loss":0.0,"damage_taken":0.0},{"damage_healed":0.0,"max_hp_gain":0.0,"max_hp_loss":0.0,"gold_gain":0.0,"event_name":"Mysterious Sphere","player_choice":"Fight","floor":42.0,"gold_loss":0.0,"damage_taken":0.0}],"is_beta":false,"boss_relics":[{"not_picked":["Runic Cube","Sozu"],"picked":"Fusion Hammer"},{"not_picked":["Philosopher\u0027s Stone","SlaversCollar"],"picked":"SacredBark"}],"items_purged_floors":[],"is_endless":false,"potions_floor_spawned":[3,13,16,20,21,28,29,33,36,46],"killed_by":"Time Eater","ascension_level":15}}