{"host":"sy26bfguqtls01um","time":1611936957,"event":{"mods":["BaseMod","DeckTracker","Hermit","Minty Spire (QoL Compilation)","Random Character Button","StSLib","SuperFastMode","The Hierophant","The Necromancer","The Servant 0.9.4","The Wild Card"],"gold_per_floor":[113,263,98,173,173,205,218,218,218,218,229,154,154,154,154,228,228,245,42,60,60,76,76,89,108,108,108,121,121,121,121],"floor_reached":30,"language":"KOR","playtime":1681,"items_purged":["Doubt","Defend_W"],"score":460,"play_id":"b33791c8-b4ad-42ec-9865-098ed6c37df6","local_time":"20210130011557","is_ascension_mode":true,"campfire_choices":[{"data":"Scare","floor":10.0,"key":"SMITH"},{"data":"Negative_Energy_Arrows","floor":15,"key":"SMITH"},{"data":"Summon_Vampire_Lady","floor":23,"key":"SMITH"},{"data":"Spectral_Walk","floor":27,"key":"SMITH"},{"data":"Finesse","floor":29,"key":"SMITH"}],"circlet_count":0,"master_deck":["AscendersBane","Strike_W","Strike_W","Strike_W","Defend_W+1","Defend_W","Negative_Energy_Arrows+1","Bone_Wall","Stop_Heart+1","Spectral_Armor","Scare+1","Summon_Vampire_Lady+1","Negative_Energy_Mist+1","Finesse+1","Summon_Undead+1","Spectral_Walk+1"],"relics":["Vampire_Amulet","Ornamental Fan","Pear","Sozu","War Paint","Gremlin Horn"],"acts_visited":["Exordium","TheCity"],"potions_floor_usage":[14,16],"damage_taken":[{"damage":2.0,"enemies":"Small Slimes","floor":1.0,"turns":5.0},{"damage":35.0,"enemies":"Gremlin Nob","floor":6.0,"turns":5.0},{"damage":9.0,"enemies":"2 Louse","floor":7.0,"turns":4.0},{"damage":3.0,"enemies":"Cultist","floor":11.0,"turns":4.0},{"damage":0,"enemies":"Large Slime","floor":14,"turns":1},{"damage":22,"enemies":"The Guardian","floor":16,"turns":10},{"damage":4,"enemies":"Chosen","floor":18,"turns":5},{"damage":6,"enemies":"Spheric Guardian","floor":20,"turns":5},{"damage":6,"enemies":"Snecko","floor":22,"turns":5},{"damage":8,"enemies":"Snake Plant","floor":24,"turns":4},{"damage":27,"enemies":"Centurion and Healer","floor":25,"turns":7},{"damage":26,"enemies":"Sentry and Sphere","floor":28,"turns":8},{"damage":118,"enemies":"Slavers","floor":30,"turns":7}],"seed_played":"-7991459355728239601","potions_obtained":[{"floor":1.0,"key":"BlessingOfTheForge"},{"floor":11.0,"key":"SmokeBomb"},{"floor":13.0,"key":"DuplicationPotion"}],"is_trial":false,"path_per_floor":["M","?","$","?","?","E","M","?","T","R","M","?","?","M","R","B",null,"M","$","M","?","M","R","M","M","T","R","M","R","E"],"character_chosen":"NECROMANCER","items_purchased":["Spectral_Armor","Finesse"],"campfire_rested":0,"item_purchase_floors":[3,19],"current_hp_per_floor":[66,66,66,55,60,27,22,22,32,32,31,31,31,31,31,11,67,77,77,86,86,86,86,86,83,83,83,86,86,0,0],"gold":121,"neow_bonus":"REMOVE_CARD","is_daily":false,"chose_seed":false,"campfire_upgraded":5,"win_rate":0.0,"timestamp":1611936957,"path_taken":["M","?","$","?","?","E","M","?","T","R","?","?","?","M","R","BOSS","M","$","M","?","M","R","M","M","T","R","?","R","E"],"items_purchased_type":["Card","Card"],"build_version":"2020-12-22","purchased_purges":2,"victory":false,"max_hp_per_floor":[71,71,71,71,76,76,76,76,86,86,86,86,86,86,86,86,86,86,86,86,86,86,86,86,86,86,86,86,86,86,86],"card_choices":[{"not_picked":["Negative_Energy_Mist","Death_March_Dance"],"picked":"Stop_Heart","floor":1.0},{"not_picked":["Bone_Armor","Shackles_Of_Pain"],"picked":"Scare","floor":6.0},{"not_picked":["Blood_Whip","Uncharnel","Vampiric_Strike"],"picked":"SKIP","floor":7.0},{"not_picked":["Pandemic","Blood_Whip","Whirlwind_of_Bones"],"picked":"SKIP","floor":11.0},{"not_picked":["Grasp_Heart","Detonate_Bones"],"picked":"Summon_Vampire_Lady","floor":16},{"not_picked":["Death_Coil+1","Negative_Energy_Shield"],"picked":"Negative_Energy_Mist+1","floor":18},{"not_picked":["Finger_Of_Death","Whirlwind_of_Bones"],"picked":"Summon_Undead","floor":20},{"not_picked":["Negative_Energy_Burst","Death_Coil","Chill_Blood"],"picked":"SKIP","floor":22},{"not_picked":["Chill_Blood","Negative_Energy_Mist","Scare"],"picked":"SKIP","floor":24},{"not_picked":["Whirlwind_of_Bones","Negative_Energy_Sphere"],"picked":"Spectral_Walk","floor":25},{"not_picked":["Blood_for_Blood","Bone_Shift","Thousand_Bone_Knives"],"picked":"SKIP","floor":28}],"player_experience":1903532,"relics_obtained":[{"floor":6.0,"key":"Ornamental Fan"},{"floor":9.0,"key":"Pear"},{"floor":21,"key":"War Paint"},{"floor":26,"key":"Gremlin Horn"}],"event_choices":[{"damage_healed":0.0,"max_hp_gain":0.0,"max_hp_loss":0.0,"gold_gain":150.0,"event_name":"Liars Game","player_choice":"AGREE","floor":2.0,"gold_loss":0.0,"damage_taken":0.0,"cards_obtained":["Doubt"]},{"damage_healed":0.0,"max_hp_gain":0.0,"max_hp_loss":0.0,"gold_gain":75.0,"event_name":"World of Goop","player_choice":"Gather Gold","floor":4.0,"gold_loss":0.0,"damage_taken":11.0},{"damage_healed":0.0,"max_hp_gain":5.0,"max_hp_loss":0.0,"gold_gain":0.0,"event_name":"Big Fish","player_choice":"Donut","floor":5.0,"gold_loss":0.0,"damage_taken":0.0},{"damage_healed":0.0,"max_hp_gain":0.0,"max_hp_loss":0.0,"gold_gain":0.0,"event_name":"Upgrade Shrine","player_choice":"Upgraded","floor":8.0,"gold_loss":0.0,"damage_taken":0.0,"cards_upgraded":["Stop_Heart"]},{"cards_removed":["Defend_W"],"damage_healed":0.0,"max_hp_gain":0.0,"max_hp_loss":0.0,"gold_gain":0.0,"event_name":"The Cleric","player_choice":"Card Removal","floor":12.0,"gold_loss":75.0,"damage_taken":0.0},{"damage_healed":0.0,"max_hp_gain":0.0,"max_hp_loss":0.0,"gold_gain":0.0,"event_name":"Lab","player_choice":"Got Potions","floor":13.0,"gold_loss":0.0,"damage_taken":0.0},{"damage_healed":0,"gold_gain":0,"player_choice":"Relic","damage_taken":0,"max_hp_gain":0,"max_hp_loss":0,"event_name":"Wheel of Change","floor":21,"gold_loss":0}],"is_beta":false,"boss_relics":[{"not_picked":["Tiny House","Fusion Hammer"],"picked":"Sozu"}],"items_purged_floors":[3,19],"is_endless":false,"potions_floor_spawned":[1,11,14,18,22],"killed_by":"Slavers","ascension_level":20}}