{"host":"xkfvvb2eqyo6l3km","time":1611892605,"event":{"mods":["AchievementEnabler","AlwaysNeverKeys","BaseMod","Better Third Choice","BetterRewards","Block Reminder","Card Forge","Colored Map","Colored Powertips","DeckTracker","Energized Spire","Force Act Four","Hubris","Jorbs\u0027s Wanderer Trilogy","Minty Spire (QoL Compilation)","Permanent Neow","Quick Restart","Replay The Spire","Spicy Shops","StSLib","The Blackbeard","The Blue Laboratory","The Cursed","The Disciple","The Hierophant","The Necromancer","The Sage","The Valiant"],"gold_per_floor":[69,81,101,115,115,144,160,173,200,220,220,230,260,275,275,370,370,390,400,419,437,437,464,464,477,477,502,514,546,573,600,612,720,732,763,789,821,220,234,234,265,265,343,377,246,246,266,286,286,286,286,286,17,46,46,46],"floor_reached":55,"language":"ENG","playtime":3569,"items_purged":["Strike_Valiant","Defend_Valiant"],"score":1341,"play_id":"22bdf2bc-0449-4aeb-ab5e-ee5bbc3af578","local_time":"20210129015645","is_ascension_mode":false,"campfire_choices":[{"data":"ArchangelsBoon","floor":11,"key":"SMITH"},{"data":"Swift Strike","floor":11,"key":"SMITH"},{"data":"BlindingLight","floor":15,"key":"SMITH"},{"data":"GracefulSiphon","floor":15,"key":"SMITH"},{"data":"FullAwakening","floor":24,"key":"SMITH"},{"data":"PeacefulStance","floor":24,"key":"SMITH"},{"data":"TempoMaster","floor":32,"key":"SMITH"},{"data":"Flash of Steel","floor":32,"key":"SMITH"},{"data":"Mayhem","floor":40,"key":"SMITH"},{"data":"Cleanse","floor":40,"key":"SMITH"},{"data":"StrainingSmite","floor":46,"key":"SMITH"},{"data":"StrainingSmite","floor":46,"key":"SMITH"},{"data":"WideSmite","floor":52,"key":"SMITH"},{"data":"WideSmite","floor":52,"key":"SMITH"}],"circlet_count":0,"master_deck":["BlindingLight+1","MinorHealing","MinorHealing","Swift Strike+1","Flash of Steel+1","SeekAnswers+1","UnyieldingZeal","ArchangelsBoon+1","Ensoul+1","RecklessSmite+1","EmpoweringForce","WideSmite+1","WideSmite+1","GracefulSiphon+1","FullAwakening+1","StrainingSmite+1","StrainingSmite+1","DivineFavor+1","SeekAnswers","PeacefulStance+1","QuickSiphon","SeekAnswers+1","GracefulSiphon","HolyLight+1","PiercingStab","TempoMaster+1","QuickSiphon","TempoMaster","EmpoweringForce+1","Mayhem+1","Swift Strike","Cleanse+1","MightForm+1","HolyFury","ArcaneHealing"],"relics":["Cross Pendant","Hammer of Thor","Seething Fire","Anvil of the Gods","FossilizedHelix","Replay:Arrowhead","hubris:SlimyHat","Vajra","Kunai","Replay:Rubber Ducky","Winged Necklace","Replay:Bottled Steam","Kintsugi","MutagenicStrength","Ancient Tea Set","Chameleon Ring","MawBank","Coffee Dripper","Membership Card","Replay:Baseball","Mirror","Art of War","Lizard Tail","Mercury Hourglass","Toy Ornithopter","hubris:BottledRain","Thread and Needle","Replay:Bottled Snecko","hubris:ToyBattleship"],"acts_visited":["Exordium","TheCity","TheBeyond","TheEnding"],"potions_floor_usage":[6,16,20,23,48,54],"damage_taken":[{"damage":0,"enemies":"Small Slimes","floor":1,"turns":3},{"damage":0,"enemies":"Jaw Worm","floor":2,"turns":3},{"damage":1,"enemies":"2 Louse","floor":3,"turns":3},{"damage":0,"enemies":"Blue Slaver","floor":4,"turns":4},{"damage":0,"enemies":"Replay:BlueRogue","floor":6,"turns":6},{"damage":0,"enemies":"Large Slime","floor":7,"turns":5},{"damage":0,"enemies":"Red Slaver","floor":8,"turns":4},{"damage":0,"enemies":"Looter","floor":10,"turns":3},{"damage":0,"enemies":"Large Slime","floor":12,"turns":4},{"damage":18,"enemies":"3 Sentries","floor":13,"turns":6},{"damage":0,"enemies":"3 Louse","floor":14,"turns":1},{"damage":15,"enemies":"Slime Boss","floor":16,"turns":9},{"damage":0,"enemies":"Shell Parasite","floor":18,"turns":3},{"damage":0,"enemies":"Spheric Guardian","floor":19,"turns":4},{"damage":12,"enemies":"Snake Plant","floor":20,"turns":4},{"damage":26,"enemies":"Centurion and Healer","floor":21,"turns":6},{"damage":13,"enemies":"Replay:Snechameleon","floor":23,"turns":7},{"damage":14,"enemies":"Chosen and Byrds","floor":25,"turns":6},{"damage":0,"enemies":"Gremlin Leader","floor":27,"turns":7},{"damage":11,"enemies":"Cultist and Chosen","floor":29,"turns":6},{"damage":0,"enemies":"Snake Plant","floor":30,"turns":6},{"damage":0,"enemies":"Centurion and Healer","floor":31,"turns":8},{"damage":13,"enemies":"Pondfish","floor":33,"turns":12},{"damage":3,"enemies":"Orb Walker","floor":35,"turns":4},{"damage":10,"enemies":"3 Shapes","floor":36,"turns":2},{"damage":0,"enemies":"Maw","floor":37,"turns":7},{"damage":8,"enemies":"3 Darklings","floor":39,"turns":5},{"damage":24,"enemies":"Reptomancer","floor":41,"turns":8},{"damage":14,"enemies":"R_Hoarder","floor":44,"turns":8},{"damage":15,"enemies":"Sphere and 2 Shapes","floor":47,"turns":4},{"damage":7,"enemies":"4 Shapes","floor":48,"turns":3},{"damage":76,"enemies":"hubris:GrandSnecko","floor":50,"turns":14},{"damage":53,"enemies":"Shield and Spear","floor":54,"turns":7},{"damage":138,"enemies":"The Heart","floor":55,"turns":9}],"seed_played":"5149173316605744462","potions_obtained":[{"floor":1,"key":"Ancient Potion"},{"floor":2,"key":"LifebloodPotion"},{"floor":14,"key":"Strength Potion"},{"floor":18,"key":"AttackPotion"},{"floor":21,"key":"Adrenaline Potion"},{"floor":30,"key":"blueLaboratory:BottledHope"},{"floor":31,"key":"blueLaboratory:CorrosionFlask"},{"floor":39,"key":"ColorlessPotion"},{"floor":44,"key":"blueLaboratory:CorrosionFlask"},{"floor":48,"key":"Fruit Juice"},{"floor":49,"key":"Energy Potion"},{"floor":54,"key":"sagemod:Wine"}],"is_trial":false,"path_per_floor":["M","M","M","M","?","E","M","M","T","M","R","M","E","M","R","B",null,"M","M","M","M","?","E","R","M","T","E","?","M","M","M","R","B",null,"M","M","M","$","M","R","E","?","T","E","?","R","M","M","R","B",null,"R","$","E","B"],"character_chosen":"TheValiant","items_purchased":["FossilizedHelix","Swift Strike","hubris:SlimyHat","Vajra","Kunai","Flash of Steel","Membership Card","Mayhem","Replay:Baseball","Swift Strike","Mirror","Art of War","Thread and Needle","Replay:Bottled Snecko"],"campfire_rested":0,"item_purchase_floors":[0,0,0,0,0,0,38,38,38,38,38,38,53,53],"current_hp_per_floor":[56,62,73,85,85,100,100,100,100,100,100,100,88,88,88,85,100,100,100,100,87,87,100,100,100,100,100,100,100,100,100,100,99,100,97,87,100,100,100,100,96,96,96,100,100,100,94,100,100,43,107,107,107,59,0,0],"gold":46,"neow_bonus":"","is_daily":false,"chose_seed":false,"campfire_upgraded":14,"win_rate":0.0,"timestamp":1611892605,"path_taken":["M","M","M","M","?","E","M","M","T","M","R","M","E","M","R","BOSS","M","M","M","M","?","E","R","M","T","E","?","M","M","M","R","BOSS","M","M","M","$","M","R","E","?","T","E","?","R","M","M","R","BOSS","R","$","E","BOSS"],"items_purchased_type":["Relic","Card","Relic","Relic","Relic","Card","Relic","Card","Relic","Card","Relic","Relic","Relic","Relic"],"build_version":"2020-12-22","purchased_purges":2,"victory":false,"max_hp_per_floor":[100,100,100,100,100,100,100,100,100,100,100,100,100,100,100,100,100,100,100,100,100,100,100,100,100,100,100,100,100,100,100,100,100,100,100,100,100,100,100,100,100,100,100,100,100,100,100,107,107,107,107,107,107,107,107,107],"card_choices":[{"not_picked":["FlashOfAnger","Charge"],"picked":"SeekAnswers","floor":1},{"not_picked":["Ensoul","MightForm"],"picked":"UnyieldingZeal","floor":2},{"not_picked":["HolyFury","RecklessSmite"],"picked":"ArchangelsBoon","floor":3},{"not_picked":["TakeAim","RecklessSmite"],"picked":"Ensoul","floor":4},{"not_picked":["Meaballize","AtAllCosts","Guardian"],"picked":"SKIP","floor":6},{"not_picked":["FuriousSmite","ArcaneHealing","ZealousPersecution"],"picked":"SKIP","floor":7},{"not_picked":["TearSoul","AuraDischarge"],"picked":"RecklessSmite","floor":8},{"not_picked":["ItsSmitingTime","Radiance"],"picked":"EmpoweringForce","floor":10},{"not_picked":["AbandonReason","Tantrum"],"picked":"WideSmite","floor":12},{"not_picked":["ToweringCharge","InsightfulPrayer"],"picked":"WideSmite","floor":13},{"not_picked":["PiercingStab","ZealousPersecution"],"picked":"GracefulSiphon","floor":14},{"not_picked":["AtAllCosts","AlmightySmite"],"picked":"FullAwakening","floor":16},{"not_picked":["ZealousPersecution","Guardian"],"picked":"DivineFavor+1","floor":18},{"not_picked":["InsightfulPrayer","ArcaneHealing"],"picked":"SeekAnswers","floor":19},{"not_picked":["Uprising","PiercingStab"],"picked":"PeacefulStance","floor":20},{"not_picked":["SeekAnswers+1","ArcaneHealing"],"picked":"QuickSiphon","floor":21},{"not_picked":["Chainer","ReduceToNothing+1"],"picked":"SeekAnswers+1","floor":23},{"not_picked":["BraceThePain","TearSoul"],"picked":"GracefulSiphon","floor":25},{"not_picked":["GracefulSiphon+1","Guardian"],"picked":"HolyLight+1","floor":27},{"not_picked":["CombatDance","ArcaneHealing"],"picked":"PiercingStab","floor":29},{"not_picked":["Meaballize+1","Charge"],"picked":"TempoMaster","floor":30},{"not_picked":["ZealousPersecution","FlashOfAnger"],"picked":"QuickSiphon","floor":31},{"not_picked":["Execution","FinalGambit"],"picked":"TempoMaster","floor":33},{"not_picked":["SoulStrain+1","FuriousSmite"],"picked":"EmpoweringForce+1","floor":35},{"not_picked":["ItsSmitingTime+1","MightBracer+1","Vindication"],"picked":"SKIP","floor":36},{"not_picked":["Quickstep","Ensoul","WideSmite"],"picked":"SKIP","floor":37},{"not_picked":["Ensoul","MercilessSmite+1"],"picked":"Cleanse","floor":39},{"not_picked":["HolyLight","Ensoul"],"picked":"MightForm","floor":41},{"not_picked":["WideSmite+1","TearSoul","ToweringCharge"],"picked":"SKIP","floor":44},{"not_picked":["FuriousSmite","ToweringCharge+1"],"picked":"ArcaneHealing","floor":47},{"not_picked":["TearPsyche","ArcaneHealing","FuriousSmite"],"picked":"SKIP","floor":48},{"not_picked":["RecklessSmite+1","ZealousPersecution+1","GracefulSiphon"],"picked":"SKIP","floor":54}],"player_experience":294571,"relics_obtained":[{"floor":6,"key":"Replay:Rubber Ducky"},{"floor":9,"key":"Winged Necklace"},{"floor":13,"key":"Replay:Bottled Steam"},{"floor":23,"key":"Ancient Tea Set"},{"floor":26,"key":"Chameleon Ring"},{"floor":27,"key":"MawBank"},{"floor":41,"key":"Lizard Tail"},{"floor":43,"key":"Mercury Hourglass"},{"floor":44,"key":"Toy Ornithopter"},{"floor":54,"key":"hubris:ToyBattleship"}],"event_choices":[{"cards_removed":["Defend_Valiant"],"damage_healed":0,"gold_gain":0,"player_choice":"Forget","damage_taken":0,"max_hp_gain":0,"max_hp_loss":0,"event_name":"Living Wall","floor":5,"gold_loss":0},{"damage_healed":0,"gold_gain":0,"player_choice":"Inject Mutagens","damage_taken":0,"relics_obtained":["MutagenicStrength"],"max_hp_gain":0,"max_hp_loss":0,"event_name":"Drug Dealer","floor":22,"gold_loss":0},{"damage_healed":0,"gold_gain":0,"player_choice":"Paid Gold","damage_taken":0,"relics_obtained":["hubris:BottledRain"],"max_hp_gain":0,"max_hp_loss":0,"event_name":"WeMeetAgain","floor":45,"gold_loss":131}],"is_beta":false,"boss_relics":[{"not_picked":["Snecko Eye","Honey Jar"],"picked":"Kintsugi"},{"not_picked":["Fusion Hammer","energizedSpire:EnergizedDie"],"picked":"Coffee Dripper"}],"items_purged_floors":[0,38],"is_endless":false,"potions_floor_spawned":[1,2,7,8,14,16,18,19,21,30,31,36,39,44,48,54],"killed_by":"The Heart","ascension_level":0}}