{"host":"6jrnojxwearbrjzo","time":1611924537,"event":{"mods":["BaseMod","Conspire","Highlight Path","Marisa（F雨　魔理沙）","Minty Spire (QoL Compilation)","MostiFishMod","Quick Restart","Random Character Button","Shop Mod","Spicy Shops","StSLib","The Construct","The Servant 0.9.4","[功能]功能增强和修复MOD","篝火指南"],"gold_per_floor":[119,119,194,3,78,121,121,150,150,194,222,245,25,36,36,140,266,280,280,293,305,39,39,59,59,84,138,48,74,-1336,-1323,-1323,-1214,-1187,-1176,-1158,-1088,-1088,-1023,-1023,-1007,-959,-912,-900,-888,-876,20,32,44,41],"floor_reached":51,"language":"ZHS","playtime":1999,"items_purged":["construct:Strike_Gold","construct:Defend_Gold","construct:Defend_Gold","construct:Defend_Gold","construct:Strike_Gold","Parasite","construct:Autoturret","construct:ShieldBurst"],"score":1039,"play_id":"21594014-e93f-4ee3-8bad-0401172bc5cd","local_time":"20210129204857","is_ascension_mode":false,"campfire_choices":[{"data":"construct:ClusterMines","floor":7,"key":"SMITH"},{"data":"MostiFishMod:ElfcollectionBox","floor":15,"key":"SMITH"},{"data":"construct:ShieldBurst","floor":23,"key":"SMITH"},{"data":"construct:SiegeForm","floor":25,"key":"SMITH"},{"data":"construct:HammerDown","floor":32,"key":"SMITH"},{"data":"construct:Versatility","floor":40,"key":"SMITH"},{"data":"construct:Synchronize","floor":44,"key":"SMITH"},{"data":"construct:SuppressiveFire","floor":49,"key":"SMITH"}],"circlet_count":0,"master_deck":["construct:ClusterMines","construct:ElectricArmor","construct:Autoturret+1","construct:HammerDown+1","construct:ScrapCannon","construct:HardReboot","construct:SiegeForm+1","construct:Versatility+1","construct:ShieldBurst+1","construct:Synchronize+1","construct:BatteryCore+1","MostiFishMod:EE1D","MostiFishMod:EE1D","MostiFishMod:EE1D","construct:Failsafe+1","construct:SuppressiveFire+1"],"relics":["construct:Challenge1","DaveBox","Civilization","SlaversCollar","SynthV:TestCard","Nunchaku","Gremlin Horn","SynthV:C4","Technique","CeramicFish","Dodecahedron","Anchor","Bag of Preparation","conspire:BottledYoYo","MealTicket","Orichalcum","Dead Branch","Bottled Tornado","ChiLing","Chi","Ling","Oddly Smooth Stone","Incense Burner","FixedStarFall","BirthdayGift-Tetrahedron","BrkXgEgg","Tiny Chest","MealTicket","Centennial Puzzle","Strawberry","SynthV:MejaisSoulstealer","EE1DDrone","Mummified Hand","CeramicFish","CatCart","Meat on the Bone","MawBank"],"acts_visited":["Exordium","TheCity","TheBeyond"],"potions_floor_usage":[10,11,11,47],"damage_taken":[{"damage":0,"enemies":"2 Louse","floor":1,"turns":2},{"damage":19,"enemies":"3 Sentries","floor":6,"turns":7},{"damage":2,"enemies":"Gremlin Nob","floor":8,"turns":3},{"damage":0,"enemies":"3 Sentries","floor":10,"turns":2},{"damage":0,"enemies":"Small Slimes","floor":11,"turns":2},{"damage":2,"enemies":"Cultist","floor":14,"turns":1},{"damage":1,"enemies":"Slime Boss","floor":16,"turns":1},{"damage":3,"enemies":"Shell Parasite","floor":18,"turns":2},{"damage":1,"enemies":"2 Thieves","floor":20,"turns":1},{"damage":7,"enemies":"Cultist and Chosen","floor":21,"turns":4},{"damage":2,"enemies":"Centurion and Healer","floor":24,"turns":1},{"damage":2,"enemies":"Sentry and Sphere","floor":31,"turns":1},{"damage":12,"enemies":"Champ","floor":33,"turns":3},{"damage":2,"enemies":"3 Darklings","floor":35,"turns":1},{"damage":3,"enemies":"Orb Walker","floor":36,"turns":1},{"damage":6,"enemies":"Orin","floor":39,"turns":3},{"damage":3,"enemies":"Spire Growth","floor":41,"turns":2},{"damage":2,"enemies":"Reptomancer","floor":42,"turns":1},{"damage":4,"enemies":"Transient","floor":47,"turns":2},{"damage":4,"enemies":"Donu and Deca","floor":50,"turns":2}],"seed_played":"8981978283475515173","potions_obtained":[{"floor":1,"key":"construct:ShiftPotion"},{"floor":8,"key":"SkillPotion"},{"floor":10,"key":"BlessingOfTheForge"},{"floor":10,"key":"Swift Potion"},{"floor":10,"key":"conspire:TimeTravelPotion"},{"floor":14,"key":"BlessingOfTheForge"}],"is_trial":false,"path_per_floor":["M","?","?","$","?","E","R","E","T","E","M","T","$","M","R","B",null,"M","?","M","M","$","R","M","R","T","T","?","T","$","M","R","B",null,"M","M","T","T","?","R","M","E","T","R","?","T","M","$","R","B",null],"character_chosen":"THE_CONSTRUCT_MOD","items_purchased":["construct:Stasis","Gremlin Horn","SynthV:C4","Technique","CeramicFish","Dodecahedron","Dead Branch","Bottled Tornado","ChiLing","Oddly Smooth Stone","Incense Burner","MostiFishMod:ElfcollectionBox","BirthdayGift-Tetrahedron","BrkXgEgg","Tiny Chest","SynthV:MejaisSoulstealer"],"campfire_rested":0,"item_purchase_floors":[4,4,4,4,4,4,13,13,13,13,13,13,22,22,22,30],"current_hp_per_floor":[87,80,69,69,61,47,47,50,50,55,60,60,75,78,78,82,117,119,119,123,121,129,129,132,132,132,132,132,139,141,144,144,137,151,154,156,156,156,155,155,157,160,160,160,160,160,161,181,181,182],"gold":53,"neow_bonus":"BOSS_RELIC","is_daily":false,"chose_seed":false,"campfire_upgraded":8,"win_rate":0.0,"timestamp":1611924537,"path_taken":["M","?","?","$","?","E","R","E","T","E","?","?","$","?","R","BOSS","M","?","?","?","$","R","?","R","T","?","?","?","$","?","R","BOSS","M","?","?","?","?","R","?","E","T","R","?","?","?","?","R","BOSS"],"items_purchased_type":["Card","Relic","Relic","Relic","Relic","Relic","Relic","Relic","Relic","Relic","Relic","Card","Relic","Relic","Relic","Relic"],"build_version":"2020-12-22","purchased_purges":8,"victory":true,"max_hp_per_floor":[87,87,87,87,87,92,92,97,97,102,107,107,107,112,112,117,117,122,122,127,132,129,129,134,134,134,134,134,141,141,146,146,151,151,156,161,161,161,166,166,171,176,176,176,176,176,181,181,181,186],"card_choices":[{"not_picked":["construct:Overcharge","construct:Boost"],"picked":"construct:ChargeShot","floor":1},{"not_picked":["construct:Electrocute","construct:Anticipate","construct:Backfire","construct:SyphonStrike"],"picked":"construct:ClusterMines","floor":6},{"not_picked":["construct:Construct_Overclock","construct:Boost","construct:ShieldGenerator","construct:SaveState","construct:Accumulate"],"picked":"SKIP","floor":8},{"not_picked":["construct:Boost","construct:GatlingGun","construct:QuickAttack","construct:Forcefield"],"picked":"construct:Reserves","floor":10},{"not_picked":["construct:Impenetrable","construct:FierceBash","construct:Reinforce","construct:Autoturret"],"picked":"construct:Synchronize","floor":11},{"not_picked":["construct:FlameCore","construct:SaveState","construct:CriticalHit","construct:Construct_Overclock","construct:Analyze"],"picked":"SKIP","floor":14},{"not_picked":["construct:LongRangeLance","construct:MemoryTap","construct:GatlingGun","construct:Reserves"],"picked":"construct:HammerDown","floor":16},{"not_picked":["construct:Backfire+1","construct:ChargeShot","construct:SyphonStrike","construct:Boost","construct:Antimatter"],"picked":"SKIP","floor":18},{"not_picked":["construct:HardReboot","construct:ChargeShot","construct:ShiftStrike","construct:CripplingShot+1","construct:ScrapCannon"],"picked":"SKIP","floor":20},{"not_picked":["construct:HeavyBolt","construct:Disrupt","construct:ScrapCannon","construct:Anticipate","construct:Synchronize+1"],"picked":"SKIP","floor":21},{"not_picked":["construct:Electrocute","construct:ClusterMines","construct:FlakBarrage","construct:Versatility","construct:Analyze"],"picked":"SKIP","floor":24},{"not_picked":["construct:Reinforce","construct:Stasis","construct:Versatility","construct:GuardCore+1","construct:FocusedBeam+1"],"picked":"SKIP","floor":31},{"not_picked":["construct:GoldenBullet+1","construct:ClockworkEgg+1","construct:LongRangeLance+1","construct:HammerDown+1"],"picked":"construct:BatteryCore+1","floor":33},{"not_picked":["construct:ScrapCannon","construct:Forcefield+1","construct:CripplingShot+1","construct:Accumulate","construct:SweepLaser"],"picked":"SKIP","floor":35},{"not_picked":["construct:ScrapCannon+1","construct:Reinforce+1","construct:Backfire","construct:VentSteam+1","construct:Autoturret+1"],"picked":"SKIP","floor":36},{"not_picked":["construct:VentSteam","construct:FierceBash","construct:Versatility","construct:HyperBeam+1"],"picked":"construct:Failsafe+1","floor":39},{"not_picked":["construct:Backup","construct:VentSteam+1","construct:Boost+1","construct:ShiftStrike+1","construct:SaveState"],"picked":"SKIP","floor":41},{"not_picked":["construct:OmegaCannon+1","construct:Synchronize","construct:Hazardproof+1","construct:ScopeCore+1"],"picked":"construct:SuppressiveFire","floor":42},{"not_picked":["construct:Accumulate","construct:Failsafe","construct:Boost+1","construct:SaveState","construct:Impenetrable+1"],"picked":"SKIP","floor":47}],"player_experience":118679,"relics_obtained":[{"floor":1,"key":"SynthV:TestCard"},{"floor":6,"key":"Anchor"},{"floor":8,"key":"Bag of Preparation"},{"floor":9,"key":"conspire:BottledYoYo"},{"floor":10,"key":"MealTicket"},{"floor":12,"key":"Orichalcum"},{"floor":26,"key":"MealTicket"},{"floor":27,"key":"Centennial Puzzle"},{"floor":29,"key":"Strawberry"},{"floor":37,"key":"Mummified Hand"},{"floor":38,"key":"CeramicFish"},{"floor":39,"key":"CatCart"},{"floor":42,"key":"Meat on the Bone"},{"floor":43,"key":"MawBank"}],"event_choices":[{"damage_healed":0,"gold_gain":0,"player_choice":"Success","damage_taken":7,"relics_obtained":["Nunchaku"],"max_hp_gain":0,"max_hp_loss":0,"event_name":"Scrap Ooze","floor":2,"gold_loss":0},{"damage_healed":0,"gold_gain":75,"player_choice":"Gather Gold","damage_taken":11,"max_hp_gain":0,"max_hp_loss":0,"event_name":"World of Goop","floor":3,"gold_loss":0},{"damage_healed":0,"gold_gain":75,"player_choice":"Touch","damage_taken":8,"max_hp_gain":0,"max_hp_loss":0,"event_name":"FaceTrader","floor":5,"gold_loss":0},{"damage_healed":0,"gold_gain":0,"player_choice":"Ignored","damage_taken":0,"max_hp_gain":0,"max_hp_loss":0,"event_name":"NoteForYourself","floor":19,"gold_loss":0},{"cards_removed":["construct:Autoturret"],"damage_healed":0,"gold_gain":0,"player_choice":"Upgrade and Remove","damage_taken":0,"max_hp_gain":0,"max_hp_loss":0,"event_name":"Designer","floor":28,"gold_loss":90,"cards_upgraded":["construct:Autoturret"]},{"damage_healed":0,"gold_gain":0,"player_choice":"Fight","damage_taken":0,"max_hp_gain":0,"max_hp_loss":0,"event_name":"OrinTheCat","floor":39,"gold_loss":0},{"cards_removed":["construct:Bunker"],"damage_healed":0,"gold_gain":0,"player_choice":"Removed Power","damage_taken":0,"max_hp_gain":0,"max_hp_loss":0,"event_name":"Falling","floor":45,"gold_loss":0}],"is_beta":false,"boss_relics":[{"not_picked":["conspire:SlowCooker","MoonlightInvasionPlan"],"picked":"FixedStarFall"},{"not_picked":["OneHitWonderSystem","Coffee Dripper"],"picked":"EE1DDrone"}],"items_purged_floors":[4,4,4,13,13,22,30,30],"is_endless":false,"potions_floor_spawned":[1,8,10,10,10,14,14,14,16,18,20,20,24,33,33,35,35,36,36,42,42,42],"ascension_level":0}}