{"host":"0awa854l6bexpjrv","time":1611892677,"event":{"mods":["BaseMod","Block Reminder","Colored Map","Colored Powertips","Downfall","Highlight Path","Minty Spire (QoL Compilation)","Quick Restart","Rare Cards Sparkle","StSLib","SuperFastMode"],"gold_per_floor":[99,115,25,25,25,25,25,35,35,55,83,83,101,101,115,220,220,120,136,147,147,32,32,32,59,59,59,59,59],"floor_reached":27,"language":"ENG","playtime":1595,"items_purged":["sneckomod:Strike","sneckomod:Strike"],"score":254,"play_id":"a5ebd840-0e83-4fc3-80d0-bc49354baa9f","local_time":"20210128195757","is_ascension_mode":false,"campfire_choices":[{"data":"sneckomod:TailWhip","floor":1.0,"key":"SMITH"},{"data":"Trip","floor":9.0,"key":"SMITH"},{"floor":26,"key":"REST"}],"circlet_count":0,"master_deck":["sneckomod:Defend","sneckomod:Defend","sneckomod:Defend","sneckomod:TailWhip+1","sneckomod:SnekBite","sneckomod:Unknown","sneckomod:Unknown","Trip+1","sneckomod:ImprovisedAttack","sneckomod:CheapStock","sneckomod:UnknownVulnerable","sneckomod:UnknownWeak","sneckomod:UnendingSupply","sneckomod:UnknownDexterity","sneckomod:UnknownRareSkill","WheelKick","sneckomod:Unknown1Cost","sneckomod:SoulRoll+1","sneckomod:Unknown0Cost","Bite","Bite","Bite","Bite","Bite","sneckomod:SoulDraw"],"relics":["sneckomod:SneckoSoul","Blue Candle","Meat on the Bone","FaceOfCleric","Incense Burner","Dream Catcher","downfall:ShatteredFragment","Busted Crown","downfall:HeartBlessingGreen","sneckomod:ConfusingCodex","Shuriken"],"acts_visited":["Exordium","TheCity"],"potions_floor_usage":[25],"damage_taken":[{"damage":2.0,"enemies":"Small Slimes","floor":2.0,"turns":3.0},{"damage":5.0,"enemies":"downfall:FleeingMerchant","floor":3.0,"turns":4.0},{"damage":0.0,"enemies":"2 Louse","floor":8.0,"turns":1.0},{"damage":0.0,"enemies":"Cultist","floor":10.0,"turns":2.0},{"damage":4.0,"enemies":"Lagavulin","floor":11.0,"turns":5.0},{"damage":17.0,"enemies":"Large Slime","floor":13.0,"turns":4.0},{"damage":0.0,"enemies":"3 Louse","floor":15.0,"turns":2.0},{"damage":18.0,"enemies":"WA_ARCHETYPE_RETAIN","floor":16.0,"turns":6.0},{"damage":8.0,"enemies":"Shell Parasite","floor":19.0,"turns":6.0},{"damage":0.0,"enemies":"Chosen","floor":20.0,"turns":5.0},{"damage":4.0,"enemies":"downfall:FleeingMerchant","floor":22.0,"turns":4.0},{"damage":33,"enemies":"Book of Stabbing","floor":25,"turns":5},{"damage":23,"enemies":"Sentry and Sphere","floor":27,"turns":5}],"seed_played":"6529020293956753779","potions_obtained":[{"floor":8.0,"key":"SkillPotion"},{"floor":10.0,"key":"Dexterity Potion"},{"floor":13.0,"key":"Fire Potion"},{"floor":20.0,"key":"Swift Potion"}],"is_trial":false,"path_per_floor":["R","M","$","?","?","?","T","M","R","M","E","?","M","?","M","B",null,"R","M","M","?","$","?","T","E","R","M"],"character_chosen":"THE_SNECKO","items_purchased":[],"campfire_rested":1,"item_purchase_floors":[],"current_hp_per_floor":[90,88,83,78,78,78,78,79,79,80,77,56,52,52,53,48,96,96,89,90,90,87,69,69,43,64,52,52,52],"gold":59,"neow_bonus":"RANDOM_COLORLESS","is_daily":false,"chose_seed":false,"campfire_upgraded":2,"win_rate":0.0,"timestamp":1611892677,"path_taken":["R","M","$","?","?","?","T","M","R","?","E","?","M","?","M","BOSS","R","M","M","?","$","?","T","E","R","M"],"items_purchased_type":[],"build_version":"2020-12-22","purchased_purges":2,"victory":false,"max_hp_per_floor":[90,90,90,90,90,90,90,91,91,92,93,93,94,94,95,96,96,96,97,98,98,99,69,69,70,70,70,70,70],"card_choices":[{"not_picked":["Impatience","Mind Blast"],"picked":"Trip","floor":0.0},{"not_picked":["sneckomod:UnknownCommonAttack","sneckomod:DiceCrush"],"picked":"sneckomod:ImprovisedAttack","floor":2.0},{"not_picked":["sneckomod:DefensiveFlair","sneckomod:SerpentIdol"],"picked":"sneckomod:CheapStock","floor":3.0},{"not_picked":["sneckomod:UnknownClassRED","sneckomod:WideSting"],"picked":"sneckomod:UnknownVulnerable","floor":8.0},{"not_picked":["sneckomod:SoulRoll","sneckomod:DiceBlock"],"picked":"sneckomod:UnknownWeak","floor":10.0},{"not_picked":["sneckomod:RainOfDice","sneckomod:UnknownClassTHE_CHAMP_GRAY"],"picked":"sneckomod:UnknownDraw","floor":11.0},{"not_picked":["sneckomod:SoulRoll","sneckomod:DiceCrush"],"picked":"sneckomod:UnendingSupply","floor":13.0},{"not_picked":["sneckomod:SoulCleanse","sneckomod:UnknownClassRED"],"picked":"sneckomod:UnknownDexterity","floor":15.0},{"not_picked":["sneckomod:MorePower","sneckomod:Unknown3Cost"],"picked":"sneckomod:UnknownRareSkill","floor":16.0},{"not_picked":[],"picked":"sneckomod:Unknown1Cost","floor":19.0},{"not_picked":[],"picked":"sneckomod:SoulRoll+1","floor":20.0},{"not_picked":[],"picked":"sneckomod:Unknown0Cost","floor":22.0},{"not_picked":["sneckomod:UnknownCommonAttack"],"picked":"SKIP","floor":25},{"not_picked":[],"picked":"sneckomod:SoulDraw","floor":26}],"player_experience":651224,"relics_obtained":[{"floor":7.0,"key":"Incense Burner"},{"floor":11.0,"key":"Dream Catcher"},{"floor":24.0,"key":"sneckomod:ConfusingCodex"},{"floor":25,"key":"Shuriken"}],"event_choices":[{"damage_healed":0.0,"max_hp_gain":0.0,"max_hp_loss":0.0,"gold_gain":0.0,"event_name":"FaceTrader","player_choice":"Trade","floor":6.0,"gold_loss":0.0,"damage_taken":0.0,"relics_obtained":["FaceOfCleric"]},{"damage_healed":0.0,"max_hp_gain":0.0,"max_hp_loss":0.0,"gold_gain":0.0,"event_name":"Ghosts","player_choice":"Ignored","floor":21.0,"gold_loss":0.0,"damage_taken":0.0},{"damage_healed":0.0,"max_hp_gain":0.0,"max_hp_loss":30.0,"gold_gain":0.0,"event_name":"Vampires","player_choice":"Became a vampire","floor":23.0,"gold_loss":0.0,"damage_taken":0.0,"cards_obtained":["Bite","Bite","Bite","Bite","Bite"]}],"is_beta":false,"boss_relics":[{"not_picked":["SacredBark","Philosopher\u0027s Stone"],"picked":"Busted Crown"}],"items_purged_floors":[3,22],"is_endless":false,"potions_floor_spawned":[8,10,13,20],"killed_by":"Sentry and Sphere","ascension_level":0}}