{"host":"qgvpd00zvzorrg7j","time":1611963732,"event":{"mods":["BaseMod","Colored Map","Minty Spire (QoL Compilation)","Quick Restart","StSLib"],"gold_per_floor":[116,41,41,52,52,80,80,80,80,80,94,113,113,129,129,228,228,243,255,132,150,150,150,175,193,193,193,48,63,113,133,133,133,133],"floor_reached":33,"language":"ENG","playtime":1032,"items_purged":["Defend_B","Strike_B"],"score":438,"play_id":"ab410b7b-3b78-45c6-a887-3cbfcae29cad","local_time":"20210129184212","is_ascension_mode":true,"campfire_choices":[{"data":"Zap","floor":7.0,"key":"SMITH"},{"data":"Dualcast","floor":10.0,"key":"SMITH"},{"data":"Coolheaded","floor":13.0,"key":"SMITH"},{"data":"Recycle","floor":15.0,"key":"SMITH"},{"data":"Buffer","floor":23.0,"key":"SMITH"},{"data":"Scrape","floor":27,"key":"SMITH"},{"floor":32,"key":"REST"}],"circlet_count":0,"master_deck":["AscendersBane","Strike_B+1","Defend_B","Defend_B","Zap+1","Dualcast+1","Gash+1","Recycle+1","Coolheaded+1","Scrape+1","Buffer+1","Streamline+1","Gash","Hologram","Gash","Steam","Steam+1"],"relics":["Cracked Core","NeowsBlessing","Happy Flower","InkBottle","Whetstone","Empty Cage","Dream Catcher","Nunchaku"],"acts_visited":["Exordium","TheCity"],"potions_floor_usage":[],"damage_taken":[{"damage":0.0,"enemies":"2 Louse","floor":1.0,"turns":1.0},{"damage":0.0,"enemies":"Small Slimes","floor":4.0,"turns":1.0},{"damage":0.0,"enemies":"Gremlin Nob","floor":6.0,"turns":1.0},{"damage":1.0,"enemies":"Cultist","floor":11.0,"turns":3.0},{"damage":10.0,"enemies":"Gremlin Gang","floor":12.0,"turns":4.0},{"damage":0.0,"enemies":"3 Louse","floor":14.0,"turns":2.0},{"damage":20.0,"enemies":"Slime Boss","floor":16.0,"turns":9.0},{"damage":5.0,"enemies":"Chosen","floor":18.0,"turns":4.0},{"damage":0.0,"enemies":"Spheric Guardian","floor":19.0,"turns":3.0},{"damage":16.0,"enemies":"Snecko","floor":21.0,"turns":5.0},{"damage":79,"enemies":"Book of Stabbing","floor":24,"turns":5},{"damage":0,"enemies":"Cultist and Chosen","floor":25,"turns":4},{"damage":18,"enemies":"Snake Plant","floor":29,"turns":4},{"damage":3,"enemies":"Snecko","floor":31,"turns":5},{"damage":28,"enemies":"Champ","floor":33,"turns":7}],"seed_played":"-2770979452955476035","potions_obtained":[{"floor":1.0,"key":"Fruit Juice"},{"floor":8.0,"key":"Energy Potion"},{"floor":8.0,"key":"CultistPotion"},{"floor":8.0,"key":"FairyPotion"},{"floor":29,"key":"SteroidPotion"},{"floor":31,"key":"FearPotion"}],"is_trial":false,"path_per_floor":["M","$","?","M","?","E","R","?","T","R","M","M","R","M","R","B",null,"M","M","$","M","?","R","E","M","T","R","$","M","?","M","R","B"],"character_chosen":"DEFECT","items_purchased":["Hologram","Nunchaku"],"campfire_rested":1,"item_purchase_floors":[20,28],"current_hp_per_floor":[68,68,68,68,65,65,65,70,70,70,69,59,59,59,59,39,70,65,65,65,49,75,75,24,24,24,24,24,6,6,3,27,0,0],"gold":133,"neow_bonus":"THREE_ENEMY_KILL","is_daily":false,"chose_seed":false,"campfire_upgraded":6,"win_rate":0.0,"timestamp":1611963732,"path_taken":["M","$","?","M","?","E","R","?","T","R","?","M","R","?","R","BOSS","M","M","$","M","?","R","E","M","T","R","$","M","?","?","R","BOSS"],"items_purchased_type":["Card","Relic"],"build_version":"2020-12-22","purchased_purges":2,"victory":false,"max_hp_per_floor":[75,75,75,75,75,75,75,80,80,80,80,80,80,80,80,80,80,80,80,80,80,80,80,80,80,80,80,80,80,80,80,80,80,80],"card_choices":[{"not_picked":["Chaos","Steam Power","Conserve Battery"],"picked":"SKIP","floor":1.0},{"not_picked":["Hologram","Self Repair"],"picked":"Gash","floor":4.0},{"not_picked":["Seek","Consume"],"picked":"Recycle","floor":6.0},{"not_picked":["Skim","White Noise"],"picked":"Coolheaded","floor":11.0},{"not_picked":["Compile Driver","Redo","Streamline"],"picked":"SKIP","floor":12.0},{"not_picked":["Chill","Skim"],"picked":"Scrape","floor":14.0},{"not_picked":["Thunder Strike","Core Surge"],"picked":"Buffer","floor":16.0},{"not_picked":["Turbo","Compile Driver"],"picked":"Streamline+1","floor":18.0},{"not_picked":["Glacier+1","Go for the Eyes+1"],"picked":"Gash","floor":19.0},{"not_picked":["Steam","Redo","Capacitor"],"picked":"SKIP","floor":21.0},{"not_picked":["Melter+1","Leap"],"picked":"Gash","floor":24},{"not_picked":["Conserve Battery","Steam Power","Cold Snap"],"picked":"SKIP","floor":25},{"not_picked":["Sweeping Beam","Aggregate","Redo"],"picked":"SKIP","floor":29},{"not_picked":["Sweeping Beam+1","Consume"],"picked":"Steam","floor":31},{"not_picked":["Leap+1","Barrage"],"picked":"Steam+1","floor":32}],"player_experience":571417,"relics_obtained":[{"floor":6.0,"key":"InkBottle"},{"floor":9.0,"key":"Whetstone"},{"floor":24,"key":"Dream Catcher"}],"event_choices":[{"cards_removed":["Strike_B"],"damage_healed":0.0,"max_hp_gain":0.0,"max_hp_loss":0.0,"gold_gain":0.0,"event_name":"Living Wall","player_choice":"Forget","floor":3.0,"gold_loss":0.0,"damage_taken":0.0},{"damage_healed":0.0,"max_hp_gain":0.0,"max_hp_loss":0.0,"gold_gain":0.0,"event_name":"Scrap Ooze","player_choice":"Success","floor":5.0,"gold_loss":0.0,"damage_taken":3.0,"relics_obtained":["Happy Flower"]},{"damage_healed":0.0,"max_hp_gain":0.0,"max_hp_loss":0.0,"gold_gain":0.0,"event_name":"Lab","player_choice":"Got Potions","floor":8.0,"gold_loss":0.0,"damage_taken":0.0},{"damage_healed":26.0,"max_hp_gain":0.0,"max_hp_loss":0.0,"gold_gain":0.0,"event_name":"The Library","player_choice":"Heal","floor":22.0,"gold_loss":0.0,"damage_taken":0.0},{"damage_healed":0,"gold_gain":100,"player_choice":"Bet on Murderer","damage_taken":0,"max_hp_gain":0,"max_hp_loss":0,"event_name":"The Joust","floor":30,"gold_loss":50}],"is_beta":false,"boss_relics":[{"not_picked":["Inserter","Cursed Key"],"picked":"Empty Cage"}],"items_purged_floors":[2,20],"is_endless":false,"potions_floor_spawned":[1,11,12,14,29,31],"killed_by":"Champ","ascension_level":10}}