{"host":"2j5d0uw0vihq8b8w","time":1611962112,"event":{"mods":["2.2 Compatiblity","AchievementEnabler","BaseMod","BetterRewards","Colored Map","Colored Powertips","Custom Start","DeckTracker","Minty Spire (QoL Compilation)","Permanent Neow","Quick Restart","Rare Cards Sparkle","StSLib","SuperFastMode"],"gold_per_floor":[113,130,130,155,155,223,223,239,285,285,311,291,302,319,319,392,392,368,387,387,398,398,398,398,448,475,475,488,519,203,219,219,292,292,306,318,338,238,238,268,288,288,313,313,338,357,371,371,371,371,371],"floor_reached":52,"language":"KOR","playtime":2767,"items_purged":["Strike_G","Strike_G"],"score":1954,"play_id":"cc475ac7-d79f-44a0-b0e1-d0416490dbba","local_time":"20210130081512","is_ascension_mode":true,"campfire_choices":[{"floor":7.0,"key":"REST"},{"data":"Finisher","floor":10.0,"key":"SMITH"},{"data":"After Image","floor":15.0,"key":"SMITH"},{"data":"Footwork","floor":23.0,"key":"SMITH"},{"floor":27.0,"key":"REST"},{"data":"Accuracy","floor":32,"key":"SMITH"},{"data":"Envenom","floor":42,"key":"SMITH"},{"data":"Phantasmal Killer","floor":44,"key":"SMITH"},{"data":"1","floor":49,"key":"LIFT"}],"circlet_count":0,"master_deck":["AscendersBane","Strike_G","Defend_G","Defend_G","Defend_G","Defend_G","Survivor+1","Neutralize+1","After Image+1","Blur+1","Finisher+1","Backflip","Infinite Blades","After Image","Setup+1","Wraith Form v2+1","Blade Dance+1","Footwork+1","Dagger Spray","Phantasmal Killer+1","Accuracy+1","Envenom+1","Expertise+1"],"relics":["Ring of the Snake","Matryoshka","Ninja Scroll","Lantern","Happy Flower","Astrolabe","Nloth\u0027s Gift","Anchor","Regal Pillow","Snake Skull","OrangePellets","Busted Crown","Eternal Feather","Centennial Puzzle","Girya"],"acts_visited":["Exordium","TheCity","TheBeyond"],"potions_floor_usage":[29,50],"damage_taken":[{"damage":14.0,"enemies":"Cultist","floor":1.0,"turns":6.0},{"damage":2.0,"enemies":"Jaw Worm","floor":2.0,"turns":5.0},{"damage":1.0,"enemies":"Small Slimes","floor":8.0,"turns":4.0},{"damage":2.0,"enemies":"Lagavulin","floor":11.0,"turns":5.0},{"damage":0.0,"enemies":"Looter","floor":13.0,"turns":1.0},{"damage":0.0,"enemies":"3 Louse","floor":14.0,"turns":2.0},{"damage":20.0,"enemies":"Hexaghost","floor":16.0,"turns":12.0},{"damage":2.0,"enemies":"2 Thieves","floor":18.0,"turns":4.0},{"damage":2.0,"enemies":"Shell Parasite","floor":19.0,"turns":3.0},{"damage":10.0,"enemies":"Shelled Parasite and Fungi","floor":21.0,"turns":6.0},{"damage":1.0,"enemies":"Centurion and Healer","floor":28.0,"turns":5.0},{"damage":0,"enemies":"Gremlin Leader","floor":29,"turns":13},{"damage":11,"enemies":"Snecko","floor":31,"turns":4},{"damage":43,"enemies":"Automaton","floor":33,"turns":9},{"damage":0,"enemies":"3 Shapes","floor":35,"turns":5},{"damage":0,"enemies":"Orb Walker","floor":36,"turns":3},{"damage":3,"enemies":"Maw","floor":37,"turns":5},{"damage":0,"enemies":"Giant Head","floor":40,"turns":6},{"damage":0,"enemies":"Spire Growth","floor":41,"turns":4},{"damage":0,"enemies":"Mind Bloom Boss Battle","floor":45,"turns":7},{"damage":1,"enemies":"4 Shapes","floor":46,"turns":4},{"damage":0,"enemies":"Maw","floor":47,"turns":6},{"damage":28,"enemies":"Time Eater","floor":50,"turns":8},{"damage":0,"enemies":"Donu and Deca","floor":51,"turns":9}],"seed_played":"-766024564818658791","potions_obtained":[{"floor":8.0,"key":"SkillPotion"},{"floor":12.0,"key":"Fire Potion"},{"floor":29,"key":"Weak Potion"},{"floor":47,"key":"SteroidPotion"}],"is_trial":false,"path_per_floor":["M","M","?","T","?","T","R","M","T","R","E","?","M","M","R","B",null,"M","M","?","M","?","R","?","?","T","R","M","E","$","M","R","B",null,"M","M","M","$","?","E","M","R","T","R","?","M","M","?","R","B","B",null],"character_chosen":"THE_SILENT","items_purchased":["Accuracy","OrangePellets"],"campfire_rested":2,"item_purchase_floors":[30,30],"current_hp_per_floor":[45,43,43,43,23,23,42,41,41,41,39,39,39,39,39,19,54,52,50,50,40,40,40,22,22,22,58,57,57,57,46,46,3,54,54,54,51,51,51,51,51,63,63,71,71,70,70,70,71,43,43],"gold":371,"neow_bonus":"ONE_RANDOM_RARE_CARD","is_daily":false,"chose_seed":false,"campfire_upgraded":6,"win_rate":0.0,"timestamp":1611962112,"path_taken":["M","?","?","?","?","?","R","M","T","R","E","?","M","M","R","BOSS","M","M","?","?","?","R","?","?","T","R","?","E","$","?","R","BOSS","M","M","M","$","?","E","M","R","T","R","?","M","M","?","R","BOSS","BOSS"],"items_purchased_type":["Card","Relic"],"build_version":"2020-12-22","purchased_purges":2,"victory":true,"max_hp_per_floor":[66,66,66,66,66,66,66,66,66,66,66,66,66,66,66,66,66,66,66,66,66,66,66,71,71,71,71,71,71,71,71,71,71,71,71,71,71,71,71,71,71,71,71,71,71,71,71,71,71,71,71],"card_choices":[{"not_picked":["Flying Knee","Leg Sweep"],"picked":"Endless Agony","floor":1.0},{"not_picked":["Deadly Poison","Bane"],"picked":"Blur","floor":2.0},{"not_picked":["Deflect","Dagger Throw"],"picked":"Finisher","floor":8.0},{"not_picked":["Riddle With Holes","Night Terror","Reflex"],"picked":"SKIP","floor":11.0},{"not_picked":["Dagger Throw","All Out Attack"],"picked":"Backflip","floor":13.0},{"not_picked":["Catalyst","Escape Plan"],"picked":"Infinite Blades","floor":14.0},{"not_picked":["Adrenaline","Storm of Steel"],"picked":"After Image","floor":16.0},{"not_picked":["Reflex","Deadly Poison"],"picked":"Footwork","floor":18.0},{"not_picked":["Quick Slash","Slice"],"picked":"Dagger Spray","floor":19.0},{"not_picked":["Deflect","Underhanded Strike","Prepared+1"],"picked":"SKIP","floor":21.0},{"not_picked":["Dodge and Roll","Quick Slash","Sucker Punch"],"picked":"SKIP","floor":28.0},{"not_picked":["Dagger Spray+1","Slice"],"picked":"Phantasmal Killer","floor":29},{"not_picked":["Deadly Poison","Quick Slash","Underhanded Strike"],"picked":"SKIP","floor":31},{"not_picked":["Storm of Steel","Night Terror"],"picked":"Envenom","floor":33},{"not_picked":["Dagger Throw"],"picked":"SKIP","floor":35},{"not_picked":["Dodge and Roll"],"picked":"SKIP","floor":36},{"not_picked":["Crippling Poison+1"],"picked":"SKIP","floor":37},{"not_picked":[],"picked":"Expertise+1","floor":40},{"not_picked":["Dodge and Roll"],"picked":"SKIP","floor":41},{"not_picked":["Blade Dance"],"picked":"SKIP","floor":46},{"not_picked":["Blade Dance"],"picked":"SKIP","floor":46},{"not_picked":["Deflect"],"picked":"SKIP","floor":47}],"player_experience":640344,"relics_obtained":[{"floor":4.0,"key":"Omamori"},{"floor":6.0,"key":"Matryoshka"},{"floor":9.0,"key":"Ninja Scroll"},{"floor":9.0,"key":"Lantern"},{"floor":11.0,"key":"Happy Flower"},{"floor":26.0,"key":"Anchor"},{"floor":26.0,"key":"Regal Pillow"},{"floor":29,"key":"Snake Skull"},{"floor":40,"key":"Eternal Feather"},{"floor":43,"key":"Centennial Puzzle"},{"floor":45,"key":"Girya"}],"event_choices":[{"damage_healed":0.0,"max_hp_gain":0.0,"max_hp_loss":0.0,"gold_gain":0.0,"event_name":"Living Wall","player_choice":"Grow","floor":3.0,"gold_loss":0.0,"damage_taken":0.0,"cards_upgraded":["Neutralize"]},{"damage_healed":0.0,"max_hp_gain":0.0,"max_hp_loss":0.0,"gold_gain":0.0,"event_name":"Shining Light","player_choice":"Entered Light","floor":5.0,"gold_loss":0.0,"damage_taken":20.0,"cards_upgraded":["Endless Agony","Survivor"]},{"damage_healed":0.0,"max_hp_gain":0.0,"max_hp_loss":0.0,"gold_gain":0.0,"event_name":"The Woman in Blue","player_choice":"Bought 1 Potion","floor":12.0,"gold_loss":0.0,"damage_taken":0.0},{"damage_healed":0.0,"max_hp_gain":0.0,"max_hp_loss":0.0,"gold_gain":0.0,"event_name":"N\u0027loth","player_choice":"Traded Relic","floor":20.0,"relics_lost":["Omamori"],"gold_loss":0.0,"damage_taken":0.0,"relics_obtained":["Nloth\u0027s Gift"]},{"damage_healed":0.0,"max_hp_gain":0.0,"max_hp_loss":0.0,"gold_gain":0.0,"event_name":"The Mausoleum","player_choice":"Ignored","floor":22.0,"gold_loss":0.0,"damage_taken":0.0},{"damage_healed":0.0,"max_hp_gain":5.0,"max_hp_loss":0.0,"gold_gain":0.0,"event_name":"Forgotten Altar","player_choice":"Shed Blood","floor":24.0,"gold_loss":0.0,"damage_taken":23.0},{"damage_healed":0.0,"max_hp_gain":0.0,"max_hp_loss":0.0,"gold_gain":100.0,"event_name":"The Joust","player_choice":"Bet on Murderer","floor":25.0,"gold_loss":50.0,"damage_taken":0.0},{"cards_removed":["Endless Agony"],"damage_healed":0,"gold_gain":0,"player_choice":"Removed Attack","damage_taken":0,"max_hp_gain":0,"max_hp_loss":0,"event_name":"Falling","floor":39,"gold_loss":0},{"damage_healed":0,"gold_gain":0,"player_choice":"Fight","damage_taken":0,"max_hp_gain":0,"max_hp_loss":0,"event_name":"MindBloom","floor":45,"gold_loss":0},{"damage_healed":0,"gold_gain":0,"player_choice":"Forge","damage_taken":0,"max_hp_gain":0,"max_hp_loss":0,"event_name":"Accursed Blacksmith","floor":48,"gold_loss":0,"cards_upgraded":["Blur"]}],"is_beta":false,"boss_relics":[{"not_picked":["SacredBark","Fusion Hammer"],"picked":"Astrolabe"},{"not_picked":["Cursed Key","Runic Dome"],"picked":"Busted Crown"}],"items_purged_floors":[30,38],"is_endless":false,"potions_floor_spawned":[8,14,16,18,28,29,31,36,37,41,47],"ascension_level":20}}