{"host":"Sean","time":1611923876,"event":{"mods":["BaseMod","Block Reminder","Colored Map","Colored Powertips","Highlight Path","Minty Spire (QoL Compilation)","Permanent Neow","Relic Stats"],"gold_per_floor":[110,185,360,360,381,381,416,416,416,416,416,416],"floor_reached":11,"language":"ENG","playtime":188,"items_purged":[],"score":100,"play_id":"61902087-b1c3-4ee4-a87d-bb3526618567","local_time":"20210129123756","is_ascension_mode":true,"campfire_choices":[{"data":"Searing Blow","floor":6,"key":"SMITH"},{"floor":8,"key":"DIG"},{"floor":10,"key":"DIG"}],"circlet_count":0,"master_deck":["Strike_R","Strike_R","Strike_R","Strike_R","Strike_R","Defend_R","Defend_R","Defend_R","Defend_R","Bash","Fire Breathing","Doubt","Searing Blow+1","Double Tap"],"relics":["Velvet Choker","Golden Idol","Shovel","Girya","Meat on the Bone","Sundial"],"acts_visited":["Exordium"],"potions_floor_usage":[],"damage_taken":[{"damage":7,"enemies":"Jaw Worm","floor":1,"turns":3},{"damage":5,"enemies":"Small Slimes","floor":5,"turns":4},{"damage":30,"enemies":"Lagavulin","floor":7,"turns":5},{"damage":31,"enemies":"Gremlin Nob","floor":11,"turns":3}],"seed_played":"7111465854850840343","potions_obtained":[{"floor":1,"key":"Swift Potion"}],"is_trial":false,"path_per_floor":["M","?","?","?","M","R","E","R","T","R","E"],"character_chosen":"IRONCLAD","items_purchased":[],"campfire_rested":0,"item_purchase_floors":[],"current_hp_per_floor":[65,54,54,54,49,49,19,19,19,19,0,0],"gold":416,"neow_bonus":"BOSS_RELIC","is_daily":false,"chose_seed":false,"campfire_upgraded":1,"win_rate":0.0,"timestamp":1611923876,"path_taken":["M","?","?","?","M","R","E","R","T","R","E"],"items_purchased_type":[],"build_version":"2020-12-18","purchased_purges":0,"victory":false,"max_hp_per_floor":[80,80,80,74,74,74,74,74,74,74,74,74],"relic_stats":{"Shovel":2,"counters":[4,15],"Golden Idol":11,"Sundial":[0],"obtain_stats":[{"Girya":8,"Shovel":7,"Golden Idol":4,"Sundial":10,"Velvet Choker":0,"Burning Blood":0,"Meat on the Bone":9},{"Girya":3,"Shovel":3,"Golden Idol":1,"Sundial":3,"Velvet Choker":0,"Burning Blood":0,"Meat on the Bone":3},{"Girya":12,"Shovel":12,"Golden Idol":3,"Sundial":12,"Velvet Choker":0,"Burning Blood":0,"Meat on the Bone":12}],"Meat on the Bone":0},"card_choices":[{"not_picked":["Clash","Perfected Strike"],"picked":"Fire Breathing","floor":1},{"not_picked":["Havoc","Clash"],"picked":"Searing Blow","floor":5},{"not_picked":["Exhume","Headbutt"],"picked":"Double Tap","floor":7}],"player_experience":490658,"relics_obtained":[{"floor":7,"key":"Shovel"},{"floor":8,"key":"Girya"},{"floor":9,"key":"Meat on the Bone"},{"floor":10,"key":"Sundial"}],"event_choices":[{"damage_healed":0,"gold_gain":75,"player_choice":"Gather Gold","damage_taken":11,"max_hp_gain":0,"max_hp_loss":0,"event_name":"World of Goop","floor":2,"gold_loss":0},{"damage_healed":0,"gold_gain":175,"player_choice":"AGREE","damage_taken":0,"max_hp_gain":0,"max_hp_loss":0,"event_name":"Liars Game","floor":3,"gold_loss":0,"cards_obtained":["Doubt"]},{"damage_healed":0,"gold_gain":0,"player_choice":"Lose Max HP","damage_taken":0,"relics_obtained":["Golden Idol"],"max_hp_gain":0,"max_hp_loss":6,"event_name":"Golden Idol","floor":4,"gold_loss":0}],"is_beta":true,"boss_relics":[],"items_purged_floors":[],"is_endless":false,"potions_floor_spawned":[1],"killed_by":"Gremlin Nob","ascension_level":9}}