{"host":"cz96naaoibjp08st","time":1611949220,"event":{"mods":["Act Like it!","BaseMod","BetterRewards","Downfall","Duelist Mod","GifTheSpireLib","Hermit","Minty Spire (QoL Compilation)","Quick Restart","READ ME - Guardian Mod","Replay The Spire","Robot Space Explorer","Shop Mod","StSLib","Stuff the Spire","SuperFastMode"],"gold_per_floor":[443,507,522,29,43,43,43,60,60,75,75,75,75,93,93,124,141,240,240,240,259,278,292,179,179,226,226,76,86,86,86,172,187,199,295,295,195,211,224,241,6,16,43,57,77,123,123,123,123,143,158,158],"floor_reached":53,"language":"ZHS","playtime":7216,"items_purged":["Slimebound:Strike_Slimebound","Pride"],"score":740,"play_id":"cd3809d7-0f85-4abb-8880-91c34bc7db6a","local_time":"20210130034020","is_ascension_mode":false,"campfire_choices":[{"data":"Slimebound:Split","floor":6,"key":"SMITH"},{"data":"Slimebound:MassRepurpose","floor":13,"key":"SMITH"},{"data":"Slimebound:CorrosiveSpit","floor":15,"key":"SMITH"},{"data":"Slimebound:MassFeed","floor":20,"key":"SMITH"},{"data":"Slimebound:RainOfGoop","floor":25,"key":"SMITH"},{"data":"Slimebound:Overexert","floor":27,"key":"SMITH"},{"data":"Ghostly","floor":37,"key":"SMITH"},{"data":"expansioncontent:PolyBeam","floor":47,"key":"SMITH"}],"circlet_count":0,"master_deck":["Slimebound:Strike_Slimebound","Slimebound:Strike_Slimebound","Slimebound:Tackle","Slimebound:Defend_Slimebound","Slimebound:Defend_Slimebound","Slimebound:Defend_Slimebound","Slimebound:Defend_Slimebound","Slimebound:Split+1","Slimebound:CorrosiveSpit+1","Slimebound:LivingWall","Slimebound:LeechingTouch","Slimebound:MassRepurpose+1","Slimebound:Repurpose","expansioncontent:QuickStudy+1","Slimebound:ViciousTackle","Slimebound:Overexert+1","Slimebound:Repurpose","Slimebound:SlimeSpikes","Slimebound:SlimeSlap","Slimebound:RejuvenatingLick","Slimebound:ComboTackle","Slimebound:MassFeed+1","Slimebound:SplitMire","Slimebound:LeechingTouch+1","Slimebound:RainOfGoop+1","Slimebound:SplitLeeching+1","expansioncontent:HyperBeam","Ghostly+1","Slimebound:Equalize+1","Writhe","Slimebound:ForwardTackle+1","Slimebound:SplitLeeching+1","expansioncontent:PolyBeam+1","Slimebound:Prepare+1","Slimebound:SplitAcid"],"relics":["StuffTheSpire:OccultApparatus","StuffTheSpire:Experiment12","Lee\u0027s Waffle","Dead Branch","SlaversCollar","Art of War","Pet Ghost","StuffTheSpire:GrapeVine","Medical Kit","Painkiller Herb","downfall:HeartBlessingBlue","Bag of Preparation","StuffTheSpire:Gunfinga","StuffTheSpire:Expresso"],"acts_visited":["Exordium","TheCity","TheBeyond"],"potions_floor_usage":[18,22,29],"damage_taken":[{"damage":0,"enemies":"2 Louse","floor":3,"turns":4},{"damage":1,"enemies":"downfall:FleeingMerchant","floor":4,"turns":4},{"damage":6,"enemies":"Jaw Worm","floor":5,"turns":3},{"damage":0,"enemies":"Cultist","floor":8,"turns":4},{"damage":12,"enemies":"Large Slime","floor":10,"turns":4},{"damage":0,"enemies":"2 Fungi Beasts","floor":14,"turns":1},{"damage":22,"enemies":"Lagavulin","floor":16,"turns":6},{"damage":14,"enemies":"Exordium Wildlife","floor":17,"turns":2},{"damage":11,"enemies":"SI_SHIV_ARCHETYPE","floor":18,"turns":5},{"damage":23,"enemies":"Chosen","floor":21,"turns":5},{"damage":20,"enemies":"3 Byrds","floor":22,"turns":4},{"damage":26,"enemies":"Cultist and Chosen","floor":23,"turns":6},{"damage":8,"enemies":"downfall:FleeingMerchant","floor":24,"turns":4},{"damage":0,"enemies":"Snecko","floor":29,"turns":5},{"damage":6,"enemies":"downfall:FleeingMerchant","floor":32,"turns":4},{"damage":2,"enemies":"Centurion and Healer","floor":33,"turns":3},{"damage":0,"enemies":"3 Cultists","floor":34,"turns":4},{"damage":24,"enemies":"WA_ARCHETYPE_CALM","floor":35,"turns":5},{"damage":7,"enemies":"3 Shapes","floor":38,"turns":3},{"damage":1,"enemies":"Orb Walker","floor":39,"turns":2},{"damage":2,"enemies":"Transient","floor":40,"turns":5},{"damage":31,"enemies":"Jaw Worm Horde","floor":42,"turns":5},{"damage":20,"enemies":"3 Darklings","floor":44,"turns":7},{"damage":15,"enemies":"Spire Growth","floor":45,"turns":5},{"damage":29,"enemies":"2 Orb Walkers","floor":46,"turns":5},{"damage":3,"enemies":"Transient","floor":50,"turns":5},{"damage":0,"enemies":"Writhing Mass","floor":51,"turns":5},{"damage":25,"enemies":"IC_BLOCK_ARCHETYPE","floor":52,"turns":7}],"seed_played":"-2135136074510314878","potions_obtained":[{"floor":2,"key":"DistilledChaos"},{"floor":3,"key":"Dexterity Potion"},{"floor":5,"key":"Fire Potion"},{"floor":23,"key":"SkillPotion"},{"floor":29,"key":"Fire Potion"},{"floor":33,"key":"AttackPotion"}],"is_trial":false,"path_per_floor":["R","?","M","$","M","R","T","M","?","M","PTL","PTL","R","M","R","E","M","B",null,"R","M","M","M","$","R","T","R","?","M","?","?","$","M","M","B",null,"T","?","?","?","T","?","T","?","?","?","T","?","?","?","?","B",null],"character_chosen":"SLIMEBOUND","items_purchased":["Lee\u0027s Waffle","expansioncontent:QuickStudy","Slimebound:ViciousTackle","expansioncontent:HyperBeam","Medical Kit","Bag of Preparation","expansioncontent:PolyBeam"],"campfire_rested":0,"item_purchase_floors":[4,4,4,24,32,41,41],"current_hp_per_floor":[47,21,27,72,69,69,69,71,71,61,61,61,61,61,61,43,29,22,72,72,69,65,43,39,39,39,39,39,43,43,43,55,63,75,78,88,98,101,106,106,106,81,81,69,62,63,63,63,63,60,72,62],"gold":158,"neow_bonus":"TWO_FIFTY_GOLD","is_daily":false,"chose_seed":false,"campfire_upgraded":8,"win_rate":0.0,"timestamp":1611949220,"path_taken":["R","?","M","$","M","R","T","M","?","M","PTL","PTL","R","?","R","E","M","BOSS","R","M","M","M","$","R","T","R","?","M","?","?","$","?","M","BOSS","T","?","?","?","T","?","T","?","?","?","T","?","?","?","?","BOSS"],"items_purchased_type":["Relic","Card","Card","Card","Relic","Relic","Card"],"build_version":"2020-12-22","purchased_purges":2,"victory":true,"max_hp_per_floor":[65,65,65,72,72,72,72,72,72,72,72,72,72,72,72,72,72,72,72,72,72,80,80,80,80,80,80,80,80,80,80,80,84,88,88,88,98,106,106,106,106,106,106,106,106,106,106,106,106,106,106,106],"card_choices":[{"not_picked":["Slimebound:SplitLeeching","Slimebound:Schlurp"],"picked":"Slimebound:LivingWall","floor":2},{"not_picked":["Slimebound:Dissolve","Slimebound:RejuvenatingLick"],"picked":"Slimebound:LeechingTouch","floor":2},{"not_picked":["Slimebound:Prepare","Slimebound:MegaLick"],"picked":"Slimebound:MassRepurpose","floor":3},{"not_picked":["Slimebound:SplitMire","Slimebound:GoopSpray"],"picked":"Slimebound:Repurpose","floor":4},{"not_picked":["Slimebound:GoopTackle","Slimebound:SplitBruiser"],"picked":"Slimebound:Overexert","floor":5},{"not_picked":["Slimebound:SlimeBarrage","Slimebound:ViciousTackle"],"picked":"Slimebound:Repurpose","floor":8},{"not_picked":["Slimebound:ItLooksTasty","Slimebound:LivingWall"],"picked":"Slimebound:SlimeSpikes","floor":10},{"not_picked":["Slimebound:Repurpose","Slimebound:Chomp"],"picked":"Slimebound:SlimeSlap","floor":14},{"not_picked":["Slimebound:GrowthPunch","Slimebound:ProtectTheBoss"],"picked":"Slimebound:RejuvenatingLick","floor":16},{"not_picked":["Slimebound:DisruptingSlam","Slimebound:HauntingLick"],"picked":"Slimebound:ComboTackle","floor":17},{"not_picked":["Slimebound:SelfFormingGoo","Slimebound:SlimeSlap"],"picked":"Slimebound:MassFeed","floor":18},{"not_picked":["Slimebound:Equalize","Slimebound:LevelUp"],"picked":"Slimebound:SplitMire","floor":21},{"not_picked":["Slimebound:Grow","Slimebound:SlimeSpikes"],"picked":"Slimebound:LeechingTouch+1","floor":22},{"not_picked":["Slimebound:ItLooksTasty+1","Slimebound:Equalize+1"],"picked":"Slimebound:RainOfGoop","floor":23},{"not_picked":["Slimebound:FlameTackle+1","Slimebound:ItLooksTasty"],"picked":"Slimebound:SplitLeeching+1","floor":24},{"not_picked":["Slimebound:PressTheAttack","Slimebound:HauntingLick"],"picked":"Slimebound:Equalize+1","floor":29},{"not_picked":["Slimebound:LeechingTouch+1","Slimebound:Grow+1","Slimebound:LivingWall+1"],"picked":"SKIP","floor":32},{"not_picked":["Slimebound:GoopSpray","Slimebound:SplitBruiser","Slimebound:RollThrough"],"picked":"SKIP","floor":33},{"not_picked":["Slimebound:FinishingTackle","Slimebound:GoopSpray","Slimebound:SplitAcid"],"picked":"SKIP","floor":34},{"not_picked":["Slimebound:OneTwoCombo","Slimebound:WasteNot"],"picked":"Slimebound:MinionMaster","floor":35},{"not_picked":["Slimebound:Grow","Slimebound:SplitMire+1"],"picked":"Slimebound:ForwardTackle+1","floor":38},{"not_picked":["Slimebound:Replication","Slimebound:RollThrough+1"],"picked":"Slimebound:SplitLeeching+1","floor":39},{"not_picked":["Slimebound:SpikyOuterGoop","Slimebound:ForwardTackle+1","Slimebound:ViciousTackle+1"],"picked":"SKIP","floor":40},{"not_picked":["Slimebound:PressTheAttack","Slimebound:RollThrough"],"picked":"Slimebound:Prepare+1","floor":42},{"not_picked":["Slimebound:LeechingTouch","Slimebound:PressTheAttack","Slimebound:ItLooksTasty"],"picked":"SKIP","floor":44},{"not_picked":["Slimebound:SlimeSpikes+1","Slimebound:Repurpose","Slimebound:FlameTackle+1"],"picked":"SKIP","floor":45},{"not_picked":["Slimebound:PressTheAttack","Slimebound:DisruptingSlam+1"],"picked":"Slimebound:SplitAcid","floor":50},{"not_picked":["Slimebound:AcidTongue+1","Slimebound:SplitBruiser","Slimebound:MegaLick"],"picked":"SKIP","floor":51}],"player_experience":274720,"relics_obtained":[{"floor":2,"key":"StuffTheSpire:Experiment12"},{"floor":16,"key":"Dead Branch"},{"floor":26,"key":"Art of War"},{"floor":43,"key":"StuffTheSpire:Gunfinga"},{"floor":46,"key":"StuffTheSpire:Expresso"}],"event_choices":[{"damage_healed":0,"gold_gain":0,"player_choice":"Stole Relic","damage_taken":0,"relics_obtained":["Pet Ghost"],"max_hp_gain":0,"max_hp_loss":0,"event_name":"Addict","floor":30,"gold_loss":0,"cards_obtained":["Pride"]},{"damage_healed":0,"gold_gain":0,"player_choice":"Fight","damage_taken":0,"max_hp_gain":0,"max_hp_loss":0,"event_name":"Mysterious Sphere","floor":46,"gold_loss":0},{"cards_removed":["Slimebound:MinionMaster"],"damage_healed":0,"gold_gain":0,"player_choice":"Removed Power","damage_taken":0,"max_hp_gain":0,"max_hp_loss":0,"event_name":"Falling","floor":48,"gold_loss":0}],"is_beta":false,"boss_relics":[{"not_picked":["Black Star","StuffTheSpire:RunicHypercube"],"picked":"SlaversCollar"},{"not_picked":["Runic Pyramid","Ring of Chaos"],"picked":"Painkiller Herb"}],"items_purged_floors":[4,32],"is_endless":false,"potions_floor_spawned":[3,5,23,29,33,34,35,38,39,45,50],"ascension_level":0}}