{"host":"qj91dvco5uhu9oti","time":1611953250,"event":{"mods":["BaseMod","Colored Map","Keyboard Shortcuts","Minty Spire (QoL Compilation)","Permanent Neow","Relic Stats","StSLib","SuperFastMode","everything is the same but u backflip on backflip"],"gold_per_floor":[110,122,141,141,216,216,234,122,148,148,167,17,48,59,59,160,160,180,13,32,32,47,72,72,72,96,108,128,128,141,168,168,264,264,283,293,311,186,196,196,213,213,213,213,239,292,292,67,67,67],"floor_reached":51,"language":"KOR","playtime":1463,"items_purged":["Strike_G","Strike_G","Strike_G","Riddle With Holes+1"],"score":794,"play_id":"518c2a6e-c505-4c43-b322-4951e8babd09","local_time":"20210130054730","is_ascension_mode":false,"campfire_choices":[{"data":"Eviscerate","floor":6,"key":"SMITH"},{"data":"Predator","floor":10,"key":"SMITH"},{"data":"Acrobatics","floor":15,"key":"SMITH"},{"data":"Prepared","floor":24,"key":"SMITH"},{"data":"Reflex","floor":29,"key":"SMITH"},{"floor":32,"key":"REST"},{"data":"Prepared","floor":40,"key":"SMITH"},{"data":"Terror","floor":42,"key":"SMITH"},{"data":"Calculated Gamble","floor":49,"key":"SMITH"}],"circlet_count":0,"master_deck":["Defend_G","Defend_G","Survivor","Neutralize","Eviscerate+1","Predator+1","Reflex","Acrobatics+1","Wraith Form v2","Caltrops+1","Leg Sweep+1","Eviscerate","Reflex+1","Outmaneuver","Prepared+1","Terror+1","Eviscerate+1","Prepared+1","PiercingWail+1","Backflip","Calculated Gamble+1"],"relics":["Ring of the Snake","Anchor","Bag of Marbles","Pen Nib","Astrolabe","Paper Crane","Enchiridion","Ancient Tea Set","Singing Bowl","HoveringKite","Oddly Smooth Stone","Tingsha"],"acts_visited":["Exordium","TheCity","TheBeyond"],"potions_floor_usage":[16,23,50],"damage_taken":[{"damage":0,"enemies":"Jaw Worm","floor":1,"turns":4},{"damage":0,"enemies":"Small Slimes","floor":2,"turns":4},{"damage":4,"enemies":"Cultist","floor":3,"turns":3},{"damage":0,"enemies":"Looter","floor":7,"turns":3},{"damage":0,"enemies":"3 Louse","floor":11,"turns":3},{"damage":6,"enemies":"Gremlin Nob","floor":13,"turns":3},{"damage":0,"enemies":"2 Fungi Beasts","floor":14,"turns":2},{"damage":62,"enemies":"Hexaghost","floor":16,"turns":16},{"damage":9,"enemies":"Spheric Guardian","floor":18,"turns":4},{"damage":0,"enemies":"Chosen","floor":20,"turns":3},{"damage":12,"enemies":"3 Cultists","floor":22,"turns":6},{"damage":17,"enemies":"Gremlin Leader","floor":23,"turns":9},{"damage":0,"enemies":"Snake Plant","floor":27,"turns":3},{"damage":2,"enemies":"Centurion and Healer","floor":28,"turns":4},{"damage":0,"enemies":"Shelled Parasite and Fungi","floor":30,"turns":2},{"damage":8,"enemies":"Slavers","floor":31,"turns":3},{"damage":16,"enemies":"Collector","floor":33,"turns":4},{"damage":3,"enemies":"3 Darklings","floor":35,"turns":3},{"damage":0,"enemies":"3 Shapes","floor":36,"turns":4},{"damage":0,"enemies":"Sphere and 2 Shapes","floor":37,"turns":2},{"damage":0,"enemies":"Maw","floor":39,"turns":4},{"damage":1,"enemies":"Writhing Mass","floor":41,"turns":4},{"damage":0,"enemies":"Nemesis","floor":45,"turns":3},{"damage":2,"enemies":"2 Orb Walkers","floor":46,"turns":4},{"damage":0,"enemies":"Donu and Deca","floor":50,"turns":5}],"seed_played":"-7013122668496876775","potions_obtained":[{"floor":2,"key":"FairyPotion"},{"floor":3,"key":"SkillPotion"},{"floor":11,"key":"PowerPotion"},{"floor":16,"key":"Swift Potion"},{"floor":23,"key":"GamblersBrew"},{"floor":28,"key":"Dexterity Potion"},{"floor":30,"key":"SpeedPotion"},{"floor":41,"key":"Weak Potion"}],"is_trial":false,"path_per_floor":["M","M","M","?","?","R","M","$","T","R","M","$","E","M","R","B",null,"M","$","M","?","M","E","R","?","T","M","M","R","M","E","R","B",null,"M","M","M","$","M","R","M","R","T","?","E","?","?","$","R","B",null],"character_chosen":"THE_SILENT","items_purchased":["Predator","Acrobatics","Eviscerate","Reflex","Outmaneuver","Calculated Gamble"],"campfire_rested":1,"item_purchase_floors":[8,12,19,19,19,48],"current_hp_per_floor":[70,70,66,66,55,55,55,55,55,55,55,55,49,49,49,11,70,61,61,61,61,49,32,32,16,16,16,14,14,14,8,29,15,74,71,73,75,75,77,77,78,78,78,78,80,78,78,78,78,78],"gold":67,"neow_bonus":"RANDOM_COMMON_RELIC","is_daily":false,"chose_seed":false,"campfire_upgraded":8,"win_rate":0.0,"timestamp":1611953250,"path_taken":["M","M","M","?","?","R","M","$","T","R","M","$","E","M","R","BOSS","M","$","M","?","?","E","R","?","T","M","M","R","M","E","R","BOSS","M","M","M","$","M","R","M","R","T","?","E","?","?","$","R","BOSS"],"items_purchased_type":["Card","Card","Card","Card","Card","Card"],"build_version":"2020-12-22","purchased_purges":4,"victory":true,"max_hp_per_floor":[70,70,70,70,70,70,70,70,70,70,70,70,70,70,70,70,70,70,70,70,70,70,70,70,70,70,70,70,70,70,72,72,74,74,74,76,78,78,80,80,82,82,82,82,84,84,84,84,84,84],"relic_stats":{"Singing Bowl":14,"counters":[25,105],"Astrolabe":["Caltrops","Riddle With Holes","Leg Sweep"],"HoveringKite":[24],"Tingsha":[97],"Pen Nib":[15],"obtain_stats":[{"Anchor":0,"Singing Bowl":31,"Astrolabe":17,"Enchiridion":25,"HoveringKite":34,"Oddly Smooth Stone":45,"Tingsha":46,"Pen Nib":13,"Bag of Marbles":9,"Paper Crane":23,"Ancient Tea Set":26,"Ring of the Snake":0},{"Anchor":0,"Singing Bowl":16,"Astrolabe":8,"Enchiridion":12,"HoveringKite":17,"Oddly Smooth Stone":23,"Tingsha":24,"Pen Nib":6,"Bag of Marbles":4,"Paper Crane":12,"Ancient Tea Set":12,"Ring of the Snake":0},{"Anchor":0,"Singing Bowl":72,"Astrolabe":38,"Enchiridion":60,"HoveringKite":76,"Oddly Smooth Stone":96,"Tingsha":100,"Pen Nib":20,"Bag of Marbles":14,"Paper Crane":60,"Ancient Tea Set":60,"Ring of the Snake":0}],"Ring of the Snake":[50]},"card_choices":[{"not_picked":["Underhanded Strike","Sucker Punch","Distraction"],"picked":"SKIP","floor":1},{"not_picked":["Acrobatics","Flechettes"],"picked":"Eviscerate","floor":2},{"not_picked":["Finisher","All Out Attack","Cloak And Dagger"],"picked":"SKIP","floor":3},{"not_picked":["Outmaneuver","Riddle With Holes","Blade Dance"],"picked":"SKIP","floor":7},{"not_picked":["Sucker Punch","Distraction"],"picked":"Reflex","floor":11},{"not_picked":["All Out Attack","Distraction","Burst"],"picked":"SKIP","floor":13},{"not_picked":["Dodge and Roll","Choke","Bane"],"picked":"SKIP","floor":14},{"not_picked":["Die Die Die","Burst"],"picked":"Wraith Form v2","floor":16},{"not_picked":["Noxious Fumes+1","Accuracy","Dodge and Roll+1"],"picked":"SKIP","floor":18},{"not_picked":["Outmaneuver","Setup"],"picked":"Prepared","floor":20},{"not_picked":["Dagger Spray","Flying Knee","Caltrops"],"picked":"SKIP","floor":22},{"not_picked":["Doppelganger","Sucker Punch","Deadly Poison+1"],"picked":"SKIP","floor":23},{"not_picked":["Predator","Flechettes","Choke"],"picked":"SKIP","floor":27},{"not_picked":["Terror","Backstab"],"picked":"Eviscerate+1","floor":28},{"not_picked":["All Out Attack","Outmaneuver"],"picked":"Prepared","floor":30},{"not_picked":["Die Die Die","Caltrops","Dagger Spray"],"picked":"Singing Bowl","floor":31},{"not_picked":["Night Terror","Corpse Explosion","Glass Knife"],"picked":"Singing Bowl","floor":33},{"not_picked":["Deadly Poison","Leg Sweep"],"picked":"PiercingWail+1","floor":35},{"not_picked":["Cloak And Dagger","Poisoned Stab+1","Dodge and Roll+1"],"picked":"Singing Bowl","floor":36},{"not_picked":["Deflect","Riddle With Holes+1","Blade Dance+1"],"picked":"Singing Bowl","floor":37},{"not_picked":["Outmaneuver","Distraction+1","Sucker Punch+1"],"picked":"Singing Bowl","floor":39},{"not_picked":["Distraction","Sucker Punch+1","Underhanded Strike"],"picked":"Singing Bowl","floor":41},{"not_picked":["Deflect+1","Expertise+1","Cloak And Dagger+1"],"picked":"Singing Bowl","floor":45},{"not_picked":["Quick Slash","PiercingWail"],"picked":"Backflip","floor":46}],"player_experience":354331,"relics_obtained":[{"floor":9,"key":"Bag of Marbles"},{"floor":13,"key":"Pen Nib"},{"floor":23,"key":"Paper Crane"},{"floor":25,"key":"Enchiridion"},{"floor":26,"key":"Ancient Tea Set"},{"floor":31,"key":"Singing Bowl"},{"floor":45,"key":"Oddly Smooth Stone"},{"floor":46,"key":"Tingsha"}],"event_choices":[{"damage_healed":0,"gold_gain":0,"player_choice":"Ignored","damage_taken":0,"max_hp_gain":0,"max_hp_loss":0,"event_name":"Liars Game","floor":4,"gold_loss":0},{"damage_healed":0,"gold_gain":75,"player_choice":"Gather Gold","damage_taken":11,"max_hp_gain":0,"max_hp_loss":0,"event_name":"World of Goop","floor":5,"gold_loss":0},{"damage_healed":0,"gold_gain":0,"cards_transformed":["Strike_G"],"player_choice":"Transformed","damage_taken":0,"max_hp_gain":0,"max_hp_loss":0,"event_name":"Transmorgrifier","floor":21,"gold_loss":0,"cards_obtained":["Terror"]},{"damage_healed":0,"gold_gain":0,"player_choice":"Obtained Book","damage_taken":16,"max_hp_gain":0,"max_hp_loss":0,"event_name":"Cursed Tome","floor":25,"gold_loss":0},{"cards_removed":["Defend_G"],"damage_healed":0,"gold_gain":0,"player_choice":"Removed Skill","damage_taken":0,"max_hp_gain":0,"max_hp_loss":0,"event_name":"Falling","floor":44,"gold_loss":0},{"damage_healed":0,"gold_gain":0,"player_choice":"Fight","damage_taken":0,"max_hp_gain":0,"max_hp_loss":0,"event_name":"Mysterious Sphere","floor":46,"gold_loss":0},{"damage_healed":0,"gold_gain":0,"player_choice":"Ignored","damage_taken":0,"max_hp_gain":0,"max_hp_loss":0,"event_name":"Tomb of Lord Red Mask","floor":47,"gold_loss":0}],"is_beta":false,"boss_relics":[{"not_picked":["Busted Crown","Tiny House"],"picked":"Astrolabe"},{"not_picked":["Coffee Dripper","Pandora\u0027s Box"],"picked":"HoveringKite"}],"items_purged_floors":[8,12,38,48],"is_endless":false,"potions_floor_spawned":[2,3,11,16,23,28,30,31,36,39,41],"ascension_level":0}}