{"host":"1tl36azeqm6yhdgj","time":1611937084,"event":{"mods":["AchievementEnabler","BaseMod","Minty Spire (QoL Compilation)","StSLib","The IronCluck","everything is the same but u backflip on backflip"],"gold_per_floor":[118,168,185,12,65,65,90,90,117,129,142,161,161,177,177,251,251,264,264,279,279,204,204,204],"floor_reached":23,"language":"ENG","playtime":611,"items_purged":[],"score":382,"play_id":"17e201fd-dd36-41b3-87f2-ff98c97a4eba","local_time":"20210129111804","is_ascension_mode":true,"campfire_choices":[{"data":"Bash","floor":6.0,"key":"SMITH"},{"floor":15.0,"key":"REST"}],"circlet_count":0,"master_deck":["AscendersBane","Defend_R","Defend_R","Bash+1","Shrug It Off","Clash","Fire Breathing","Infernal Blade","Twin Strike","Seeing Red","Juggernaut","Double Tap","Entrench+1","Uppercut+1","Intimidate+1","Thunderclap+1","Warcry","Discovery"],"relics":["Burning Blood","Orichalcum","Potion Belt","Ice Cream","Boot","Juzu Bracelet","Astrolabe"],"acts_visited":["Exordium","TheCity"],"potions_floor_usage":[16,23,23],"damage_taken":[{"damage":6.0,"enemies":"Cultist","floor":1.0,"turns":3.0},{"damage":6.0,"enemies":"Jaw Worm","floor":3.0,"turns":5.0},{"damage":30.0,"enemies":"3 Sentries","floor":7.0,"turns":16.0},{"damage":0.0,"enemies":"Small Slimes","floor":10.0,"turns":4.0},{"damage":4.0,"enemies":"Looter","floor":11.0,"turns":3.0},{"damage":2.0,"enemies":"Red Slaver","floor":12.0,"turns":3.0},{"damage":2.0,"enemies":"2 Fungi Beasts","floor":14.0,"turns":4.0},{"damage":36,"enemies":"Hexaghost","floor":16,"turns":9},{"damage":5,"enemies":"3 Byrds","floor":18,"turns":7},{"damage":10,"enemies":"Spheric Guardian","floor":20,"turns":4},{"damage":23,"enemies":"Slavers","floor":23,"turns":1}],"seed_played":"6803348594599138113","potions_obtained":[{"floor":3.0,"key":"BloodPotion"},{"floor":11.0,"key":"Swift Potion"},{"floor":12.0,"key":"Fire Potion"},{"floor":16,"key":"Ancient Potion"}],"is_trial":false,"path_per_floor":["M","?","M","$","T","R","E","?","T","M","M","M","?","M","R","B",null,"M","?","M","?","?","E"],"character_chosen":"IRONCLAD","items_purchased":["Orichalcum"],"campfire_rested":1,"item_purchase_floors":[4],"current_hp_per_floor":[68,62,62,62,62,62,38,38,38,44,46,50,39,43,63,46,63,64,45,41,23,23,0,0],"gold":204,"neow_bonus":"REMOVE_TWO","is_daily":false,"chose_seed":false,"campfire_upgraded":1,"win_rate":0.0,"timestamp":1611937084,"path_taken":["M","?","M","$","?","R","E","?","T","M","M","?","?","M","R","BOSS","M","?","M","?","?","E"],"items_purchased_type":["Relic"],"build_version":"2020-12-22","purchased_purges":0,"victory":false,"max_hp_per_floor":[68,68,68,68,68,68,68,68,68,68,68,68,68,68,68,68,68,68,73,73,73,73,73,73],"card_choices":[{"not_picked":["Armaments","Havoc"],"picked":"Shrug It Off","floor":1.0},{"not_picked":["Blood for Blood","Pommel Strike"],"picked":"Clash","floor":3.0},{"not_picked":["Havoc","Demon Form"],"picked":"Fire Breathing","floor":7.0},{"not_picked":["Warcry","Wild Strike"],"picked":"Infernal Blade","floor":10.0},{"not_picked":["Fire Breathing","Warcry"],"picked":"Twin Strike","floor":11.0},{"not_picked":["Warcry","Iron Wave"],"picked":"Seeing Red","floor":12.0},{"not_picked":["Armaments","Fire Breathing"],"picked":"Juggernaut","floor":14.0},{"not_picked":["Brutality","Exhume"],"picked":"Double Tap","floor":16},{"not_picked":["Whirlwind","Power Through+1"],"picked":"Thunderclap+1","floor":18},{"not_picked":["Havoc","Sword Boomerang"],"picked":"Warcry","floor":20}],"player_experience":2101419,"relics_obtained":[{"floor":5.0,"key":"Potion Belt"},{"floor":7.0,"key":"Ice Cream"},{"floor":9.0,"key":"Boot"}],"event_choices":[{"damage_healed":0.0,"max_hp_gain":0.0,"max_hp_loss":0.0,"gold_gain":50.0,"event_name":"FaceTrader","player_choice":"Touch","floor":2.0,"gold_loss":0.0,"damage_taken":6.0},{"cards_removed":["Strike_R"],"damage_healed":0.0,"max_hp_gain":0.0,"max_hp_loss":0.0,"gold_gain":0.0,"event_name":"Purifier","player_choice":"Purged","floor":8.0,"gold_loss":0.0,"damage_taken":0.0},{"damage_healed":0.0,"max_hp_gain":0.0,"max_hp_loss":0.0,"gold_gain":0.0,"event_name":"Scrap Ooze","player_choice":"Success","floor":13.0,"gold_loss":0.0,"damage_taken":11.0,"relics_obtained":["Juzu Bracelet"]},{"damage_healed":0,"gold_gain":0,"player_choice":"Shed Blood","damage_taken":24,"max_hp_gain":5,"max_hp_loss":0,"event_name":"Forgotten Altar","floor":19,"gold_loss":0},{"damage_healed":0,"gold_gain":0,"player_choice":"CARD POTION ","damage_taken":18,"max_hp_gain":0,"max_hp_loss":0,"event_name":"Knowing Skull","floor":21,"potions_obtained":["Explosive Potion"],"gold_loss":0,"cards_obtained":["Discovery"]},{"cards_removed":["Defend_R"],"damage_healed":0,"gold_gain":0,"player_choice":"Gave Gold","damage_taken":0,"max_hp_gain":0,"max_hp_loss":0,"event_name":"Beggar","floor":22,"gold_loss":75}],"is_beta":false,"boss_relics":[{"not_picked":["SacredBark","Runic Cube"],"picked":"Astrolabe"}],"items_purged_floors":[],"is_endless":false,"potions_floor_spawned":[3,11,12,16],"killed_by":"Slavers","ascension_level":20}}