{"host":"fuszjwm6fqgjjp4d","time":1611878675,"event":{"mods":["BaseMod","Bestiary","Colored Map","DeckTracker","Minty Spire (QoL Compilation)","Permanent Neow","Relic Sorter","Relic Stats","StSLib"],"gold_per_floor":[112,123,123,137,137,172,196,196,245,288,312,23,23,42,42,138,138,156,174,174,174,174,174,200,38,38,38,50,68,68,83,83,156,156,167,167,81,94,113,113,146,146,170,186,186,186],"floor_reached":45,"language":"ENG","playtime":7152,"items_purged":["Strike_P"],"score":1000,"play_id":"7549a67a-36da-4cd2-a3ab-77b66c44fe80","local_time":"20210128180435","is_ascension_mode":true,"campfire_choices":[{"data":"Tantrum","floor":8.0,"key":"SMITH"},{"data":"Prostrate","floor":13.0,"key":"SMITH"},{"data":"WindmillStrike","floor":15.0,"key":"SMITH"},{"data":"Prostrate","floor":23.0,"key":"SMITH"},{"data":"Devotion","floor":27.0,"key":"SMITH"},{"data":"Perseverance","floor":30.0,"key":"SMITH"},{"floor":32.0,"key":"REST"},{"data":"Vault","floor":40.0,"key":"SMITH"},{"data":"Prostrate","floor":42,"key":"SMITH"}],"circlet_count":0,"master_deck":["AscendersBane","Defend_P","Defend_P","Defend_P","Eruption+1","Vigilance","SashWhip","CutThroughFate","Tantrum+1","ReachHeaven","Perseverance+1","Prostrate+1","WindmillStrike+1","EmptyFist","Prostrate+1","Evaluate+1","PathToVictory+1","Collect+1","FollowUp","Devotion+1","EmptyBody","CutThroughFate","Scrawl+1","Vault+1","Parasite","Prostrate+1","Ragnarok"],"relics":["PureWater","Art of War","Bloody Idol","Gremlin Horn","Strawberry","Damaru","PreservedInsect","Astrolabe","Darkstone Periapt","Bag of Preparation","Frozen Egg 2","SlaversCollar","Boot","Toy Ornithopter"],"acts_visited":["Exordium","TheCity","TheBeyond"],"potions_floor_usage":[41,45],"damage_taken":[{"damage":15.0,"enemies":"Cultist","floor":1.0,"turns":6.0},{"damage":0.0,"enemies":"Jaw Worm","floor":2.0,"turns":4.0},{"damage":0.0,"enemies":"2 Louse","floor":4.0,"turns":2.0},{"damage":0.0,"enemies":"3 Sentries","floor":6.0,"turns":4.0},{"damage":6.0,"enemies":"Exordium Wildlife","floor":7.0,"turns":3.0},{"damage":18.0,"enemies":"Lagavulin","floor":10.0,"turns":5.0},{"damage":1.0,"enemies":"Red Slaver","floor":11.0,"turns":2.0},{"damage":0.0,"enemies":"Large Slime","floor":14.0,"turns":3.0},{"damage":21.0,"enemies":"The Guardian","floor":16.0,"turns":7.0},{"damage":12.0,"enemies":"Chosen","floor":18.0,"turns":5.0},{"damage":13.0,"enemies":"Spheric Guardian","floor":19.0,"turns":4.0},{"damage":4.0,"enemies":"Gremlin Leader","floor":24.0,"turns":4.0},{"damage":2.0,"enemies":"Centurion and Healer","floor":28.0,"turns":4.0},{"damage":11.0,"enemies":"Chosen and Byrds","floor":29.0,"turns":4.0},{"damage":16.0,"enemies":"Cultist and Chosen","floor":31.0,"turns":5.0},{"damage":16.0,"enemies":"Collector","floor":33.0,"turns":6.0},{"damage":31.0,"enemies":"3 Darklings","floor":35.0,"turns":4.0},{"damage":13.0,"enemies":"Orb Walker","floor":38.0,"turns":4.0},{"damage":4.0,"enemies":"Writhing Mass","floor":39.0,"turns":6.0},{"damage":6,"enemies":"Giant Head","floor":41,"turns":6},{"damage":7,"enemies":"4 Shapes","floor":44,"turns":10},{"damage":45,"enemies":"Spire Growth","floor":45,"turns":4}],"seed_played":"2425471233648213457","potions_obtained":[{"floor":1.0,"key":"ColorlessPotion"},{"floor":4.0,"key":"SpeedPotion"},{"floor":11.0,"key":"AttackPotion"},{"floor":14.0,"key":"BottledMiracle"},{"floor":18.0,"key":"LiquidBronze"},{"floor":24.0,"key":"DistilledChaos"},{"floor":31.0,"key":"SpeedPotion"},{"floor":33.0,"key":"BottledMiracle"},{"floor":44,"key":"Block Potion"}],"is_trial":false,"path_per_floor":["M","M","?","M","?","E","M","R","T","E","M","$","R","M","R","B",null,"M","M","?","?","?","R","E","$","T","R","M","M","R","M","R","B",null,"M","?","$","M","M","R","E","R","T","M","M"],"character_chosen":"WATCHER","items_purchased":["PreservedInsect","EmptyFist","Bag of Preparation","Vault"],"campfire_rested":1,"item_purchase_floors":[12,12,25,37],"current_hp_per_floor":[46,46,46,46,46,46,40,40,47,29,28,28,28,28,28,7,54,42,29,29,29,29,29,30,30,30,30,33,27,27,16,36,25,58,32,32,32,24,31,31,30,30,35,33,0,0],"gold":186,"neow_bonus":"RANDOM_COMMON_RELIC","is_daily":false,"chose_seed":false,"campfire_upgraded":8,"win_rate":0.0,"timestamp":1611878675,"path_taken":["M","?","?","?","?","E","M","R","T","E","M","?","R","?","R","BOSS","M","M","?","?","?","R","E","?","T","R","M","M","R","M","R","BOSS","M","?","?","M","?","R","E","R","T","M","M"],"items_purchased_type":["Relic","Card","Relic","Card"],"build_version":"2020-12-22","purchased_purges":1,"victory":false,"max_hp_per_floor":[68,68,68,68,62,62,62,62,69,69,69,69,69,69,69,69,69,69,69,69,69,69,69,69,69,69,69,69,69,69,69,69,69,69,69,69,69,69,75,75,75,75,75,75,75,75],"relic_stats":{"Darkstone Periapt":6,"Gremlin Horn":[17,17],"counters":[22,102],"Bloody Idol":55,"Astrolabe":["Evaluate","PathToVictory","Collect"],"PreservedInsect":177,"Art of War":[17],"Bag of Preparation":[20],"Boot":[0],"obtain_stats":[{"Darkstone Periapt":24,"Gremlin Horn":6,"Golden Idol":5,"Astrolabe":17,"Damaru":10,"PreservedInsect":12,"Bag of Preparation":25,"Frozen Egg 2":26,"Boot":41,"SlaversCollar":34,"Strawberry":9,"Bloody Idol":20,"Art of War":0,"PureWater":0,"Toy Ornithopter":43},{"Darkstone Periapt":12,"Gremlin Horn":4,"Golden Idol":3,"Astrolabe":9,"Damaru":6,"PreservedInsect":7,"Bag of Preparation":12,"Frozen Egg 2":12,"Boot":20,"SlaversCollar":16,"Strawberry":5,"Bloody Idol":11,"Art of War":0,"PureWater":0,"Toy Ornithopter":20},{"Darkstone Periapt":49,"Gremlin Horn":16,"Golden Idol":12,"Astrolabe":36,"Damaru":24,"PreservedInsect":26,"Bag of Preparation":49,"Frozen Egg 2":49,"Boot":88,"SlaversCollar":68,"Strawberry":19,"Bloody Idol":45,"Art of War":0,"PureWater":0,"Toy Ornithopter":88}],"Toy Ornithopter":5},"card_choices":[{"not_picked":["SandsOfTime","Pray"],"picked":"SashWhip","floor":1.0},{"not_picked":["SashWhip","SignatureMove"],"picked":"CutThroughFate","floor":2.0},{"not_picked":["Conclude","Wallop"],"picked":"Tantrum","floor":4.0},{"not_picked":["SignatureMove","FlurryOfBlows"],"picked":"ReachHeaven","floor":6.0},{"not_picked":["Prostrate","Crescendo"],"picked":"Perseverance","floor":7.0},{"not_picked":["ThirdEye","DeusExMachina"],"picked":"Prostrate","floor":10.0},{"not_picked":["SandsOfTime","FlyingSleeves"],"picked":"WindmillStrike","floor":11.0},{"not_picked":["CrushJoints","TalkToTheHand"],"picked":"Prostrate","floor":14.0},{"not_picked":["Halt+1","WindmillStrike","FlurryOfBlows"],"picked":"SKIP","floor":18.0},{"not_picked":["BowlingBash","Halt"],"picked":"FollowUp","floor":19.0},{"not_picked":["Prostrate","Worship"],"picked":"Devotion","floor":24.0},{"not_picked":["FlurryOfBlows","SashWhip"],"picked":"EmptyBody","floor":28.0},{"not_picked":["Crescendo","WindmillStrike","InnerPeace+1"],"picked":"SKIP","floor":29.0},{"not_picked":["JustLucky","CrushJoints"],"picked":"CutThroughFate","floor":31.0},{"not_picked":["Ragnarok","DeusExMachina"],"picked":"Scrawl","floor":33.0},{"not_picked":["Consecrate","FlurryOfBlows+1","ThirdEye+1"],"picked":"SKIP","floor":35.0},{"not_picked":["ThirdEye","FollowUp","FlurryOfBlows+1"],"picked":"SKIP","floor":38.0},{"not_picked":["EmptyMind+1","Indignation"],"picked":"Prostrate","floor":39.0},{"not_picked":["MentalFortress+1","Fasting2+1"],"picked":"Ragnarok","floor":41},{"not_picked":["Nirvana+1","Consecrate+1","SashWhip"],"picked":"SKIP","floor":44}],"player_experience":1393756,"relics_obtained":[{"floor":6.0,"key":"Gremlin Horn"},{"floor":9.0,"key":"Strawberry"},{"floor":10.0,"key":"Damaru"},{"floor":24.0,"key":"Darkstone Periapt"},{"floor":26.0,"key":"Frozen Egg 2"},{"floor":41,"key":"Boot"},{"floor":43,"key":"Toy Ornithopter"}],"event_choices":[{"damage_healed":0.0,"max_hp_gain":0.0,"max_hp_loss":0.0,"gold_gain":0.0,"event_name":"Upgrade Shrine","player_choice":"Upgraded","floor":3.0,"gold_loss":0.0,"damage_taken":0.0,"cards_upgraded":["Eruption"]},{"damage_healed":0.0,"max_hp_gain":0.0,"max_hp_loss":6.0,"gold_gain":0.0,"event_name":"Golden Idol","player_choice":"Lose Max HP","floor":5.0,"gold_loss":0.0,"damage_taken":0.0,"relics_obtained":["Golden Idol"]},{"damage_healed":0.0,"max_hp_gain":0.0,"max_hp_loss":0.0,"gold_gain":0.0,"event_name":"Forgotten Altar","player_choice":"Gave Idol","floor":20.0,"relics_lost":["Golden Idol"],"gold_loss":0.0,"damage_taken":0.0,"relics_obtained":["Bloody Idol"]},{"damage_healed":0.0,"max_hp_gain":0.0,"max_hp_loss":0.0,"gold_gain":0.0,"event_name":"The Mausoleum","player_choice":"Ignored","floor":21.0,"gold_loss":0.0,"damage_taken":0.0},{"cards_removed":["Strike_P"],"damage_healed":0.0,"max_hp_gain":0.0,"max_hp_loss":0.0,"gold_gain":0.0,"event_name":"Back to Basics","player_choice":"Elegance","floor":22.0,"gold_loss":0.0,"damage_taken":0.0},{"damage_healed":0.0,"max_hp_gain":0.0,"max_hp_loss":0.0,"gold_gain":0.0,"event_name":"Upgrade Shrine","player_choice":"Upgraded","floor":36.0,"gold_loss":0.0,"damage_taken":0.0,"cards_upgraded":["Scrawl"]}],"is_beta":false,"boss_relics":[{"not_picked":["Cursed Key","Pandora\u0027s Box"],"picked":"Astrolabe"},{"not_picked":["Runic Dome","Empty Cage"],"picked":"SlaversCollar"}],"items_purged_floors":[12],"is_endless":false,"potions_floor_spawned":[1,4,11,14,18,24,31,33,35,38,44],"killed_by":"Spire Growth","ascension_level":20}}