{"host":"kiczkwpc36uxnkg8","time":1611933860,"event":{"mods":["AchievementEnabler","Act Like it!","Aspiration","BaseMod","Colored Powertips","Energized Spire","GifTheSpireLib","Hubris","Infinite Spire","Koishi","Minty Spire (QoL Compilation)","Pale of the Ancients","Permanent Neow","Quick Restart","Relic Filter","Remilia??????","Replay The Spire","Spicy Shops","StSLib","Stuff the Spire","The Bug Knight","The Servant 0.9.4","Wandering Minibosses"],"gold_per_floor":[115,127,145,145,160,185,200,200,200,210,243,160,54,73,73,173,173,183,199,219,231,231,231,257,257,282,63,63,63],"floor_reached":28,"language":"ENG","playtime":906,"items_purged":["Strike_G+1"],"score":277,"play_id":"287bd363-46e4-4727-8ee7-db7efc3c84c8","local_time":"20210129152420","is_ascension_mode":true,"campfire_choices":[{"floor":8.0,"key":"REST"},{"floor":15.0,"key":"REST"},{"floor":23.0,"key":"REST"},{"floor":25,"key":"REST"}],"circlet_count":0,"master_deck":["Strike_G+1","Strike_G+1","Strike_G+1","Strike_G+1","Defend_G","Defend_G","Defend_G","Defend_G","Defend_G","Survivor","Neutralize","Bouncing Flask","Poisoned Stab","Noxious Fumes","Deadly Poison","Deadly Poison","StuffTheSpire:Injection","Poison Darts","Bouncing Flask+1","Catalyst","Deadly Poison","Noxious Fumes"],"relics":["Painkiller Herb","Centennial Puzzle","Bottled Tornado","Replay:Bottled Eggs","Sozu","aspiration:Lifesprig","Juzu Bracelet","DollysMirror"],"acts_visited":["Exordium","TheCity"],"potions_floor_usage":[28],"damage_taken":[{"damage":0.0,"enemies":"Cultist","floor":1.0,"turns":5.0},{"damage":0.0,"enemies":"Small Slimes","floor":2.0,"turns":4.0},{"damage":0.0,"enemies":"Jaw Worm","floor":3.0,"turns":3.0},{"damage":7.0,"enemies":"3 Louse","floor":5.0,"turns":3.0},{"damage":30.0,"enemies":"3 Sentries","floor":6.0,"turns":7.0},{"damage":0.0,"enemies":"2 Fungi Beasts","floor":7.0,"turns":3.0},{"damage":0.0,"enemies":"Exordium Wildlife","floor":10.0,"turns":3.0},{"damage":16.0,"enemies":"Gremlin Nob","floor":11.0,"turns":4.0},{"damage":13.0,"enemies":"Large Slime","floor":14.0,"turns":4.0},{"damage":10.0,"enemies":"Slime Boss","floor":16.0,"turns":9.0},{"damage":1.0,"enemies":"Spheric Guardian","floor":18.0,"turns":3.0},{"damage":28.0,"enemies":"2 Thieves","floor":19.0,"turns":4.0},{"damage":12.0,"enemies":"Centurion and Healer","floor":20.0,"turns":4.0},{"damage":10.0,"enemies":"Snecko","floor":21.0,"turns":3.0},{"damage":34,"enemies":"Slavers","floor":24,"turns":4},{"damage":27,"enemies":"Snake Plant","floor":28,"turns":2}],"seed_played":"4656822968647870017","potions_obtained":[{"floor":1.0,"key":"SneckoOil"},{"floor":3.0,"key":"CunningPotion"},{"floor":14.0,"key":"Elixir"}],"is_trial":false,"path_per_floor":["?","?","?","?","?","E","?","T","T","?","E","T","T","?","T","B",null,"?","?","?","?","?","T","E","T","T","T","?"],"character_chosen":"THE_SILENT","items_purchased":["Deadly Poison","Deadly Poison","DollysMirror"],"campfire_rested":4,"item_purchase_floors":[12,13,27],"current_hp_per_floor":[70,70,70,70,63,33,33,54,54,54,38,38,38,25,46,36,70,69,41,29,19,19,40,6,27,27,27,0,0],"gold":63,"neow_bonus":"BOSS_RELIC","is_daily":false,"chose_seed":false,"campfire_upgraded":0,"win_rate":0.0,"timestamp":1611933860,"path_taken":["?","?","?","?","?","E","?","T","T","?","E","?","T","?","T","BOSS","?","?","?","?","?","T","E","T","T","T","?"],"items_purchased_type":["Card","Card","Relic"],"build_version":"2020-12-22","purchased_purges":1,"victory":false,"max_hp_per_floor":[70,70,70,70,70,70,70,70,70,70,70,70,70,70,70,70,70,70,70,70,70,70,70,70,70,70,70,70,70],"card_choices":[{"not_picked":["Backflip","Choke","StuffTheSpire:ReptileScales"],"picked":"SKIP","floor":1.0},{"not_picked":["Underhanded Strike","Backflip"],"picked":"Bouncing Flask","floor":2.0},{"not_picked":["Sucker Punch","Slice"],"picked":"Poisoned Stab","floor":3.0},{"not_picked":["Cloak And Dagger","PiercingWail"],"picked":"Noxious Fumes","floor":5.0},{"not_picked":["StuffTheSpire:BumpUp","Underhanded Strike","Storm of Steel"],"picked":"SKIP","floor":6.0},{"not_picked":["StuffTheSpire:ClusterCrunch","Underhanded Strike","StuffTheSpire:Python"],"picked":"SKIP","floor":7.0},{"not_picked":["Draining Mist","StuffTheSpire:Fury","Dagger Spray"],"picked":"SKIP","floor":10.0},{"not_picked":["Fluid Movement","Phantasmal Killer","hubris:TrickCloak"],"picked":"SKIP","floor":11.0},{"not_picked":["Prepared","Dodge and Roll"],"picked":"StuffTheSpire:Injection","floor":14.0},{"not_picked":["Venomology","Unload"],"picked":"Poison Darts","floor":16.0},{"not_picked":["StuffTheSpire:Injection","Accuracy+1","Dagger Spray"],"picked":"SKIP","floor":18.0},{"not_picked":["ReplayTheSpireMod:The Works","ReplayTheSpireMod:Scrap Shanks","StuffTheSpire:Fury"],"picked":"SKIP","floor":19.0},{"not_picked":["Underhanded Strike+1","Quick Slash+1"],"picked":"Bouncing Flask+1","floor":20.0},{"not_picked":["StuffTheSpire:ClusterCrunch","Finisher"],"picked":"Catalyst","floor":21.0},{"not_picked":["Leg Sweep","StuffTheSpire:Python"],"picked":"Deadly Poison","floor":24}],"player_experience":651435,"relics_obtained":[{"floor":9.0,"key":"Bottled Tornado"},{"floor":11.0,"key":"Replay:Bottled Eggs"},{"floor":24,"key":"aspiration:Lifesprig"},{"floor":26,"key":"Juzu Bracelet"}],"event_choices":[{"damage_healed":0.0,"max_hp_gain":0.0,"max_hp_loss":0.0,"gold_gain":0.0,"event_name":"WeMeetAgain","player_choice":"Gave Potion","floor":4.0,"gold_loss":0.0,"damage_taken":0.0,"relics_obtained":["Centennial Puzzle"]}],"is_beta":false,"boss_relics":[{"not_picked":["Runic Dome","hubris:BlackHole"],"picked":"Sozu"}],"items_purged_floors":[27],"is_endless":false,"potions_floor_spawned":[1,3,14,18,19,24],"killed_by":"Snake Plant","ascension_level":2}}