{"host":"pwjf0l6xyqjk5jnq","time":1611898707,"event":{"mods":["BaseMod","Hubris","Minty Spire (QoL Compilation)","Quarter Circle Forward PUNCH!","Replay The Spire","Spire Arcade","StSLib","The Construct","Wandering Minibosses"],"gold_per_floor":[113,123,123,123,123,123,166,186,256,299,299,315,315,336,336,336,336],"floor_reached":16,"language":"ENG","playtime":856,"items_purged":[],"score":216,"play_id":"33b84291-89bd-40af-8655-f4592a91f96c","local_time":"20210129163827","is_ascension_mode":true,"campfire_choices":[{"data":"construct:PointDefense+1","floor":6,"key":"SMITH"},{"data":"construct:Autoturret","floor":11,"key":"SMITH"},{"data":"construct:Autoturret+1","floor":13,"key":"SMITH"},{"data":"construct:DefenseMode","floor":15,"key":"SMITH"}],"circlet_count":0,"master_deck":["AscendersBane","construct:Strike_Gold","construct:Strike_Gold","construct:Strike_Gold","construct:Strike_Gold","construct:Defend_Gold","construct:Defend_Gold","construct:Defend_Gold","construct:Defend_Gold","construct:Defend_Gold","construct:AttackMode","construct:DefenseMode+1","construct:PointDefense+2","construct:Autoturret+2","construct:LongRangeLance","construct:Failsafe","construct:CriticalHit"],"relics":["construct:ClockworkPhoenix","NeowsBlessing","Golden Idol","ReplayTheSpireMod:Lightbulb","HornCleat","qcfpunch:Broken_Tusk"],"acts_visited":["Exordium"],"potions_floor_usage":[10,10,16],"damage_taken":[{"damage":0,"enemies":"Jaw Worm","floor":1,"turns":1},{"damage":0,"enemies":"Small Slimes","floor":2,"turns":1},{"damage":0,"enemies":"Replay:BlueRogue","floor":7,"turns":1},{"damage":13,"enemies":"2 Louse","floor":8,"turns":8},{"damage":19,"enemies":"Lagavulin","floor":10,"turns":20},{"damage":0,"enemies":"Exordium Wildlife","floor":12,"turns":9},{"damage":13,"enemies":"Red Slaver","floor":14,"turns":6},{"damage":24,"enemies":"Fading Forest","floor":16,"turns":7}],"seed_played":"6787568142112195545","potions_obtained":[{"floor":1,"key":"Adrenaline Potion"},{"floor":7,"key":"SkillPotion"},{"floor":14,"key":"ColorlessPotion"}],"is_trial":false,"path_per_floor":["M","M","?","?","?","R","E","M","T","E","R","M","R","M","R","B"],"character_chosen":"THE_CONSTRUCT_MOD","items_purchased":[],"campfire_rested":0,"item_purchase_floors":[],"current_hp_per_floor":[77,77,77,77,56,56,56,43,43,24,24,24,24,11,11,0,0],"gold":336,"neow_bonus":"THREE_ENEMY_KILL","is_daily":false,"chose_seed":false,"campfire_upgraded":4,"win_rate":0.0,"timestamp":1611898707,"path_taken":["M","M","?","?","?","R","E","M","T","E","R","M","R","M","R","BOSS"],"items_purchased_type":[],"build_version":"2020-12-22","purchased_purges":0,"victory":false,"max_hp_per_floor":[85,85,85,85,85,85,85,85,85,85,85,85,85,85,85,85,85],"card_choices":[{"not_picked":["construct:HeavyBolt","construct:Analyze"],"picked":"construct:PointDefense","floor":1},{"not_picked":["construct:FlakBarrage","construct:PowerUp"],"picked":"construct:Autoturret","floor":2},{"not_picked":["construct:Versatility","construct:Missile","construct:GoldenBullet"],"picked":"SKIP","floor":7},{"not_picked":["construct:Accumulate","construct:Zapper","construct:Antimatter"],"picked":"SKIP","floor":8},{"not_picked":["construct:Disrupt","construct:ScrapCannon"],"picked":"construct:Failsafe","floor":10},{"not_picked":["construct:Anticipate","construct:Backfire","construct:Overcharge"],"picked":"SKIP","floor":12},{"not_picked":["construct:VentSteam","construct:FlakBarrage"],"picked":"construct:CriticalHit","floor":14}],"player_experience":1277117,"relics_obtained":[{"floor":7,"key":"ReplayTheSpireMod:Lightbulb"},{"floor":9,"key":"HornCleat"},{"floor":10,"key":"qcfpunch:Broken_Tusk"}],"event_choices":[{"damage_healed":0,"gold_gain":0,"cards_transformed":["construct:Strike_Gold"],"player_choice":"Change","damage_taken":0,"max_hp_gain":0,"max_hp_loss":0,"event_name":"Living Wall","floor":3,"gold_loss":0,"cards_obtained":["construct:LongRangeLance"]},{"damage_healed":0,"gold_gain":0,"player_choice":"Take Damage","damage_taken":21,"relics_obtained":["Golden Idol"],"max_hp_gain":0,"max_hp_loss":0,"event_name":"Golden Idol","floor":5,"gold_loss":0}],"is_beta":false,"boss_relics":[],"items_purged_floors":[],"is_endless":false,"potions_floor_spawned":[1,7,14],"killed_by":"Fading Forest","ascension_level":12}}