{"host":"3y2rtlgteqp2nuo3","time":1611931302,"event":{"mods":["2.2 Compatiblity","AchievementEnabler","BaseMod","Colored Map","DeckTracker","Highlight Path","Keyboard Shortcuts","Minty Spire (QoL Compilation)","Permanent Neow","Quick Restart","StSLib","SuperFastMode","everything is the same but u backflip on backflip"],"gold_per_floor":[110,185,205,216,232,232,382,26,72,72,91,105,105,116,116,116,116],"floor_reached":16,"language":"KOR","playtime":241,"items_purged":["Doubt"],"score":188,"play_id":"00f1683f-5ec7-4a3e-82d8-357f489d96bd","local_time":"20210129234142","is_ascension_mode":true,"campfire_choices":[{"data":"Eruption","floor":6.0,"key":"SMITH"},{"data":"Judgement","floor":10.0,"key":"SMITH"},{"data":"Adaptation","floor":13.0,"key":"SMITH"},{"data":"ThirdEye","floor":15.0,"key":"SMITH"}],"circlet_count":0,"master_deck":["AscendersBane","Strike_P","Strike_P","Strike_P","Strike_P","Defend_P","Defend_P","Defend_P","Defend_P","Eruption+1","Vigilance","Judgement+1","ThirdEye+1","Adaptation+1"],"relics":["PureWater","Kunai","Toy Ornithopter"],"acts_visited":["Exordium"],"potions_floor_usage":[],"damage_taken":[{"damage":0.0,"enemies":"2 Louse","floor":1.0,"turns":2.0},{"damage":0.0,"enemies":"Jaw Worm","floor":3.0,"turns":3.0},{"damage":0.0,"enemies":"Cultist","floor":4.0,"turns":4.0},{"damage":0.0,"enemies":"Blue Slaver","floor":5.0,"turns":2.0},{"damage":4.0,"enemies":"Red Slaver","floor":11.0,"turns":4.0},{"damage":9.0,"enemies":"Lots of Slimes","floor":12.0,"turns":3.0},{"damage":0.0,"enemies":"Blue Slaver","floor":14.0,"turns":3.0},{"damage":46,"enemies":"Slime Boss","floor":16,"turns":6}],"seed_played":"1713796672699044473","potions_obtained":[{"floor":1.0,"key":"Explosive Potion"},{"floor":4.0,"key":"ColorlessPotion"}],"is_trial":false,"path_per_floor":["M","?","M","M","M","R","?","$","T","R","M","M","R","M","R","B"],"character_chosen":"WATCHER","items_purchased":["Kunai"],"campfire_rested":0,"item_purchase_floors":[8],"current_hp_per_floor":[61,50,50,50,50,50,50,50,50,50,46,42,42,42,42,0,0],"gold":116,"neow_bonus":"ONE_RANDOM_RARE_CARD","is_daily":false,"chose_seed":false,"campfire_upgraded":4,"win_rate":0.0,"timestamp":1611931302,"path_taken":["M","?","M","M","M","R","?","?","T","R","M","M","R","M","R","BOSS"],"items_purchased_type":["Relic"],"build_version":"2020-12-22","purchased_purges":1,"victory":false,"max_hp_per_floor":[68,68,68,68,68,68,68,68,68,68,68,68,68,68,68,68,68],"card_choices":[{"not_picked":["Pray","Crescendo"],"picked":"ThirdEye","floor":1.0},{"not_picked":["WreathOfFlame","Crescendo","Collect"],"picked":"SKIP","floor":3.0},{"not_picked":["ClearTheMind","Consecrate","FollowUp"],"picked":"SKIP","floor":4.0},{"not_picked":["Vengeance","Nirvana"],"picked":"Adaptation","floor":5.0},{"not_picked":["Perseverance","Consecrate","PathToVictory"],"picked":"SKIP","floor":11.0},{"not_picked":["FollowUp","Pray","BowlingBash"],"picked":"SKIP","floor":12.0},{"not_picked":["FlurryOfBlows","MasterReality","SashWhip"],"picked":"SKIP","floor":14.0}],"player_experience":734925,"relics_obtained":[{"floor":9.0,"key":"Toy Ornithopter"}],"event_choices":[{"damage_healed":0.0,"max_hp_gain":0.0,"max_hp_loss":0.0,"gold_gain":75.0,"event_name":"World of Goop","player_choice":"Gather Gold","floor":2.0,"gold_loss":0.0,"damage_taken":11.0},{"damage_healed":0.0,"max_hp_gain":0.0,"max_hp_loss":0.0,"gold_gain":150.0,"event_name":"Liars Game","player_choice":"AGREE","floor":7.0,"gold_loss":0.0,"damage_taken":0.0,"cards_obtained":["Doubt"]}],"is_beta":false,"boss_relics":[],"items_purged_floors":[8],"is_endless":false,"potions_floor_spawned":[1,4,5,11],"killed_by":"Slime Boss","ascension_level":20}}