{"host":"f6w7z8zvb0mi4wy9","time":1611957862,"event":{"mods":["BaseMod","Colored Map","Minty Spire (QoL Compilation)","READ ME - Guardian Mod","StSLib","SuperFastMode","The Jungle"],"gold_per_floor":[109,122,46,46,221,251,251,286,313,328,340,351,351,365,365,461,461,479,513,525,624,624,652,652,685,685,718,728,643,643,662,662,757,757,772,790,809,809,827,827,857,857,857,874,906,923,923,923,923,923,923,923,35,67,67],"floor_reached":56,"language":"KOR","playtime":2818,"items_purged":["Doubt"],"score":1377,"play_id":"b1f37668-e3f8-4795-b568-23df3e52a2b6","local_time":"20210130070422","is_ascension_mode":true,"campfire_choices":[{"data":"Dualcast","floor":7.0,"key":"SMITH"},{"data":"Defragment","floor":13.0,"key":"SMITH"},{"data":"Creative AI","floor":15.0,"key":"SMITH"},{"data":"Hologram","floor":24.0,"key":"SMITH"},{"floor":30.0,"key":"REST"},{"data":"White Noise","floor":32.0,"key":"SMITH"},{"floor":40,"key":"REST"},{"data":"Defragment","floor":42,"key":"SMITH"},{"floor":49,"key":"RECALL"},{"floor":52,"key":"DIG"}],"circlet_count":0,"master_deck":["Strike_B","Strike_B","Strike_B","Strike_B","Defend_B","Defend_B","Defend_B","Defend_B","Zap+1","Dualcast+1","Chill","Steam","Defragment+1","White Noise+1","Ball Lightning","FTL","Hologram+1","Creative AI+1","Echo Form","Force Field+1","BootSequence+1","Heatsinks","Defragment+1","Multi-Cast+1","Self Repair","Coolheaded+1","Skim+1","Madness+1","Madness+1","Go for the Eyes+1","Loop+1","Buffer","Steam+1","Bandage Up+1","Flash of Steel","Discovery+1","Seek+1","Hologram+1"],"relics":["Cracked Core","NeowsBlessing","Bag of Preparation","Bottled Tornado","Inserter","Red Mask","Pen Nib","Toxic Egg 2","Sundial","Bag of Marbles","Gremlin Horn","Shovel","Philosopher\u0027s Stone","Pocketwatch","Darkstone Periapt","Prayer Wheel","Bottled Lightning","ClockworkSouvenir","Torii","Nunchaku","Lantern"],"acts_visited":["Exordium","TheCity","TheBeyond","TheEnding"],"potions_floor_usage":[41,41,45,45,54],"damage_taken":[{"damage":0.0,"enemies":"2 Louse","floor":1.0,"turns":1.0},{"damage":0.0,"enemies":"Jaw Worm","floor":2.0,"turns":1.0},{"damage":0.0,"enemies":"Lagavulin","floor":6.0,"turns":2.0},{"damage":7.0,"enemies":"3 Sentries","floor":8.0,"turns":17.0},{"damage":0.0,"enemies":"Small Slimes","floor":10.0,"turns":3.0},{"damage":0.0,"enemies":"Looter","floor":11.0,"turns":3.0},{"damage":9.0,"enemies":"Blue Slaver","floor":12.0,"turns":3.0},{"damage":2.0,"enemies":"2 Fungi Beasts","floor":14.0,"turns":3.0},{"damage":14.0,"enemies":"Hexaghost","floor":16.0,"turns":9.0},{"damage":8.0,"enemies":"Spheric Guardian","floor":18.0,"turns":4.0},{"damage":5.0,"enemies":"Masked Bandits","floor":19.0,"turns":4.0},{"damage":0.0,"enemies":"3 Byrds","floor":20.0,"turns":5.0},{"damage":20.0,"enemies":"Book of Stabbing","floor":23.0,"turns":5.0},{"damage":24.0,"enemies":"Slavers","floor":25.0,"turns":7.0},{"damage":12.0,"enemies":"Gremlin Leader","floor":27.0,"turns":7.0},{"damage":5.0,"enemies":"Snecko","floor":28.0,"turns":5.0},{"damage":1.0,"enemies":"Centurion and Healer","floor":31.0,"turns":8.0},{"damage":5.0,"enemies":"Collector","floor":33.0,"turns":9.0},{"damage":0.0,"enemies":"3 Darklings","floor":35.0,"turns":2.0},{"damage":13.0,"enemies":"Orb Walker","floor":36.0,"turns":3.0},{"damage":34,"enemies":"Writhing Mass","floor":37,"turns":6},{"damage":9,"enemies":"3 Darklings","floor":39,"turns":5},{"damage":26,"enemies":"Reptomancer","floor":41,"turns":7},{"damage":12,"enemies":"Sphere and 2 Shapes","floor":44,"turns":6},{"damage":6,"enemies":"Nemesis","floor":45,"turns":11},{"damage":11,"enemies":"Jaw Worm Horde","floor":46,"turns":4},{"damage":11,"enemies":"Donu and Deca","floor":50,"turns":11},{"damage":53,"enemies":"Shield and Spear","floor":54,"turns":8},{"damage":31,"enemies":"The Heart","floor":55,"turns":12}],"seed_played":"-183031509931537122","potions_obtained":[{"floor":1.0,"key":"FearPotion"},{"floor":6.0,"key":"FocusPotion"},{"floor":10.0,"key":"Weak Potion"},{"floor":16.0,"key":"DistilledChaos"},{"floor":25.0,"key":"FearPotion"},{"floor":27.0,"key":"EssenceOfSteel"},{"floor":31.0,"key":"Fruit Juice"},{"floor":36.0,"key":"Weak Potion"},{"floor":37,"key":"AttackPotion"},{"floor":41,"key":"SpeedPotion"},{"floor":44,"key":"Dexterity Potion"}],"is_trial":false,"path_per_floor":["M","M","$","?","?","E","R","E","T","M","M","M","R","M","R","B",null,"M","?","M","?","?","E","R","E","T","E","M","?","R","M","R","B",null,"M","M","M","?","M","R","E","R","T","M","E","M","?","?","R","B",null,"R","$","E","B",null],"character_chosen":"DEFECT","items_purchased":["Defragment","ClockworkSouvenir","Discovery+1","Seek+1","Torii","Nunchaku","SkillPotion"],"campfire_rested":2,"item_purchase_floors":[3,53,53,53,53,53,53],"current_hp_per_floor":[75,75,75,75,75,75,75,68,68,68,68,59,59,57,57,43,75,67,62,62,62,62,42,42,18,18,6,1,1,23,27,27,22,80,80,74,40,30,28,52,33,33,33,28,29,25,20,20,20,29,80,80,80,34,16],"gold":67,"neow_bonus":"THREE_ENEMY_KILL","is_daily":false,"chose_seed":false,"campfire_upgraded":6,"win_rate":0.0,"timestamp":1611957862,"path_taken":["M","M","$","?","?","E","R","E","T","?","M","M","R","M","R","BOSS","M","?","M","?","?","E","R","E","T","E","M","?","R","M","R","BOSS","M","M","M","?","M","R","E","R","T","M","E","M","?","?","R","BOSS","R","$","E","BOSS"],"items_purchased_type":["Card","Relic","Card","Card","Relic","Relic","Potion"],"build_version":"2020-12-22","purchased_purges":1,"victory":true,"max_hp_per_floor":[75,75,75,75,75,75,75,75,75,75,75,75,75,75,75,75,75,75,75,75,75,75,75,75,75,75,75,75,75,75,80,80,80,80,80,80,80,80,80,80,80,80,80,80,80,80,80,80,80,80,80,80,80,80,80],"card_choices":[{"not_picked":["Blizzard","Undo"],"picked":"Chill","floor":1.0},{"not_picked":["Turbo","Conserve Battery"],"picked":"Steam","floor":2.0},{"not_picked":["Rainbow","Doom and Gloom"],"picked":"White Noise","floor":6.0},{"not_picked":["Reinforced Body","Streamline"],"picked":"Ball Lightning","floor":8.0},{"not_picked":["Streamline","Turbo","Barrage"],"picked":"SKIP","floor":10.0},{"not_picked":["Streamline","Ball Lightning"],"picked":"FTL","floor":11.0},{"not_picked":["Heatsinks","Compile Driver"],"picked":"Hologram","floor":12.0},{"not_picked":["Redo","Scrape"],"picked":"Creative AI","floor":14.0},{"not_picked":["Creative AI","Thunder Strike"],"picked":"Echo Form","floor":16.0},{"not_picked":["Double Energy","Rebound","Streamline"],"picked":"SKIP","floor":18.0},{"not_picked":["Cold Snap+1","Sweeping Beam"],"picked":"Force Field+1","floor":20.0},{"not_picked":["Compile Driver","Meteor Strike"],"picked":"BootSequence+1","floor":23.0},{"not_picked":["Rebound","Auto Shields+1"],"picked":"Heatsinks","floor":25.0},{"not_picked":["Melter","Turbo+1","Reprogram+1"],"picked":"SKIP","floor":27.0},{"not_picked":["Scrape+1","Stack+1","Compile Driver+1"],"picked":"SKIP","floor":28.0},{"not_picked":["Rip and Tear","Storm"],"picked":"Defragment","floor":31.0},{"not_picked":["Creative AI","Biased Cognition"],"picked":"Multi-Cast+1","floor":33.0},{"not_picked":["Hologram+1","Barrage+1"],"picked":"Self Repair","floor":35.0},{"not_picked":["Aggregate+1","Tempest+1"],"picked":"Coolheaded+1","floor":36.0},{"not_picked":["Conserve Battery+1","FTL+1"],"picked":"Skim+1","floor":37},{"not_picked":["Hello World","Gash+1"],"picked":"Go for the Eyes+1","floor":39},{"not_picked":["Darkness+1","Compile Driver+1"],"picked":"Loop+1","floor":41},{"not_picked":["Streamline","Stack+1"],"picked":"Gash","floor":44},{"not_picked":["Double Energy+1","Cold Snap"],"picked":"Buffer","floor":45},{"not_picked":["Streamline+1","Gash+1"],"picked":"Steam+1","floor":46},{"not_picked":["Reprogram+1","Self Repair","Cold Snap"],"picked":"SKIP","floor":46},{"not_picked":["Enlightenment+1","Thinking Ahead+1"],"picked":"Bandage Up+1","floor":47},{"not_picked":["Swift Strike","PanicButton+1"],"picked":"Flash of Steel","floor":47},{"not_picked":["Sweeping Beam","Rebound+1"],"picked":"Hologram+1","floor":54}],"player_experience":906968,"relics_obtained":[{"floor":6.0,"key":"Bag of Preparation"},{"floor":8.0,"key":"Bottled Tornado"},{"floor":19.0,"key":"Red Mask"},{"floor":23.0,"key":"Toxic Egg 2"},{"floor":25.0,"key":"Sundial"},{"floor":26.0,"key":"Bag of Marbles"},{"floor":27.0,"key":"Gremlin Horn"},{"floor":41,"key":"Pocketwatch"},{"floor":43,"key":"Darkstone Periapt"},{"floor":45,"key":"Prayer Wheel"},{"floor":52,"key":"Bottled Lightning"},{"floor":54,"key":"Lantern"}],"event_choices":[{"damage_healed":0.0,"max_hp_gain":0.0,"max_hp_loss":0.0,"gold_gain":0.0,"event_name":"Living Wall","player_choice":"Grow","floor":4.0,"gold_loss":0.0,"damage_taken":0.0,"cards_upgraded":["Zap"]},{"damage_healed":0.0,"max_hp_gain":0.0,"max_hp_loss":0.0,"gold_gain":175.0,"event_name":"Liars Game","player_choice":"AGREE","floor":5.0,"gold_loss":0.0,"damage_taken":0.0,"cards_obtained":["Doubt"]},{"damage_healed":0.0,"max_hp_gain":0.0,"max_hp_loss":0.0,"gold_gain":0.0,"event_name":"Masked Bandits","player_choice":"Fought Bandits","floor":19.0,"gold_loss":0.0,"damage_taken":0.0},{"damage_healed":0.0,"max_hp_gain":0.0,"max_hp_loss":0.0,"gold_gain":99.0,"event_name":"Nest","player_choice":"Stole From Cult","floor":21.0,"gold_loss":0.0,"damage_taken":0.0},{"damage_healed":0.0,"max_hp_gain":0.0,"max_hp_loss":0.0,"gold_gain":0.0,"event_name":"The Mausoleum","player_choice":"Opened","floor":22.0,"gold_loss":0.0,"damage_taken":0.0,"relics_obtained":["Pen Nib"]},{"damage_healed":0.0,"max_hp_gain":0.0,"max_hp_loss":0.0,"gold_gain":0.0,"event_name":"Addict","player_choice":"Obtained Relic","floor":29.0,"gold_loss":85.0,"damage_taken":0.0,"relics_obtained":["Shovel"]},{"damage_healed":0,"gold_gain":0,"player_choice":"Embrace Madness","damage_taken":10,"max_hp_gain":0,"max_hp_loss":0,"event_name":"Winding Halls","floor":38,"gold_loss":0,"cards_obtained":["Madness","Madness"]},{"damage_healed":0,"gold_gain":0,"player_choice":"Memory 2","damage_taken":5,"max_hp_gain":0,"max_hp_loss":0,"event_name":"SensoryStone","floor":47,"gold_loss":0},{"cards_removed":["Gash"],"damage_healed":0,"gold_gain":0,"player_choice":"Removed Attack","damage_taken":0,"max_hp_gain":0,"max_hp_loss":0,"event_name":"Falling","floor":48,"gold_loss":0}],"is_beta":false,"boss_relics":[{"not_picked":["SacredBark","Nuclear Battery"],"picked":"Inserter"},{"not_picked":["Pandora\u0027s Box","Tiny House"],"picked":"Philosopher\u0027s Stone"}],"items_purged_floors":[53],"is_endless":false,"potions_floor_spawned":[1,6,10,16,25,27,31,36,37,41,44],"ascension_level":1}}