{"host":"36nosutyzulbwemu","time":1611913367,"event":{"mods":["BaseMod","Marisa£®ÏF”Í°°ƒß¿Ì…≥£©","Minty Spire (QoL Compilation)","Reliquary","Replay The Spire","Shop Mod","StSLib","The Bug Knight","The Servant 0.9.4"],"gold_per_floor":[144,198,258,288,318,405,498,600,600,702,744,831,918,1017,1017,1311,1311,1341,1398,1444,743,32,142,231,395,432,548,1,1,327,489,489,809,809,873,1043,368,418,543,543,764,1033,1033,1212,1401,1653,1152,1205,1205,1612,1612,1674,1720,1358,1402,547,672,786,937,937,1029,1029,1029],"floor_reached":62,"language":"ZHS","playtime":6420,"items_purged":["HollowMod:Weaversong","Manipulate"],"score":1608,"play_id":"2a5b8392-dc4d-4aa4-834c-3ec88f87baeb","local_time":"20210129174247","daily_mods":["Draft","Specialized","Vintage","Allstar","Diverse","Colorless Cards","Heirloom","Time Dilation","Flight","DeadlyEvents","Elite Swarm","Midas","Night Terrors"],"is_ascension_mode":true,"campfire_choices":[{"floor":15,"key":"DIG"},{"data":"HollowMod:ElderbugsWisdom+1","floor":32,"key":"PURGE"},{"floor":40,"key":"REST"},{"data":"1","floor":49,"key":"LIFT"}],"circlet_count":0,"master_deck":["Demon Form","Wraith Form v2","Echo Form+1","DevaForm+1","FlawlessForm","Hologram","Hologram","Hologram","Hologram","Hologram","Crescendo","SprinkleStarSeal","Starlight+1","Cleave+1","ReplayTheSpireMod:Exploit Weakness","Rage","Acrobatics","Beam Cell","CutThroughFate","HollowMod:CloakDash","GravityBeat","Beam Cell","Starlight+1","Swift Strike","Reaper","Omniscience+1","Echo Form","Adrenaline","Midas Touch+1","Phantasmal Killer","LessonLearned+1","ReplayTheSpireMod:Brewmster","WitchOfGreed","Survey Options","Warcry","Armaments","Anger+1","Flash of Steel","Exhume","Machine Learning+1","Hyperbeam","MasterReality","WitchOfGreed+1","WitchOfGreed+1","Flex+1","Abandon+1","HollowMod:DescendingDark","Amplify+1","Replay:Bag of Tricks+1","JA","Flash of Steel+1","Chrysalis+1","CollectingQuirk","After Image+1","ReplayTheSpireMod:Stacked+1","Storm of Steel+1","Demon Form+1","Seeing Red+1","Anger+1","Forethought+1","Dark Embrace+1","Secret Technique+1","Collect+1","Collect+1","Master of Strategy+1","Omniscience+1","Chrysalis+1","DevaForm+1"],"relics":["Unceasing Top","Pocketwatch","ReplayTheSpireMod:Lightbulb","Replay:Towering Pillar of Hats","Du-Vu Doll","Onion Ring","reliquary:TridentHead","reliquary:Boomerang","Eternal Feather","Bottled Lightning","Letter Opener","Replay:Wax Seal","Replay:Baseball","Meat on the Bone","Pantograph","Replay:Mystery Machine","PocketWatch","Snecko Heart","Toy Ornithopter","Replay:Bandana","reliquary:TatteredRug","Shuriken","Oddly Smooth Stone","Sling","Regal Pillow","Incense Burner","HollowMod:JonisBlessing","Smiling Mask","HollowMod:StagPassRelic","MawBank","Pen Nib","reliquary:SilkGlove","Toxic Egg 2","Strange Spoon","Frozen Egg 2","reliquary:RosewoodLute","SplendidAttire","Vajra","Replay:Rubber Ducky","Guide Book","InkBottle","Boot","Mango","BranchBurnRelic","Replay:Bottled Flurry","Matryoshka","reliquary:PurpleTingedLeaf","Girya","Lantern","Pet Ghost","Ice Cream","Bag of Marbles","DollysMirror","Darkstone Periapt","HornCleat","MysterySword","reliquary:TuningFork","reliquary:PorcupineQuills","BargainBundle","Omamori","Snack Pack","Mirror","Medical Kit","Replay:WaspNest","Molten Egg 2","Gremlin Food"],"acts_visited":["Exordium","TheCity","TheBeyond","Exordium"],"potions_floor_usage":[7,12,13,14,21,33,42,47],"damage_taken":[{"damage":0,"enemies":"Small Slimes","floor":1,"turns":3},{"damage":0,"enemies":"Cultist","floor":2,"turns":3},{"damage":8,"enemies":"Jaw Worm","floor":3,"turns":2},{"damage":0,"enemies":"Large Slime","floor":4,"turns":4},{"damage":0,"enemies":"Gremlin Gang","floor":5,"turns":2},{"damage":0,"enemies":"Lagavulin","floor":6,"turns":4},{"damage":10,"enemies":"3 Sentries","floor":7,"turns":4},{"damage":10,"enemies":"Lagavulin","floor":8,"turns":4},{"damage":7,"enemies":"Gremlin Nob","floor":10,"turns":3},{"damage":4,"enemies":"Red Slaver","floor":11,"turns":2},{"damage":18,"enemies":"3 Sentries","floor":12,"turns":3},{"damage":0,"enemies":"HollowMod:MossKnight","floor":13,"turns":2},{"damage":0,"enemies":"Lagavulin","floor":14,"turns":5},{"damage":3,"enemies":"The Guardian","floor":16,"turns":4},{"damage":0,"enemies":"Chosen","floor":18,"turns":4},{"damage":0,"enemies":"Shell Parasite","floor":19,"turns":1},{"damage":8,"enemies":"Shelled Parasite and Fungi","floor":20,"turns":2},{"damage":0,"enemies":"HollowMod:Nosk","floor":23,"turns":2},{"damage":0,"enemies":"Book of Stabbing","floor":24,"turns":3},{"damage":0,"enemies":"Slavers","floor":25,"turns":3},{"damage":0,"enemies":"Replay:Snechameleon","floor":27,"turns":1},{"damage":0,"enemies":"Slavers","floor":30,"turns":2},{"damage":0,"enemies":"Book of Stabbing","floor":31,"turns":2},{"damage":0,"enemies":"Automaton","floor":33,"turns":4},{"damage":17,"enemies":"3 Shapes","floor":35,"turns":2},{"damage":0,"enemies":"3 Darklings","floor":36,"turns":2},{"damage":0,"enemies":"Jaw Worm Horde","floor":38,"turns":3},{"damage":0,"enemies":"Sphere and 2 Shapes","floor":39,"turns":2},{"damage":0,"enemies":"Transient","floor":41,"turns":5},{"damage":0,"enemies":"R_Hoarder","floor":42,"turns":4},{"damage":0,"enemies":"HollowMod:StalkingDevout","floor":44,"turns":1},{"damage":0,"enemies":"Nemesis","floor":46,"turns":3},{"damage":0,"enemies":"Spire Growth","floor":48,"turns":2},{"damage":0,"enemies":"Replay:Hell Engine","floor":50,"turns":2},{"damage":0,"enemies":"Jaw Worm","floor":52,"turns":1},{"damage":0,"enemies":"2 Louse","floor":53,"turns":1},{"damage":0,"enemies":"Cultist","floor":55,"turns":1},{"damage":0,"enemies":"3 Sentries","floor":57,"turns":2},{"damage":0,"enemies":"Gremlin Nob","floor":58,"turns":1},{"damage":0,"enemies":"3 Sentries","floor":59,"turns":2},{"damage":0,"enemies":"Lagavulin","floor":61,"turns":1},{"damage":0,"enemies":"3 Sentries","floor":62,"turns":1}],"seed_played":"1765230022912682692","potions_obtained":[{"floor":3,"key":"Block Potion"},{"floor":7,"key":"SpeedPotion"},{"floor":8,"key":"Energy Potion"},{"floor":10,"key":"Doom Potion"},{"floor":11,"key":"Elixir"},{"floor":12,"key":"Adrenaline Potion"},{"floor":13,"key":"ColorlessPotion"},{"floor":20,"key":"CultistPotion"},{"floor":23,"key":"Adrenaline Potion"},{"floor":25,"key":"ColorlessPotion"},{"floor":30,"key":"SkillPotion"},{"floor":30,"key":"GamblersBrew"},{"floor":30,"key":"Flashbang"},{"floor":31,"key":"PowerPotion"},{"floor":31,"key":"Regen Potion"},{"floor":36,"key":"AttackPotion"},{"floor":39,"key":"Dexterity Potion"},{"floor":41,"key":"Energy Potion"},{"floor":41,"key":"SkillPotion"},{"floor":42,"key":"Block Potion"},{"floor":45,"key":"Energy Potion"},{"floor":45,"key":"EntropicBrew"},{"floor":50,"key":"Languid Potion"},{"floor":52,"key":"Explosive Potion"},{"floor":55,"key":"SpeedPotion"},{"floor":59,"key":"Death Potion"},{"floor":61,"key":"SteroidPotion"}],"is_trial":true,"path_per_floor":["M","M","M","M","M","E","E","E","T","E","M","E","E","E","R","B",null,"M","M","M","$","$","E","E","E","T","E","$","?","E","E","R","B",null,"M","M","$","M","M","R","M","E","T","E","?","E","$","M","R","B",null,"M","M","$","M","$","E","E","E","T","E","E"],"character_chosen":"THE_SERVANT","items_purchased":["Shuriken","Oddly Smooth Stone","Sling","ReplayTheSpireMod:Brewmster","WitchOfGreed","Survey Options","Strength Potion","Strength Potion","EntropicBrew","Warcry","Armaments","Anger","Regal Pillow","Incense Burner","HollowMod:JonisBlessing","Regen Potion","FearPotion","SpeedPotion","Flash of Steel","Toxic Egg 2","Strange Spoon","Frozen Egg 2","Explosive Potion","SteroidPotion","WitchOfGreed+1","Flex+1","Elixir","Adrenaline Potion","Toxic Potion","Guide Book","InkBottle","Boot","Flash of Steel","Chrysalis+1","Bag of Marbles","DollysMirror","Darkstone Periapt","Explosive Potion","Seeing Red+1","Anger","BargainBundle","Omamori","Snack Pack","Forethought+1","Dark Embrace+1","Secret Technique+1","Death Potion","Venom Potion","FearPotion","Medical Kit","Replay:WaspNest","Molten Egg 2","Collect+1","Master of Strategy+1"],"campfire_rested":1,"item_purchase_floors":[21,21,21,21,21,21,21,21,21,21,21,21,22,22,22,22,22,22,22,28,28,28,28,28,28,28,37,37,37,37,37,37,37,37,47,47,47,47,47,47,54,54,54,54,54,54,54,54,54,56,56,56,56,56],"current_hp_per_floor":[65,65,57,57,57,57,65,55,55,48,50,32,42,42,60,62,65,65,65,65,65,65,65,65,65,65,65,65,65,65,65,65,65,65,48,48,48,62,62,74,74,74,74,74,74,74,74,74,74,74,74,74,74,74,74,74,74,74,74,74,74,74,74],"gold":1029,"neow_bonus":"","is_daily":false,"chose_seed":false,"campfire_upgraded":0,"win_rate":0.0,"timestamp":1611913367,"path_taken":["M","M","M","M","M","E","E","E","T","E","M","E","E","E","R","BOSS","M","M","M","$","$","E","E","E","T","E","$","?","?","E","R","BOSS","M","M","$","M","M","R","?","E","T","E","?","?","$","?","R","BOSS","M","M","$","M","$","E","E","E","T","E","E"],"items_purchased_type":["Relic","Relic","Relic","Card","Card","Card","Potion","Potion","Potion","Card","Card","Card","Relic","Relic","Relic","Potion","Potion","Potion","Card","Relic","Relic","Relic","Potion","Potion","Card","Card","Potion","Potion","Potion","Relic","Relic","Relic","Card","Card","Relic","Relic","Relic","Potion","Card","Card","Relic","Relic","Relic","Card","Card","Card","Potion","Potion","Potion","Relic","Relic","Relic","Card","Card"],"build_version":"2020-12-22","purchased_purges":2,"victory":false,"max_hp_per_floor":[65,65,65,65,65,65,65,65,65,65,65,65,65,65,65,65,65,65,65,65,65,65,65,65,65,65,65,65,65,65,65,65,65,65,65,65,65,79,79,74,74,74,74,74,74,74,74,74,74,74,74,74,74,74,74,74,74,74,74,74,74,74,74],"card_choices":[{"not_picked":["Carnage","HollowMod:LifebloodCocoon"],"picked":"Crescendo","floor":0},{"not_picked":["ChargingUp","PathToVictory"],"picked":"SprinkleStarSeal","floor":0},{"not_picked":["ReplayTheSpireMod:Corrosion Curse","DoubleEdge"],"picked":"Starlight","floor":0},{"not_picked":["Searing Blow","Prostrate"],"picked":"Cleave","floor":0},{"not_picked":["Acceleration","Riddle With Holes"],"picked":"Manipulate","floor":0},{"not_picked":["Eviscerate","Purity"],"picked":"ReplayTheSpireMod:Exploit Weakness","floor":0},{"not_picked":["Power Through","HollowMod:SoulSplash"],"picked":"Rage","floor":0},{"not_picked":["HollowMod:DescendingDark","Ricochet"],"picked":"Acrobatics","floor":0},{"not_picked":["HollowMod:BaldurShell","HollowMod:DescendingDark"],"picked":"Beam Cell","floor":0},{"not_picked":["Revamp","Twin Strike"],"picked":"CutThroughFate","floor":0},{"not_picked":["ReplayTheSpireMod:Exploit Weakness","Slice"],"picked":"HollowMod:CloakDash","floor":0},{"not_picked":["HollowMod:PureNailStrike","Outmaneuver"],"picked":"GravityBeat","floor":0},{"not_picked":["Outmaneuver","Bane"],"picked":"Beam Cell","floor":0},{"not_picked":["Headbutt","Panic Button"],"picked":"Starlight","floor":0},{"not_picked":["Nirvana","ClearTheMind"],"picked":"Swift Strike","floor":0},{"not_picked":["ManaRampage","JA"],"picked":"Reaper","floor":6},{"not_picked":["Master of Strategy","MurderousAura"],"picked":"Omniscience","floor":7},{"not_picked":["Berserk","Night Terror"],"picked":"Echo Form","floor":8},{"not_picked":["Scrawl","HollowMod:LifebloodCore"],"picked":"Adrenaline","floor":10},{"not_picked":["Limit Break","ManaRampage"],"picked":"Midas Touch","floor":12},{"not_picked":["Corruption","Initiator"],"picked":"HollowMod:Weaversong","floor":13},{"not_picked":["ReplayUltimateDefense","BigCrunch"],"picked":"Phantasmal Killer","floor":14},{"not_picked":["Meteor Strike","Demon Form"],"picked":"LessonLearned","floor":16},{"not_picked":["JA","Grand Finale"],"picked":"Exhume","floor":23},{"not_picked":["Embodiment","Sadistic Nature"],"picked":"Machine Learning","floor":24},{"not_picked":["Biased Cognition","Machine Learning"],"picked":"Hyperbeam","floor":25},{"not_picked":["Initiator","Hemogenesis"],"picked":"MasterReality","floor":27},{"not_picked":["Juggernaut+1","Feed"],"picked":"Amplify+1","floor":30},{"not_picked":["FloweringNight+1","Unload"],"picked":"Replay:Bag of Tricks+1","floor":31},{"not_picked":["HollowMod:VoidDash+1","LightFlow"],"picked":"JA","floor":33},{"not_picked":["Sunlight","All For One"],"picked":"CollectingQuirk","floor":42},{"not_picked":["MaximisePower+1","SoulSculpture"],"picked":"After Image+1","floor":44},{"not_picked":["HollowMod:CrystalDash+1","Shrug It Off+1"],"picked":"ReplayTheSpireMod:Stacked+1","floor":45},{"not_picked":["Unload","HollowMod:ElderbugsWisdom+1"],"picked":"Storm of Steel+1","floor":46},{"not_picked":["Replay:LoomingThreat+1","LessonLearned+1"],"picked":"Omniscience+1","floor":57},{"not_picked":["CasketOfStar+1","ReplayTheSpireMod:Necrosis+1"],"picked":"Chrysalis+1","floor":58},{"not_picked":["BigCrunch+1","ReplayTheSpireMod:Omega Cannon+1","Meteor Strike+1"],"picked":"SKIP","floor":59},{"not_picked":["ReplayRNGCard+1","Grand Finale+1"],"picked":"DevaForm+1","floor":61}],"player_experience":475970,"relics_obtained":[{"floor":1,"key":"ReplayTheSpireMod:Lightbulb"},{"floor":2,"key":"Replay:Towering Pillar of Hats"},{"floor":3,"key":"Du-Vu Doll"},{"floor":4,"key":"Onion Ring"},{"floor":5,"key":"reliquary:TridentHead"},{"floor":6,"key":"reliquary:Boomerang"},{"floor":7,"key":"Eternal Feather"},{"floor":8,"key":"Bottled Lightning"},{"floor":9,"key":"Letter Opener"},{"floor":10,"key":"Replay:Wax Seal"},{"floor":11,"key":"Replay:Baseball"},{"floor":12,"key":"Meat on the Bone"},{"floor":13,"key":"Pantograph"},{"floor":14,"key":"Replay:Mystery Machine"},{"floor":15,"key":"PocketWatch"},{"floor":18,"key":"Toy Ornithopter"},{"floor":19,"key":"Replay:Bandana"},{"floor":20,"key":"reliquary:TatteredRug"},{"floor":23,"key":"Smiling Mask"},{"floor":24,"key":"HollowMod:StagPassRelic"},{"floor":25,"key":"MawBank"},{"floor":26,"key":"Pen Nib"},{"floor":27,"key":"reliquary:SilkGlove"},{"floor":30,"key":"reliquary:RosewoodLute"},{"floor":35,"key":"Vajra"},{"floor":36,"key":"Replay:Rubber Ducky"},{"floor":38,"key":"Mango"},{"floor":39,"key":"Dead Branch"},{"floor":41,"key":"Replay:Bottled Flurry"},{"floor":42,"key":"Matryoshka"},{"floor":43,"key":"reliquary:PurpleTingedLeaf"},{"floor":43,"key":"Girya"},{"floor":44,"key":"Lantern"},{"floor":45,"key":"Pet Ghost"},{"floor":46,"key":"Ice Cream"},{"floor":48,"key":"HornCleat"},{"floor":52,"key":"reliquary:TuningFork"},{"floor":53,"key":"reliquary:PorcupineQuills"},{"floor":55,"key":"Mirror"},{"floor":60,"key":"Gremlin Food"}],"event_choices":[{"damage_healed":0,"gold_gain":0,"player_choice":"3 cards matched","damage_taken":0,"max_hp_gain":0,"max_hp_loss":0,"event_name":"Match and Keep!","floor":29,"gold_loss":0,"cards_obtained":["HollowMod:ElderbugsWisdom","Abandon","HollowMod:DescendingDark"]}],"is_beta":false,"boss_relics":[{"not_picked":["Honey Jar","Runic Dome"],"picked":"Snecko Heart"},{"not_picked":["ChewingGum","Replay:Wanted Poster"],"picked":"SplendidAttire"},{"not_picked":["Empty Cage","Abe\u0027s Treasure"],"picked":"MysterySword"}],"items_purged_floors":[47,54],"is_endless":true,"potions_floor_spawned":[3,7,8,10,11,12,13,20,23,25,31,36,41,46,52,55,61],"killed_by":"3 Sentries","ascension_level":1}}