{"host":"5nrsd95zehlinljn","time":1611885940,"event":{"mods":["2.2 Compatiblity","BaseMod","Beaked The Cultist","Better Note","Friendly Minions","GifTheSpireLib","Mad Scientist","Minty Spire (QoL Compilation)","StS++","StSLib","The Construct","The Disciple","everything is the same but u backflip on backflip","thorton"],"gold_per_floor":[143,143,162,15,42,92,92,136,211,211,211,72,72,105,105,233,233,283,336,376,376,376],"floor_reached":20,"language":"ENG","playtime":2025,"items_purged":["thethorton:Defend","thethorton:Strike"],"score":181,"play_id":"d922335a-3d14-4857-bc83-2b425bc91d35","local_time":"20210129020540","is_ascension_mode":false,"campfire_choices":[{"data":"thethorton:Demotion","floor":7,"key":"SMITH"},{"floor":11,"key":"REST"},{"data":"thethorton:PowerUp","floor":13,"key":"SMITH"},{"data":"thethorton:Heckle","floor":15,"key":"SMITH"}],"circlet_count":0,"master_deck":["thethorton:Strike","thethorton:Strike","thethorton:Strike","thethorton:Defend","thethorton:Defend","thethorton:Defend","thethorton:Heckle+1","thethorton:CreditCard","thethorton:GoldBuffer","thethorton:CashBash","thethorton:PowerUp+1","thethorton:CannonShot","thethorton:Demotion+1","thethorton:BusinessBoom","thethorton:CashBash+1","thethorton:ThickSkin","thethorton:Fortune","thethorton:SeeingDouble"],"relics":["thethorton:CouragePotion","NeowsBlessing","Spirit Poop","StSpp:GiftCard","Centennial Puzzle","StrikeDummy","Molten Egg 2","thethorton:BottledFunds"],"acts_visited":["Exordium","TheCity"],"potions_floor_usage":[6,6,14,16,20],"damage_taken":[{"damage":0,"enemies":"Jaw Worm","floor":1,"turns":2},{"damage":0,"enemies":"Cultist","floor":3,"turns":1},{"damage":0,"enemies":"Small Slimes","floor":5,"turns":1},{"damage":13,"enemies":"Lagavulin","floor":6,"turns":4},{"damage":18,"enemies":"Gremlin Nob","floor":8,"turns":6},{"damage":8,"enemies":"Blue Slaver","floor":14,"turns":3},{"damage":26,"enemies":"Hexaghost","floor":16,"turns":9},{"damage":21,"enemies":"Shell Parasite","floor":18,"turns":8},{"damage":42,"enemies":"3 Byrds","floor":19,"turns":9},{"damage":10,"enemies":"Snecko","floor":20,"turns":2}],"seed_played":"-1876637303616345331","potions_obtained":[{"floor":3,"key":"Energy Potion"},{"floor":5,"key":"ColorlessPotion"},{"floor":6,"key":"Ancient Potion"},{"floor":18,"key":"Ancient Potion"}],"is_trial":false,"path_per_floor":["M","?","M","$","M","E","R","E","T","T","R","$","R","M","R","B",null,"M","M","M"],"character_chosen":"THE_THORT","items_purchased":["thethorton:PowerUp","Strength Potion","thethorton:CashBash+1","thethorton:ThickSkin","Energy Potion"],"campfire_rested":1,"item_purchase_floors":[4,12,12,12,12],"current_hp_per_floor":[68,68,68,68,68,55,55,37,37,37,57,57,57,49,49,23,68,47,5,0,0,0],"gold":376,"neow_bonus":"THREE_ENEMY_KILL","is_daily":false,"chose_seed":false,"campfire_upgraded":3,"win_rate":0.0,"timestamp":1611885940,"path_taken":["M","?","?","$","?","E","R","E","T","?","R","?","R","M","R","BOSS","M","M","M"],"items_purchased_type":["Card","Potion","Card","Card","Potion"],"build_version":"2020-12-22","purchased_purges":2,"victory":false,"max_hp_per_floor":[68,68,68,68,68,68,68,68,68,68,68,68,68,68,68,68,68,68,68,68,68,68],"card_choices":[{"not_picked":["thethorton:ShoutAndRun","thethorton:RunningKick"],"picked":"thethorton:GoldBuffer","floor":1},{"not_picked":["thethorton:HedgeFund","thethorton:ShoutAndRun"],"picked":"thethorton:CashBash","floor":3},{"not_picked":["thethorton:SicklyRun","thethorton:TakeAccounts"],"picked":"thethorton:CannonShot","floor":5},{"not_picked":["thethorton:Distance","thethorton:SheetShred"],"picked":"thethorton:Demotion","floor":6},{"not_picked":["thethorton:ElbowSmash","thethorton:ROI"],"picked":"thethorton:BusinessBoom","floor":8},{"not_picked":["thethorton:FearfulRun","thethorton:SicklyRun","thethorton:DownPayment"],"picked":"SKIP","floor":14},{"not_picked":["thethorton:CrashingStocks+1","thethorton:Escape"],"picked":"thethorton:Fortune","floor":16},{"not_picked":["thethorton:Distance+1","thethorton:StumblingSlap+1","thethorton:ShoutAndRun"],"picked":"SKIP","floor":18},{"not_picked":["thethorton:FearfulRun","thethorton:LongTermPayoff+1"],"picked":"thethorton:SeeingDouble","floor":19}],"player_experience":3205253,"relics_obtained":[{"floor":6,"key":"StSpp:GiftCard"},{"floor":8,"key":"Centennial Puzzle"},{"floor":9,"key":"StrikeDummy"},{"floor":10,"key":"Molten Egg 2"}],"event_choices":[{"cards_removed":["Normality"],"damage_healed":0,"gold_gain":0,"player_choice":"Offered Curse","damage_taken":0,"relics_obtained":["Spirit Poop"],"max_hp_gain":0,"max_hp_loss":0,"event_name":"Bonfire Elementals","floor":2,"gold_loss":0}],"is_beta":false,"boss_relics":[{"not_picked":["StSpp:CrystalBall","Sozu"],"picked":"thethorton:BottledFunds"}],"items_purged_floors":[4,12],"is_endless":false,"potions_floor_spawned":[3,5,6,18],"killed_by":"Snecko","ascension_level":0}}