{"host":"u25um2at8ivhxl8o","time":1611949885,"event":{"mods":["BaseMod","Colored Map","Downfall","Minty Spire (QoL Compilation)","StSLib"],"gold_per_floor":[117,117,117,140,90,131,131,62,62,114,114,154,187,212,212,344,344,344],"floor_reached":17,"language":"ENG","playtime":648,"items_purged":[],"score":251,"play_id":"4e558389-6610-41d3-95dd-17e7fc55b748","local_time":"20210129115125","is_ascension_mode":true,"campfire_choices":[{"data":"Footwork","floor":11,"key":"SMITH"},{"data":"Predator","floor":15,"key":"SMITH"}],"circlet_count":0,"master_deck":["Strike_G","Strike_G","Strike_G","Strike_G","Defend_G","Defend_G","Defend_G","Defend_G","Defend_G","Survivor","Neutralize","Predator+1","Dash","Footwork+1","Adrenaline","Crippling Poison","Burst"],"relics":["Runic Dome","Golden Idol","Lizard Tail","Bag of Marbles","CeramicFish","Question Card","Cursed Key"],"acts_visited":["Exordium","TheCity"],"potions_floor_usage":[12,16],"damage_taken":[{"damage":0,"enemies":"Cultist","floor":1,"turns":4},{"damage":0,"enemies":"Jaw Worm","floor":4,"turns":3},{"damage":28,"enemies":"Lagavulin","floor":6,"turns":9},{"damage":2,"enemies":"3 Sentries","floor":10,"turns":8},{"damage":3,"enemies":"Gremlin Nob","floor":12,"turns":3},{"damage":0,"enemies":"Small Slimes","floor":13,"turns":3},{"damage":0,"enemies":"2 Fungi Beasts","floor":14,"turns":3},{"damage":47,"enemies":"Hexaghost","floor":16,"turns":16}],"seed_played":"4168753592036093429","potions_obtained":[{"floor":4,"key":"Block Potion"},{"floor":10,"key":"hexamod:SoulburnPotion"},{"floor":12,"key":"sneckomod:MuddlingPotion"},{"floor":14,"key":"DuplicationPotion"}],"is_trial":false,"path_per_floor":["M","?","?","M","?","E","?","$","T","E","R","E","M","M","R","B",null],"character_chosen":"THE_SILENT","items_purchased":["Footwork"],"campfire_rested":0,"item_purchase_floors":[8],"current_hp_per_floor":[63,63,68,68,68,40,70,70,70,68,68,65,65,65,65,18,57,57],"gold":344,"neow_bonus":"BOSS_RELIC","is_daily":false,"chose_seed":false,"campfire_upgraded":2,"win_rate":0.0,"timestamp":1611949885,"path_taken":["M","?","?","M","?","E","?","$","T","E","R","E","?","M","R","BOSS"],"items_purchased_type":["Card"],"build_version":"2020-12-22","purchased_purges":0,"victory":false,"max_hp_per_floor":[70,65,70,70,70,70,70,70,70,70,70,70,70,70,70,70,70,70],"card_choices":[{"not_picked":["Backflip","PiercingWail"],"picked":"Predator","floor":1},{"not_picked":["Dagger Spray","Flying Knee"],"picked":"Dash","floor":4},{"not_picked":["Sucker Punch","Dodge and Roll","Flying Knee"],"picked":"SKIP","floor":6},{"not_picked":["Bane","Doppelganger"],"picked":"Adrenaline","floor":10},{"not_picked":["Dash","Dagger Spray","Slice"],"picked":"SKIP","floor":12},{"not_picked":["PiercingWail","Blade Dance","Masterful Stab"],"picked":"Crippling Poison","floor":13},{"not_picked":["Dagger Throw","Outmaneuver","Predator","Blur"],"picked":"SKIP","floor":14},{"not_picked":["Die Die Die","Venomology","Corpse Explosion"],"picked":"Burst","floor":16}],"player_experience":364319,"relics_obtained":[{"floor":6,"key":"Lizard Tail"},{"floor":9,"key":"Bag of Marbles"},{"floor":10,"key":"CeramicFish"},{"floor":12,"key":"Question Card"}],"event_choices":[{"damage_healed":0,"gold_gain":0,"player_choice":"Lose Max HP","damage_taken":0,"relics_obtained":["Golden Idol"],"max_hp_gain":0,"max_hp_loss":5,"event_name":"Golden Idol","floor":2,"gold_loss":0},{"damage_healed":0,"gold_gain":0,"player_choice":"Donut","damage_taken":0,"max_hp_gain":5,"max_hp_loss":0,"event_name":"Big Fish","floor":3,"gold_loss":0},{"cards_removed":["Strike_G"],"damage_healed":0,"gold_gain":0,"player_choice":"Card Removal","damage_taken":0,"max_hp_gain":0,"max_hp_loss":0,"event_name":"The Cleric","floor":5,"gold_loss":50},{"damage_healed":30,"gold_gain":0,"player_choice":"Full Heal","damage_taken":0,"max_hp_gain":0,"max_hp_loss":0,"event_name":"Wheel of Change","floor":7,"gold_loss":0}],"is_beta":false,"boss_relics":[{"not_picked":["WristBlade","Velvet Choker"],"picked":"Cursed Key"}],"items_purged_floors":[],"is_endless":false,"potions_floor_spawned":[4,10,12,14],"ascension_level":9}}