{"host":"jumrmhf584hajrnz","time":1611940409,"event":{"mods":["BaseMod","Duelist Mod","GifTheSpireLib","Minty Spire (QoL Compilation)","Quick Restart","StSLib"],"gold_per_floor":[140,140,140,150,160,160,191,191,191,191,191,191,18,52,52,127,127,140,186,186,201,215,247,247,247,547,547,547],"floor_reached":27,"language":"ENG","playtime":1528,"items_purged":[],"score":524,"play_id":"04af86c6-fee3-43e5-98d9-cec18bcadd54","local_time":"20210129181329","is_ascension_mode":true,"campfire_choices":[{"floor":6,"key":"RECALL"},{"floor":8,"key":"REST"},{"data":"theDuelist:DefenseZone","floor":10,"key":"SMITH"},{"floor":15,"key":"REST"}],"circlet_count":0,"master_deck":["AscendersBane","theDuelist:BabyDragon","theDuelist:CastleWalls","theDuelist:CastleWalls","theDuelist:CaveDragon","theDuelist:CaveDragon","theDuelist:LesserDragon","theDuelist:LesserDragon","theDuelist:Sparks","theDuelist:Sparks","theDuelist:YamataDragon","theDuelist:YamataDragon","theDuelist:MirageDragon","theDuelist:DarkHorus","theDuelist:DefenseZone+1","theDuelist:BackgroundDragon+1","theDuelist:SilverDragon","theDuelist:DragonMastery+1","theDuelist:MoltenDestruction+1","theDuelist:FeatherPho+1","theDuelist:CoralDragon","theDuelist:CyberneticRevolution+1","theDuelist:Lancephorhynchus","Writhe"],"relics":["theDuelist:MillenniumPuzzle","theDuelist:CardPoolRelic","theDuelist:CardPoolBasicRelic","theDuelist:BoosterPackPoolRelic","theDuelist:CardPoolAddRelic","theDuelist:CardPoolMinusRelic","theDuelist:CardPoolSaveRelic","theDuelist:CardPoolOptionsRelic","StrikeDummy","theDuelist:BoosterPackSpellEgg","theDuelist:MillenniumSymbol","Art of War","theDuelist:MillenniumKey","theDuelist:ResummonBranch","Mango","Pocketwatch","Peace Pipe","Self Forming Clay","Old Coin"],"acts_visited":["Exordium","TheCity"],"potions_floor_usage":[23],"damage_taken":[{"damage":0,"enemies":"2 Louse","floor":1,"turns":1},{"damage":9,"enemies":"Small Slimes","floor":4,"turns":2},{"damage":6,"enemies":"Jaw Worm","floor":5,"turns":2},{"damage":26,"enemies":"Lagavulin","floor":7,"turns":4},{"damage":3,"enemies":"Gremlin Nob","floor":14,"turns":3},{"damage":47,"enemies":"Slime Boss","floor":16,"turns":12},{"damage":0,"enemies":"Chosen","floor":18,"turns":5},{"damage":18,"enemies":"Chosen","floor":19,"turns":11},{"damage":12,"enemies":"3 Byrds","floor":21,"turns":5},{"damage":30,"enemies":"Snecko","floor":22,"turns":5},{"damage":0,"enemies":"Gremlin Leader","floor":23,"turns":9},{"damage":11,"enemies":"theDuelist:KaibaA2","floor":27,"turns":4}],"seed_played":"-8922773874632898138","potions_obtained":[{"floor":1,"key":"theDuelist:SolderPotionB"},{"floor":4,"key":"EssenceOfSteel"},{"floor":14,"key":"theDuelist:MegaupgradePotion"}],"is_trial":false,"path_per_floor":["M","?","?","M","M","R","E","R","T","R","?","T","$","E","R","B",null,"M","?","?","M","M","E","?","?","T","E"],"character_chosen":"THE_DUELIST","items_purchased":["theDuelist:MillenniumSymbol"],"campfire_rested":2,"item_purchase_floors":[13],"current_hp_per_floor":[63,63,63,54,48,48,22,43,43,43,43,43,43,40,61,14,56,56,52,52,40,10,10,10,10,10,0,0],"gold":547,"neow_bonus":"THREE_CARDS","is_daily":false,"chose_seed":false,"campfire_upgraded":1,"win_rate":0.0,"timestamp":1611940409,"path_taken":["M","?","?","?","M","R","E","R","T","R","?","?","?","E","R","BOSS","M","?","?","M","M","E","?","?","T","E"],"items_purchased_type":["Relic"],"build_version":"2020-12-22","purchased_purges":0,"victory":false,"max_hp_per_floor":[70,70,70,70,70,70,70,70,70,70,70,70,70,70,70,70,70,70,84,84,84,84,84,84,84,84,84,84],"card_choices":[{"not_picked":["theDuelist:BlackStego","theDuelist:MadSwordBeast"],"picked":"theDuelist:YamataDragon","floor":0},{"not_picked":["theDuelist:MadSwordBeast","theDuelist:LavaDragon","theDuelist:RedRisingDragon","theDuelist:EvilMind"],"picked":"theDuelist:MirageDragon","floor":1},{"not_picked":["theDuelist:DarkDriceratops","theDuelist:BlackBrutdrago","theDuelist:VeilDarkness","theDuelist:DreadnoughtDreadnoid"],"picked":"theDuelist:DarkHorus","floor":4},{"not_picked":["theDuelist:Beatraptor","theDuelist:TornadoDragon","theDuelist:SnowDragon","theDuelist:LesserDragon"],"picked":"theDuelist:DefenseZone","floor":5},{"not_picked":["theDuelist:Hydrogeddon","theDuelist:YamataDragon","theDuelist:Vandalgyon","theDuelist:ArtifactSanctum"],"picked":"theDuelist:BackgroundDragon","floor":7},{"not_picked":["theDuelist:YamataDragon","theDuelist:CurseDragon","theDuelist:DefenseDraw","theDuelist:CastleDragonSouls"],"picked":"theDuelist:SilverDragon","floor":14},{"not_picked":["theDuelist:FiveHeaded","theDuelist:DoomkaiserDragon","theDuelist:CyberDragonInfinity","theDuelist:ChimeratechOverdragon"],"picked":"theDuelist:DragonMastery+1","floor":16},{"not_picked":["theDuelist:MaskedDragon","theDuelist:CoralDragon","theDuelist:HazyFlameHydra","theDuelist:BabyDragon"],"picked":"theDuelist:MoltenDestruction+1","floor":18},{"not_picked":["theDuelist:LightningDarts","theDuelist:DarkFactory+1","theDuelist:BattleguardKing","theDuelist:RainbowOverdragon"],"picked":"theDuelist:FeatherPho+1","floor":19},{"not_picked":["theDuelist:CyberValley","theDuelist:SphereChaos","theDuelist:TwinHeadedFire","theDuelist:ThreateningRoar"],"picked":"theDuelist:CoralDragon","floor":21},{"not_picked":["theDuelist:JurassicImpact","theDuelist:FireDarts","theDuelist:CastleDragonSouls","theDuelist:ArtifactSanctum"],"picked":"theDuelist:CyberneticRevolution+1","floor":22},{"not_picked":["theDuelist:GenesisDragon","theDuelist:FireDarts+1"],"picked":"theDuelist:Lancephorhynchus","floor":23}],"player_experience":1621622,"relics_obtained":[{"floor":7,"key":"StrikeDummy"},{"floor":12,"key":"theDuelist:BoosterPackSpellEgg"},{"floor":14,"key":"Art of War"},{"floor":19,"key":"theDuelist:ResummonBranch"},{"floor":19,"key":"Mango"},{"floor":19,"key":"Pocketwatch"},{"floor":23,"key":"Peace Pipe"},{"floor":26,"key":"Old Coin"}],"event_choices":[{"damage_healed":0,"gold_gain":0,"player_choice":"Leave","damage_taken":0,"max_hp_gain":0,"max_hp_loss":0,"event_name":"The Cleric","floor":2,"gold_loss":0},{"damage_healed":0,"gold_gain":0,"player_choice":"Leave","duelist":true,"damage_taken":0,"max_hp_gain":0,"max_hp_loss":0,"event_name":"Card Trader","floor":3,"gold_loss":0},{"damage_healed":0,"gold_gain":0,"player_choice":"Leave","duelist":true,"damage_taken":0,"max_hp_gain":0,"max_hp_loss":0,"event_name":"Tomb of the Nameless","floor":11,"gold_loss":0},{"damage_healed":0,"gold_gain":0,"player_choice":"Fight","duelist":true,"damage_taken":0,"max_hp_gain":0,"max_hp_loss":0,"event_name":"Battle City","floor":19,"gold_loss":0},{"damage_healed":0,"gold_gain":0,"player_choice":"Ignored","damage_taken":0,"max_hp_gain":0,"max_hp_loss":0,"event_name":"Vampires","floor":20,"gold_loss":0},{"damage_healed":0,"gold_gain":0,"player_choice":"Opened","damage_taken":0,"relics_obtained":["Self Forming Clay"],"max_hp_gain":0,"max_hp_loss":0,"event_name":"The Mausoleum","floor":24,"gold_loss":0,"cards_obtained":["Writhe"]},{"damage_healed":0,"gold_gain":0,"player_choice":"Upgraded","damage_taken":0,"max_hp_gain":0,"max_hp_loss":0,"event_name":"Upgrade Shrine","floor":25,"gold_loss":0,"cards_upgraded":["theDuelist:BackgroundDragon"]}],"is_beta":false,"boss_relics":[{"not_picked":["SacredBark","theDuelist:HauntedRelic"],"picked":"theDuelist:MillenniumKey"}],"items_purged_floors":[],"is_endless":false,"potions_floor_spawned":[1,4,7,14,18],"killed_by":"theDuelist:KaibaA2","ascension_level":20}}