{"host":"1c7jotkkc04esl4v","time":1611913352,"event":{"mods":["BaseMod","Downfall","Hubris","Minty Spire (QoL Compilation)","Monster B Gone","StSLib","The Alterego"],"gold_per_floor":[119,119,136,136,147,182,212,212,285,285,315,328,328,339,339,339,339],"floor_reached":16,"language":"ENG","playtime":684,"items_purged":[],"score":200,"play_id":"44aadec5-8ce2-4a3d-9735-ca06477b64b2","local_time":"20210129034232","is_ascension_mode":true,"campfire_choices":[{"data":"alterego_mod:BrynhildrsRune","floor":10,"key":"SMITH"},{"data":"Dramatic Entrance","floor":13,"key":"SMITH"},{"data":"alterego_mod:Impale","floor":15,"key":"SMITH"}],"circlet_count":0,"master_deck":["alterego_mod:Strike","alterego_mod:Strike","alterego_mod:Strike","alterego_mod:Strike","alterego_mod:Defend","alterego_mod:Defend","alterego_mod:Defend","alterego_mod:Defend","alterego_mod:Impale+1","alterego_mod:BigMeatyClaws","alterego_mod:BrynhildrsRune+1","alterego_mod:Undulate","alterego_mod:Pet","alterego_mod:Cushion","Dramatic Entrance+1","alterego_mod:Lift","alterego_mod:Pet","alterego_mod:Undulate"],"relics":["alterego_mod:MasochisticConstitution","Lantern","hubris:DeckOfHolding","Shuriken","Centennial Puzzle"],"acts_visited":["Exordium"],"potions_floor_usage":[7,16],"damage_taken":[{"damage":4,"enemies":"Cultist","floor":1,"turns":4},{"damage":1,"enemies":"Jaw Worm","floor":3,"turns":7},{"damage":4,"enemies":"Small Slimes","floor":5,"turns":7},{"damage":0,"enemies":"Lagavulin","floor":6,"turns":1},{"damage":9,"enemies":"3 Sentries","floor":7,"turns":3},{"damage":32,"enemies":"Gremlin Nob","floor":11,"turns":6},{"damage":1,"enemies":"Gremlin Gang","floor":12,"turns":4},{"damage":0,"enemies":"Exordium Wildlife","floor":14,"turns":4},{"damage":64,"enemies":"Hexaghost","floor":16,"turns":16}],"seed_played":"5542534996814065676","potions_obtained":[{"floor":6,"key":"SmokeBomb"},{"floor":12,"key":"SkillPotion"},{"floor":14,"key":"EssenceOfSteel"}],"is_trial":false,"path_per_floor":["M","?","M","?","M","E","?","?","T","R","E","M","R","M","R","B"],"character_chosen":"The_Alterego","items_purchased":[],"campfire_rested":0,"item_purchase_floors":[],"current_hp_per_floor":[67,72,77,77,78,78,70,70,70,70,39,53,53,60,60,0,0],"gold":339,"neow_bonus":"THREE_CARDS","is_daily":false,"chose_seed":false,"campfire_upgraded":3,"win_rate":0.0,"timestamp":1611913352,"path_taken":["M","?","M","?","?","E","?","?","T","R","E","M","R","M","R","BOSS"],"items_purchased_type":[],"build_version":"2020-12-22","purchased_purges":0,"victory":false,"max_hp_per_floor":[71,76,77,77,78,78,79,79,79,79,80,81,81,81,81,81,81],"card_choices":[{"not_picked":["alterego_mod:GoddessCore","alterego_mod:Swimsuit"],"picked":"alterego_mod:Belle","floor":0},{"not_picked":["alterego_mod:Complex","alterego_mod:TrashNCrash","alterego_mod:BiFurious"],"picked":"SKIP","floor":1},{"not_picked":["alterego_mod:Swimsuit","alterego_mod:GoddessCore"],"picked":"alterego_mod:Undulate","floor":3},{"not_picked":["alterego_mod:Cooking","alterego_mod:Rip"],"picked":"alterego_mod:Undulate","floor":5},{"not_picked":["alterego_mod:Complex","alterego_mod:BreastValley"],"picked":"alterego_mod:Pet","floor":6},{"not_picked":["alterego_mod:MagicResistance","alterego_mod:Stockings"],"picked":"alterego_mod:Lift","floor":11},{"not_picked":["alterego_mod:Rip","alterego_mod:Collar"],"picked":"alterego_mod:Pet","floor":12},{"not_picked":["alterego_mod:SuperDuperMasochism","alterego_mod:Punishment"],"picked":"alterego_mod:Undulate","floor":14}],"player_experience":358718,"relics_obtained":[{"floor":6,"key":"hubris:DeckOfHolding"},{"floor":9,"key":"Shuriken"},{"floor":11,"key":"Centennial Puzzle"}],"event_choices":[{"damage_healed":0,"gold_gain":0,"player_choice":"Donut","damage_taken":0,"max_hp_gain":5,"max_hp_loss":0,"event_name":"Big Fish","floor":2,"gold_loss":0},{"cards_removed":["alterego_mod:Undulate"],"damage_healed":0,"gold_gain":0,"player_choice":"Gave Card","damage_taken":0,"relics_obtained":["Lantern"],"max_hp_gain":0,"max_hp_loss":0,"event_name":"WeMeetAgain","floor":4,"gold_loss":0},{"damage_healed":0,"gold_gain":30,"player_choice":"Searched \u00272\u0027 times","damage_taken":0,"max_hp_gain":0,"max_hp_loss":0,"event_name":"Dead Adventurer","floor":7,"gold_loss":0},{"damage_healed":0,"gold_gain":0,"player_choice":"2 cards matched","damage_taken":0,"max_hp_gain":0,"max_hp_loss":0,"event_name":"Match and Keep!","floor":8,"gold_loss":0,"cards_obtained":["alterego_mod:Cushion","Dramatic Entrance"]}],"is_beta":false,"boss_relics":[],"items_purged_floors":[],"is_endless":false,"potions_floor_spawned":[6,7,12,14],"killed_by":"Hexaghost","ascension_level":5}}