{"host":"2wp95sdfrgw3k439","time":1611894967,"event":{"mods":["BaseMod","Better Altar","Better Skull","Better Third Choice","Curses Come First","Minty Spire (QoL Compilation)","Permanent Neow","StSLib"],"gold_per_floor":[114,132,144,109,109,109,126,157,239,259,269,269,282,299,299,403,403,416,416,416,433,109,109,123,136,183,200,200,213,213,243,243,348,348,358,33,33,51,102,102,102],"floor_reached":40,"language":"ENG","playtime":1800,"items_purged":["Pain","Strike_G"],"score":637,"play_id":"2fbbd0ae-e2d1-4565-869f-a75bf5f1789b","local_time":"20210128213607","is_ascension_mode":true,"campfire_choices":[{"data":"Noxious Fumes","floor":6,"key":"SMITH"},{"floor":12,"key":"REST"},{"floor":15,"key":"REST"},{"floor":23,"key":"REST"},{"floor":28,"key":"REST"},{"floor":30,"key":"REST"},{"floor":32,"key":"REST"}],"circlet_count":0,"master_deck":["Strike_G","Strike_G+1","Defend_G","Defend_G","Defend_G","Defend_G","Survivor","Neutralize+1","Adrenaline+1","Doppelganger+1","Endless Agony+1","Noxious Fumes+1","Infinite Blades","Dagger Spray","Corpse Explosion","Burst","Envenom","Dash","PiercingWail+1","Predator+1","Blur+1","Phantasmal Killer","Footwork","Madness","Madness","Infinite Blades+1"],"relics":["Astrolabe","WarpedTongs","Peace Pipe","Singing Bowl","Busted Crown","Happy Flower","Eternal Feather","Juzu Bracelet","Whetstone","Fusion Hammer","Boot","StoneCalendar"],"acts_visited":["Exordium","TheCity","TheBeyond"],"potions_floor_usage":[7,8,13,14,24,29,35,39],"damage_taken":[{"damage":0,"enemies":"Small Slimes","floor":1,"turns":3},{"damage":0,"enemies":"Jaw Worm","floor":2,"turns":4},{"damage":6,"enemies":"Cultist","floor":3,"turns":4},{"damage":4,"enemies":"Gremlin Gang","floor":7,"turns":4},{"damage":25,"enemies":"Gremlin Nob","floor":8,"turns":5},{"damage":12,"enemies":"Looter","floor":10,"turns":3},{"damage":7,"enemies":"Exordium Wildlife","floor":11,"turns":3},{"damage":4,"enemies":"Gremlin Gang","floor":13,"turns":3},{"damage":0,"enemies":"2 Fungi Beasts","floor":14,"turns":1},{"damage":44,"enemies":"Slime Boss","floor":16,"turns":6},{"damage":4,"enemies":"3 Byrds","floor":18,"turns":3},{"damage":21,"enemies":"2 Thieves","floor":21,"turns":3},{"damage":10,"enemies":"Chosen and Byrds","floor":24,"turns":3},{"damage":6,"enemies":"Snake Plant","floor":25,"turns":4},{"damage":22,"enemies":"Sentry and Sphere","floor":27,"turns":4},{"damage":21,"enemies":"Shelled Parasite and Fungi","floor":29,"turns":5},{"damage":46,"enemies":"Book of Stabbing","floor":31,"turns":7},{"damage":27,"enemies":"Champ","floor":33,"turns":11},{"damage":0,"enemies":"3 Darklings","floor":35,"turns":3},{"damage":14,"enemies":"3 Shapes","floor":38,"turns":4},{"damage":45,"enemies":"2 Orb Walkers","floor":39,"turns":3},{"damage":49,"enemies":"Nemesis","floor":40,"turns":5}],"seed_played":"-890298507571636918","potions_obtained":[{"floor":1,"key":"Dexterity Potion"},{"floor":3,"key":"LiquidMemories"},{"floor":11,"key":"PowerPotion"},{"floor":13,"key":"DistilledChaos"},{"floor":18,"key":"BlessingOfTheForge"},{"floor":21,"key":"LiquidBronze"},{"floor":24,"key":"FairyPotion"},{"floor":29,"key":"Energy Potion"},{"floor":35,"key":"Strength Potion"}],"is_trial":false,"path_per_floor":["M","M","M","?","?","R","M","E","T","M","M","R","M","M","R","B",null,"M","?","?","M","$","R","M","M","T","M","R","M","R","E","R","B",null,"M","$","?","M","?","E"],"character_chosen":"THE_SILENT","items_purchased":["Eternal Feather","Boot","Footwork"],"campfire_rested":6,"item_purchase_floors":[22,36,36],"current_hp_per_floor":[63,63,57,70,70,70,66,41,41,31,26,48,46,46,68,24,63,61,61,46,27,27,60,50,44,44,24,60,39,75,31,68,41,73,75,75,64,50,7,0,0],"gold":102,"neow_bonus":"BOSS_RELIC","is_daily":false,"chose_seed":false,"campfire_upgraded":1,"win_rate":0.0,"timestamp":1611894967,"path_taken":["M","M","M","?","?","R","?","E","T","M","?","R","M","M","R","BOSS","M","?","?","M","$","R","?","M","T","M","R","M","R","E","R","BOSS","M","$","?","M","?","E"],"items_purchased_type":["Relic","Relic","Card"],"build_version":"2020-12-22","purchased_purges":2,"victory":false,"max_hp_per_floor":[70,70,70,70,70,70,70,70,70,72,74,74,76,76,76,76,76,78,78,78,80,80,80,80,80,80,82,82,82,82,84,84,84,84,86,86,86,86,88,88,88],"card_choices":[{"not_picked":["Slice","Acrobatics","Quick Slash"],"picked":"SKIP","floor":1},{"not_picked":["Tactician","Flechettes"],"picked":"Noxious Fumes","floor":2},{"not_picked":["PiercingWail","Dagger Throw"],"picked":"Infinite Blades","floor":3},{"not_picked":["Outmaneuver","Bane"],"picked":"Dagger Spray","floor":7},{"not_picked":["Doppelganger","Backstab"],"picked":"Corpse Explosion","floor":8},{"not_picked":["Underhanded Strike","Backflip","Riddle With Holes"],"picked":"Singing Bowl","floor":10},{"not_picked":["Endless Agony","Accuracy","Poisoned Stab"],"picked":"Singing Bowl","floor":11},{"not_picked":["Catalyst","PiercingWail","Blade Dance"],"picked":"Singing Bowl","floor":13},{"not_picked":["Bane","Cloak And Dagger"],"picked":"Burst","floor":14},{"not_picked":["Venomology","Tools of the Trade"],"picked":"Envenom","floor":16},{"not_picked":["Flying Knee"],"picked":"Singing Bowl","floor":18},{"not_picked":["Quick Slash"],"picked":"Singing Bowl","floor":21},{"not_picked":[],"picked":"PiercingWail+1","floor":24},{"not_picked":[],"picked":"Predator+1","floor":25},{"not_picked":["Predator"],"picked":"Singing Bowl","floor":27},{"not_picked":[],"picked":"Blur+1","floor":29},{"not_picked":["Tactician"],"picked":"Singing Bowl","floor":31},{"not_picked":[],"picked":"Phantasmal Killer","floor":33},{"not_picked":["Cloak And Dagger+1"],"picked":"Singing Bowl","floor":35},{"not_picked":[],"picked":"Infinite Blades+1","floor":38},{"not_picked":["Concentrate+1"],"picked":"Singing Bowl","floor":39}],"player_experience":490209,"relics_obtained":[{"floor":8,"key":"Peace Pipe"},{"floor":9,"key":"Singing Bowl"},{"floor":26,"key":"Juzu Bracelet"},{"floor":31,"key":"Whetstone"},{"floor":39,"key":"StoneCalendar"}],"event_choices":[{"damage_healed":17,"gold_gain":0,"player_choice":"Healed","damage_taken":0,"max_hp_gain":0,"max_hp_loss":0,"event_name":"The Cleric","floor":4,"gold_loss":35},{"damage_healed":0,"gold_gain":0,"player_choice":"Rummage","damage_taken":0,"relics_obtained":["WarpedTongs"],"max_hp_gain":0,"max_hp_loss":0,"event_name":"Accursed Blacksmith","floor":5,"gold_loss":0,"cards_obtained":["Pain"]},{"damage_healed":0,"gold_gain":0,"player_choice":"Read","damage_taken":0,"max_hp_gain":0,"max_hp_loss":0,"event_name":"The Library","floor":19,"gold_loss":0,"cards_obtained":["Dash"]},{"damage_healed":0,"gold_gain":0,"player_choice":"RE ","damage_taken":17,"relics_obtained":["Happy Flower"],"max_hp_gain":0,"max_hp_loss":0,"event_name":"betterSkull:BetterSkull","floor":20,"gold_loss":0,"cards_upgraded":[]},{"damage_healed":0,"gold_gain":0,"player_choice":"Embrace Madness","damage_taken":11,"max_hp_gain":0,"max_hp_loss":0,"event_name":"Winding Halls","floor":37,"gold_loss":0,"cards_obtained":["Madness","Madness"]},{"damage_healed":0,"gold_gain":0,"player_choice":"Fight","damage_taken":0,"max_hp_gain":0,"max_hp_loss":0,"event_name":"Mysterious Sphere","floor":39,"gold_loss":0}],"is_beta":false,"boss_relics":[{"not_picked":["Runic Dome","Tiny House"],"picked":"Busted Crown"},{"not_picked":["Velvet Choker","Snecko Eye"],"picked":"Fusion Hammer"}],"items_purged_floors":[22,36],"is_endless":false,"potions_floor_spawned":[1,3,11,13,18,21,24,29,35],"killed_by":"Nemesis","ascension_level":8}}