{"host":"roto7j7840a50pxh","time":1611919006,"event":{"mods":["Act Like it!","BaseMod","Better Altar","Better Note","Better Sensory Stone","Better Skull","Better Third Choice","BetterRewards","Colored Map","Colored Powertips","Downfall","Hermit","Highlight Path","Hubris","Infinite Spire","Minty Spire (QoL Compilation)","Replay The Spire","Robot Space Explorer","Shade Mod","Spicy Shops","StSLib","The Construct","The Cursed","The Dragon Tamer","The Hierophant","The Necromancer","The Runesmith","The Servant 0.9.4","TheVacant"],"gold_per_floor":[115,35,35,35,50,50,79,94,94,94,94,94,126,145,145,143,143,157,157,177,189,205,230,242,242,242,242,242,277,277,295,295,393,393,413,268,268,282,182,217,217,230,230,230,250,269,67,87,87,87],"floor_reached":51,"language":"ENG","playtime":3362,"items_purged":["Doubt"],"score":1328,"play_id":"3055844c-5ef3-4b00-8003-5027223f08e2","local_time":"20210129061646","is_ascension_mode":true,"metric_token":1875,"campfire_choices":[{"data":"DTMod:CleansingStrike","floor":6.0,"key":"SMITH"},{"floor":10.0,"key":"REST"},{"data":"DTMod:SealedStrike","floor":12.0,"key":"SMITH"},{"data":"DTMod:SealedStrike+1","floor":25.0,"key":"SMITH"},{"data":"DTMod:SealedStrike+2","floor":30.0,"key":"SMITH"},{"data":"DTMod:SealedStrike+3","floor":32.0,"key":"SMITH"},{"data":"DTMod:SealedStrike+4","floor":41,"key":"SMITH"},{"data":"DTMod:Safeguard","floor":44,"key":"SMITH"},{"floor":49,"key":"REST"}],"dtmod_dragon_data":[50,50,1,2,12,15],"circlet_count":0,"master_deck":["DTMod:Strike+1","DTMod:Strike+1","DTMod:Strike+1","DTMod:Strike+1","DTMod:DoubleHit+1","DTMod:TargetDefense+1","DTMod:TargetDefense+1","DTMod:TargetDefense+1","DTMod:TargetDefense+1","DTMod:SwitchingTactic+1","DTMod:BalancedStrike+1","DTMod:MasterPlan+1","DTMod:CalculatedDefense+1","DTMod:QuickFly+1","DTMod:BlazingStrike+1","DTMod:Training+1","DTMod:Adaptation+1","DTMod:Inferno+1","DTMod:TauntingStrike+1","DTMod:Haste+1","DTMod:RecklessFlurry+1","DTMod:FlameSlash+1","DTMod:HeatWave+1","DTMod:ExcessFootwork+1","DTMod:BalancedStrike+1","DTMod:InvisibleFlame+1","DTMod:CleansingStrike+1","DTMod:SealedStrike+5","DTMod:Haste+1","DTMod:ForkedFire+1","DTMod:TauntingStrike+1","infinitespire:Gouge+1","DTMod:Overwhelm+1","DTMod:Threaten+1","DTMod:BlueScale+1","DTMod:GhostSkin+1","DTMod:BurningForce+1","ReplayTheSpireMod:Armaments MK-II-B+1","DTMod:Training+1","DTMod:Weaken+1","DTMod:GearUp+1","DTMod:ComboAttack+1","DTMod:CleansingStrike+1","DTMod:Safeguard+1","DTMod:GhostSkin","DTMod:Punisher","ReplayTheSpireMod:Faulty Equipment"],"relics":["DTMod:PactStone","Orrery","hubris:OldNail","hubris:Spice","Meat on the Bone","hubris:Icosahedron","hubris:ScarierMask","Bag of Preparation","Ice Cream","Replay:Bottled Flurry","Onion Ring","hubris:Backtick","hubris:Potato","DTMod:MindBender","Replay:Baseball","Anchor","ReplayTheSpireMod:CursedCoin","infinitespire:EmpoweringShard","ClockworkSouvenir"],"acts_visited":["Exordium","TheCity","TheBeyond"],"potions_floor_usage":[50,50],"damage_taken":[{"damage":0.0,"enemies":"Jaw Worm","floor":1.0,"turns":1.0},{"damage":0.0,"enemies":"Small Slimes","floor":5.0,"turns":2.0},{"damage":0.0,"enemies":"Lagavulin","floor":7.0,"turns":6.0},{"damage":0.0,"enemies":"2 Louse","floor":8.0,"turns":2.0},{"damage":0.0,"enemies":"Gremlin Nob","floor":13.0,"turns":2.0},{"damage":1.0,"enemies":"Exordium Thugs","floor":14.0,"turns":3.0},{"damage":2.0,"enemies":"Hexaghost","floor":16.0,"turns":8.0},{"damage":0.0,"enemies":"2 Thieves","floor":18.0,"turns":2.0},{"damage":0.0,"enemies":"Chosen","floor":20.0,"turns":3.0},{"damage":4.0,"enemies":"Shelled Parasite and Fungi","floor":21.0,"turns":5.0},{"damage":0.0,"enemies":"Centurion and Healer","floor":22.0,"turns":3.0},{"damage":0.0,"enemies":"Gremlin Leader","floor":23.0,"turns":3.0},{"damage":0.0,"enemies":"3 Cultists","floor":24.0,"turns":3.0},{"damage":0.0,"enemies":"Slavers","floor":29.0,"turns":4.0},{"damage":0.0,"enemies":"Snake Plant","floor":31.0,"turns":3.0},{"damage":3,"enemies":"hubris:MusketHawk","floor":33,"turns":8},{"damage":0,"enemies":"3 Shapes","floor":35,"turns":2},{"damage":0,"enemies":"3 Darklings","floor":38,"turns":2},{"damage":15,"enemies":"Nightmare","floor":40,"turns":6},{"damage":0,"enemies":"Spire Growth","floor":42,"turns":1},{"damage":0,"enemies":"Maw","floor":45,"turns":4},{"damage":0,"enemies":"Transient","floor":46,"turns":5},{"damage":0,"enemies":"4 Shapes","floor":48,"turns":2},{"damage":27,"enemies":"Time Eater","floor":50,"turns":8}],"seed_played":"-1338995428924088402","potions_obtained":[{"floor":1.0,"key":"Guardian:BlockOnCardUsePotion"},{"floor":7.0,"key":"LiquidMemories"},{"floor":13.0,"key":"Fire Potion"},{"floor":20.0,"key":"Elixir"},{"floor":21.0,"key":"SteroidPotion"},{"floor":31.0,"key":"FearPotion"},{"floor":38,"key":"Venom Potion"},{"floor":40,"key":"hexamod:SoulburnPotion"},{"floor":42,"key":"SkillPotion"}],"is_trial":false,"path_per_floor":["M","$","?","?","M","R","E","M","T","R","?","R","E","M","R_BF","B",null,"M","?","M","M","M","E","M","R","T","?","?","E","R","M","R_BF","B",null,"M","$","?","M","NS","NM","R","M","T","R","M","M","$","M","R","B",null],"character_chosen":"THE_DT","items_purchased":["DTMod:BalancedStrike","DTMod:MasterPlan","DTMod:CalculatedDefense","DTMod:QuickFly","DTMod:BlazingStrike","DTMod:Training","DTMod:Adaptation","DTMod:Inferno","DTMod:BurningEnergy","DTMod:TauntingStrike","Orrery","DTMod:InvisibleFlame","DTMod:MindBender","ReplayTheSpireMod:CursedCoin","infinitespire:EmpoweringShard","ClockworkSouvenir"],"campfire_rested":2,"item_purchase_floors":[0,0,0,0,0,0,0,0,0,0,0,2,36,47,47,47],"current_hp_per_floor":[20,20,20,20,20,20,28,28,28,43,43,43,43,42,42,40,50,50,63,63,59,59,59,59,59,59,59,59,63,63,63,63,60,62,62,62,49,49,49,34,34,34,42,42,42,42,42,42,63,36],"gold":87,"neow_bonus":"","is_daily":false,"chose_seed":false,"campfire_upgraded":7,"win_rate":0.0,"timestamp":1611919006,"path_taken":["M","$","?","?","M","R","E","?","T","R","?","R","E","M","R_BF","BOSS","M","?","M","M","M","E","M","R","T","?","?","E","R","M","R_BF","BOSS","M","?","?","M","NS","NM","R","M","T","R","M","M","$","M","R","BOSS"],"items_purchased_type":["Card","Card","Card","Card","Card","Card","Card","Card","Card","Card","Relic","Card","Relic","Relic","Relic","Relic"],"build_version":"2020-12-22","purchased_purges":1,"victory":true,"max_hp_per_floor":[45,45,45,45,45,45,53,53,53,53,53,53,53,53,53,53,53,53,63,63,63,63,63,63,63,63,63,63,63,63,63,63,63,63,63,63,63,63,63,63,63,63,71,71,71,71,71,71,71,71],"card_choices":[{"not_picked":["DTMod:QuickFly","DTMod:Training"],"picked":"DTMod:Haste","floor":0.0},{"not_picked":["DTMod:BuildUp","DTMod:Training"],"picked":"DTMod:RecklessFlurry","floor":0.0},{"not_picked":["DTMod:Training","DTMod:BuildUp"],"picked":"DTMod:FlameSlash","floor":0.0},{"not_picked":["DTMod:QuickFly","DTMod:MaximumCharge"],"picked":"DTMod:HeatWave","floor":0.0},{"not_picked":["DTMod:TauntingStrike","DTMod:Threaten"],"picked":"DTMod:ExcessFootwork","floor":0.0},{"not_picked":["DTMod:MaximumCharge","DTMod:BlazingStrike"],"picked":"DTMod:BalancedStrike","floor":1.0},{"not_picked":["DTMod:Cover","DTMod:MasterPlan"],"picked":"DTMod:CleansingStrike","floor":5.0},{"not_picked":["DTMod:Threaten","DTMod:Punisher"],"picked":"DTMod:SealedStrike","floor":7.0},{"not_picked":["DTMod:HeatWave","DTMod:MagicField"],"picked":"DTMod:Haste","floor":8.0},{"not_picked":["DTMod:LightShield","DTMod:BurningEnergy"],"picked":"DTMod:ForkedFire","floor":13.0},{"not_picked":["DTMod:Punisher","DTMod:Overwhelm"],"picked":"DTMod:TauntingStrike","floor":14.0},{"not_picked":["infinitespire:Collect","ReplayTheSpireMod:Chaos Vortex"],"picked":"infinitespire:Gouge","floor":15.0},{"not_picked":["DTMod:FierySynthesis","DTMod:SealedStrike"],"picked":"DTMod:Multitask","floor":16.0},{"not_picked":["DTMod:RecklessFlurry+1","DTMod:Adaptation"],"picked":"DTMod:Overwhelm+1","floor":18.0},{"not_picked":["DTMod:FlameSlash","DTMod:CrossStep"],"picked":"DTMod:Threaten","floor":20.0},{"not_picked":["DTMod:Shift+1","DTMod:ComboAttack+1"],"picked":"DTMod:BlueScale","floor":21.0},{"not_picked":["DTMod:CleansingStrike","DTMod:DeepFocus"],"picked":"DTMod:GhostSkin+1","floor":22.0},{"not_picked":["DTMod:BurningEnergy","DTMod:BuildUp"],"picked":"DTMod:BurningForce","floor":23.0},{"not_picked":["DTMod:TauntingStrike","DTMod:ForkedFire"],"picked":"DTMod:BizarreTactic","floor":24.0},{"not_picked":["DTMod:CalculatedDefense+1","DTMod:QuickFly"],"picked":"DTMod:Training+1","floor":29.0},{"not_picked":["DTMod:MasterPlan","DTMod:BlazingStrike"],"picked":"DTMod:Weaken","floor":31.0},{"not_picked":["DTMod:SealedStrike","DTMod:Outburst"],"picked":"DTMod:GearUp","floor":33},{"not_picked":["DTMod:GhostSkin+1","DTMod:Weaken+1"],"picked":"DTMod:Coolant+1","floor":35},{"not_picked":["DTMod:MagicField+1","DTMod:CleansingStrike"],"picked":"DTMod:ComboAttack+1","floor":38},{"not_picked":["DTMod:MagicField","DTMod:RunningTactic"],"picked":"DTMod:CleansingStrike","floor":40},{"not_picked":["DTMod:Cover","DTMod:CleansingStrike+1"],"picked":"DTMod:Safeguard","floor":42},{"not_picked":["DTMod:BizarreTactic+1","DTMod:MagicField"],"picked":"DTMod:GhostSkin","floor":45},{"not_picked":["DTMod:CleansingStrike+1","hubris:SpiceAddiction"],"picked":"DTMod:Punisher","floor":46},{"not_picked":["DTMod:FlameSlash","DTMod:Conduct+1","DTMod:HeatWave"],"picked":"SKIP","floor":48}],"player_experience":1718269,"relics_obtained":[{"floor":3.0,"key":"hubris:OldNail"},{"floor":7.0,"key":"hubris:Spice"},{"floor":9.0,"key":"Meat on the Bone"},{"floor":23.0,"key":"Bag of Preparation"},{"floor":26.0,"key":"Ice Cream"},{"floor":29.0,"key":"Onion Ring"},{"floor":40,"key":"Anchor"},{"floor":43,"key":"hubris:Spice"}],"event_choices":[{"cards_removed":["DTMod:Multitask"],"damage_healed":3.0,"max_hp_gain":10.0,"max_hp_loss":0.0,"gold_gain":0.0,"event_name":"Bonfire Elementals","player_choice":"Offered Rare","floor":19.0,"gold_loss":0.0,"damage_taken":0.0},{"cards_removed":["DTMod:BizarreTactic"],"damage_healed":0.0,"max_hp_gain":0.0,"max_hp_loss":0.0,"gold_gain":0.0,"event_name":"WeMeetAgain","player_choice":"Gave Card","floor":27.0,"gold_loss":0.0,"damage_taken":0.0,"relics_obtained":["Replay:Bottled Flurry"]},{"cards_removed":["DTMod:ExcessFootwork"],"damage_healed":0.0,"max_hp_gain":0.0,"max_hp_loss":0.0,"gold_gain":0.0,"event_name":"betterNote:BetterNote","player_choice":"Take \u0026 Give","floor":28.0,"gold_loss":0.0,"damage_taken":0.0,"cards_obtained":["ReplayTheSpireMod:Armaments MK-II-B"]},{"damage_healed":0,"gold_gain":0,"player_choice":"RE ","damage_taken":15,"relics_obtained":["Replay:Baseball"],"max_hp_gain":0,"max_hp_loss":0,"event_name":"betterSkull:BetterSkull","floor":37,"gold_loss":0,"cards_upgraded":[]}],"is_beta":false,"boss_relics":[{"not_picked":["Runic Pyramid","Empty Cage"],"picked":"hubris:ScarierMask"},{"not_picked":["Replay:Wanted Poster","hubris:BlackHole"],"picked":"hubris:Backtick"}],"items_purged_floors":[47],"is_endless":false,"potions_floor_spawned":[1,7,13,20,21,31,38,40,42],"ascension_level":5}}