{"host":"06e3yyzgn8o619wl","time":1611924406,"event":{"mods":["BaseMod","Block Reminder","Colored Map","Colored Powertips","DeckTracker","Minty Spire (QoL Compilation)","Relic Stats","StSLib"],"gold_per_floor":[118,135,145,164,174,207,207,207,275,307,307,321,321,341,341,446,446,461,475,475,488,403,435,445,472,496,128,128,146,146,146,146,244,244,258,2,2,2,16,44,44,79,79,96,96,115,115,130,130,130],"floor_reached":51,"language":"JPN","playtime":3026,"items_purged":["Strike_P","Defend_P"],"score":1024,"play_id":"68d0cdd7-58d1-4372-8653-3fb6dfe9ce35","local_time":"20210129214646","is_ascension_mode":true,"campfire_choices":[{"floor":8,"key":"REST"},{"data":"1","floor":11,"key":"LIFT"},{"data":"2","floor":13,"key":"LIFT"},{"data":"3","floor":15,"key":"LIFT"},{"data":"Strike_P","floor":28,"key":"PURGE"},{"data":"Tantrum","floor":32,"key":"SMITH"},{"data":"Wish","floor":41,"key":"SMITH"},{"floor":45,"key":"REST"},{"data":"Wallop","floor":47,"key":"SMITH"},{"floor":49,"key":"REST"}],"circlet_count":0,"master_deck":["Strike_P+1","Strike_P+1","Defend_P","Defend_P","Defend_P","Eruption","Vigilance","FlurryOfBlows+1","Consecrate","TalkToTheHand","EmptyBody","Tantrum+1","Protect+1","FlurryOfBlows","Wallop+1","LessonLearned+1","CutThroughFate","Wireheading+1","ThirdEye+1","Meditate","MentalFortress","FlurryOfBlows+1","Madness","Madness","MentalFortress","WaveOfTheHand+1","Wish+1","ClearTheMind","ThirdEye+1"],"relics":["PureWater","Omamori","Ornamental Fan","Girya","Sozu","Potion Belt","Blood Vial","Peace Pipe","Bronze Scales","Lee\u0027s Waffle","Happy Flower","Calling Bell","Bag of Preparation","Pear","Incense Burner","Bag of Marbles","Orichalcum","Sundial","Bottled Flame"],"acts_visited":["Exordium","TheCity","TheBeyond"],"potions_floor_usage":[12,50],"damage_taken":[{"damage":4,"enemies":"2 Louse","floor":1,"turns":3},{"damage":2,"enemies":"Jaw Worm","floor":2,"turns":2},{"damage":7,"enemies":"Small Slimes","floor":3,"turns":3},{"damage":19,"enemies":"Gremlin Gang","floor":4,"turns":4},{"damage":18,"enemies":"Lots of Slimes","floor":5,"turns":2},{"damage":12,"enemies":"Lagavulin","floor":6,"turns":3},{"damage":10,"enemies":"Gremlin Nob","floor":10,"turns":3},{"damage":13,"enemies":"Exordium Wildlife","floor":12,"turns":3},{"damage":0,"enemies":"3 Louse","floor":14,"turns":1},{"damage":0,"enemies":"Hexaghost","floor":16,"turns":7},{"damage":0,"enemies":"Spheric Guardian","floor":18,"turns":3},{"damage":0,"enemies":"Chosen","floor":19,"turns":3},{"damage":0,"enemies":"Snecko","floor":21,"turns":4},{"damage":18,"enemies":"Gremlin Leader","floor":23,"turns":4},{"damage":4,"enemies":"Cultist and Chosen","floor":24,"turns":7},{"damage":12,"enemies":"Slavers","floor":25,"turns":3},{"damage":0,"enemies":"Centurion and Healer","floor":29,"turns":2},{"damage":18,"enemies":"Champ","floor":33,"turns":10},{"damage":10,"enemies":"3 Darklings","floor":35,"turns":3},{"damage":0,"enemies":"Orb Walker","floor":39,"turns":2},{"damage":9,"enemies":"Reptomancer","floor":40,"turns":4},{"damage":8,"enemies":"Giant Head","floor":42,"turns":8},{"damage":27,"enemies":"Transient","floor":44,"turns":5},{"damage":2,"enemies":"Sphere and 2 Shapes","floor":46,"turns":3},{"damage":8,"enemies":"Maw","floor":48,"turns":7},{"damage":74,"enemies":"Time Eater","floor":50,"turns":10}],"seed_played":"-4827811741144075476","potions_obtained":[{"floor":4,"key":"Dexterity Potion"},{"floor":14,"key":"Fire Potion"},{"floor":16,"key":"ColorlessPotion"}],"is_trial":false,"path_per_floor":["M","M","M","M","M","E","?","R","T","E","R","M","R","M","R","B",null,"M","M","?","M","?","E","M","E","T","$","R","M","?","?","R","B",null,"M","$","?","?","M","E","R","E","T","M","R","M","R","M","R","B",null],"character_chosen":"WATCHER","items_purchased":["Lee\u0027s Waffle","Happy Flower","Bag of Marbles"],"campfire_rested":3,"item_purchase_floors":[27,27,36],"current_hp_per_floor":[75,73,66,47,29,17,22,47,47,37,37,24,24,24,24,24,69,69,69,53,53,53,35,33,23,23,96,96,96,96,96,96,78,102,94,94,81,81,83,76,76,70,70,45,76,76,76,70,101,29],"gold":130,"neow_bonus":"TEN_PERCENT_HP_BONUS","is_daily":false,"chose_seed":false,"campfire_upgraded":3,"win_rate":0.0,"timestamp":1611924406,"path_taken":["M","M","M","M","M","E","?","R","T","E","R","M","R","M","R","BOSS","M","M","?","M","?","E","M","E","T","$","R","M","?","?","R","BOSS","M","$","?","?","M","E","R","E","T","M","R","?","R","M","R","BOSS"],"items_purchased_type":["Relic","Relic","Relic"],"build_version":"2020-12-22","purchased_purges":2,"victory":true,"max_hp_per_floor":[79,79,79,79,79,79,84,84,84,84,84,84,84,84,84,84,84,84,84,89,89,89,89,89,89,89,96,96,96,96,96,96,96,106,106,106,106,106,106,106,106,106,106,106,106,106,106,106,106,106],"relic_stats":{"Sozu":7,"Blood Vial":20,"Peace Pipe":1,"Lee\u0027s Waffle":73,"Happy Flower":[18],"counters":[26,109],"Ornamental Fan":[248],"Sundial":[2],"Bronze Scales":[120],"Bag of Preparation":[16],"Orichalcum":[0],"obtain_stats":[{"Potion Belt":22,"Girya":10,"Lee\u0027s Waffle":27,"Pear":34,"Happy Flower":27,"Omamori":6,"Bag of Preparation":34,"Incense Burner":34,"Orichalcum":40,"Sozu":17,"Blood Vial":23,"Peace Pipe":25,"Calling Bell":34,"Bottled Flame":43,"Ornamental Fan":9,"Sundial":42,"Bronze Scales":26,"Bag of Marbles":36,"PureWater":0},{"Potion Belt":13,"Girya":7,"Lee\u0027s Waffle":16,"Pear":18,"Happy Flower":16,"Omamori":6,"Bag of Preparation":18,"Incense Burner":18,"Orichalcum":21,"Sozu":10,"Blood Vial":14,"Peace Pipe":16,"Calling Bell":18,"Bottled Flame":22,"Ornamental Fan":6,"Sundial":22,"Bronze Scales":16,"Bag of Marbles":19,"PureWater":0},{"Potion Belt":41,"Girya":20,"Lee\u0027s Waffle":55,"Pear":67,"Happy Flower":55,"Omamori":17,"Bag of Preparation":67,"Incense Burner":67,"Orichalcum":76,"Sozu":31,"Blood Vial":45,"Peace Pipe":55,"Calling Bell":67,"Bottled Flame":84,"Ornamental Fan":17,"Sundial":84,"Bronze Scales":55,"Bag of Marbles":70,"PureWater":0}]},"card_choices":[{"not_picked":["Prostrate","Consecrate"],"picked":"FlurryOfBlows","floor":1},{"not_picked":["JustLucky","BowlingBash"],"picked":"Consecrate","floor":2},{"not_picked":["Brilliance","SignatureMove"],"picked":"TalkToTheHand","floor":3},{"not_picked":["Crescendo","FlyingSleeves"],"picked":"EmptyBody","floor":4},{"not_picked":["WheelKick","SignatureMove"],"picked":"Tantrum","floor":5},{"not_picked":["Collect","Pray"],"picked":"Protect","floor":6},{"not_picked":["FollowUp","WreathOfFlame","SashWhip"],"picked":"SKIP","floor":10},{"not_picked":["ThirdEye","SignatureMove"],"picked":"FlurryOfBlows","floor":12},{"not_picked":["JustLucky","Evaluate"],"picked":"Wallop","floor":14},{"not_picked":["Scrawl","Alpha"],"picked":"LessonLearned","floor":16},{"not_picked":["Consecrate","Crescendo","Protect+1"],"picked":"SKIP","floor":18},{"not_picked":["ForeignInfluence","Ragnarok"],"picked":"CutThroughFate","floor":19},{"not_picked":["Pray","JustLucky"],"picked":"Wireheading","floor":21},{"not_picked":["Crescendo","Conclude"],"picked":"ThirdEye+1","floor":23},{"not_picked":["Conclude","Fasting2"],"picked":"Meditate","floor":24},{"not_picked":["FlyingSleeves","SashWhip"],"picked":"MentalFortress","floor":25},{"not_picked":["Tantrum","BattleHymn+1","FlyingSleeves"],"picked":"SKIP","floor":29},{"not_picked":["CutThroughFate","SashWhip+1","Prostrate"],"picked":"SKIP","floor":35},{"not_picked":["CrushJoints","FollowUp"],"picked":"WaveOfTheHand+1","floor":39},{"not_picked":["Indignation+1","Protect"],"picked":"Wish","floor":40},{"not_picked":["FlyingSleeves+1","CutThroughFate","ThirdEye"],"picked":"SKIP","floor":42},{"not_picked":["BattleHymn+1","Crescendo+1"],"picked":"ClearTheMind","floor":44},{"not_picked":["WreathOfFlame+1","Vengeance+1"],"picked":"ThirdEye+1","floor":46},{"not_picked":["FollowUp+1","DevaForm","Pray+1"],"picked":"SKIP","floor":48}],"player_experience":117173,"relics_obtained":[{"floor":6,"key":"Omamori"},{"floor":9,"key":"Ornamental Fan"},{"floor":10,"key":"Girya"},{"floor":23,"key":"Blood Vial"},{"floor":25,"key":"Peace Pipe"},{"floor":26,"key":"Bronze Scales"},{"floor":34,"key":"Bag of Preparation"},{"floor":34,"key":"Pear"},{"floor":34,"key":"Incense Burner"},{"floor":40,"key":"Orichalcum"},{"floor":42,"key":"Sundial"},{"floor":43,"key":"Bottled Flame"}],"event_choices":[{"damage_healed":0,"gold_gain":0,"player_choice":"Donut","damage_taken":0,"max_hp_gain":5,"max_hp_loss":0,"event_name":"Big Fish","floor":7,"gold_loss":0},{"damage_healed":0,"gold_gain":0,"player_choice":"Shed Blood","damage_taken":21,"max_hp_gain":5,"max_hp_loss":0,"event_name":"Forgotten Altar","floor":20,"gold_loss":0},{"damage_healed":0,"gold_gain":0,"player_choice":"Obtained Relic","damage_taken":0,"relics_obtained":["Potion Belt"],"max_hp_gain":0,"max_hp_loss":0,"event_name":"Addict","floor":22,"gold_loss":85},{"damage_healed":0,"gold_gain":0,"player_choice":"Read","damage_taken":0,"max_hp_gain":0,"max_hp_loss":0,"event_name":"The Library","floor":30,"gold_loss":0,"cards_obtained":["FlurryOfBlows"]},{"damage_healed":0,"gold_gain":0,"player_choice":"Ignored","damage_taken":0,"max_hp_gain":0,"max_hp_loss":0,"event_name":"Vampires","floor":31,"gold_loss":0},{"damage_healed":0,"gold_gain":0,"player_choice":"Embrace Madness","damage_taken":13,"max_hp_gain":0,"max_hp_loss":0,"event_name":"Winding Halls","floor":37,"gold_loss":0,"cards_obtained":["Madness","Madness"]},{"damage_healed":0,"gold_gain":0,"player_choice":"Copied","damage_taken":0,"max_hp_gain":0,"max_hp_loss":0,"event_name":"Duplicator","floor":38,"gold_loss":0,"cards_obtained":["MentalFortress"]}],"is_beta":false,"boss_relics":[{"not_picked":["Astrolabe","Black Star"],"picked":"Sozu"},{"not_picked":["SacredBark","Runic Dome"],"picked":"Calling Bell"}],"items_purged_floors":[27,36],"is_endless":false,"potions_floor_spawned":[4,14,16,18,24,29,35,42,46,48],"ascension_level":5}}