{"host":"lv71j503waqnafdc","time":1611931358,"event":{"mods":["Act Like it!","Arknights The Spire","BaseMod","Hermit","Jorbs\u0027s Wanderer Trilogy","Minty Spire (QoL Compilation)","Replay The Spire","StSLib","The Cursed"],"gold_per_floor":[113,0,0,0,20,20,52,52,52,63,63,97,117,131,131,231,231,248,262,273,372,1,1,31,31,31,64,84,84,37,56,56,158,158,168,183,27,27,27],"floor_reached":38,"language":"ZHS","playtime":1449,"items_purged":[],"score":474,"play_id":"0a686fc6-694a-4d94-8555-002d72e954f3","local_time":"20210129224238","is_ascension_mode":false,"campfire_choices":[{"data":"ats:Ignite","floor":6,"key":"SMITH"},{"data":"ats:Burning Ground","floor":8,"key":"SMITH"},{"floor":15,"key":"REST"},{"floor":23,"key":"REST"},{"data":"ats:Sashimi Platter","floor":25,"key":"SMITH"}],"circlet_count":0,"master_deck":["ats:Strike C","ats:Strike G","ats:Strike S+1","ats:Strike V","ats:Armor Crushing Shot","ats:Defend","ats:Defend","ats:Defend","ats:Defend","ats:Emotion Absorption","ats:Very Hot Blade","ats:Mental Burst","ats:Beaten Up","ats:Ignite+1","ats:Burning Ground+1","ats:Soul Absorption","ats:Healing Drone","ats:Apocalypse","ats:Sashimi Platter+1","ats:Shadow Assault+1","ats:Consecutive Shot Auto+1","ats:Explosion Area Strengthen","ats:Ignite+1","ats:Hook Shot+1","Midas Touch+1","ats:Very Hot Blade","ats:Ignite","ats:Hammer On+1","ats:Cat Scratch+1","ats:Assault Order+1","ats:Disruption Kick+1","CurseOfTheBell","ats:Magnetic Hammer","ats:Apocalypse+1","Specialist+1","ats:Song Of Battle+1"],"relics":["ats:Sanity","NeowsBlessing","ats:Originium","Ancient Tea Set","Golden Egg","Orichalcum","Painkiller Herb","Strawberry","Blue Doll","Quantum Egg","Toxic Egg 2","Replay:Grab Bag","SlaversCollar","Fusion Hammer","Calling Bell","ats:Ability Aura","Matryoshka","Turnip"],"acts_visited":["Exordium","TheCity","TheBeyond"],"potions_floor_usage":[16,27,27,33,33],"damage_taken":[{"damage":0,"enemies":"2 Louse","floor":1,"turns":1},{"damage":0,"enemies":"Cultist","floor":5,"turns":1},{"damage":0,"enemies":"Gremlin Nob","floor":7,"turns":1},{"damage":3,"enemies":"Jaw Worm","floor":10,"turns":3},{"damage":27,"enemies":"3 Sentries","floor":12,"turns":6},{"damage":1,"enemies":"Exordium Wildlife","floor":13,"turns":3},{"damage":1,"enemies":"Exordium Thugs","floor":14,"turns":3},{"damage":60,"enemies":"The Guardian","floor":16,"turns":11},{"damage":40,"enemies":"2 Thieves","floor":18,"turns":4},{"damage":4,"enemies":"Chosen","floor":19,"turns":4},{"damage":15,"enemies":"Centurion and Healer","floor":20,"turns":6},{"damage":14,"enemies":"Replay:Snechameleon","floor":24,"turns":6},{"damage":17,"enemies":"Slavers","floor":27,"turns":6},{"damage":3,"enemies":"3 Cultists","floor":28,"turns":4},{"damage":0,"enemies":"Snecko","floor":31,"turns":4},{"damage":70,"enemies":"Automaton","floor":33,"turns":12},{"damage":14,"enemies":"3 Shapes","floor":35,"turns":4},{"damage":21,"enemies":"3 Darklings","floor":36,"turns":5},{"damage":72,"enemies":"Jaw Worm Horde","floor":38,"turns":4}],"seed_played":"-6657034509767962386","potions_obtained":[{"floor":5,"key":"Fire Potion"},{"floor":10,"key":"DuplicationPotion"},{"floor":16,"key":"Elixir"},{"floor":18,"key":"Block Potion"},{"floor":27,"key":"Energy Potion"},{"floor":31,"key":"Dexterity Potion"},{"floor":33,"key":"Death Potion"}],"is_trial":false,"path_per_floor":["M","$","?","$","M","R","E","R","T","M","?","E","M","M","R","B",null,"?","?","?","?","T","T","E","T","T","E","?","?","T","?","T","B",null,"?","?","T","?"],"character_chosen":"DOCTOR_CLASS","items_purchased":["ats:Mental Burst","ats:Beaten Up","Strawberry","ats:Hook Shot","Midas Touch","ats:Cat Scratch","Specialist","ats:Song Of Battle"],"campfire_rested":2,"item_purchase_floors":[2,2,22,22,22,30,37,37],"current_hp_per_floor":[72,72,72,72,72,72,72,72,72,69,69,42,41,45,66,29,72,38,46,37,37,44,67,68,68,68,57,54,54,54,72,72,29,79,70,58,58,0,0],"gold":27,"neow_bonus":"THREE_ENEMY_KILL","is_daily":false,"chose_seed":false,"campfire_upgraded":3,"win_rate":0.0,"timestamp":1611931358,"path_taken":["M","$","?","?","M","R","E","R","T","M","?","E","M","?","R","BOSS","?","?","?","?","T","T","E","T","T","E","?","?","T","?","T","BOSS","?","?","T","?"],"items_purchased_type":["Card","Card","Relic","Card","Card","Card","Card","Card"],"build_version":"2020-12-22","purchased_purges":0,"victory":false,"max_hp_per_floor":[72,72,72,72,72,72,72,72,72,72,72,72,72,72,72,72,72,72,72,72,72,79,79,79,79,79,79,79,79,79,79,79,79,79,79,79,79,79,79],"card_choices":[{"not_picked":["ats:Apocalypse","ats:Assault Order"],"picked":"ats:Very Hot Blade","floor":1},{"not_picked":["ats:Revitalization","ats:Powerful Strike"],"picked":"ats:Ignite","floor":5},{"not_picked":["ats:Mental Burst","ats:Beaten Up"],"picked":"ats:Burning Ground","floor":7},{"not_picked":["ats:Guard Mode","ats:Chain Hook"],"picked":"ats:Soul Absorption","floor":10},{"not_picked":["ats:Fractured Body","ats:Closed Bolt Burst Fire"],"picked":"ats:Healing Drone","floor":12},{"not_picked":["ats:Curse Doll","ats:Directed Diagnosis"],"picked":"ats:Apocalypse","floor":13},{"not_picked":["ats:Demon Strength","ats:Cat Scratch"],"picked":"ats:Sashimi Platter","floor":14},{"not_picked":["ats:Wolf Pack","ats:Dogmatic Field"],"picked":"ats:Shadow Assault","floor":16},{"not_picked":["ats:Thermite Blade","ats:Absolute Focus"],"picked":"ats:Consecutive Shot Auto+1","floor":18},{"not_picked":["ats:Curse Doll","ats:Guard Mode"],"picked":"ats:Explosion Area Strengthen","floor":19},{"not_picked":["ats:Burning Ground","ats:Sword Rain+1"],"picked":"ats:Ignite+1","floor":20},{"not_picked":["ats:Guard Mode","ats:Revitalization"],"picked":"ats:Very Hot Blade","floor":24},{"not_picked":["ats:Poison Spread","ats:Echo Reverb+1"],"picked":"ats:Ignite","floor":27},{"not_picked":["ats:Leaping Hammer","ats:Consecutive Shot Auto"],"picked":"ats:Hammer On+1","floor":28},{"not_picked":["ats:Defend Order","ats:Shell Defense+1"],"picked":"ats:Assault Order+1","floor":31},{"not_picked":["ats:Wolf Pack","ats:Rat Pack+1"],"picked":"ats:Disruption Kick","floor":33},{"not_picked":["ats:Sashimi Platter","ats:Beaten Up+1"],"picked":"ats:Magnetic Hammer","floor":35},{"not_picked":["ats:Assault Order+1","ats:Demon Strength+1"],"picked":"ats:Apocalypse+1","floor":36}],"player_experience":258939,"relics_obtained":[{"floor":7,"key":"ats:Originium"},{"floor":7,"key":"Ancient Tea Set"},{"floor":9,"key":"Golden Egg"},{"floor":12,"key":"ats:Originium"},{"floor":12,"key":"Orichalcum"},{"floor":24,"key":"ats:Originium"},{"floor":24,"key":"Blue Doll"},{"floor":26,"key":"Quantum Egg"},{"floor":27,"key":"ats:Originium"},{"floor":27,"key":"Toxic Egg 2"},{"floor":34,"key":"ats:Ability Aura"},{"floor":34,"key":"Matryoshka"},{"floor":34,"key":"Turnip"}],"event_choices":[{"damage_healed":0,"gold_gain":0,"player_choice":"Ignored","damage_taken":0,"max_hp_gain":0,"max_hp_loss":0,"event_name":"Purifier","floor":3,"gold_loss":0},{"damage_healed":0,"gold_gain":99,"player_choice":"Stole From Cult","damage_taken":0,"max_hp_gain":0,"max_hp_loss":0,"event_name":"Nest","floor":21,"gold_loss":0},{"damage_healed":0,"gold_gain":0,"player_choice":"0 cards matched","damage_taken":0,"max_hp_gain":0,"max_hp_loss":0,"event_name":"Match and Keep!","floor":29,"gold_loss":0,"cards_obtained":[]},{"cards_removed":["Iron Wave"],"damage_healed":0,"gold_gain":0,"player_choice":"Took Card","damage_taken":0,"max_hp_gain":0,"max_hp_loss":0,"event_name":"NoteForYourself","floor":32,"gold_loss":0,"cards_obtained":["Iron Wave"]}],"is_beta":false,"boss_relics":[{"not_picked":["Ectoplasm","ats:Tactical Delivery"],"picked":"Painkiller Herb"},{"not_picked":["Velvet Choker","Ring of Chaos"],"picked":"Replay:Grab Bag"},{"not_picked":["Busted Crown","ChewingGum"],"picked":"SlaversCollar"},{"not_picked":["Coffee Dripper","Philosopher\u0027s Stone"],"picked":"Fusion Hammer"},{"not_picked":["ats:Omniscience","Empty Cage"],"picked":"Calling Bell"}],"items_purged_floors":[],"is_endless":false,"potions_floor_spawned":[5,10,16,18,19,27,31,33],"killed_by":"Jaw Worm Horde","ascension_level":0}}