{"host":"4qkvkh7pd9qr2mca","time":1611939210,"event":{"mods":["AchievementEnabler","Act Like it!","BaseMod","Colored Map","Colored Powertips","Highlight Path","Minty Spire (QoL Compilation)","Pale of the Ancients","Permanent Neow","Quick Restart","Relic Stats","StSLib","SuperFastMode"],"gold_per_floor":[118,134,152,167,180,180,211,225,225,242,257,257,257,257],"floor_reached":13,"language":"ENG","playtime":632,"items_purged":[],"score":182,"play_id":"41988cc5-d8d4-484f-aa8d-e8171f4ee943","local_time":"20210129175330","is_ascension_mode":true,"campfire_choices":[{"floor":6,"key":"REST"},{"floor":12,"key":"REST"}],"circlet_count":0,"master_deck":["AscendersBane","Strike_G","Strike_G","Strike_G","Strike_G","Defend_G","Defend_G","Defend_G","Defend_G","Survivor","Neutralize","Finisher","Infinite Blades","Slice","Dodge and Roll","Blur","Terror","Blade Dance","Footwork","Dagger Spray","Cloak And Dagger","Leg Sweep"],"relics":["Ring of the Snake","Pen Nib","Potion Belt"],"acts_visited":["Exordium"],"potions_floor_usage":[5,8,13],"damage_taken":[{"damage":6,"enemies":"Small Slimes","floor":1,"turns":3},{"damage":0,"enemies":"2 Louse","floor":2,"turns":3},{"damage":0,"enemies":"Cultist","floor":3,"turns":3},{"damage":1,"enemies":"Blue Slaver","floor":4,"turns":5},{"damage":14,"enemies":"Exordium Thugs","floor":5,"turns":7},{"damage":22,"enemies":"3 Sentries","floor":7,"turns":12},{"damage":17,"enemies":"Exordium Wildlife","floor":8,"turns":7},{"damage":8,"enemies":"2 Fungi Beasts","floor":10,"turns":3},{"damage":8,"enemies":"Large Slime","floor":11,"turns":8},{"damage":37,"enemies":"Gremlin Nob","floor":13,"turns":4}],"seed_played":"4150415061117544114","potions_obtained":[{"floor":2,"key":"Energy Potion"},{"floor":4,"key":"FearPotion"},{"floor":7,"key":"Strength Potion"},{"floor":8,"key":"Energy Potion"},{"floor":11,"key":"Ancient Potion"}],"is_trial":false,"path_per_floor":["M","M","M","M","M","R","E","M","T","M","M","R","E"],"character_chosen":"THE_SILENT","items_purchased":[],"campfire_rested":2,"item_purchase_floors":[],"current_hp_per_floor":[53,53,53,52,38,56,34,17,17,9,1,19,0,0],"gold":257,"neow_bonus":"TRANSFORM_TWO_CARDS","is_daily":false,"chose_seed":false,"campfire_upgraded":0,"win_rate":0.0,"timestamp":1611939210,"path_taken":["M","M","M","M","M","R","E","M","T","M","M","R","E"],"items_purchased_type":[],"build_version":"2020-12-22","purchased_purges":0,"victory":false,"max_hp_per_floor":[60,60,60,60,60,60,60,60,60,60,60,60,60,60],"relic_stats":{"counters":[10,55],"Pen Nib":[4],"obtain_stats":[{"Potion Belt":9,"Pen Nib":7,"Ring of the Snake":0},{"Potion Belt":7,"Pen Nib":6,"Ring of the Snake":0},{"Potion Belt":40,"Pen Nib":33,"Ring of the Snake":0}],"Ring of the Snake":[20]},"card_choices":[{"not_picked":["Underhanded Strike","Backflip"],"picked":"Slice","floor":1},{"not_picked":["Prepared","Flechettes"],"picked":"Dodge and Roll","floor":2},{"not_picked":["Sucker Punch","Outmaneuver"],"picked":"Blur","floor":3},{"not_picked":["Prepared","Deflect"],"picked":"Terror","floor":4},{"not_picked":["Grand Finale","Bane"],"picked":"Blade Dance","floor":5},{"not_picked":["Bane","Tactician"],"picked":"Footwork","floor":7},{"not_picked":["Slice","Dodge and Roll"],"picked":"Dagger Spray","floor":8},{"not_picked":["Slice","Endless Agony"],"picked":"Cloak And Dagger","floor":10},{"not_picked":["Terror","Riddle With Holes"],"picked":"Leg Sweep","floor":11}],"player_experience":584065,"relics_obtained":[{"floor":7,"key":"Pen Nib"},{"floor":9,"key":"Potion Belt"}],"event_choices":[],"is_beta":false,"boss_relics":[],"items_purged_floors":[],"is_endless":false,"potions_floor_spawned":[2,4,7,8,11],"killed_by":"Gremlin Nob","ascension_level":20}}