{"host":"c3lc60y5x60jlt1y","time":1611904274,"event":{"mods":["AchievementEnabler","BaseMod","Bestiary","Colored Map","Minty Spire (QoL Compilation)","Quick Restart","StSLib","ojb\u0027s Info Mod"],"gold_per_floor":[111,111,111,186,136,136,150,150,150,165,165,165,185,199,199,302,302,316,316,316,334,348,348,100,116,116,133,133,144,144,144,144,240,240,259,259,279,293,306,306,306,320,320,331,346,346,358,358,358],"floor_reached":48,"language":"ENG","playtime":3790,"items_purged":["Decay"],"score":453,"play_id":"1dc9318e-139d-4102-a4d0-4dd46ca9a7cb","local_time":"20210129091114","is_ascension_mode":false,"campfire_choices":[{"data":"Eruption","floor":6.0,"key":"SMITH"},{"data":"CrushJoints","floor":8.0,"key":"SMITH"},{"data":"CutThroughFate","floor":11.0,"key":"SMITH"},{"data":"Vigilance","floor":15.0,"key":"SMITH"},{"data":"Scrawl","floor":23.0,"key":"SMITH"},{"floor":28.0,"key":"REST"},{"data":"Devotion","floor":32.0,"key":"SMITH"},{"data":"Vault","floor":40,"key":"SMITH"}],"circlet_count":0,"master_deck":["Strike_P","Strike_P","Strike_P","Defend_P","Defend_P","Eruption+1","Vigilance+1","CarveReality","CrushJoints+1","CutThroughFate+1","Weave","Adaptation","Devotion+1","WaveOfTheHand+1","Scrawl+1","WheelKick","FearNoEvil+1","CutThroughFate","Perseverance","Prostrate","Prostrate","Evaluate+1","FlurryOfBlows","Vault+1","Tantrum","Halt","MentalFortress","ClearTheMind","Doubt","Tantrum","Prostrate"],"relics":["Cursed Key"],"acts_visited":["Exordium","TheCity","TheBeyond"],"potions_floor_usage":[33,33,33,44],"damage_taken":[{"damage":0.0,"enemies":"Jaw Worm","floor":1.0,"turns":5.0},{"damage":1.0,"enemies":"2 Louse","floor":7.0,"turns":2.0},{"damage":0.0,"enemies":"Small Slimes","floor":10.0,"turns":1.0},{"damage":5.0,"enemies":"Looter","floor":13.0,"turns":3.0},{"damage":0.0,"enemies":"Large Slime","floor":14.0,"turns":2.0},{"damage":34.0,"enemies":"The Guardian","floor":16.0,"turns":14.0},{"damage":10.0,"enemies":"Chosen","floor":18.0,"turns":3.0},{"damage":13.0,"enemies":"Spheric Guardian","floor":21.0,"turns":5.0},{"damage":15.0,"enemies":"Shelled Parasite and Fungi","floor":22.0,"turns":6.0},{"damage":6.0,"enemies":"Cultist and Chosen","floor":25.0,"turns":4.0},{"damage":5.0,"enemies":"Centurion and Healer","floor":27.0,"turns":4.0},{"damage":5.0,"enemies":"Snake Plant","floor":29.0,"turns":3.0},{"damage":30,"enemies":"Collector","floor":33,"turns":6},{"damage":9,"enemies":"3 Darklings","floor":35,"turns":3},{"damage":7,"enemies":"Orb Walker","floor":37,"turns":4},{"damage":11,"enemies":"Maw","floor":38,"turns":6},{"damage":29,"enemies":"Sphere and 2 Shapes","floor":39,"turns":7},{"damage":30,"enemies":"Transient","floor":42,"turns":6},{"damage":24,"enemies":"Writhing Mass","floor":44,"turns":4},{"damage":10,"enemies":"Jaw Worm Horde","floor":45,"turns":5},{"damage":28,"enemies":"4 Shapes","floor":47,"turns":11},{"damage":45,"enemies":"Spire Growth","floor":48,"turns":3}],"seed_played":"5010291259194241072","potions_obtained":[{"floor":10.0,"key":"Energy Potion"},{"floor":14.0,"key":"Strength Potion"},{"floor":22.0,"key":"Weak Potion"},{"floor":25.0,"key":"FearPotion"},{"floor":27.0,"key":"Explosive Potion"},{"floor":29.0,"key":"AttackPotion"},{"floor":33,"key":"CultistPotion"},{"floor":35,"key":"LiquidBronze"},{"floor":39,"key":"SpeedPotion"},{"floor":42,"key":"PowerPotion"},{"floor":44,"key":"DuplicationPotion"}],"is_trial":false,"path_per_floor":["M","?","?","?","?","R","M","R","T","M","R","?","M","M","R","B",null,"M","?","?","M","M","R","$","M","T","M","R","M","?","?","R","B",null,"M","?","M","M","M","R","?","M","T","M","M","?","M","M"],"character_chosen":"WATCHER","items_purchased":["CutThroughFate","Perseverance","Prostrate"],"campfire_rested":1,"item_purchase_floors":[24,24,24],"current_hp_per_floor":[72,72,72,61,61,61,60,60,60,60,60,65,60,60,60,26,77,67,67,67,54,39,39,39,33,33,28,51,46,46,46,46,16,77,68,68,61,50,21,21,77,47,47,23,13,67,39,0,0],"gold":358,"neow_bonus":"BOSS_RELIC","is_daily":false,"chose_seed":false,"campfire_upgraded":7,"win_rate":0.0,"timestamp":1611904274,"path_taken":["M","?","?","?","?","R","M","R","T","M","R","?","?","M","R","BOSS","M","?","?","?","M","R","?","M","T","M","R","M","?","?","R","BOSS","M","?","M","M","M","R","?","M","T","M","M","?","M","M"],"items_purchased_type":["Card","Card","Card"],"build_version":"2020-12-22","purchased_purges":1,"victory":false,"max_hp_per_floor":[72,72,72,72,72,72,72,72,72,72,72,77,77,77,77,77,77,77,77,77,77,77,77,77,77,77,77,77,77,77,77,77,77,77,77,77,77,77,77,77,77,77,77,77,77,67,67,67,67],"card_choices":[{"not_picked":["Evaluate","SashWhip"],"picked":"CarveReality","floor":1.0},{"not_picked":["Protect","DeceiveReality"],"picked":"CrushJoints","floor":7.0},{"not_picked":["Consecrate","ThirdEye"],"picked":"CutThroughFate","floor":10.0},{"not_picked":["EmptyBody","FlurryOfBlows"],"picked":"Weave","floor":13.0},{"not_picked":["Pray","ConjureBlade"],"picked":"Adaptation","floor":14.0},{"not_picked":["MasterReality","Wish"],"picked":"Devotion","floor":16.0},{"not_picked":["PathToVictory+1","SashWhip"],"picked":"WaveOfTheHand+1","floor":18.0},{"not_picked":["Prostrate","FlurryOfBlows"],"picked":"FearNoEvil+1","floor":21.0},{"not_picked":["ClearTheMind","Crescendo","Pray"],"picked":"SKIP","floor":22.0},{"not_picked":["Halt","SandsOfTime"],"picked":"Prostrate","floor":25.0},{"not_picked":["ThirdEye","FollowUp"],"picked":"Evaluate+1","floor":27.0},{"not_picked":["ConjureBlade","Sanctity"],"picked":"FlurryOfBlows","floor":29.0},{"not_picked":["SpiritShield","Alpha"],"picked":"Vault","floor":33},{"not_picked":["CrushJoints","ClearTheMind"],"picked":"Tantrum","floor":35},{"not_picked":["ThirdEye","Adaptation"],"picked":"Halt","floor":37},{"not_picked":["FollowUp+1","CutThroughFate"],"picked":"MentalFortress","floor":38},{"not_picked":["SashWhip+1","FollowUp"],"picked":"ClearTheMind","floor":39},{"not_picked":["CutThroughFate+1","WindmillStrike"],"picked":"Tantrum","floor":42},{"not_picked":["CrushJoints","Swivel"],"picked":"Prostrate","floor":44},{"not_picked":["ThirdEye","Swivel","DeusExMachina"],"picked":"SKIP","floor":45},{"not_picked":["ThirdEye","Consecrate+1","CrushJoints+1"],"picked":"SKIP","floor":47}],"player_experience":8747582,"relics_obtained":[],"event_choices":[{"damage_healed":0.0,"max_hp_gain":0.0,"max_hp_loss":0.0,"gold_gain":0.0,"event_name":"Liars Game","player_choice":"Ignored","floor":2.0,"gold_loss":0.0,"damage_taken":0.0},{"damage_healed":0.0,"max_hp_gain":0.0,"max_hp_loss":0.0,"gold_gain":0.0,"event_name":"Scrap Ooze","player_choice":"Fled","floor":3.0,"gold_loss":0.0,"damage_taken":0.0},{"damage_healed":0.0,"max_hp_gain":0.0,"max_hp_loss":0.0,"gold_gain":75.0,"event_name":"World of Goop","player_choice":"Gather Gold","floor":4.0,"gold_loss":0.0,"damage_taken":11.0},{"cards_removed":["Defend_P"],"damage_healed":0.0,"max_hp_gain":0.0,"max_hp_loss":0.0,"gold_gain":0.0,"event_name":"The Cleric","player_choice":"Card Removal","floor":5.0,"gold_loss":50.0,"damage_taken":0.0},{"damage_healed":0.0,"max_hp_gain":5.0,"max_hp_loss":0.0,"gold_gain":0.0,"event_name":"Big Fish","player_choice":"Donut","floor":12.0,"gold_loss":0.0,"damage_taken":0.0},{"damage_healed":0.0,"max_hp_gain":0.0,"max_hp_loss":0.0,"gold_gain":0.0,"event_name":"Forgotten Altar","player_choice":"Smashed Altar","floor":19.0,"gold_loss":0.0,"damage_taken":0.0,"cards_obtained":["Decay"]},{"damage_healed":0.0,"max_hp_gain":0.0,"max_hp_loss":0.0,"gold_gain":0.0,"cards_transformed":["Defend_P","Strike_P"],"event_name":"Drug Dealer","player_choice":"Became Test Subject","floor":20.0,"gold_loss":0.0,"damage_taken":0.0,"cards_obtained":["Scrawl","WheelKick"]},{"damage_healed":0.0,"max_hp_gain":0.0,"max_hp_loss":0.0,"gold_gain":0.0,"event_name":"The Mausoleum","player_choice":"Ignored","floor":31.0,"gold_loss":0.0,"damage_taken":0.0},{"damage_healed":0,"gold_gain":0,"player_choice":"Ignored","damage_taken":0,"max_hp_gain":0,"max_hp_loss":0,"event_name":"Mysterious Sphere","floor":36,"gold_loss":0},{"damage_healed":56,"gold_gain":0,"player_choice":"Heal","damage_taken":0,"max_hp_gain":0,"max_hp_loss":0,"event_name":"MindBloom","floor":41,"gold_loss":0,"cards_obtained":["Doubt"]},{"damage_healed":67,"gold_gain":0,"player_choice":"Heal","damage_taken":0,"max_hp_gain":0,"max_hp_loss":10,"event_name":"The Moai Head","floor":46,"gold_loss":0}],"is_beta":false,"boss_relics":[{"not_picked":[]},{"not_picked":[]}],"items_purged_floors":[24],"is_endless":false,"potions_floor_spawned":[10,14,22,25,27,29,33,35,39,42,44],"killed_by":"Spire Growth","ascension_level":0}}