{"host":"zf5geotoi40n8gfg","time":1611936540,"event":{"mods":["2.2 Compatiblity","BaseMod","Downfall","GifTheSpireLib","Minty Spire (QoL Compilation)","StSLib"],"gold_per_floor":[99,115,290,309,325,357,357,371,400,414,0,12,70,96,113,210,210,210,229,244,36,36,36,89,114,129,29,129,146,172,172,188,283,283,283,297,308,308,321,321,372,407,407,407,619,633,633,155,172,172],"floor_reached":51,"language":"ENG","playtime":2968,"items_purged":["Normality","Doubt"],"score":938,"play_id":"93e825e2-07e4-4e30-a6c7-cc9ba8c0fcd5","local_time":"20210129170900","is_ascension_mode":true,"campfire_choices":[{"data":"Slimebound:Split","floor":1,"key":"SMITH"},{"data":"Slimebound:LeechLife","floor":18,"key":"SMITH"},{"floor":23,"key":"REST"},{"data":"Slimebound:Equalize","floor":27,"key":"SMITH"},{"data":"Slimebound:MegaLick","floor":35,"key":"SMITH"},{"data":"Slimebound:Darklings","floor":43,"key":"SMITH"},{"floor":47,"key":"REST"}],"circlet_count":0,"master_deck":["Slimebound:Strike_Slimebound","Slimebound:Tackle","Slimebound:Defend_Slimebound","Slimebound:Defend_Slimebound","Slimebound:Defend_Slimebound","Slimebound:Split+1","Slimebound:CorrosiveSpit","Slimebound:SplitBruiser","Slimebound:ProtectTheBoss","Slimebound:SamplingLick","Slimebound:SplitAcid","Slimebound:LeechLife+1","Slimebound:Equalize+1","Slimebound:SplitMire","Slimebound:Schlurp","Slimebound:DivideAndConquer+1","Slimebound:RollThrough+1","Slimebound:TagTeam+1","Slimebound:Overexert+1","Slimebound:Teamwork+1","Slimebound:SlimeSpikes+1","Slimebound:HauntingLick+1","Slimebound:Gluttony+1","Slimebound:ViciousTackle+1","Slimebound:GoopTackle+1","Slimebound:Gluttony+1","Slimebound:Split","Slimebound:HauntingLick","Slimebound:MegaLick+1","Slimebound:Teamwork","Flash of Steel+1","Slimebound:SplitMire+1","Slimebound:SplitAcid+1","Slimebound:RallyTheTroops+1","Slimebound:OneTwoCombo+1","Slimebound:Repurpose","Slimebound:Darklings+1","Slimebound:GoopSpray+1","Slimebound:Darklings","Slimebound:LeechEnergy+1","Slimebound:LeadByExample+1","Slimebound:ProtectTheBoss+1","Slimebound:SlimeSpikes","Slimebound:RejuvenatingLick+1"],"relics":["Slimebound:AbsorbEndCombat","Frozen Egg 2","Smiling Mask","Pear","Lantern","Kunai","Molten Egg 2","Strawberry","Astrolabe","Slimebound:AggressiveSlimeRelic","Enchiridion","Slimebound:PotencyRelic","downfall:HeartBlessingBlue","downfall:GremlinSack","Potion Belt","SlaversCollar","Happy Flower","White Beast Statue","Gremlin Horn","Strange Spoon","Toy Ornithopter"],"acts_visited":["Exordium","TheCity","TheBeyond"],"potions_floor_usage":[9,10,13,30,32,50,50,50,50],"damage_taken":[{"damage":3,"enemies":"Cultist","floor":2,"turns":4},{"damage":16,"enemies":"Small Slimes","floor":4,"turns":3},{"damage":3,"enemies":"2 Louse","floor":5,"turns":2},{"damage":25,"enemies":"Lagavulin","floor":6,"turns":8},{"damage":1,"enemies":"Exordium Wildlife","floor":8,"turns":3},{"damage":19,"enemies":"Gremlin Nob","floor":9,"turns":4},{"damage":0,"enemies":"Red Slaver","floor":10,"turns":3},{"damage":6,"enemies":"downfall:FleeingMerchant","floor":11,"turns":4},{"damage":0,"enemies":"2 Fungi Beasts","floor":12,"turns":2},{"damage":18,"enemies":"Lagavulin Event","floor":13,"turns":4},{"damage":31,"enemies":"Lagavulin","floor":14,"turns":6},{"damage":8,"enemies":"Blue Slaver","floor":15,"turns":3},{"damage":43,"enemies":"DF_ARCHETYPE_STREAMLINE","floor":16,"turns":9},{"damage":12,"enemies":"3 Byrds","floor":19,"turns":4},{"damage":30,"enemies":"Shell Parasite","floor":20,"turns":4},{"damage":2,"enemies":"downfall:FleeingMerchant","floor":21,"turns":4},{"damage":22,"enemies":"Gremlin Leader","floor":25,"turns":5},{"damage":34,"enemies":"Shelled Parasite and Fungi","floor":26,"turns":3},{"damage":8,"enemies":"Shelled Parasite and Fungi","floor":28,"turns":2},{"damage":17,"enemies":"Centurion and Healer","floor":29,"turns":4},{"damage":16,"enemies":"Book of Stabbing","floor":30,"turns":4},{"damage":27,"enemies":"Snake Plant","floor":32,"turns":3},{"damage":31,"enemies":"IC_MUSHROOM_ARCHETYPE","floor":33,"turns":7},{"damage":11,"enemies":"3 Shapes","floor":36,"turns":4},{"damage":10,"enemies":"Orb Walker","floor":37,"turns":3},{"damage":22,"enemies":"Maw","floor":39,"turns":5},{"damage":33,"enemies":"Giant Head","floor":42,"turns":6},{"damage":6,"enemies":"downfall:FleeingMerchant","floor":45,"turns":2},{"damage":45,"enemies":"Spire Growth","floor":46,"turns":4},{"damage":17,"enemies":"Jaw Worm Horde","floor":49,"turns":3},{"damage":46,"enemies":"SI_POISON_ARCHETYPE","floor":50,"turns":6}],"seed_played":"-2144323706267999859","potions_obtained":[{"floor":0,"key":"FearPotion"},{"floor":0,"key":"sneckomod:MuddlingPotion"},{"floor":0,"key":"Block Potion"},{"floor":4,"key":"Guardian:BlockOnCardUsePotion"},{"floor":5,"key":"Slimebound:SpawnSlimePotion"},{"floor":9,"key":"SneckoOil"},{"floor":10,"key":"champ:CounterPotion"},{"floor":14,"key":"Block Potion"},{"floor":16,"key":"Block Potion"},{"floor":33,"key":"Strength Potion"},{"floor":36,"key":"PowerPotion"},{"floor":42,"key":"Swift Potion"},{"floor":45,"key":"BlessingOfTheForge"},{"floor":46,"key":"Slimebound:SlimedPotion"},{"floor":49,"key":"EssenceOfSteel"}],"is_trial":false,"path_per_floor":["R","M","?","M","M","E","T","M","E","M","$","M","?","E","M","B",null,"R","M","M","$","?","R","T","E","M","R","?","M","E","?","M","B",null,"R","M","M","?","M","?","T","E","R","T","$","M","R","$","M","B",null],"character_chosen":"SLIMEBOUND","items_purchased":["Lantern","Kunai","Slimebound:AggressiveSlimeRelic","Slimebound:GoopTackle+1","Slimebound:LeadByExample+1","Strange Spoon","Toy Ornithopter","Slimebound:ProtectTheBoss+1","Slimebound:SlimeSpikes"],"campfire_rested":2,"item_purchase_floors":[11,11,21,21,45,48,48,48,48],"current_hp_per_floor":[65,65,65,51,48,31,31,34,30,37,41,59,61,55,49,22,88,88,79,71,85,69,91,91,85,63,73,79,76,66,99,76,51,101,101,92,93,93,79,79,79,66,66,66,60,33,63,63,50,56],"gold":172,"neow_bonus":"THREE_SMALL_POTIONS","is_daily":false,"chose_seed":false,"campfire_upgraded":5,"win_rate":0.0,"timestamp":1611936540,"path_taken":["R","M","?","M","M","E","T","M","E","M","$","M","?","E","M","BOSS","R","M","M","$","?","R","T","E","M","R","?","?","E","?","M","BOSS","R","M","M","?","M","?","T","E","R","?","$","M","R","$","M","BOSS"],"items_purchased_type":["Relic","Relic","Relic","Card","Card","Relic","Relic","Card","Card"],"build_version":"2020-12-22","purchased_purges":2,"victory":true,"max_hp_per_floor":[65,65,65,65,65,65,65,65,78,81,81,81,81,88,88,88,88,88,91,91,91,91,91,91,91,91,101,101,101,101,101,101,101,101,101,101,101,101,101,101,101,101,101,101,101,101,101,101,101,101],"card_choices":[{"not_picked":["Slimebound:Prepare","Slimebound:SlimeSpikes"],"picked":"Slimebound:SplitBruiser","floor":2},{"not_picked":["Slimebound:LeechEnergy","Slimebound:LivingWall"],"picked":"Slimebound:ProtectTheBoss","floor":4},{"not_picked":["Slimebound:ForwardTackle","Slimebound:SlimeSpikes"],"picked":"Slimebound:SamplingLick","floor":5},{"not_picked":["Slimebound:GoopTackle","Slimebound:BestDefense+1","Slimebound:Chomp"],"picked":"SKIP","floor":6},{"not_picked":["Slimebound:Prepare","Slimebound:PressTheAttack"],"picked":"Slimebound:MassFeed","floor":8},{"not_picked":["Slimebound:SplitMire","Slimebound:SamplingLick"],"picked":"Slimebound:SplitAcid","floor":9},{"not_picked":["Slimebound:SlimeSpikes","Slimebound:SplitAcid"],"picked":"Slimebound:LeechLife","floor":10},{"not_picked":["Slimebound:GoopTackle","Slimebound:FormOfPuddle"],"picked":"Slimebound:Equalize","floor":11},{"not_picked":["Slimebound:SplitLeeching","Slimebound:LeechingTouch"],"picked":"Slimebound:SplitMire","floor":12},{"not_picked":["Slimebound:SplitLeeching","Slimebound:ComboTackle+1"],"picked":"Slimebound:Schlurp","floor":13},{"not_picked":["Slimebound:Chomp+1","Slimebound:SplitBruiser"],"picked":"Slimebound:DivideAndConquer+1","floor":14},{"not_picked":["Slimebound:SplitLeeching","Slimebound:Prepare"],"picked":"Slimebound:RollThrough+1","floor":15},{"not_picked":["Slimebound:OneTwoCombo+1","Slimebound:Recycling+1"],"picked":"Slimebound:TagTeam+1","floor":16},{"not_picked":["Slimebound:SlimeTap","Slimebound:ItLooksTasty+1"],"picked":"Slimebound:HauntingLick+1","floor":19},{"not_picked":["Slimebound:HauntingLick","Slimebound:Prepare+1"],"picked":"Slimebound:Gluttony+1","floor":20},{"not_picked":["Slimebound:SplitBruiser+1","Slimebound:Prepare"],"picked":"Slimebound:ViciousTackle+1","floor":21},{"not_picked":["Slimebound:SplitLeeching+1","Slimebound:RejuvenatingLick"],"picked":"Slimebound:Gluttony+1","floor":25},{"not_picked":["Slimebound:SplitMire","Slimebound:Gluttony+1","Slimebound:DisruptingSlam+1"],"picked":"SKIP","floor":26},{"not_picked":["Slimebound:SlimeSpikes","Slimebound:SamplingLick"],"picked":"Slimebound:SplitMire+1","floor":28},{"not_picked":["Slimebound:DisruptingSlam+1","Slimebound:LivingWall"],"picked":"Slimebound:SplitAcid+1","floor":29},{"not_picked":["Slimebound:ComboTackle+1","Slimebound:SplitAcid"],"picked":"Slimebound:RallyTheTroops+1","floor":30},{"not_picked":["Slimebound:GrowthPunch+1","Slimebound:ItLooksTasty+1","Slimebound:FinishingTackle+1"],"picked":"SKIP","floor":32},{"not_picked":["Slimebound:MassFeed+1","Slimebound:MinionMaster+1"],"picked":"Slimebound:OneTwoCombo+1","floor":33},{"not_picked":["Slimebound:SplitMire+1","Slimebound:SplitAcid"],"picked":"Slimebound:Repurpose","floor":36},{"not_picked":["Slimebound:RollThrough+1","Slimebound:FinishingTackle+1","Slimebound:Gluttony+1"],"picked":"SKIP","floor":37},{"not_picked":["Slimebound:SplitAcid+1","Slimebound:LeechingTouch+1"],"picked":"Slimebound:GoopSpray+1","floor":39},{"not_picked":["Slimebound:Prepare","Slimebound:Recollect"],"picked":"Slimebound:Darklings","floor":42},{"not_picked":["Slimebound:RollThrough+1","Slimebound:DouseInSlime"],"picked":"Slimebound:LeechEnergy+1","floor":45},{"not_picked":["Slimebound:SplitBruiser+1","Slimebound:Prepare+1","Slimebound:DisruptingSlam+1"],"picked":"SKIP","floor":46},{"not_picked":["Slimebound:Schlurp","Slimebound:SlimeSpikes+1"],"picked":"Slimebound:RejuvenatingLick+1","floor":49}],"player_experience":203614,"relics_obtained":[{"floor":6,"key":"Frozen Egg 2"},{"floor":7,"key":"Smiling Mask"},{"floor":9,"key":"Pear"},{"floor":13,"key":"Molten Egg 2"},{"floor":14,"key":"Strawberry"},{"floor":22,"key":"Enchiridion"},{"floor":25,"key":"Slimebound:PotencyRelic"},{"floor":28,"key":"downfall:GremlinSack"},{"floor":30,"key":"Potion Belt"},{"floor":41,"key":"Happy Flower"},{"floor":42,"key":"White Beast Statue"},{"floor":44,"key":"Gremlin Horn"}],"event_choices":[{"damage_healed":33,"gold_gain":0,"player_choice":"Heal","damage_taken":0,"max_hp_gain":0,"max_hp_loss":0,"event_name":"The Library","floor":31,"gold_loss":0}],"is_beta":false,"boss_relics":[{"not_picked":["Pandora\u0027s Box","Philosopher\u0027s Stone"],"picked":"Astrolabe"},{"not_picked":["Sozu","Fusion Hammer"],"picked":"SlaversCollar"}],"items_purged_floors":[45,48],"is_endless":false,"potions_floor_spawned":[4,5,8,9,10,14,16,25,26,28,29,33,36,42,45,46,49],"ascension_level":2}}