{"host":"bd3tl98ed0kk4173","time":1611923818,"event":{"mods":["Aspiration","BaseMod","Beaked The Cultist","Better Altar","Better Match","Better Note","Better Sensory Stone","Better Skull","Better Third Choice","BetterRewards","CapriCore","Colored Map","Colored Powertips","Conspire","Emptier Cage","Energized Spire","GifTheSpireLib","GungeonMod","Halation","HexUI Lib","Highlight Path","Hubris","Infinite Spire","Jorbs\u0027s Wanderer Trilogy","Keyboard Shortcuts","Mad Scientist","Minty Spire (QoL Compilation)","Permanent Neow","Quick Restart","Rare Cards Sparkle","Reliquary","Replay The Spire","SacredBarkPlus","Spicy Shops","StSLib","The Animator","The Blue Laboratory","The Hayseed","The Hierophant","The Runesmith","TheVacant","??????REMEMod"],"gold_per_floor":[114,34,109,109,109,109,124,134,211,211,224,2,2,18,18,114,114,128,28,28,28,48,48,48,48,74,74,74,91,91,91,91,195,195,212,9,19,35,35,35,54,4,31,50,50,80,94,94,94,94],"floor_reached":51,"language":"ENG","playtime":6115,"items_purged":["beaked:Strike_Y","beaked:Strike_Y"],"score":513,"play_id":"65f4e145-25d6-433b-8e69-ebd7c44d99be","local_time":"20210129073658","is_ascension_mode":false,"campfire_choices":[{"data":"beaked:BraceForImpact","floor":13,"key":"SMITH"},{"data":"beaked:Insight","floor":15,"key":"SMITH"},{"data":"ReplayTheSpireMod:Chaos Vortex","floor":23,"key":"SMITH"},{"data":"beaked:Daydream","floor":27,"key":"SMITH"},{"floor":32,"key":"REST"},{"data":"beaked:Hexing","floor":40,"key":"SMITH"},{"data":"beaked:MaddeningMurmurs","floor":45,"key":"SMITH"},{"data":"beaked:Strike_Y","floor":49,"key":"SMITH"}],"circlet_count":0,"master_deck":["beaked:Strike_Y+1","beaked:Strike_Y","beaked:Strike_Y","beaked:Strike_Y","beaked:Defend_Y","beaked:Defend_Y","beaked:Defend_Y","beaked:Defend_Y","beaked:Ceremony","beaked:Ceremony","infinitespire:Neurotoxin+1","beaked:Daydream+1","beaked:BloodForTheGods","beaked:BounceBack","beaked:BraceForImpact+1","beaked:Insight+1","beaked:HuntressSpirit+1","ReplayTheSpireMod:Chaos Vortex+1","beaked:Evade+1","Necronomicurse","beaked:Hexing+1","beaked:MaddeningMurmurs+1","beaked:Insight+1"],"relics":["beaked:MendingPlumage","REME_ComplimentaryCards","aspiration:ArtOfWarUpgrade","halation:LostSnail","conspire:Flyswatter","DemoMod:WhiteGuonStone","aspiration:SecretTechniqueScroll","ClockworkSouvenir","Necronomicon","aspiration:HiddenCompartment","aspiration:StickyExplosives_weak","aspiration:FrozenJewel","conspire:SeveredTorchhead","halation:Diary","infinitespire:Lucky Rock","halation:EternalFortune","MealTicket","reliquary:RoseTintedGlasses","hubris:Icosahedron"],"acts_visited":["Exordium","TheCity","TheBeyond"],"potions_floor_usage":[8,16,16,35,37,38,46,50,50],"damage_taken":[{"damage":6,"enemies":"2 Louse","floor":1,"turns":5},{"damage":2,"enemies":"Small Slimes","floor":7,"turns":5},{"damage":11,"enemies":"Jaw Worm","floor":8,"turns":6},{"damage":11,"enemies":"Blue Slaver","floor":11,"turns":4},{"damage":23,"enemies":"Exordium Wildlife","floor":14,"turns":6},{"damage":17,"enemies":"The Guardian","floor":16,"turns":8},{"damage":3,"enemies":"Chosen","floor":18,"turns":5},{"damage":10,"enemies":"Shell Parasite","floor":22,"turns":4},{"damage":6,"enemies":"Cultist and Chosen","floor":29,"turns":5},{"damage":6,"enemies":"conspire:MysteriousRune","floor":33,"turns":10},{"damage":19,"enemies":"3 Darklings","floor":35,"turns":6},{"damage":2,"enemies":"Orb Walker","floor":37,"turns":5},{"damage":21,"enemies":"Jaw Worm Horde","floor":38,"turns":6},{"damage":8,"enemies":"3 Darklings","floor":41,"turns":6},{"damage":63,"enemies":"Sphere and 2 Shapes","floor":44,"turns":9},{"damage":38,"enemies":"Giant Head","floor":46,"turns":8},{"damage":11,"enemies":"Spire Growth","floor":47,"turns":6},{"damage":30,"enemies":"Replay:Hell Engine","floor":50,"turns":7}],"seed_played":"-4084845128538801625","potions_obtained":[{"floor":8,"key":"REME_GoldPotion"},{"floor":14,"key":"blueLaboratory:SavagePotion"},{"floor":29,"key":"Explosive Potion"},{"floor":35,"key":"Energy Potion"},{"floor":37,"key":"blueLaboratory:ForbiddenFruitJuice"},{"floor":38,"key":"blueLaboratory:BottledHope"},{"floor":47,"key":"blueLaboratory:FruitPunch"}],"is_trial":false,"path_per_floor":["M","$","?","?","?","R","M","M","T","R","M","$","R","M","R","B",null,"M","$","?","AVR","M","R","?","?","T","R","?","M","T","$","R","B",null,"M","$","M","M","?","R","M","$","T","M","R","E","M","?","R","B",null],"character_chosen":"BEAKED_THE_CULTIST","items_purchased":["halation:LostSnail","DemoMod:WhiteGuonStone","aspiration:FrozenJewel","halation:Diary","infinitespire:Lucky Rock","beaked:Insight+1"],"campfire_rested":1,"item_purchase_floors":[2,12,31,36,36,42],"current_hp_per_floor":[50,50,39,39,39,39,50,40,40,40,41,41,41,50,50,47,50,50,50,50,50,50,50,50,34,34,34,34,50,50,34,49,52,52,52,52,52,51,54,54,55,55,55,58,58,51,58,58,58,60],"gold":94,"neow_bonus":"RANDOM_COMMON_RELIC","is_daily":false,"chose_seed":false,"campfire_upgraded":7,"win_rate":0.0,"timestamp":1611923818,"path_taken":["M","$","?","?","?","R","M","M","T","R","M","$","R","M","R","BOSS","M","$","?","AVR","M","R","?","?","T","R","?","M","?","?","R","BOSS","M","?","M","M","?","R","M","$","T","M","R","E","M","?","R","BOSS"],"items_purchased_type":["Relic","Relic","Relic","Relic","Relic","Card"],"build_version":"2020-12-22","purchased_purges":2,"victory":true,"max_hp_per_floor":[50,50,50,50,50,50,50,50,50,50,50,50,50,50,50,50,50,50,50,50,50,50,50,50,50,50,50,50,50,50,50,50,52,52,52,52,52,52,55,55,55,55,55,58,58,58,58,58,58,60],"card_choices":[{"not_picked":["beaked:StickSmack","beaked:CursingBlood"],"picked":"beaked:Daydream","floor":1},{"not_picked":["beaked:SacrificialDive","beaked:Molting"],"picked":"beaked:BloodForTheGods","floor":7},{"not_picked":["beaked:Windmill","beaked:WarriorEssence"],"picked":"beaked:BounceBack","floor":8},{"not_picked":["beaked:SurvivalInstinct","beaked:CheekyTricks"],"picked":"beaked:BraceForImpact","floor":11},{"not_picked":["beaked:Struggle","beaked:Brace"],"picked":"beaked:Insight","floor":14},{"not_picked":["beaked:CursingBlood","beaked:Windmill"],"picked":"beaked:HuntressSpirit+1","floor":18},{"not_picked":["beaked:Devastation","beaked:Insight"],"picked":"beaked:Evade+1","floor":22},{"not_picked":["beaked:Recite","beaked:FeelMyPain","beaked:TuckingFeathers"],"picked":"SKIP","floor":29},{"not_picked":["beaked:TuckingFeathers+1","beaked:Tweet"],"picked":"beaked:Hexing","floor":35},{"not_picked":["beaked:MimicHuntress","beaked:BraceForImpact"],"picked":"beaked:MaddeningMurmurs","floor":37},{"not_picked":["beaked:FeelMyPain+1","beaked:Evade","beaked:SacrificialDive+1"],"picked":"SKIP","floor":38},{"not_picked":["beaked:MachineSpirit+1","beaked:DigDeep+1","beaked:RuinSticks+1"],"picked":"SKIP","floor":41},{"not_picked":["beaked:WarriorEssence+1","beaked:Evade","beaked:FeelMyPain"],"picked":"SKIP","floor":44},{"not_picked":["beaked:BloodRitual","beaked:StunningBlow+1","beaked:Flinch+1"],"picked":"SKIP","floor":46},{"not_picked":["beaked:Daydream","beaked:Windmill+1","beaked:Redirect+1"],"picked":"SKIP","floor":47}],"player_experience":101575,"relics_obtained":[{"floor":9,"key":"conspire:Flyswatter"},{"floor":25,"key":"Necronomicon"},{"floor":26,"key":"aspiration:HiddenCompartment"},{"floor":30,"key":"aspiration:StickyExplosives_weak"},{"floor":43,"key":"MealTicket"},{"floor":46,"key":"reliquary:RoseTintedGlasses"}],"event_choices":[{"damage_healed":0,"gold_gain":75,"player_choice":"Gold","damage_taken":11,"max_hp_gain":0,"max_hp_loss":0,"event_name":"betterThird:BetterGoop","floor":3,"gold_loss":0},{"damage_healed":0,"gold_gain":0,"player_choice":"Leave","damage_taken":0,"max_hp_gain":0,"max_hp_loss":0,"event_name":"conspire:Investor","floor":5,"gold_loss":0},{"cards_removed":["beaked:Ceremony"],"damage_healed":0,"gold_gain":0,"player_choice":"Give","damage_taken":0,"max_hp_gain":0,"max_hp_loss":0,"event_name":"betterNote:BetterNote","floor":20,"gold_loss":0,"cards_obtained":["Defend_R"]},{"damage_healed":0,"gold_gain":0,"player_choice":"Obtained Book","damage_taken":16,"max_hp_gain":0,"max_hp_loss":0,"event_name":"Cursed Tome","floor":25,"gold_loss":0},{"cards_removed":["beaked:Ceremony"],"damage_healed":0,"gold_gain":0,"player_choice":"Elegance","damage_taken":0,"max_hp_gain":0,"max_hp_loss":0,"event_name":"betterThird:BetterWriting","floor":28,"gold_loss":0}],"is_beta":false,"boss_relics":[{"not_picked":["Cursed Key","halation:SmartPhone"],"picked":"aspiration:SecretTechniqueScroll"},{"not_picked":["aspiration:RunesmithSkillbook","halation:PinkAlligatorPlush"],"picked":"conspire:SeveredTorchhead"}],"items_purged_floors":[12,19],"is_endless":false,"potions_floor_spawned":[8,14,29,35,37,38,47],"ascension_level":0}}