{"host":"sum4dy402bbv9y4o","time":1611951950,"event":{"mods":["Aspiration","BaseMod","Conspire","Highlight Path","Minty Spire (QoL Compilation)","StSLib"],"gold_per_floor":[111,2,15,28,103,130,130,148,148,182,200,215,215,215,215,291,291,306,306,43,59,69,104,104,134,159,74,74,74,74],"floor_reached":29,"language":"ENG","playtime":1027,"items_purged":[],"score":646,"play_id":"0a7aa39d-4aba-48e3-b6ee-ee7e2cf55a08","local_time":"20210129232550","is_ascension_mode":true,"campfire_choices":[{"data":"LessonLearned","floor":7,"key":"SMITH"},{"data":"Eruption","floor":13,"key":"SMITH"},{"floor":15,"key":"REST"},{"data":"TalkToTheHand","floor":24,"key":"SMITH"}],"circlet_count":0,"master_deck":["AscendersBane","Strike_P+1","Strike_P+1","Strike_P+1","Defend_P","Defend_P+1","Defend_P","Defend_P+1","Eruption+1","Vigilance+1","FlyingSleeves+1","Tantrum","FollowUp","LessonLearned+1","EmptyBody+1","EmptyBody+1","Consecrate+1","Protect+1","Halt","FlyingSleeves+1","Protect+1","TalkToTheHand+1"],"relics":["HolyWater","aspiration:Nostalgia","Ring of the Snake","HornCleat","Damaru","Dream Catcher","Mummified Hand","Blood Vial","aspiration:HiddenCompartment","Happy Flower","Lantern"],"acts_visited":["Exordium","TheCity"],"potions_floor_usage":[10,16,25,25],"damage_taken":[{"damage":5,"enemies":"2 Louse","floor":1,"turns":4},{"damage":7,"enemies":"Jaw Worm","floor":3,"turns":3},{"damage":7,"enemies":"Cultist","floor":4,"turns":4},{"damage":4,"enemies":"Gremlin Nob","floor":6,"turns":3},{"damage":0,"enemies":"Lots of Slimes","floor":8,"turns":7},{"damage":19,"enemies":"Lagavulin","floor":10,"turns":7},{"damage":0,"enemies":"Exordium Thugs","floor":11,"turns":4},{"damage":0,"enemies":"Looter","floor":12,"turns":3},{"damage":35,"enemies":"The Guardian","floor":16,"turns":10},{"damage":0,"enemies":"Chosen","floor":18,"turns":3},{"damage":1,"enemies":"2 Thieves","floor":21,"turns":3},{"damage":8,"enemies":"Snake Plant","floor":22,"turns":4},{"damage":0,"enemies":"Gremlin Leader","floor":23,"turns":9},{"damage":0,"enemies":"Slavers","floor":25,"turns":7},{"damage":64,"enemies":"Cultist and Chosen","floor":29,"turns":6}],"seed_played":"5926732964800291450","potions_obtained":[{"floor":4,"key":"Energy Potion"},{"floor":6,"key":"conspire:TimeTravelPotion"},{"floor":10,"key":"AttackPotion"},{"floor":12,"key":"PowerPotion"},{"floor":18,"key":"LiquidMemories"},{"floor":25,"key":"BottledMiracle"}],"is_trial":false,"path_per_floor":["M","$","M","M","?","E","R","M","T","E","M","M","R","?","R","B",null,"M","?","$","M","M","E","R","E","T","?","?","M"],"character_chosen":"WATCHER","items_purchased":["Tantrum","FollowUp","Mummified Hand"],"campfire_rested":1,"item_purchase_floors":[2,2,20],"current_hp_per_floor":[56,56,49,42,31,27,27,27,27,18,18,18,18,18,38,3,52,52,52,52,51,43,43,43,45,45,45,45,0,0],"gold":74,"neow_bonus":"NOSTALGIA","is_daily":false,"chose_seed":false,"campfire_upgraded":3,"win_rate":0.0,"timestamp":1611951950,"path_taken":["M","$","M","M","?","E","R","M","T","E","M","M","R","?","R","BOSS","M","?","$","?","M","E","R","E","T","?","?","M"],"items_purchased_type":["Card","Card","Relic"],"build_version":"2020-12-22","purchased_purges":0,"victory":false,"max_hp_per_floor":[68,68,68,68,68,68,68,68,68,68,68,68,68,68,68,68,68,68,68,68,68,68,68,68,68,68,68,68,68,68],"card_choices":[{"not_picked":["ThirdEye","Protect"],"picked":"FlyingSleeves","floor":1},{"not_picked":["EmptyMind","Collect"],"picked":"LessonLearned","floor":3},{"not_picked":["JustLucky","EmptyFist"],"picked":"EmptyBody","floor":4},{"not_picked":["Swivel","Pray"],"picked":"EmptyBody","floor":6},{"not_picked":["TalkToTheHand","LessonLearned"],"picked":"Consecrate","floor":8},{"not_picked":["FlyingSleeves","WreathOfFlame","Weave"],"picked":"SKIP","floor":10},{"not_picked":["ForeignInfluence","LikeWater"],"picked":"Protect","floor":11},{"not_picked":["Evaluate","Consecrate","FlyingSleeves"],"picked":"SKIP","floor":12},{"not_picked":["ThirdEye","Wireheading"],"picked":"Halt","floor":15},{"not_picked":["Consecrate","ClearTheMind"],"picked":"FlyingSleeves","floor":18},{"not_picked":["EmptyBody","ThirdEye","Protect"],"picked":"SKIP","floor":21},{"not_picked":["BattleHymn","CutThroughFate"],"picked":"Protect+1","floor":22},{"not_picked":["Halt","Study"],"picked":"TalkToTheHand","floor":23},{"not_picked":["DeceiveReality","ClearTheMind","PathToVictory"],"picked":"SKIP","floor":25}],"player_experience":3023136,"relics_obtained":[{"floor":6,"key":"HornCleat"},{"floor":9,"key":"Damaru"},{"floor":10,"key":"Dream Catcher"},{"floor":23,"key":"Blood Vial"},{"floor":25,"key":"aspiration:HiddenCompartment"},{"floor":26,"key":"Happy Flower"}],"event_choices":[{"damage_healed":0,"gold_gain":75,"player_choice":"Gather Gold","damage_taken":11,"max_hp_gain":0,"max_hp_loss":0,"event_name":"World of Goop","floor":5,"gold_loss":0},{"damage_healed":0,"gold_gain":0,"player_choice":"Leave","damage_taken":0,"max_hp_gain":0,"max_hp_loss":0,"event_name":"FaceTrader","floor":14,"gold_loss":0},{"cards_removed":["Strike_P"],"damage_healed":0,"gold_gain":0,"player_choice":"Purged","damage_taken":0,"max_hp_gain":0,"max_hp_loss":0,"event_name":"Purifier","floor":19,"gold_loss":0},{"damage_healed":0,"gold_gain":0,"player_choice":"Obtained Relic","damage_taken":0,"relics_obtained":["Lantern"],"max_hp_gain":0,"max_hp_loss":0,"event_name":"Addict","floor":27,"gold_loss":85},{"damage_healed":0,"gold_gain":0,"player_choice":"Ignored","damage_taken":0,"max_hp_gain":0,"max_hp_loss":0,"event_name":"Ghosts","floor":28,"gold_loss":0}],"is_beta":false,"boss_relics":[{"not_picked":["aspiration:SilentSkillbook","conspire:SeveredTorchhead"],"picked":"HolyWater"}],"items_purged_floors":[],"is_endless":false,"potions_floor_spawned":[4,6,10,12,18,23,25],"killed_by":"Cultist and Chosen","ascension_level":20}}