{"host":"6jrnojxwearbrjzo","time":1611932422,"event":{"mods":["BaseMod","Conspire","Highlight Path","Marisa（F雨　魔理沙）","Minty Spire (QoL Compilation)","MostiFishMod","Quick Restart","Random Character Button","Shop Mod","Spicy Shops","StSLib","The Construct","The Servant 0.9.4","[功能]功能增强和修复MOD","篝火指南"],"gold_per_floor":[125,86,86,105,105,132,160,160,160,4,4,35,62,95,28,101,101,118,232,232,389,389,420,294,308,308,340,440,474,474,483,288,371,371,399,572,572,572,572],"floor_reached":40,"language":"ZHS","playtime":1314,"items_purged":["Pride","Defend_G","Defend_G","Strike_G","Strike_G","Defend_G","Defend_G","Defend_G","Strike_G","Regret","Strike_G","Strike_G","Regret","Writhe"],"score":2203,"play_id":"d22ae14c-d54e-4ca5-b956-c139712d67e7","local_time":"20210129230022","is_ascension_mode":true,"campfire_choices":[],"circlet_count":0,"master_deck":["AscendersBane","Survivor+1","Neutralize","CurseOfTheBell","Dagger Spray+1","Concentrate+1","Finisher+1","Blade Dance+1","MostiFishMod:ButterFly+1","Acrobatics+1"],"relics":["DaveBox","ArrowTower","Calling Bell","MawBank","Ninja Scroll","Torii","SynthV:TestCard","DiscerningMonocle","MetatronsCube","Calipers","Molten Egg 2","Art of War","Mummified Hand","MerchantsRug","SynthV:C4","Odd Mushroom","Meat on the Bone","Bottled Flame","Toy Ornithopter","Lee\u0027s Waffle","conspire:DeflatedDodgeball","Technique","Frozen Egg 2","Dead Branch","Gremlin Horn","Lantern","Orichalcum","Strawberry","Potion Belt","Tiny Chest","Bag of Marbles","MostiFishMod:AdaptiveDefenses","RhineCircuit","Paper Crane","Medical Kit","ChiLing","Chi","Ling","Bag of Preparation","SentryEyes","Sundial","CeramicFish","Cauldron","Shovel","conspire:DecoderRing","Chemical X","Bottled Lightning","War Paint","Sling","conspire:BottledYoYo","Nunchaku","OrangePellets","conspire:Dentures","Pocketwatch","Shuriken","Dream Catcher","Turnip","Mango","Frozen Eye","Ying","Smiling Mask","InkBottle","Oddly Smooth Stone","Unceasing Top","Toxic Egg 2","Juzu Bracelet","PreservedInsect","Civilization","conspire:TreasureMap","conspire:RunicOctahedron","DaCapo","Bronze Scales","Strange Spoon","Membership Card","Happy Flower","Akabeko"],"acts_visited":["Exordium","TheCity","TheBeyond"],"potions_floor_usage":[4],"damage_taken":[{"damage":6,"enemies":"Cultist","floor":1,"turns":3},{"damage":0,"enemies":"Jaw Worm","floor":4,"turns":1},{"damage":0,"enemies":"Gremlin Nob","floor":6,"turns":3},{"damage":0,"enemies":"The Mushroom Lair","floor":7,"turns":2},{"damage":0,"enemies":"Lagavulin","floor":12,"turns":1},{"damage":0,"enemies":"Gremlin Nob","floor":14,"turns":1},{"damage":0,"enemies":"Slime Boss","floor":16,"turns":1},{"damage":0,"enemies":"Shell Parasite","floor":18,"turns":1},{"damage":1,"enemies":"Slavers","floor":23,"turns":1},{"damage":3,"enemies":"Chosen","floor":25,"turns":1},{"damage":3,"enemies":"Gremlin Leader","floor":27,"turns":1},{"damage":2,"enemies":"Book of Stabbing","floor":29,"turns":1},{"damage":2,"enemies":"conspire:MysteriousRune","floor":33,"turns":2},{"damage":2,"enemies":"3 Shapes","floor":35,"turns":1},{"damage":1,"enemies":"Time Eater","floor":39,"turns":2}],"seed_played":"-7055742016866172925","potions_obtained":[{"floor":1,"key":"BlessingOfTheForge"},{"floor":14,"key":"Poison Potion"},{"floor":14,"key":"Explosive Potion"},{"floor":21,"key":"SteroidPotion"},{"floor":21,"key":"BlessingOfTheForge"},{"floor":21,"key":"Strength Potion"},{"floor":23,"key":"SkillPotion"},{"floor":23,"key":"Poison Potion"},{"floor":25,"key":"Explosive Potion"},{"floor":25,"key":"LiquidBronze"},{"floor":27,"key":"Weak Potion"},{"floor":29,"key":"ColorlessPotion"},{"floor":33,"key":"SteroidPotion"},{"floor":35,"key":"Strength Potion"}],"is_trial":false,"path_per_floor":["M","$","?","M","?","E","?","$","T","R","?","E","T","E","R","B",null,"M","$","?","$","?","E","R","M","T","E","$","E","T","?","R","B",null,"M","$","?","?","B",null],"character_chosen":"THE_SILENT","items_purchased":["DiscerningMonocle","MetatronsCube","Calipers","Molten Egg 2","Art of War","Mummified Hand","MerchantsRug","CunningPotion","Meat on the Bone","Bottled Flame","Toy Ornithopter","Lee\u0027s Waffle","conspire:DeflatedDodgeball","Blade Dance","Technique","Dead Branch","Gremlin Horn","Lantern","Bag of Marbles","MostiFishMod:AdaptiveDefenses","Paper Crane","Medical Kit","ChiLing","Bag of Preparation","SentryEyes","FearPotion","ColorlessPotion","PowerPotion","construct:ShiftPotion","Sundial","CeramicFish","Cauldron","Shovel","conspire:DecoderRing","Chemical X","Explosive Potion","construct:ShiftPotion","PowerPotion","FairyPotion","War Paint","Sling","conspire:BottledYoYo","Nunchaku","OrangePellets","Shuriken","Dream Catcher","Turnip","Mango","Frozen Eye","Ying","FearPotion","PowerPotion","PowerPotion","AttackPotion","MostiFishMod:ButterFly+1","Unceasing Top","Toxic Egg 2","Juzu Bracelet","PreservedInsect","Civilization","conspire:TreasureMap","DaCapo","Bronze Scales","Strange Spoon","Membership Card","Happy Flower","Akabeko","CultistPotion","conspire:TimeTravelPotion","Fire Potion","LiquidBronze"],"campfire_rested":0,"item_purchase_floors":[2,2,2,2,2,2,2,2,8,8,8,8,8,8,8,10,10,10,15,15,19,19,19,19,19,19,19,19,19,21,21,21,21,21,21,21,21,21,21,24,24,24,24,24,28,28,28,28,28,28,28,28,28,28,28,32,32,32,32,32,32,36,36,36,36,36,36,36,36,36,36],"current_hp_per_floor":[53,53,53,53,53,53,53,73,73,73,73,80,80,80,80,80,80,80,80,57,57,57,56,56,53,53,50,64,70,70,70,70,73,93,103,103,99,99,104],"gold":572,"neow_bonus":"BOSS_RELIC","is_daily":false,"chose_seed":false,"campfire_upgraded":0,"win_rate":0.0,"timestamp":1611932422,"path_taken":["M","?","?","?","?","E","?","?","T","R","?","E","?","E","R","BOSS","M","$","?","$","?","E","R","?","T","E","$","E","?","?","R","BOSS","M","$","?","?","BOSS"],"items_purchased_type":["Relic","Relic","Relic","Relic","Relic","Relic","Relic","Potion","Relic","Relic","Relic","Relic","Relic","Card","Relic","Relic","Relic","Relic","Relic","Relic","Relic","Relic","Relic","Relic","Relic","Potion","Potion","Potion","Potion","Relic","Relic","Relic","Relic","Relic","Relic","Potion","Potion","Potion","Potion","Relic","Relic","Relic","Relic","Relic","Relic","Relic","Relic","Relic","Relic","Relic","Potion","Potion","Potion","Potion","Card","Relic","Relic","Relic","Relic","Relic","Relic","Relic","Relic","Relic","Relic","Relic","Relic","Potion","Potion","Potion","Potion"],"build_version":"2020-12-22","purchased_purges":14,"victory":true,"max_hp_per_floor":[66,66,66,66,66,66,66,73,73,73,73,80,80,80,80,80,80,80,80,85,85,85,85,85,85,85,85,99,99,99,99,99,100,100,104,104,99,99,104],"card_choices":[{"not_picked":["MostiFishMod:Opportunism","All Out Attack"],"picked":"Dagger Spray","floor":1},{"not_picked":["MostiFishMod:PerfectParry","Heel Hook+1","MostiFishMod:InvigoratingSolution","Crippling Poison"],"picked":"Concentrate","floor":4},{"not_picked":["Sucker Punch+1","Expertise","Wraith Form v2","Calculated Gamble"],"picked":"Finisher+1","floor":6},{"not_picked":["Catalyst","Backflip","Crippling Poison","Blade Dance","Grand Finale+1"],"picked":"SKIP","floor":12},{"not_picked":["Masterful Stab+1","Heel Hook+1","Riddle With Holes+1","Predator+1","Dagger Spray+1"],"picked":"SKIP","floor":14},{"not_picked":["A Thousand Cuts+1","MostiFishMod:Dislodge","Venomology","Malaise"],"picked":"MostiFishMod:FullyArmed","floor":16},{"not_picked":["conspire:PoisonWeapons","Sucker Punch+1","Distraction","Backflip","Prepared"],"picked":"SKIP","floor":18},{"not_picked":["Footwork+1","MostiFishMod:PerfectParry","Dodge and Roll","Cloak And Dagger","Deadly Poison"],"picked":"SKIP","floor":23},{"not_picked":["Outmaneuver+1","Die Die Die+1","MostiFishMod:FrostNova","MostiFishMod:PoisonShield+1","Escape Plan"],"picked":"SKIP","floor":25},{"not_picked":["Terror","Poisoned Stab+1","Dagger Throw+1","Cloak And Dagger","Underhanded Strike+1"],"picked":"SKIP","floor":27},{"not_picked":["Blade Dance","Catalyst","Bullet Time","Leg Sweep","Tactician"],"picked":"SKIP","floor":29},{"not_picked":["MostiFishMod:Dislodge+1","Die Die Die+1","Tools of the Trade+1","MostiFishMod:Listen+1"],"picked":"MostiFishMod:FullyArmed+1","floor":33},{"not_picked":["Underhanded Strike+1","Slice+1","Distraction+1","PiercingWail+1"],"picked":"Acrobatics+1","floor":35}],"player_experience":127017,"relics_obtained":[{"floor":0,"key":"MawBank"},{"floor":0,"key":"Ninja Scroll"},{"floor":0,"key":"Torii"},{"floor":1,"key":"SynthV:TestCard"},{"floor":6,"key":"SynthV:C4"},{"floor":7,"key":"Odd Mushroom"},{"floor":9,"key":"Frozen Egg 2"},{"floor":12,"key":"Strawberry"},{"floor":13,"key":"Potion Belt"},{"floor":14,"key":"Tiny Chest"},{"floor":23,"key":"Bottled Lightning"},{"floor":26,"key":"conspire:Dentures"},{"floor":27,"key":"Pocketwatch"},{"floor":29,"key":"Smiling Mask"},{"floor":30,"key":"InkBottle"}],"event_choices":[{"damage_healed":0,"gold_gain":0,"player_choice":"Upgraded","damage_taken":0,"max_hp_gain":0,"max_hp_loss":0,"event_name":"Upgrade Shrine","floor":3,"gold_loss":0,"cards_upgraded":["Dagger Spray"]},{"damage_healed":0,"gold_gain":0,"player_choice":"Ignored","damage_taken":0,"max_hp_gain":0,"max_hp_loss":0,"event_name":"Golden Wing","floor":5,"gold_loss":0},{"damage_healed":0,"gold_gain":0,"player_choice":"Fought Mushrooms","damage_taken":0,"max_hp_gain":0,"max_hp_loss":0,"event_name":"Mushrooms","floor":7,"gold_loss":0},{"damage_healed":0,"gold_gain":0,"player_choice":"Box","damage_taken":0,"relics_obtained":["Orichalcum"],"max_hp_gain":0,"max_hp_loss":0,"event_name":"Big Fish","floor":11,"gold_loss":0,"cards_obtained":["Regret"]},{"damage_healed":0,"gold_gain":0,"player_choice":"Shed Blood","damage_taken":28,"max_hp_gain":5,"max_hp_loss":0,"event_name":"Forgotten Altar","floor":20,"gold_loss":0},{"damage_healed":0,"gold_gain":0,"player_choice":"Opened","damage_taken":0,"relics_obtained":["Oddly Smooth Stone"],"max_hp_gain":0,"max_hp_loss":0,"event_name":"The Mausoleum","floor":31,"gold_loss":0,"cards_obtained":["Writhe"]},{"damage_healed":0,"gold_gain":0,"player_choice":"Max HP","damage_taken":0,"max_hp_gain":0,"max_hp_loss":5,"event_name":"Winding Halls","floor":37,"gold_loss":0},{"damage_healed":0,"gold_gain":0,"player_choice":"Took Portal","damage_taken":0,"max_hp_gain":0,"max_hp_loss":0,"event_name":"SecretPortal","floor":38,"gold_loss":0}],"is_beta":false,"boss_relics":[{"not_picked":["Runic Dome","conspire:SpecialSausage"],"picked":"RhineCircuit"},{"not_picked":["construct:ClawGrip","Sozu"],"picked":"conspire:RunicOctahedron"}],"items_purged_floors":[2,2,2,2,2,2,2,2,8,19,21,24,32,32],"is_endless":false,"potions_floor_spawned":[1,4,6,7,12,14,14,14,18,23,23,25,25,27,29,33,35],"ascension_level":19}}