{"host":"4qkvkh7pd9qr2mca","time":1611940807,"event":{"mods":["AchievementEnabler","Act Like it!","BaseMod","Colored Map","Colored Powertips","Highlight Path","Minty Spire (QoL Compilation)","Pale of the Ancients","Permanent Neow","Quick Restart","Relic Stats","StSLib","SuperFastMode"],"gold_per_floor":[112,112,4,20,32,58,58,92,117,117,145,157,183,201,201,201,201],"floor_reached":16,"language":"ENG","playtime":810,"items_purged":[],"score":310,"play_id":"5ec59c1e-464b-42a4-a92d-69a16dc808b8","local_time":"20210129182007","is_ascension_mode":true,"campfire_choices":[{"data":"Neutralize","floor":7,"key":"SMITH"},{"data":"Discovery","floor":10,"key":"SMITH"},{"floor":15,"key":"REST"}],"circlet_count":0,"master_deck":["AscendersBane","Strike_G","Strike_G","Strike_G","Strike_G","Strike_G","Defend_G","Defend_G","Defend_G","Defend_G","Defend_G","Survivor","Neutralize+1","CurseOfTheBell","Dagger Spray","Discovery+1","Backstab","Calculated Gamble","Deflect","Well Laid Plans","Backflip","Blur"],"relics":["Calling Bell","Pen Nib","InkBottle","FossilizedHelix","Dream Catcher","Lantern","Oddly Smooth Stone","Singing Bowl","Toy Ornithopter"],"acts_visited":["Exordium"],"potions_floor_usage":[6,8,8,8,13,16],"damage_taken":[{"damage":0.0,"enemies":"2 Louse","floor":1.0,"turns":6.0},{"damage":0,"enemies":"Cultist","floor":4,"turns":3},{"damage":0,"enemies":"Jaw Worm","floor":5,"turns":2},{"damage":5,"enemies":"3 Sentries","floor":6,"turns":6},{"damage":0,"enemies":"Gremlin Nob","floor":8,"turns":4},{"damage":15,"enemies":"3 Sentries","floor":11,"turns":7},{"damage":0,"enemies":"2 Fungi Beasts","floor":12,"turns":2},{"damage":29,"enemies":"Gremlin Nob","floor":13,"turns":4},{"damage":0,"enemies":"Lots of Slimes","floor":14,"turns":4},{"damage":34,"enemies":"Slime Boss","floor":16,"turns":12}],"seed_played":"607580137827024083","potions_obtained":[{"floor":1.0,"key":"SteroidPotion"},{"floor":2.0,"key":"PowerPotion"},{"floor":2.0,"key":"EntropicBrew"},{"floor":6,"key":"ColorlessPotion"},{"floor":11,"key":"Weak Potion"},{"floor":12,"key":"Swift Potion"}],"is_trial":false,"path_per_floor":["M","?","$","M","M","E","R","E","T","R","E","M","E","M","R","B"],"character_chosen":"THE_SILENT","items_purchased":["Discovery"],"campfire_rested":1,"item_purchase_floors":[3],"current_hp_per_floor":[59,59,59,59,59,54,54,54,54,54,39,39,12,14,35,6,6],"gold":201,"neow_bonus":"BOSS_RELIC","is_daily":false,"chose_seed":false,"campfire_upgraded":2,"win_rate":0.0,"timestamp":1611940807,"path_taken":["M","?","$","M","M","E","R","E","T","R","E","M","E","M","R","BOSS"],"items_purchased_type":["Card"],"build_version":"2020-12-22","purchased_purges":0,"victory":false,"max_hp_per_floor":[66,66,66,66,66,66,66,66,66,66,66,66,68,70,70,70,70],"relic_stats":{"Dream Catcher":1,"Singing Bowl":4,"counters":[10,50],"Pen Nib":[10],"obtain_stats":[{"Calling Bell":0,"Dream Catcher":6,"Lantern":8,"Singing Bowl":11,"Oddly Smooth Stone":9,"Pen Nib":0,"InkBottle":0,"FossilizedHelix":0,"Toy Ornithopter":13,"Ring of the Snake":0},{"Calling Bell":0,"Dream Catcher":4,"Lantern":5,"Singing Bowl":6,"Oddly Smooth Stone":5,"Pen Nib":0,"InkBottle":0,"FossilizedHelix":0,"Toy Ornithopter":8,"Ring of the Snake":0},{"Calling Bell":0,"Dream Catcher":17,"Lantern":21,"Singing Bowl":28,"Oddly Smooth Stone":21,"Pen Nib":0,"InkBottle":0,"FossilizedHelix":0,"Toy Ornithopter":34,"Ring of the Snake":0}],"InkBottle":[16],"Toy Ornithopter":5},"card_choices":[{"not_picked":["Outmaneuver","Acrobatics"],"picked":"Dagger Spray","floor":1.0},{"not_picked":["Riddle With Holes","Expertise"],"picked":"Backstab","floor":4},{"not_picked":["Prepared","Infinite Blades","Dodge and Roll"],"picked":"SKIP","floor":5},{"not_picked":["Masterful Stab","Accuracy"],"picked":"Calculated Gamble","floor":6},{"not_picked":["Underhanded Strike","Prepared"],"picked":"Deflect","floor":8},{"not_picked":["Acrobatics","Deadly Poison"],"picked":"Well Laid Plans","floor":11},{"not_picked":["Poisoned Stab","Deflect"],"picked":"Backflip","floor":12},{"not_picked":["Slice","Bullet Time","Acrobatics"],"picked":"Singing Bowl","floor":13},{"not_picked":["Eviscerate","Poisoned Stab","Flying Knee"],"picked":"Singing Bowl","floor":14},{"not_picked":["Sucker Punch","Flechettes"],"picked":"Blur","floor":15}],"player_experience":584065,"relics_obtained":[{"floor":0.0,"key":"Pen Nib"},{"floor":0.0,"key":"InkBottle"},{"floor":0.0,"key":"FossilizedHelix"},{"floor":6,"key":"Dream Catcher"},{"floor":8,"key":"Lantern"},{"floor":9,"key":"Oddly Smooth Stone"},{"floor":11,"key":"Singing Bowl"},{"floor":13,"key":"Toy Ornithopter"}],"event_choices":[{"damage_healed":0.0,"max_hp_gain":0.0,"max_hp_loss":0.0,"gold_gain":0.0,"event_name":"Lab","player_choice":"Got Potions","floor":2.0,"gold_loss":0.0,"damage_taken":0.0}],"is_beta":false,"boss_relics":[],"items_purged_floors":[],"is_endless":false,"potions_floor_spawned":[1,6,11,12],"killed_by":"Slime Boss","ascension_level":20}}