{"host":"jhohbi8xmmotmpw6","time":1611950835,"event":{"mods":["BaseMod","Downfall","Hermit","Hubris","Infinite Spire","Minty Spire (QoL Compilation)","Reliquary","Replay The Spire","Spicy Shops","StSLib","The Marked"],"gold_per_floor":[113,123,123,123,123,123,162,16,90,121,138,156,8,31,31,143,143,180,235,235,235,322,322,426,541,564,709,709,709,844,844,844,644,644],"floor_reached":33,"language":"ENG","playtime":1490,"items_purged":[],"score":502,"play_id":"68ab2c18-b392-4b0e-8601-da5d1415e8b4","local_time":"20210130090715","daily_mods":["downfall:Jewelcrafting"],"is_ascension_mode":false,"campfire_choices":[{"data":"infinitespire:FinalStrike","floor":23,"key":"SMITH"},{"floor":32,"key":"REST"}],"circlet_count":0,"master_deck":["hubris:Hubris","Strike_R","Strike_R","Strike_R","Strike_R","Defend_R","Defend_R","Defend_R","Defend_R","Bash","Guardian:ExploitGems","Guardian:ExploitGems","ReplayTheSpireMod:Strike From Hell","Headbutt","Amnesia","Regret","hubris:Greed","ReplayTheSpireMod:Limb From Limb","Iron Wave","Heavy Blade+1","ReplayTheSpireMod:Muscle Training","hubris:Greed","Thunderclap","Hemogenesis","hubris:Greed","hubris:Greed","Havoc","hubris:Greed","hubris:Greed","hubris:Greed","hubris:Greed","Sword Boomerang","infinitespire:FinalStrike+1","Inflame","hubris:Greed","hubris:Greed","hubris:Greed","hubris:Greed","hubris:Greed","hubris:Greed","hubris:Greed","Spot Weakness+1","hubris:Greed","hubris:Greed","hubris:Greed","hubris:Greed","hubris:Greed","hubris:Greed","Replay:Undeath\u0027s Touch","hubris:Greed","hubris:Greed","hubris:Greed","hubris:Greed","True Grit+1","Flex","Replay:Many Hands","hubris:Greed","hubris:Greed","hubris:Greed","hubris:Greed"],"relics":["Burning Blood","Guardian:PickAxe","replay:Trail_Library","Ring of Fury","Ring of Peace","Guardian:PocketSentry","ReplayTheSpireMod:Ninjato","Guardian:BottledAnomaly","infinitespire:ShieldingShard","Letter Opener","Runic Cube","Sling","ReplayTheSpireMod:TigerMarble","reliquary:SilkGlove","hubris:Macrotransations","hubris:Towel"],"acts_visited":["Exordium","TheCity"],"potions_floor_usage":[16,16,16,24,30,33],"damage_taken":[{"damage":7,"enemies":"2 Louse","floor":1,"turns":4},{"damage":1,"enemies":"Small Slimes","floor":2,"turns":3},{"damage":25,"enemies":"Gremlin Nob","floor":7,"turns":4},{"damage":13,"enemies":"Lagavulin","floor":10,"turns":5},{"damage":1,"enemies":"Jaw Worm","floor":11,"turns":3},{"damage":2,"enemies":"Exordium Wildlife","floor":12,"turns":3},{"damage":0,"enemies":"Blue Slaver","floor":14,"turns":3},{"damage":61,"enemies":"Fading Forest","floor":16,"turns":11},{"damage":0,"enemies":"2 Thieves","floor":18,"turns":3},{"damage":0,"enemies":"Chosen","floor":19,"turns":4},{"damage":24,"enemies":"Shelled Parasite and Fungi","floor":22,"turns":5},{"damage":34,"enemies":"Gremlin Leader","floor":24,"turns":4},{"damage":7,"enemies":"3 Cultists","floor":25,"turns":4},{"damage":12,"enemies":"Snecko","floor":27,"turns":5},{"damage":3,"enemies":"Centurion and Healer","floor":30,"turns":5},{"damage":49,"enemies":"Collector","floor":33,"turns":7}],"seed_played":"-2834893787584260455","potions_obtained":[{"floor":1,"key":"BlessingOfTheForge"},{"floor":12,"key":"champ:CounterPotion"},{"floor":22,"key":"Elixir"},{"floor":24,"key":"Strength Potion"},{"floor":30,"key":"HeartOfIron"}],"is_trial":true,"path_per_floor":["M","M","?","?","?","R","E","$","T","E","M","M","$","M","R","B",null,"M","M","AVR","?","M","R","E","M","T","M","?","$","M","?","R","B"],"character_chosen":"IRONCLAD","items_purchased":["Guardian:BottledAnomaly","infinitespire:BlackPotion","hubris:Macrotransations"],"campfire_rested":1,"item_purchase_floors":[8,13,29],"current_hp_per_floor":[79,80,80,80,80,80,61,61,61,54,59,63,63,69,69,19,80,80,80,80,80,62,62,34,33,33,27,27,8,11,11,35,0,0],"gold":644,"neow_bonus":"","is_daily":false,"chose_seed":false,"campfire_upgraded":1,"win_rate":0.0,"timestamp":1611950835,"path_taken":["M","M","?","?","?","R","E","$","T","E","M","M","?","M","R","BOSS","M","M","AVR","?","M","R","E","M","T","?","?","?","M","?","R","BOSS"],"items_purchased_type":["Relic","Potion","Relic"],"build_version":"2020-12-22","purchased_purges":0,"victory":false,"max_hp_per_floor":[80,80,80,80,80,80,80,80,80,80,80,80,80,80,80,80,80,80,80,80,80,80,80,80,80,80,80,80,80,80,80,80,80,80],"card_choices":[{"not_picked":["Run Through","Warcry"],"picked":"ReplayTheSpireMod:Strike From Hell","floor":1},{"not_picked":["Flex","Clothesline"],"picked":"Headbutt","floor":2},{"not_picked":["Replay:Undeath\u0027s Touch","Cleave"],"picked":"ReplayTheSpireMod:Limb From Limb","floor":7},{"not_picked":["Havoc","Power Through"],"picked":"Iron Wave","floor":10},{"not_picked":["Armaments","Dropkick"],"picked":"Heavy Blade","floor":11},{"not_picked":["Exhume","Headbutt"],"picked":"ReplayTheSpireMod:Muscle Training","floor":12},{"not_picked":["Iron Wave","Metallicize"],"picked":"Thunderclap","floor":14},{"not_picked":["Exhume","Berserk"],"picked":"Hemogenesis","floor":16},{"not_picked":["Seeing Red","Shrug It Off"],"picked":"Havoc","floor":18},{"not_picked":["Blood for Blood+1","Disarm"],"picked":"Sword Boomerang","floor":19},{"not_picked":["Uppercut+1","infinitespire:OneForAll"],"picked":"Spot Weakness+1","floor":22},{"not_picked":["Heavy Blade","Thunderclap","Iron Wave"],"picked":"SKIP","floor":24},{"not_picked":["Iron Wave","Warcry"],"picked":"Replay:Undeath\u0027s Touch","floor":25},{"not_picked":["Anger","Body Slam"],"picked":"True Grit+1","floor":27},{"not_picked":["Combust+1","Shockwave"],"picked":"Replay:Many Hands","floor":30}],"player_experience":123579,"relics_obtained":[{"floor":3,"key":"Ring of Fury"},{"floor":3,"key":"Ring of Peace"},{"floor":7,"key":"ReplayTheSpireMod:Ninjato"},{"floor":9,"key":"infinitespire:ShieldingShard"},{"floor":10,"key":"Letter Opener"},{"floor":24,"key":"ReplayTheSpireMod:TigerMarble"},{"floor":26,"key":"reliquary:SilkGlove"}],"event_choices":[{"damage_healed":0,"gold_gain":0,"player_choice":"Box","damage_taken":0,"relics_obtained":["Guardian:PocketSentry"],"max_hp_gain":0,"max_hp_loss":0,"event_name":"Big Fish","floor":4,"gold_loss":0,"cards_obtained":["Regret"]}],"is_beta":false,"boss_relics":[{"not_picked":["Velvet Choker","Fusion Hammer"],"picked":"Runic Cube"}],"items_purged_floors":[],"is_endless":false,"potions_floor_spawned":[1,12,14,22,24,30],"killed_by":"Collector","ascension_level":0}}