{"host":"q206iib20se9i6w7","time":1611894667,"event":{"mods":["AchievementEnabler","BaseMod","Bestiary","Block Reminder","Colored Map","Colored Powertips","Curses Come First","Highlight Path","Key Reminder","Minty Spire (QoL Compilation)","Quick Restart","Random Character Button","Relic Stats","StSLib","SuperFastMode","Unceasing Turn Reminder"],"gold_per_floor":[117,117,42,42,117,144,161,161,161],"floor_reached":8,"language":"ENG","playtime":342,"items_purged":["Regret"],"score":84,"play_id":"4d038606-5e89-4775-8ce7-ae1aa7214eaa","local_time":"20210128223107","is_ascension_mode":true,"campfire_choices":[],"circlet_count":0,"master_deck":["AscendersBane","Strike_P","Strike_P","Strike_P","Strike_P","Defend_P+1","Defend_P","Defend_P+1","Defend_P","Eruption","Vigilance","Protect","EmptyBody","Tantrum"],"relics":["PureWater","Regal Pillow","Ice Cream","Juzu Bracelet"],"acts_visited":["Exordium"],"potions_floor_usage":[8,8],"damage_taken":[{"damage":2,"enemies":"Jaw Worm","floor":1,"turns":5},{"damage":16,"enemies":"Lagavulin","floor":6,"turns":10},{"damage":0,"enemies":"2 Louse","floor":7,"turns":4},{"damage":26,"enemies":"3 Sentries","floor":8,"turns":11}],"seed_played":"1977227154723890554","potions_obtained":[{"floor":6,"key":"Strength Potion"},{"floor":7,"key":"Swift Potion"}],"is_trial":false,"path_per_floor":["M","?","$","?","?","E","M","E"],"character_chosen":"WATCHER","items_purchased":[],"campfire_rested":0,"item_purchase_floors":[],"current_hp_per_floor":[63,63,63,49,38,22,22,0,0],"gold":161,"neow_bonus":"RANDOM_COMMON_RELIC","is_daily":false,"chose_seed":false,"campfire_upgraded":0,"win_rate":0.0,"timestamp":1611894667,"path_taken":["M","?","$","?","?","E","M","E"],"items_purchased_type":[],"build_version":"2020-12-22","purchased_purges":1,"victory":false,"max_hp_per_floor":[72,72,72,72,72,72,72,72,72],"relic_stats":{"Regal Pillow":0,"counters":[4,30],"Juzu Bracelet":0,"obtain_stats":[{"Ice Cream":2,"Regal Pillow":0,"Juzu Bracelet":6,"PureWater":0},{"Ice Cream":1,"Regal Pillow":0,"Juzu Bracelet":2,"PureWater":0},{"Ice Cream":5,"Regal Pillow":0,"Juzu Bracelet":15,"PureWater":0}]},"card_choices":[{"not_picked":["SashWhip","FlurryOfBlows"],"picked":"Protect","floor":1},{"not_picked":["Halt","Prostrate"],"picked":"EmptyBody","floor":6},{"not_picked":["BowlingBash","Halt"],"picked":"Tantrum","floor":7}],"player_experience":290487,"relics_obtained":[{"floor":6,"key":"Juzu Bracelet"}],"event_choices":[{"damage_healed":0,"gold_gain":0,"player_choice":"Box","damage_taken":0,"relics_obtained":["Ice Cream"],"max_hp_gain":0,"max_hp_loss":0,"event_name":"Big Fish","floor":2,"gold_loss":0,"cards_obtained":["Regret"]},{"damage_healed":0,"gold_gain":0,"player_choice":"Entered Light","damage_taken":14,"max_hp_gain":0,"max_hp_loss":0,"event_name":"Shining Light","floor":4,"gold_loss":0,"cards_upgraded":["Defend_P","Defend_P"]},{"damage_healed":0,"gold_gain":75,"player_choice":"Gather Gold","damage_taken":11,"max_hp_gain":0,"max_hp_loss":0,"event_name":"World of Goop","floor":5,"gold_loss":0}],"is_beta":false,"boss_relics":[],"items_purged_floors":[3],"is_endless":false,"potions_floor_spawned":[6,7],"killed_by":"3 Sentries","ascension_level":11}}