{"host":"omgphoea13lnyb7y","time":1611901538,"event":{"mods":["Aspiration","BaseMod","Better Note","BetterRewards","Colored Map","DeckTracker","Hubris","Minty Spire (QoL Compilation)","StSLib","The Construct","The Cursed","The Jungle","The Necromancer"],"gold_per_floor":[117,42,42,117,117,145,145,155,155,155,174,191,217,217,217,313,363,374,374,374,362,362,362,393,412,412,412,264,281,316,241,241,241,241],"floor_reached":33,"language":"ENG","playtime":1273,"items_purged":["Strike_B","Defend_B"],"score":306,"play_id":"3658d0de-1167-4eea-8e6c-590bb7abdd2d","local_time":"20210128222538","is_ascension_mode":true,"campfire_choices":[{"data":"Hologram","floor":7,"key":"SMITH"},{"floor":10,"key":"REST"},{"floor":15,"key":"RECALL"},{"data":"Redo","floor":23,"key":"SMITH"},{"data":"Capacitor","floor":27,"key":"SMITH"},{"data":"Glacier","floor":32,"key":"SMITH"}],"circlet_count":0,"master_deck":["Strike_B","Defend_B","Defend_B","Defend_B","Rainbow","Glacier+1","hubris:DuctTapeCard","Hologram+1","Conserve Battery","Redo+1","Thunder Strike","Consume+1","Sweeping Beam","Capacitor+1","Glacier","Aggregate","Ball Lightning","Sweeping Beam"],"relics":["Cracked Core","hubris:DuctTape","Letter Opener","Meat on the Bone","Matryoshka","Tiny House","construct:FoamFinger","PreservedInsect","Juzu Bracelet"],"acts_visited":["Exordium","TheCity"],"potions_floor_usage":[12,13,24,24,33,33],"damage_taken":[{"damage":3,"enemies":"Small Slimes","floor":1,"turns":3},{"damage":13,"enemies":"3 Sentries","floor":6,"turns":9},{"damage":0,"enemies":"2 Louse","floor":8,"turns":2},{"damage":0,"enemies":"Jaw Worm","floor":11,"turns":4},{"damage":0,"enemies":"Exordium Thugs","floor":12,"turns":3},{"damage":11,"enemies":"Lagavulin","floor":13,"turns":6},{"damage":5,"enemies":"The Guardian","floor":16,"turns":10},{"damage":22,"enemies":"Shell Parasite","floor":18,"turns":7},{"damage":13,"enemies":"2 Thieves","floor":21,"turns":4},{"damage":13,"enemies":"Book of Stabbing","floor":24,"turns":6},{"damage":7,"enemies":"Shelled Parasite and Fungi","floor":25,"turns":6},{"damage":12,"enemies":"Snake Plant","floor":29,"turns":5},{"damage":13,"enemies":"Slavers","floor":30,"turns":4},{"damage":49,"enemies":"hubris:MusketHawk","floor":33,"turns":6}],"seed_played":"8904030372863662796","potions_obtained":[{"floor":1,"key":"SpeedPotion"},{"floor":11,"key":"Regen Potion"},{"floor":12,"key":"Regen Potion"},{"floor":16,"key":"Ancient Potion"},{"floor":17,"key":"Strength Potion"},{"floor":21,"key":"DuplicationPotion"},{"floor":22,"key":"DuplicationPotion"},{"floor":22,"key":"PotionOfCapacity"},{"floor":24,"key":"Ancient Potion"}],"is_trial":false,"path_per_floor":["M","$","?","?","?","E","R","M","T","R","M","M","E","T","R","B",null,"M","?","?","M","?","R","E","M","T","R","$","M","E","?","R","B"],"character_chosen":"DEFECT","items_purchased":["FocusPotion"],"campfire_rested":1,"item_purchase_floors":[28],"current_hp_per_floor":[72,72,57,46,46,33,33,33,33,55,55,64,68,68,68,63,80,58,58,58,45,45,45,44,49,49,49,49,49,48,48,48,0,0],"gold":241,"neow_bonus":"ONE_RANDOM_RARE_CARD","is_daily":false,"chose_seed":false,"campfire_upgraded":4,"win_rate":0.0,"timestamp":1611901538,"path_taken":["M","$","?","?","?","E","R","?","T","R","M","M","E","?","R","BOSS","M","?","?","M","?","R","E","M","T","R","$","?","E","?","R","BOSS"],"items_purchased_type":["Potion"],"build_version":"2020-12-22","purchased_purges":2,"victory":false,"max_hp_per_floor":[75,75,75,75,75,75,75,75,75,75,75,75,75,75,75,75,80,80,80,80,80,80,80,80,80,80,80,80,80,80,80,80,80,80],"card_choices":[{"not_picked":["Rip and Tear","Steam"],"picked":"Glacier","floor":1},{"not_picked":["Static Discharge","Cold Snap"],"picked":"Hologram","floor":6},{"not_picked":["Steam Power","Go for the Eyes"],"picked":"Conserve Battery","floor":8},{"not_picked":["Go for the Eyes","Sweeping Beam"],"picked":"Redo","floor":11},{"not_picked":["Sunder","Stack"],"picked":"Thunder Strike","floor":12},{"not_picked":["Coolheaded","Conserve Battery"],"picked":"Consume","floor":13},{"not_picked":["Seek","Meteor Strike"],"picked":"hubris:DoWhile","floor":16},{"not_picked":["Gash","Hologram"],"picked":"Sweeping Beam","floor":17},{"not_picked":["Reinforced Body+1","Sweeping Beam"],"picked":"Capacitor","floor":18},{"not_picked":["Steam","Sweeping Beam"],"picked":"Ball Lightning","floor":21},{"not_picked":["Biased Cognition","All For One"],"picked":"Sweeping Beam","floor":24},{"not_picked":["Rip and Tear+1","Hologram","Turbo"],"picked":"SKIP","floor":25},{"not_picked":["Gash","Coolheaded","Barrage"],"picked":"SKIP","floor":29},{"not_picked":["Gash","Scrape","Compile Driver"],"picked":"SKIP","floor":30}],"player_experience":61450,"relics_obtained":[{"floor":6,"key":"hubris:DuctTape"},{"floor":9,"key":"Letter Opener"},{"floor":13,"key":"Meat on the Bone"},{"floor":14,"key":"Matryoshka"},{"floor":24,"key":"construct:FoamFinger"},{"floor":26,"key":"PreservedInsect"},{"floor":30,"key":"Juzu Bracelet"}],"event_choices":[{"damage_healed":0,"gold_gain":0,"player_choice":"Entered Light","damage_taken":15,"max_hp_gain":0,"max_hp_loss":0,"event_name":"Shining Light","floor":3,"gold_loss":0,"cards_upgraded":["Strike_B","Zap"]},{"damage_healed":0,"gold_gain":75,"player_choice":"Gather Gold","damage_taken":11,"max_hp_gain":0,"max_hp_loss":0,"event_name":"World of Goop","floor":4,"gold_loss":0},{"damage_healed":0,"gold_gain":0,"cards_transformed":["hubris:DoWhile","Strike_B"],"player_choice":"Became Test Subject","damage_taken":0,"max_hp_gain":0,"max_hp_loss":0,"event_name":"Drug Dealer","floor":19,"gold_loss":0,"cards_obtained":["Glacier","Aggregate"]},{"damage_healed":0,"gold_gain":0,"player_choice":"Ignored","damage_taken":0,"max_hp_gain":0,"max_hp_loss":0,"event_name":"Vampires","floor":20,"gold_loss":0},{"damage_healed":0,"gold_gain":0,"player_choice":"Got Potions","damage_taken":0,"max_hp_gain":0,"max_hp_loss":0,"event_name":"Lab","floor":22,"gold_loss":0},{"cards_removed":["Strike_B"],"damage_healed":0,"gold_gain":0,"player_choice":"Gave Gold","damage_taken":0,"max_hp_gain":0,"max_hp_loss":0,"event_name":"Beggar","floor":31,"gold_loss":75}],"is_beta":false,"boss_relics":[{"not_picked":["Snecko Eye","Pandora\u0027s Box"],"picked":"Tiny House"}],"items_purged_floors":[2,28],"is_endless":false,"potions_floor_spawned":[1,11,12,16,21,24,29],"killed_by":"hubris:MusketHawk","ascension_level":1}}