{"host":"zksvs3x2ysy9npnz","time":1611879960,"event":{"mods":["Aspiration","BaseMod","Beaked The Cultist","BetterRewards","Clockwork Mod","Colored Map","Conspire","Downfall","Duelist Mod","Halation","Highlight Path","Hubris","Infinite Spire","Jedi Mod","Magitek Elite","Minty Spire (QoL Compilation)","Permanent Neow","Quick Restart","Relic Stats","Shop Mod","StSLib","The Runesmith","The Witch"],"gold_per_floor":[117,117,117,132,203,203,231,231,302,302,329,343,343,363,363,465,465,478,492,249,249,268,268,284,284,338,373,373,402,421,439,439,540,540,555,581,251,58,58,90,102,127,164,176,198,210,253,276,288,300,312,324,92,121,121],"floor_reached":56,"language":"FRA","playtime":3293,"items_purged":["Strike_Witch","Normality","Strike_Witch","Decay"],"score":1785,"play_id":"092643cc-18e9-46f4-bdd3-fc9b1e5a254f","local_time":"20210129012600","is_ascension_mode":true,"campfire_choices":[{"data":"infinitespire:SevenWalls","floor":6.0,"key":"SMITH"},{"data":"BleedOut","floor":8.0,"key":"SMITH"},{"data":"Hexguard","floor":10.0,"key":"SMITH"},{"data":"PlagueSpreader","floor":13,"key":"SMITH"},{"data":"ZombieSpit","floor":15,"key":"SMITH"},{"data":"TwistedMind","floor":23,"key":"SMITH"},{"floor":25,"key":"RECALL"},{"data":"Panacea","floor":28,"key":"SMITH"},{"data":"SaltCircle","floor":32,"key":"SMITH"},{"data":"Malady","floor":41,"key":"SMITH"},{"data":"WalpurgisNight","floor":44,"key":"SMITH"},{"data":"CrystalResonance","floor":46,"key":"SMITH"},{"data":"Defend_Witch","floor":49,"key":"SMITH"},{"data":"Defend_Witch","floor":52,"key":"SMITH"}],"circlet_count":0,"master_deck":["AscendersBane","Strike_Witch+1","Strike_Witch+1","Defend_Witch+1","Defend_Witch+1","Defend_Witch","Defend_Witch","Hexguard+1","ZombieSpit+1","BleedOut+1","infinitespire:SevenWalls+1","CrystalResonance+1","PlagueSpreader+1","Intelligence+1","GnarledBody+1","TwistedMind+1","Panacea+1","Bewitch+1","SaltCircle+1","Malady+1","Shrooms+1","WalpurgisNight+1","SaltCircle","SummonOwlFamiliar"],"relics":["BlackCat","aspiration:Nostalgia","infinitespire:DarkRift","Tiny Chest","Eternal Feather","hubris:BottledRain","conspire:SpecialSausage","Whetstone","Regal Pillow","Cursed Key","Dream Catcher","Runesmith:AutoHammer","MawBank","jedi:cryingmask","Ribbon","Orichalcum"],"acts_visited":["Exordium","TheCity","TheBeyond","TheEnding"],"potions_floor_usage":[16,31,40,55],"damage_taken":[{"damage":3.0,"enemies":"Cultist","floor":1.0,"turns":4.0},{"damage":0.0,"enemies":"Small Slimes","floor":4.0,"turns":3.0},{"damage":12.0,"enemies":"Gremlin Nob","floor":7.0,"turns":4.0},{"damage":0.0,"enemies":"3 Sentries","floor":11.0,"turns":9.0},{"damage":0,"enemies":"2 Louse","floor":12,"turns":1},{"damage":0,"enemies":"Exordium Wildlife","floor":14,"turns":4},{"damage":0,"enemies":"The Guardian","floor":16,"turns":13},{"damage":0,"enemies":"Chosen","floor":18,"turns":5},{"damage":0,"enemies":"Spheric Guardian","floor":19,"turns":5},{"damage":11,"enemies":"Chosen and Byrds","floor":22,"turns":5},{"damage":0,"enemies":"Sentry and Sphere","floor":24,"turns":5},{"damage":0,"enemies":"theDuelist:KaibaA2","floor":27,"turns":6},{"damage":0,"enemies":"Nightmare","floor":29,"turns":9},{"damage":0,"enemies":"Centurion and Healer","floor":30,"turns":6},{"damage":14,"enemies":"Snake Plant","floor":31,"turns":3},{"damage":10,"enemies":"hubris:MusketHawk","floor":33,"turns":10},{"damage":2,"enemies":"3 Shapes","floor":35,"turns":5},{"damage":17,"enemies":"Reptomancer","floor":40,"turns":8},{"damage":1,"enemies":"3 Darklings","floor":42,"turns":5},{"damage":0,"enemies":"Sphere and 2 Shapes","floor":45,"turns":6},{"damage":0,"enemies":"Giant Head","floor":47,"turns":10},{"damage":0,"enemies":"4 Shapes","floor":48,"turns":5},{"damage":19,"enemies":"conspire:OrnateMirror","floor":50,"turns":13},{"damage":16,"enemies":"Shield and Spear","floor":54,"turns":8},{"damage":21,"enemies":"The Heart","floor":55,"turns":4}],"seed_played":"-5469285657640044595","potions_obtained":[{"floor":1.0,"key":"Regen Potion"},{"floor":7.0,"key":"hexamod:SoulburnPotion"},{"floor":19,"key":"hexamod:SoulburnPotion"},{"floor":30,"key":"DistilledChaos"},{"floor":31,"key":"Strength Potion"},{"floor":40,"key":"Fire Potion"}],"is_trial":false,"path_per_floor":["M","?","?","M","?","R","E","R","T","R","E","M","R","M","R","B",null,"M","M","$","?","M","R","M","R","T","E","R","NM","M","M","R","B",null,"M","T","$","$","?","E","R","M","T","R","M","R","E","M","R","B",null,"R","$","E","B",null],"character_chosen":"WITCH","items_purchased":["TwistedMind","Panacea","Runesmith:AutoHammer","Malady","Shrooms","SaltCircle","SummonOwlFamiliar"],"campfire_rested":0,"item_purchase_floors":[20,20,37,37,38,53,53],"current_hp_per_floor":[57,42,42,52,52,52,40,40,40,46,46,46,55,55,64,64,66,66,66,66,66,55,64,64,67,67,67,67,67,67,53,65,55,64,62,62,62,62,62,45,57,56,56,67,67,67,67,67,67,48,62,67,67,51,30],"gold":121,"neow_bonus":"NOSTALGIA","is_daily":false,"chose_seed":false,"campfire_upgraded":13,"win_rate":0.0,"timestamp":1611879960,"path_taken":["M","?","?","M","?","R","E","R","T","R","E","?","R","M","R","BOSS","M","M","$","?","M","R","?","R","T","E","R","NM","M","M","R","BOSS","M","?","?","$","?","E","R","M","T","R","M","R","E","M","R","BOSS","R","$","E","BOSS"],"items_purchased_type":["Card","Card","Relic","Card","Card","Card","Card"],"build_version":"2020-12-22","purchased_purges":4,"victory":true,"max_hp_per_floor":[67,67,67,67,67,67,67,67,67,67,67,67,67,67,67,67,67,67,67,67,67,67,67,67,67,67,67,67,67,67,67,67,67,67,67,67,67,67,67,67,67,67,67,67,67,67,67,67,67,67,67,67,67,67,67],"relic_stats":{"Regal Pillow":0,"Dream Catcher":0,"counters":[25,156],"Tiny Chest":1,"Eternal Feather":76,"Whetstone":["Strike_Witch","Strike_Witch"],"Orichalcum":[6],"Cursed Key":2,"MawBank":156,"obtain_stats":[{"Regal Pillow":29,"aspiration:Nostalgia":0,"Eternal Feather":9,"conspire:SpecialSausage":17,"Whetstone":27,"Orichalcum":54,"Cursed Key":34,"MawBank":40,"BlackCat":0,"infinitespire:DarkRift":0,"Dream Catcher":36,"Ribbon":47,"Tiny Chest":7,"jedi:cryingmask":43,"Runesmith:AutoHammer":37,"hubris:BottledRain":11},{"Regal Pillow":13,"aspiration:Nostalgia":0,"Eternal Feather":3,"conspire:SpecialSausage":7,"Whetstone":12,"Orichalcum":24,"Cursed Key":16,"MawBank":18,"BlackCat":0,"infinitespire:DarkRift":0,"Dream Catcher":17,"Ribbon":21,"Tiny Chest":3,"jedi:cryingmask":19,"Runesmith:AutoHammer":17,"hubris:BottledRain":4},{"Regal Pillow":73,"aspiration:Nostalgia":0,"Eternal Feather":11,"conspire:SpecialSausage":38,"Whetstone":64,"Orichalcum":152,"Cursed Key":92,"MawBank":105,"BlackCat":0,"infinitespire:DarkRift":0,"Dream Catcher":97,"Ribbon":126,"Tiny Chest":11,"jedi:cryingmask":110,"Runesmith:AutoHammer":97,"hubris:BottledRain":20}]},"card_choices":[{"not_picked":["Bewitch","RoilingBarrier"],"picked":"BleedOut","floor":1.0},{"not_picked":["hubris:InfiniteBlow+72138","infinitespire:DeathsTouch"],"picked":"infinitespire:SevenWalls","floor":2.0},{"not_picked":["MagicFang","Schadenfreude"],"picked":"CrystalResonance","floor":4.0},{"not_picked":["MementoMori","LivingBomb","WretchedNails"],"picked":"SKIP","floor":7.0},{"not_picked":["Broomstick","BleedOut","IllOmen"],"picked":"SKIP","floor":11},{"not_picked":["BoneCarving","Decrepify"],"picked":"PlagueSpreader","floor":12},{"not_picked":["Malady","SummonOwlFamiliar","PainBolt"],"picked":"SKIP","floor":14},{"not_picked":["SummonRavenFamiliar","DoomBlade"],"picked":"Intelligence","floor":16},{"not_picked":["MercuryWand+1","BleedOut+1"],"picked":"GnarledBody+1","floor":18},{"not_picked":["Broomstick","SoulBarrier","LivingBomb"],"picked":"SKIP","floor":19},{"not_picked":["PainBolt","RiteOfSummer","MagicFang"],"picked":"SKIP","floor":22},{"not_picked":["MementoMori","Foresight+1","WretchedNails"],"picked":"SKIP","floor":24},{"not_picked":["NighInvulnerability","BlackShield+1"],"picked":"Bewitch+1","floor":27},{"not_picked":["BlackBolt","BlackShield","RiteOfAutumn"],"picked":"SKIP","floor":29},{"not_picked":["Atonement","Decrepify"],"picked":"SaltCircle","floor":30},{"not_picked":["RiteOfSummer","Decrepify","SummonBatFamiliar"],"picked":"SKIP","floor":31},{"not_picked":["Harmlessness","CursedBlade","Broomstick"],"picked":"SKIP","floor":35},{"not_picked":["MortusClaw","Pillage","CursedBlade"],"picked":"SKIP","floor":40},{"not_picked":["Broomstick","Atonement"],"picked":"WalpurgisNight","floor":42},{"not_picked":["Decrepify+1","BlackBolt","Broomstick"],"picked":"SKIP","floor":45},{"not_picked":["Foresight","BleedOut+1","MagicFang"],"picked":"SKIP","floor":47},{"not_picked":["WretchedNails","GnarledBody","Atonement+1"],"picked":"SKIP","floor":48},{"not_picked":["WretchedNails","GnarledBody","Atonement+1"],"picked":"SKIP","floor":48},{"not_picked":["FatalRay","BalefulWard+1","BleedOut"],"picked":"SKIP","floor":54}],"player_experience":2098881,"relics_obtained":[{"floor":7.0,"key":"Tiny Chest"},{"floor":9.0,"key":"Eternal Feather"},{"floor":11,"key":"hubris:BottledRain"},{"floor":27,"key":"Whetstone"},{"floor":29,"key":"Regal Pillow"},{"floor":36,"key":"Dream Catcher"},{"floor":40,"key":"MawBank"},{"floor":43,"key":"jedi:cryingmask"},{"floor":47,"key":"Ribbon"},{"floor":54,"key":"Orichalcum"}],"event_choices":[{"damage_healed":0.0,"max_hp_gain":0.0,"max_hp_loss":0.0,"gold_gain":0.0,"event_name":"conspire:LoneGhost","player_choice":"Disagree","floor":3.0,"gold_loss":0.0,"damage_taken":0.0},{"damage_healed":0.0,"max_hp_gain":0.0,"max_hp_loss":0.0,"gold_gain":71.0,"event_name":"Golden Wing","player_choice":"Gained Gold","floor":5.0,"gold_loss":0.0,"damage_taken":0.0},{"damage_healed":0,"gold_gain":0,"player_choice":"Upgraded","damage_taken":0,"max_hp_gain":0,"max_hp_loss":0,"event_name":"Upgrade Shrine","floor":21,"gold_loss":0,"cards_upgraded":["Intelligence"]},{"damage_healed":0,"gold_gain":0,"player_choice":"Upgraded","damage_taken":0,"max_hp_gain":0,"max_hp_loss":0,"event_name":"Upgrade Shrine","floor":39,"gold_loss":0,"cards_upgraded":["Shrooms"]}],"is_beta":false,"boss_relics":[{"not_picked":["Velvet Choker","SacredBark"],"picked":"conspire:SpecialSausage"},{"not_picked":["Philosopher\u0027s Stone","jedi:hotpepper"],"picked":"Cursed Key"}],"items_purged_floors":[20,37,38,53],"is_endless":false,"potions_floor_spawned":[1,7,11,14,19,30,31,33,40,48,54],"ascension_level":12}}