{"host":"vv4pm74vrxtrj1uw","time":1611925621,"event":{"mods":["Act Like it!","BaseMod","Minty Spire (QoL Compilation)","Rare Cards Sparkle","Spicy Shops","StSLib"],"gold_per_floor":[361,377,18,28,28,58,58,93,93,143,123,123,133,148,148,244,244,254,34,34,46,58,70,113,125,137,167,197,209,221,221],"floor_reached":30,"language":"ZHS","playtime":1126,"items_purged":["Regret"],"score":323,"play_id":"e3820ead-35a5-4122-82ff-182e86b5b759","local_time":"20210129210701","is_ascension_mode":true,"campfire_choices":[{"floor":7,"key":"REST"},{"floor":12,"key":"REST"},{"floor":15,"key":"REST"},{"data":"Catalyst","floor":23,"key":"SMITH"},{"floor":25,"key":"REST"}],"circlet_count":0,"master_deck":["Strike_G","Strike_G","Strike_G","Strike_G","Strike_G","Defend_G","Defend_G","Defend_G","Defend_G","Defend_G","Survivor","Neutralize+1","Dagger Spray","Poisoned Stab","Noxious Fumes","Catalyst","Poisoned Stab+1","Dash","Regret","Backflip","Dodge and Roll","After Image","After Image","Deadly Poison","Catalyst+1","Reflex","Regret","Noxious Fumes","Cloak And Dagger"],"relics":["Ring of the Snake","Girya","StoneCalendar","Mummified Hand","Bottled Lightning","Pear","Vajra","Cursed Key","Strange Spoon","MawBank","Whetstone","Shuriken"],"acts_visited":["Exordium","TheCity"],"potions_floor_usage":[8,11,16,16,29],"damage_taken":[{"damage":0,"enemies":"Jaw Worm","floor":1,"turns":5},{"damage":0,"enemies":"Small Slimes","floor":2,"turns":3},{"damage":3,"enemies":"Cultist","floor":4,"turns":3},{"damage":46,"enemies":"Gremlin Nob","floor":6,"turns":5},{"damage":29,"enemies":"Lagavulin","floor":8,"turns":5},{"damage":2,"enemies":"3 Louse","floor":13,"turns":2},{"damage":4,"enemies":"2 Fungi Beasts","floor":14,"turns":3},{"damage":19,"enemies":"Slime Boss","floor":16,"turns":7},{"damage":19,"enemies":"Shell Parasite","floor":18,"turns":5},{"damage":32,"enemies":"Book of Stabbing","floor":24,"turns":5},{"damage":9,"enemies":"3 Byrds","floor":27,"turns":5},{"damage":21,"enemies":"Snecko","floor":28,"turns":6},{"damage":0,"enemies":"Shelled Parasite and Fungi","floor":29,"turns":1},{"damage":11,"enemies":"Snake Plant","floor":30,"turns":2}],"seed_played":"7788432642770181472","potions_obtained":[{"floor":1,"key":"SteroidPotion"},{"floor":6,"key":"Poison Potion"},{"floor":8,"key":"LiquidBronze"},{"floor":11,"key":"Fruit Juice"},{"floor":14,"key":"AttackPotion"},{"floor":16,"key":"SmokeBomb"},{"floor":28,"key":"AttackPotion"}],"is_trial":false,"path_per_floor":["M","M","$","M","?","E","R","E","T","T","?","R","M","M","R","B",null,"M","$","?","$","?","R","E","R","T","M","M","M","M"],"character_chosen":"THE_SILENT","items_purchased":["Noxious Fumes","Catalyst","Girya","Poisoned Stab","Strange Spoon"],"campfire_rested":4,"item_purchase_floors":[3,3,3,3,19],"current_hp_per_floor":[63,63,63,60,60,14,32,3,13,13,18,41,39,35,58,39,68,49,49,49,49,49,49,17,40,40,31,10,10,0,0],"gold":221,"neow_bonus":"TWO_FIFTY_GOLD","is_daily":false,"chose_seed":false,"campfire_upgraded":1,"win_rate":0.0,"timestamp":1611925621,"path_taken":["M","M","$","M","?","E","R","E","T","?","?","R","?","M","R","BOSS","M","$","?","$","?","R","E","R","T","M","M","M","M"],"items_purchased_type":["Card","Card","Relic","Card","Relic"],"build_version":"2020-12-22","purchased_purges":1,"victory":false,"max_hp_per_floor":[63,63,63,63,63,63,63,63,73,73,78,78,78,78,78,78,78,78,78,78,78,78,78,78,78,78,78,78,78,78,78],"card_choices":[{"not_picked":["Accuracy","Terror"],"picked":"Dagger Spray","floor":1},{"not_picked":["Crippling Poison","Skewer"],"picked":"Poisoned Stab","floor":2},{"not_picked":["Acrobatics","Sucker Punch"],"picked":"Dash","floor":4},{"not_picked":["Dodge and Roll","Wraith Form v2"],"picked":"Backflip","floor":6},{"not_picked":["Dagger Spray","Underhanded Strike","Predator"],"picked":"SKIP","floor":8},{"not_picked":["Endless Agony","Dagger Throw"],"picked":"Dodge and Roll","floor":13},{"not_picked":["Blur","Dash"],"picked":"After Image","floor":14},{"not_picked":["Wraith Form v2","Unload"],"picked":"After Image","floor":16},{"not_picked":["Slice","Finisher+1"],"picked":"Deadly Poison","floor":18},{"not_picked":["Poisoned Stab","Well Laid Plans"],"picked":"Reflex","floor":24},{"not_picked":["Concentrate+1","Crippling Poison+1"],"picked":"Noxious Fumes","floor":27},{"not_picked":["Dodge and Roll","Flying Knee"],"picked":"Cloak And Dagger","floor":28}],"player_experience":154729,"relics_obtained":[{"floor":6,"key":"Mummified Hand"},{"floor":8,"key":"Bottled Lightning"},{"floor":9,"key":"Pear"},{"floor":10,"key":"Vajra"},{"floor":24,"key":"Whetstone"},{"floor":26,"key":"Shuriken"}],"event_choices":[{"damage_healed":0,"gold_gain":0,"player_choice":"Box","damage_taken":0,"relics_obtained":["StoneCalendar"],"max_hp_gain":0,"max_hp_loss":0,"event_name":"Big Fish","floor":5,"gold_loss":0,"cards_obtained":["Regret"]},{"damage_healed":0,"gold_gain":0,"player_choice":"Bought 1 Potion","damage_taken":0,"max_hp_gain":0,"max_hp_loss":0,"event_name":"The Woman in Blue","floor":11,"gold_loss":0},{"damage_healed":0,"gold_gain":0,"player_choice":"Opened","damage_taken":0,"relics_obtained":["MawBank"],"max_hp_gain":0,"max_hp_loss":0,"event_name":"The Mausoleum","floor":20,"gold_loss":0},{"damage_healed":0,"gold_gain":0,"player_choice":"Read","damage_taken":0,"max_hp_gain":0,"max_hp_loss":0,"event_name":"The Library","floor":22,"gold_loss":0,"cards_obtained":["Catalyst"]}],"is_beta":false,"boss_relics":[{"not_picked":["Runic Pyramid","Runic Dome"],"picked":"Cursed Key"}],"items_purged_floors":[19],"is_endless":false,"potions_floor_spawned":[1,6,8,14,16,28,29],"killed_by":"Snake Plant","ascension_level":5}}