{"host":"6bsan6hkua32tfq7","time":1611892020,"event":{"mods":["BaseMod","Better Third Choice","Colored Map","Highlight Path","Minty Spire (QoL Compilation)","StSLib"],"gold_per_floor":[118,118,137,137,161,200,200,223,223,287,308,342,342,267,267,358,358,372,372,222,246,266,266,289,307,331,372,372,372,372,410,410,410,410],"floor_reached":33,"language":"ENG","playtime":899,"items_purged":["Strike_R"],"score":736,"play_id":"47d8bbe1-fdc0-4d75-879f-7c13cda543db","local_time":"20210129044700","is_ascension_mode":true,"campfire_choices":[{"data":"Juggernaut","floor":7.0,"key":"SMITH"},{"data":"Disarm","floor":13.0,"key":"SMITH"},{"data":"Entrench","floor":15.0,"key":"SMITH"},{"data":"1","floor":23.0,"key":"LIFT"},{"data":"2","floor":28,"key":"LIFT"},{"floor":32,"key":"REST"}],"circlet_count":0,"master_deck":["AscendersBane","Strike_R","Strike_R","Strike_R","Defend_R","Defend_R","Defend_R","Bash","Disarm+1","Rampage","Juggernaut+1","Entrench+1","Armaments+1","Feed","CurseOfTheBell","Discovery","Shrug It Off+1","Shockwave","Heavy Blade","Writhe"],"relics":["Burning Blood","NeowsBlessing","Golden Idol","PreservedInsect","CaptainsWheel","Sundial","Smiling Mask","Pen Nib","Calling Bell","Lantern","HornCleat","Girya","Darkstone Periapt","Bag of Marbles","Blood Vial"],"acts_visited":["Exordium","TheCity"],"potions_floor_usage":[27,27,31,33],"damage_taken":[{"damage":0.0,"enemies":"Jaw Worm","floor":1.0,"turns":1.0},{"damage":0.0,"enemies":"Small Slimes","floor":3.0,"turns":1.0},{"damage":0.0,"enemies":"Gremlin Nob","floor":6.0,"turns":1.0},{"damage":8.0,"enemies":"2 Louse","floor":8.0,"turns":4.0},{"damage":18.0,"enemies":"Lagavulin Event","floor":10.0,"turns":5.0},{"damage":11.0,"enemies":"Blue Slaver","floor":11.0,"turns":4.0},{"damage":13.0,"enemies":"Lagavulin","floor":12.0,"turns":6.0},{"damage":0.0,"enemies":"Hexaghost","floor":16.0,"turns":19.0},{"damage":1.0,"enemies":"Spheric Guardian","floor":18.0,"turns":5.0},{"damage":14.0,"enemies":"2 Thieves","floor":21.0,"turns":5.0},{"damage":15.0,"enemies":"Centurion and Healer","floor":22.0,"turns":5.0},{"damage":14.0,"enemies":"3 Cultists","floor":24.0,"turns":7.0},{"damage":11.0,"enemies":"Shelled Parasite and Fungi","floor":25.0,"turns":6.0},{"damage":26,"enemies":"Book of Stabbing","floor":27,"turns":8},{"damage":13,"enemies":"Gremlin Leader","floor":31,"turns":6},{"damage":92,"enemies":"Champ","floor":33,"turns":18}],"seed_played":"-3812427206173140455","potions_obtained":[{"floor":6.0,"key":"PowerPotion"},{"floor":10.0,"key":"AttackPotion"},{"floor":12.0,"key":"Regen Potion"},{"floor":16.0,"key":"SpeedPotion"},{"floor":21.0,"key":"BloodPotion"},{"floor":22.0,"key":"DuplicationPotion"},{"floor":24.0,"key":"Dexterity Potion"},{"floor":27,"key":"Explosive Potion"},{"floor":31,"key":"FearPotion"}],"is_trial":false,"path_per_floor":["M","?","M","?","T","E","R","M","T","?","M","E","R","?","R","B",null,"M","?","$","M","M","R","M","M","T","E","R","?","?","E","R","B"],"character_chosen":"IRONCLAD","items_purchased":["Discovery"],"campfire_rested":1,"item_purchase_floors":[20],"current_hp_per_floor":[74,67,73,68,68,68,68,66,66,54,49,42,42,42,42,48,63,68,68,68,71,74,74,66,65,65,48,48,48,54,51,78,0,0],"gold":410,"neow_bonus":"THREE_ENEMY_KILL","is_daily":false,"chose_seed":false,"campfire_upgraded":3,"win_rate":0.0,"timestamp":1611892020,"path_taken":["M","?","M","?","?","E","R","M","T","?","?","E","R","?","R","BOSS","M","?","?","M","?","R","M","M","T","E","R","?","?","E","R","BOSS"],"items_purchased_type":["Card"],"build_version":"2020-12-22","purchased_purges":1,"victory":false,"max_hp_per_floor":[75,75,75,68,68,68,68,68,68,68,68,68,68,68,68,68,68,68,68,68,71,74,74,74,78,78,81,81,81,87,91,91,91,91],"card_choices":[{"not_picked":["Armaments","Uppercut"],"picked":"Disarm","floor":1.0},{"not_picked":["Burning Pact","Evolve"],"picked":"Rampage","floor":3.0},{"not_picked":["Limit Break","Anger"],"picked":"Juggernaut","floor":6.0},{"not_picked":["Thunderclap","Sword Boomerang","Perfected Strike"],"picked":"SKIP","floor":8.0},{"not_picked":["Headbutt","Armaments"],"picked":"Entrench","floor":10.0},{"not_picked":["Flex","Perfected Strike"],"picked":"Armaments","floor":11.0},{"not_picked":["Body Slam","Clash","Clothesline"],"picked":"SKIP","floor":12.0},{"not_picked":["Exhume","Juggernaut"],"picked":"Feed","floor":16.0},{"not_picked":["Seeing Red","Thunderclap+1","Searing Blow"],"picked":"SKIP","floor":18.0},{"not_picked":["Pummel","Rupture"],"picked":"Shrug It Off+1","floor":21.0},{"not_picked":["Combust","Clothesline","Iron Wave"],"picked":"SKIP","floor":22.0},{"not_picked":["Body Slam","Headbutt","Rage+1"],"picked":"SKIP","floor":24.0},{"not_picked":["Body Slam","Headbutt","Rage+1"],"picked":"SKIP","floor":24.0},{"not_picked":["Cleave","Dropkick"],"picked":"Shockwave","floor":25.0},{"not_picked":["Cleave","Brutality"],"picked":"Heavy Blade","floor":27},{"not_picked":["Rupture","Warcry","Thunderclap"],"picked":"SKIP","floor":31}],"player_experience":5345745,"relics_obtained":[{"floor":5.0,"key":"PreservedInsect"},{"floor":6.0,"key":"CaptainsWheel"},{"floor":9.0,"key":"Sundial"},{"floor":10.0,"key":"Smiling Mask"},{"floor":12.0,"key":"Pen Nib"},{"floor":17.0,"key":"Lantern"},{"floor":17.0,"key":"HornCleat"},{"floor":17.0,"key":"Girya"},{"floor":27,"key":"Darkstone Periapt"},{"floor":31,"key":"Blood Vial"}],"event_choices":[{"cards_removed":["Defend_R"],"damage_healed":0.0,"max_hp_gain":0.0,"max_hp_loss":0.0,"gold_gain":0.0,"event_name":"Golden Wing","player_choice":"Card Removal","floor":2.0,"gold_loss":0.0,"damage_taken":7.0},{"damage_healed":0.0,"max_hp_gain":0.0,"max_hp_loss":7.0,"gold_gain":0.0,"event_name":"Golden Idol","player_choice":"Lose Max HP","floor":4.0,"gold_loss":0.0,"damage_taken":0.0,"relics_obtained":["Golden Idol"]},{"damage_healed":0.0,"max_hp_gain":0.0,"max_hp_loss":0.0,"gold_gain":30.0,"event_name":"Dead Adventurer","player_choice":"Searched \u00272\u0027 times","floor":10.0,"gold_loss":0.0,"damage_taken":0.0},{"cards_removed":["Strike_R"],"damage_healed":0.0,"max_hp_gain":0.0,"max_hp_loss":0.0,"gold_gain":0.0,"event_name":"The Cleric","player_choice":"Card Removal","floor":14.0,"gold_loss":75.0,"damage_taken":0.0},{"damage_healed":0.0,"max_hp_gain":0.0,"max_hp_loss":0.0,"gold_gain":0.0,"event_name":"Upgrade Shrine","player_choice":"Upgraded","floor":19.0,"gold_loss":0.0,"damage_taken":0.0,"cards_upgraded":["Armaments"]},{"damage_healed":0,"gold_gain":0,"player_choice":"Ignored","damage_taken":0,"max_hp_gain":0,"max_hp_loss":0,"event_name":"Vampires","floor":29,"gold_loss":0},{"damage_healed":0,"gold_gain":0,"player_choice":"Opened","damage_taken":0,"relics_obtained":["Bag of Marbles"],"max_hp_gain":0,"max_hp_loss":0,"event_name":"The Mausoleum","floor":30,"gold_loss":0,"cards_obtained":["Writhe"]}],"is_beta":false,"boss_relics":[{"not_picked":["Runic Cube","Astrolabe"],"picked":"Calling Bell"}],"items_purged_floors":[20],"is_endless":false,"potions_floor_spawned":[6,10,12,16,21,22,24,27,31],"killed_by":"Champ","ascension_level":20}}