{"host":"4mwxwqvoirj3cq7x","time":1611888640,"event":{"mods":["BaseMod","KinomotoSakuraMod(Ä¾Ö®±¾Ó£)","Minty Spire (QoL Compilation)","StSLib"],"gold_per_floor":[115,115,115,129,139,139,169,169,195,209,220,239,269,288,288,383,383,397,408,32,48,65,65,65,65,65,65,65,94,108,108,108,209,209,224,243,262,275,311,311,340,340,391,391,391,401,416,416,416,416,416,416,41,73,73],"floor_reached":56,"language":"ZHS","playtime":2616,"items_purged":["ClowCardTheShield"],"score":1790,"play_id":"8d01ac37-a4e9-4b1e-bcf5-668e6bd1fc1c","local_time":"20210129105040","is_ascension_mode":true,"campfire_choices":[{"data":"ClowCardTheVoice","floor":6.0,"key":"SMITH"},{"data":"SpellCardSeal","floor":8.0,"key":"SMITH"},{"floor":15.0,"key":"REST"},{"floor":23.0,"key":"REST"},{"data":"ClowCardTheLight","floor":25.0,"key":"SMITH"},{"data":"Regret","floor":27.0,"key":"PURGE"},{"data":"ClowCardTheSword","floor":32.0,"key":"PURGE"},{"floor":40.0,"key":"REST"},{"data":"ClowCardTheChange","floor":42.0,"key":"SMITH"},{"data":"ClowCardTheShield","floor":45.0,"key":"PURGE"},{"floor":49.0,"key":"RECALL"},{"data":"ClowCardTheFly","floor":52.0,"key":"SMITH"}],"circlet_count":0,"master_deck":["SakuraCardTheFly+","SakuraCardTheDash+","SakuraCardTheSong+","AscendersBane","ClowCardTheSword","ClowCardTheShield","SpellCardSeal+1","SpellCardRelease","ClowCardTheChange+1","ClowCardTheVoice+1","ClowCardTheFly+1","ClowCardTheFloat","ClowCardTheFreeze","ClowCardTheMove","ClowCardTheLight+1","ClowCardTheEarthy+1","ClowCardThePower+1","ClowCardTheFloat+1","ClowCardTheGlow+1","ClowCardTheBig+1","ClowCardTheMove+1","ClowCardTheBig","ClowCardTheVoice","ClowCardTheBubbles+1","ClowCardTheNothing"],"relics":["KSMOD_SealedBook","KSMOD_StarWand","NeowsBlessing","PreservedInsect","Prayer Wheel","KSMOD_RollerSkates","Nunchaku","Peace Pipe","Bottled Lightning","Nloth\u0027s Gift","Blood Vial","Centennial Puzzle","Lantern","Anchor","Gambling Chip"],"acts_visited":["Exordium","TheCity","TheBeyond","TheEnding"],"potions_floor_usage":[],"damage_taken":[{"damage":0.0,"enemies":"Jaw Worm","floor":1.0,"turns":1.0},{"damage":0.0,"enemies":"Small Slimes","floor":4.0,"turns":1.0},{"damage":0.0,"enemies":"Cultist","floor":5.0,"turns":1.0},{"damage":32.0,"enemies":"Gremlin Nob","floor":7.0,"turns":4.0},{"damage":7.0,"enemies":"Red Slaver","floor":10.0,"turns":5.0},{"damage":8.0,"enemies":"2 Fungi Beasts","floor":11.0,"turns":4.0},{"damage":0.0,"enemies":"Large Slime","floor":12.0,"turns":4.0},{"damage":0.0,"enemies":"3 Sentries","floor":13.0,"turns":2.0},{"damage":6.0,"enemies":"Exordium Wildlife","floor":14.0,"turns":2.0},{"damage":11.0,"enemies":"Slime Boss","floor":16.0,"turns":7.0},{"damage":11.0,"enemies":"2 Thieves","floor":18.0,"turns":3.0},{"damage":11.0,"enemies":"Spheric Guardian","floor":19.0,"turns":4.0},{"damage":3.0,"enemies":"Cultist and Chosen","floor":21.0,"turns":3.0},{"damage":8.0,"enemies":"Chosen and Byrds","floor":22.0,"turns":3.0},{"damage":12.0,"enemies":"Book of Stabbing","floor":29.0,"turns":4.0},{"damage":10.0,"enemies":"Snake Plant","floor":30.0,"turns":4.0},{"damage":14.0,"enemies":"Champ","floor":33.0,"turns":5.0},{"damage":0.0,"enemies":"Orb Walker","floor":35.0,"turns":3.0},{"damage":12.0,"enemies":"3 Shapes","floor":36.0,"turns":1.0},{"damage":0.0,"enemies":"Jaw Worm Horde","floor":37.0,"turns":3.0},{"damage":14.0,"enemies":"Writhing Mass","floor":38.0,"turns":3.0},{"damage":16.0,"enemies":"KSMOD_TheNothingMonster","floor":39.0,"turns":3.0},{"damage":26.0,"enemies":"Nemesis","floor":41.0,"turns":7.0},{"damage":0.0,"enemies":"Spire Growth","floor":46.0,"turns":4.0},{"damage":13.0,"enemies":"Sphere and 2 Shapes","floor":47.0,"turns":1.0},{"damage":1.0,"enemies":"Donu and Deca","floor":50.0,"turns":7.0},{"damage":7.0,"enemies":"Shield and Spear","floor":54.0,"turns":5.0},{"damage":33,"enemies":"The Heart","floor":55,"turns":8}],"seed_played":"-4337086562657628491","potions_obtained":[{"floor":10.0,"key":"SteroidPotion"},{"floor":11.0,"key":"ColorlessPotion"},{"floor":12.0,"key":"AttackPotion"},{"floor":14.0,"key":"Weak Potion"},{"floor":21.0,"key":"FearPotion"},{"floor":33.0,"key":"EssenceOfSteel"},{"floor":36.0,"key":"Swift Potion"},{"floor":38.0,"key":"Explosive Potion"},{"floor":48.0,"key":"PowerPotion"},{"floor":48.0,"key":"DistilledChaos"}],"is_trial":false,"path_per_floor":["M","?","?","M","M","R","E","R","T","M","M","M","E","M","R","B",null,"M","M","$","M","M","R","?","R","T","R","?","E","M","?","R","B",null,"M","M","M","M","?","R","E","R","T","?","R","M","M","?","R","B",null,"R","$","E","B",null],"character_chosen":"KINOMOTOSAKURA","items_purchased":["Peace Pipe","ClowCardTheDash","Lantern","Anchor"],"campfire_rested":3,"item_purchase_floors":[20,20,53,53],"current_hp_per_floor":[63,63,63,63,63,63,31,31,31,24,16,16,16,10,31,20,58,47,36,36,33,25,46,46,46,46,46,46,34,26,70,70,56,67,69,58,60,48,34,55,31,31,31,31,31,33,22,22,22,23,58,58,58,53,22],"gold":73,"neow_bonus":"THREE_ENEMY_KILL","is_daily":false,"chose_seed":false,"campfire_upgraded":5,"win_rate":0.0,"timestamp":1611888640,"path_taken":["M","?","?","?","M","R","E","R","T","M","M","M","E","M","R","BOSS","M","M","$","M","M","R","?","R","T","R","?","E","?","?","R","BOSS","M","M","M","M","?","R","E","R","T","?","R","M","M","?","R","BOSS","R","$","E","BOSS"],"items_purchased_type":["Relic","Card","Relic","Relic"],"build_version":"2020-12-22","purchased_purges":1,"victory":true,"max_hp_per_floor":[70,70,70,70,70,70,70,70,70,70,70,70,70,70,70,70,70,70,70,70,70,70,70,70,70,70,70,70,70,70,70,70,70,70,70,70,70,70,70,70,70,70,70,70,70,70,70,70,70,70,70,70,70,70,70],"card_choices":[{"not_picked":["ClowCardThePower","ClowCardTheJump"],"picked":"ClowCardTheChange","floor":1.0},{"not_picked":["ClowCardTheLittle","ClowCardTheErase","ClowCardTheSilent"],"picked":"SKIP","floor":4.0},{"not_picked":["ClowCardTheCloud","ClowCardTheLittle"],"picked":"ClowCardTheVoice","floor":5.0},{"not_picked":["ClowCardTheEarthy","ClowCardTheThunder"],"picked":"ClowCardTheSong","floor":7.0},{"not_picked":["ClowCardTheErase","ClowCardTheIllusion"],"picked":"ClowCardTheFly","floor":10.0},{"not_picked":["ClowCardTheEarthy","ClowCardTheSnow","ClowCardTheWood"],"picked":"SKIP","floor":10.0},{"not_picked":["ClowCardTheMaze","ClowCardTheFlower"],"picked":"ClowCardTheFloat","floor":11.0},{"not_picked":["ClowCardTheErase","ClowCardTheLibra"],"picked":"ClowCardTheFreeze","floor":11.0},{"not_picked":["ClowCardTheBubbles","ClowCardTheStorm"],"picked":"ClowCardTheMove","floor":12.0},{"not_picked":["ClowCardTheArrow","ClowCardTheSnow","ClowCardTheRain"],"picked":"SKIP","floor":12.0},{"not_picked":["ClowCardTheSilent","ClowCardTheWave","ClowCardTheLibra"],"picked":"SKIP","floor":13.0},{"not_picked":["ClowCardTheSand","ClowCardTheMirror"],"picked":"ClowCardTheFly","floor":14.0},{"not_picked":["ClowCardTheDream","ClowCardTheFreeze","ClowCardTheSong"],"picked":"SKIP","floor":14.0},{"not_picked":["ClowCardTheThunder","ClowCardTheTwin"],"picked":"ClowCardTheLight","floor":16.0},{"not_picked":["ClowCardTheDream","ClowCardTheLibra"],"picked":"ClowCardTheGlow+1","floor":18.0},{"not_picked":["ClowCardTheWatery","ClowCardTheArrow","ClowCardTheWave"],"picked":"SKIP","floor":18.0},{"not_picked":["ClowCardTheBubbles","ClowCardTheGlow","ClowCardTheStorm"],"picked":"SKIP","floor":19.0},{"not_picked":["ClowCardTheSilent","ClowCardThePower","ClowCardTheCloud"],"picked":"SKIP","floor":19.0},{"not_picked":["ClowCardTheFirey","ClowCardTheErase"],"picked":"ClowCardTheBig+1","floor":21.0},{"not_picked":["ClowCardTheMaze","ClowCardTheLock+1","ClowCardTheFight"],"picked":"SKIP","floor":21.0},{"not_picked":["ClowCardTheStorm","ClowCardThePower+1"],"picked":"ClowCardTheMove+1","floor":22.0},{"not_picked":["ClowCardTheIllusion","ClowCardTheRain"],"picked":"ClowCardTheBig","floor":22.0},{"not_picked":["ClowCardTheLibra","ClowCardTheThunder","ClowCardTheWood"],"picked":"SKIP","floor":29.0},{"not_picked":["ClowCardTheTwin","ClowCardTheJump"],"picked":"ClowCardTheVoice","floor":30.0},{"not_picked":["ClowCardTheSleep","ClowCardTheEarthy+1","ClowCardTheErase"],"picked":"SKIP","floor":30.0},{"not_picked":["ClowCardTheSand","ClowCardTheCloud","ClowCardTheFirey+1"],"picked":"SKIP","floor":35.0},{"not_picked":["ClowCardTheRain","ClowCardTheFly+1","ClowCardTheChange"],"picked":"SKIP","floor":35.0},{"not_picked":["ClowCardTheFight","ClowCardTheSong","ClowCardTheEarthy+1"],"picked":"SKIP","floor":36.0},{"not_picked":["ClowCardTheShot+1","ClowCardTheLock","ClowCardTheFight"],"picked":"SKIP","floor":36.0},{"not_picked":["ClowCardTheWood","ClowCardThePower+1"],"picked":"ClowCardTheBubbles+1","floor":37.0},{"not_picked":["ClowCardTheDream","ClowCardTheSong+1","ClowCardTheLock"],"picked":"SKIP","floor":37.0},{"not_picked":["ClowCardTheMist","ClowCardTheSnow","ClowCardTheSweet"],"picked":"SKIP","floor":38.0},{"not_picked":["ClowCardTheGlow+1","ClowCardTheWood+1","ClowCardTheJump"],"picked":"SKIP","floor":38.0},{"not_picked":["ClowCardTheTime","ClowCardTheSong","ClowCardTheLock"],"picked":"SKIP","floor":41.0},{"not_picked":["ClowCardTheWood+1","ClowCardTheSleep+1","ClowCardTheLock"],"picked":"SKIP","floor":46.0},{"not_picked":["ClowCardTheMirror+1","ClowCardTheTime","ClowCardTheMove+1"],"picked":"SKIP","floor":46.0},{"not_picked":["ClowCardTheErase+1","ClowCardTheStorm","ClowCardTheShot+1"],"picked":"SKIP","floor":47.0},{"not_picked":["ClowCardTheBig+1","ClowCardTheSand+1","ClowCardTheThunder"],"picked":"SKIP","floor":47.0},{"not_picked":["ClowCardTheFly","ClowCardTheLoop+1","ClowCardTheMirror+1"],"picked":"SKIP","floor":54.0}],"player_experience":613489,"relics_obtained":[{"floor":7.0,"key":"Prayer Wheel"},{"floor":9.0,"key":"KSMOD_RollerSkates"},{"floor":13.0,"key":"Nunchaku"},{"floor":26.0,"key":"Bottled Lightning"},{"floor":29.0,"key":"Blood Vial"},{"floor":41.0,"key":"Centennial Puzzle"},{"floor":54.0,"key":"Gambling Chip"}],"event_choices":[{"damage_healed":0.0,"max_hp_gain":0.0,"max_hp_loss":0.0,"gold_gain":0.0,"event_name":"Big Fish","player_choice":"Box","floor":2.0,"gold_loss":0.0,"damage_taken":0.0,"relics_obtained":["PreservedInsect"],"cards_obtained":["Regret"]},{"damage_healed":0.0,"max_hp_gain":0.0,"max_hp_loss":0.0,"gold_gain":0.0,"event_name":"Match and Keep!","player_choice":"0 cards matched","floor":3.0,"gold_loss":0.0,"damage_taken":0.0,"cards_obtained":[]},{"damage_healed":0.0,"max_hp_gain":0.0,"max_hp_loss":0.0,"gold_gain":0.0,"event_name":"Ghosts","player_choice":"Ignored","floor":24.0,"gold_loss":0.0,"damage_taken":0.0},{"damage_healed":0.0,"max_hp_gain":0.0,"max_hp_loss":0.0,"gold_gain":0.0,"event_name":"N\u0027loth","player_choice":"Traded Relic","floor":28.0,"relics_lost":["Astrolabe"],"gold_loss":0.0,"damage_taken":0.0,"relics_obtained":["Nloth\u0027s Gift"]},{"damage_healed":0.0,"max_hp_gain":0.0,"max_hp_loss":0.0,"gold_gain":0.0,"event_name":"SensoryStone","player_choice":"Memory 1","floor":44.0,"gold_loss":0.0,"damage_taken":0.0},{"damage_healed":0.0,"max_hp_gain":0.0,"max_hp_loss":0.0,"gold_gain":0.0,"event_name":"Lab","player_choice":"Got Potions","floor":48.0,"gold_loss":0.0,"damage_taken":0.0}],"is_beta":false,"boss_relics":[{"not_picked":["Snecko Eye","Ectoplasm"],"picked":"Astrolabe"},{"not_picked":["Busted Crown","Fusion Hammer"],"picked":"KSMOD_StarWand"}],"items_purged_floors":[53],"is_endless":false,"potions_floor_spawned":[10,11,12,14,19,21,33,36,38,41,46],"ascension_level":11}}