{"host":"6p0attdrtjqaih7v","time":1611949233,"event":{"mods":["2.2 Compatiblity","AchievementEnabler","Bard","BaseMod","Better Skull","Better Third Choice","Colored Powertips","Hermit","Highlight Path","Key Reminder","Minty Spire (QoL Compilation)","Permanent Neow","Quick Restart","Random Character Button","Relic Stats","Replay The Spire","Robot Space Explorer","StSLib","The Hayseed","The Mystic"],"gold_per_floor":[109,126,200,275,291,320,320,320,320,349,365,46,56,56,56,201,201,217,261,62,62,101,135,135,135,135,205,240,240,280,318,318,318,318],"floor_reached":33,"language":"ENG","playtime":2151,"items_purged":[],"score":279,"play_id":"5ad9dfca-5916-4c51-8300-bdb2fa485b9b","local_time":"20210129144033","is_ascension_mode":false,"campfire_choices":[{"data":"TheSimpletonMod:SaltTheEarth","floor":8,"key":"SMITH"},{"data":"HandOfGreed","floor":15,"key":"SMITH"},{"data":"TheSimpletonMod:Photosynthesis","floor":24,"key":"SMITH"},{"floor":29,"key":"REST"},{"floor":32,"key":"REST"}],"circlet_count":0,"master_deck":["TheSimpletonMod:Strike_TheSimpleton+1","TheSimpletonMod:Strike_TheSimpleton","TheSimpletonMod:Strike_TheSimpleton","TheSimpletonMod:Strike_TheSimpleton","TheSimpletonMod:Defend_TheSimpleton","TheSimpletonMod:Defend_TheSimpleton","TheSimpletonMod:Defend_TheSimpleton+1","TheSimpletonMod:Defend_TheSimpleton+1","TheSimpletonMod:Haymaker","TheSimpletonMod:ReapAndSow","TheSimpletonMod:SaltTheEarth+1","TheSimpletonMod:Sunseed","TheSimpletonMod:CloseScrape+1","TheSimpletonMod:Potatoes","TheSimpletonMod:SeedCoat","TheSimpletonMod:Potatoes","HandOfGreed+1","TheSimpletonMod:Photosynthesis+1","TheSimpletonMod:GoToMarket+1","TheSimpletonMod:Swelter","TheSimpletonMod:StockTheCellar","TheSimpletonMod:CloseScrape","TheSimpletonMod:CropRotation+1"],"relics":["TheSimpletonMod:SpudOfTheInnocent","TheSimpletonMod:NightSoil","TheSimpletonMod:TheHarvester","Replay:Bottled Flurry","Bag of Preparation","Whetstone","ReplayTheSpireMod:DimensionalGlitch","ReplayTheSpireMod:Lightbulb","War Paint","Nloth\u0027s Gift","Ice Cream"],"acts_visited":["Exordium","TheCity"],"potions_floor_usage":[6,10,19,23,28,33],"damage_taken":[{"damage":0,"enemies":"Small Slimes","floor":1,"turns":3},{"damage":6,"enemies":"Jaw Worm","floor":2,"turns":2},{"damage":0,"enemies":"2 Louse","floor":5,"turns":2},{"damage":1,"enemies":"Replay:BlueRogue","floor":6,"turns":6},{"damage":4,"enemies":"3 Sentries","floor":10,"turns":4},{"damage":7,"enemies":"Blue Slaver","floor":11,"turns":3},{"damage":0,"enemies":"Exordium Wildlife","floor":13,"turns":2},{"damage":17,"enemies":"Slime Boss","floor":16,"turns":11},{"damage":0,"enemies":"Spheric Guardian","floor":18,"turns":3},{"damage":0,"enemies":"2 Thieves","floor":19,"turns":4},{"damage":21,"enemies":"Snake Plant","floor":22,"turns":5},{"damage":30,"enemies":"Book of Stabbing","floor":23,"turns":5},{"damage":5,"enemies":"Centurion and Healer","floor":27,"turns":8},{"damage":8,"enemies":"Chosen and Byrds","floor":28,"turns":7},{"damage":0,"enemies":"Snecko","floor":30,"turns":4},{"damage":30,"enemies":"Shelled Parasite and Fungi","floor":31,"turns":4},{"damage":37,"enemies":"Collector","floor":33,"turns":7}],"seed_played":"-213609997715301213","potions_obtained":[{"floor":2,"key":"Swift Potion"},{"floor":5,"key":"BlessingOfTheForge"},{"floor":16,"key":"Fire Potion"},{"floor":18,"key":"DistilledChaos"},{"floor":22,"key":"ColorlessPotion"},{"floor":23,"key":"Strength Potion"}],"is_trial":false,"path_per_floor":["M","M","?","?","M","E","?","R","T","E","M","$","M","$","R","B",null,"M","M","$","?","M","E","R","?","T","M","M","R","M","M","R","B"],"character_chosen":"THE_SIMPLETON","items_purchased":["HandOfGreed","Whetstone","ReplayTheSpireMod:Lightbulb"],"campfire_rested":2,"item_purchase_floors":[12,12,20],"current_hp_per_floor":[75,69,69,58,58,61,61,61,61,61,58,58,58,58,58,45,75,75,75,75,75,56,28,28,28,28,25,19,41,43,13,35,0,0],"gold":318,"neow_bonus":"ONE_RANDOM_RARE_CARD","is_daily":false,"chose_seed":false,"campfire_upgraded":3,"win_rate":0.0,"timestamp":1611949233,"path_taken":["M","M","?","?","M","E","?","R","T","E","M","$","?","$","R","BOSS","M","M","$","?","M","E","R","?","T","M","M","R","?","M","R","BOSS"],"items_purchased_type":["Card","Relic","Relic"],"build_version":"2020-12-22","purchased_purges":0,"victory":false,"max_hp_per_floor":[75,75,75,75,75,75,75,75,75,75,75,75,75,75,75,75,75,75,75,75,75,75,75,75,75,75,75,75,75,75,75,75,75,75],"relic_stats":{"counters":[17,80],"Bag of Preparation":[25],"Nloth\u0027s Gift":1,"Whetstone":["TheSimpletonMod:CloseScrape","TheSimpletonMod:Strike_TheSimpleton"],"War Paint":["TheSimpletonMod:Defend_TheSimpleton","TheSimpletonMod:Defend_TheSimpleton"],"obtain_stats":[{"TheSimpletonMod:TheHarvester":0,"Ice Cream":26,"TheSimpletonMod:PlanterBox":9,"TheSimpletonMod:SpudOfTheInnocent":0,"Replay:Bottled Flurry":6,"Bag of Preparation":10,"Nloth\u0027s Gift":25,"Whetstone":12,"War Paint":23,"TheSimpletonMod:NightSoil":0,"ReplayTheSpireMod:DimensionalGlitch":17,"ReplayTheSpireMod:Lightbulb":20},{"TheSimpletonMod:TheHarvester":0,"Ice Cream":12,"TheSimpletonMod:PlanterBox":4,"TheSimpletonMod:SpudOfTheInnocent":0,"Replay:Bottled Flurry":4,"Bag of Preparation":5,"Nloth\u0027s Gift":12,"Whetstone":6,"War Paint":12,"TheSimpletonMod:NightSoil":0,"ReplayTheSpireMod:DimensionalGlitch":8,"ReplayTheSpireMod:Lightbulb":10},{"TheSimpletonMod:TheHarvester":0,"Ice Cream":50,"TheSimpletonMod:PlanterBox":13,"TheSimpletonMod:SpudOfTheInnocent":0,"Replay:Bottled Flurry":13,"Bag of Preparation":17,"Nloth\u0027s Gift":50,"Whetstone":20,"War Paint":50,"TheSimpletonMod:NightSoil":0,"ReplayTheSpireMod:DimensionalGlitch":33,"ReplayTheSpireMod:Lightbulb":40}]},"card_choices":[{"not_picked":["TheSimpletonMod:Swelter","TheSimpletonMod:ToughenUp"],"picked":"TheSimpletonMod:Sunseed","floor":1},{"not_picked":["TheSimpletonMod:Potatoes","TheSimpletonMod:BumperCrop"],"picked":"TheSimpletonMod:CloseScrape","floor":2},{"not_picked":["TheSimpletonMod:SlashAndBurn","TheSimpletonMod:Germinate"],"picked":"TheSimpletonMod:Potatoes","floor":5},{"not_picked":["TheSimpletonMod:BuzzBomb","TheSimpletonMod:BumperCrop"],"picked":"TheSimpletonMod:SeedCoat","floor":6},{"not_picked":["TheSimpletonMod:Germinate","TheSimpletonMod:SaladShooter","TheSimpletonMod:Corn"],"picked":"SKIP","floor":10},{"not_picked":["TheSimpletonMod:SlashAndBurn","TheSimpletonMod:Rake"],"picked":"TheSimpletonMod:Potatoes","floor":11},{"not_picked":["TheSimpletonMod:OnionBloom","TheSimpletonMod:SpiceUp","TheSimpletonMod:CullingStrike"],"picked":"SKIP","floor":13},{"not_picked":["TheSimpletonMod:VolatileFumes","TheSimpletonMod:Surplus"],"picked":"TheSimpletonMod:Photosynthesis","floor":16},{"not_picked":["TheSimpletonMod:Aerate","TheSimpletonMod:OnionBloom","TheSimpletonMod:Corn"],"picked":"SKIP","floor":18},{"not_picked":["TheSimpletonMod:Sunseed","TheSimpletonMod:DigIn"],"picked":"TheSimpletonMod:GoToMarket+1","floor":19},{"not_picked":["TheSimpletonMod:Pruning","TheSimpletonMod:SpiceUp","TheSimpletonMod:Fertilaser"],"picked":"SKIP","floor":22},{"not_picked":["TheSimpletonMod:SaltTheEarth","TheSimpletonMod:DoubleBarrel+1","TheSimpletonMod:SoilSample"],"picked":"SKIP","floor":23},{"not_picked":["TheSimpletonMod:KeenEdge+1","TheSimpletonMod:RootDown"],"picked":"TheSimpletonMod:StockTheCellar","floor":27},{"not_picked":["TheSimpletonMod:VineRipen","TheSimpletonMod:DesperatePlunge","TheSimpletonMod:Rake"],"picked":"SKIP","floor":28},{"not_picked":["TheSimpletonMod:CullingStrike","TheSimpletonMod:SpiceUp"],"picked":"TheSimpletonMod:CloseScrape","floor":30},{"not_picked":["TheSimpletonMod:SpiceUp","TheSimpletonMod:DoubleBarrel+1"],"picked":"TheSimpletonMod:CropRotation+1","floor":31}],"player_experience":922401,"relics_obtained":[{"floor":6,"key":"Replay:Bottled Flurry"},{"floor":9,"key":"TheSimpletonMod:PlanterBox"},{"floor":10,"key":"Bag of Preparation"},{"floor":23,"key":"War Paint"},{"floor":26,"key":"Ice Cream"}],"event_choices":[{"damage_healed":0,"gold_gain":74,"player_choice":"Gained Gold","damage_taken":0,"max_hp_gain":0,"max_hp_loss":0,"event_name":"Golden Wing","floor":3,"gold_loss":0},{"damage_healed":0,"gold_gain":75,"player_choice":"Gather Gold","damage_taken":11,"max_hp_gain":0,"max_hp_loss":0,"event_name":"World of Goop","floor":4,"gold_loss":0},{"damage_healed":0,"gold_gain":0,"player_choice":"Ignored","damage_taken":0,"max_hp_gain":0,"max_hp_loss":0,"event_name":"Liars Game","floor":7,"gold_loss":0},{"damage_healed":0,"gold_gain":0,"player_choice":"Read","damage_taken":0,"max_hp_gain":0,"max_hp_loss":0,"event_name":"The Library","floor":21,"gold_loss":0,"cards_obtained":["TheSimpletonMod:Swelter"]},{"damage_healed":0,"gold_gain":0,"player_choice":"Traded Relic","damage_taken":0,"relics_obtained":["Nloth\u0027s Gift"],"max_hp_gain":0,"max_hp_loss":0,"event_name":"N\u0027loth","floor":25,"relics_lost":["TheSimpletonMod:PlanterBox"],"gold_loss":0}],"is_beta":false,"boss_relics":[{"not_picked":["Ectoplasm","Fusion Hammer"],"picked":"ReplayTheSpireMod:DimensionalGlitch"}],"items_purged_floors":[],"is_endless":false,"potions_floor_spawned":[2,5,16,18,22,23],"killed_by":"Collector","ascension_level":0}}