{"host":"pjgcdp3h1plnbocs","time":1611942597,"event":{"mods":["AchievementEnabler","BaseMod","Colored Map","Downfall","Highlight Path","Minty Spire (QoL Compilation)","StSLib"],"gold_per_floor":[117,130,80,100,111,145,145,145,224,235,263,263,286,301,301,301,301],"floor_reached":16,"language":"ENG","playtime":525,"items_purged":[],"score":118,"play_id":"1bd16ae7-c4e9-4f88-be7d-9676d0ada03e","local_time":"20210129184957","is_ascension_mode":true,"campfire_choices":[{"floor":7,"key":"DIG"},{"floor":12,"key":"DIG"},{"floor":15,"key":"DIG"}],"circlet_count":0,"master_deck":["Strike_G","Strike_G","Strike_G","Strike_G","Defend_G+1","Defend_G","Defend_G","Defend_G","Defend_G","Survivor","Neutralize","Predator","Quick Slash","Caltrops","PiercingWail+1","Backstab","Envenom"],"relics":["Ring of the Snake","Regal Pillow","Shovel","Pen Nib","Singing Bowl","The Courier","Incense Burner","Kunai","Anchor","War Paint"],"acts_visited":["Exordium"],"potions_floor_usage":[6,16,16],"damage_taken":[{"damage":0,"enemies":"2 Louse","floor":1,"turns":3},{"damage":2,"enemies":"Jaw Worm","floor":2,"turns":4},{"damage":0,"enemies":"Cultist","floor":4,"turns":3},{"damage":17,"enemies":"Exordium Thugs","floor":5,"turns":7},{"damage":21,"enemies":"Gremlin Nob","floor":6,"turns":4},{"damage":0,"enemies":"Large Slime","floor":10,"turns":5},{"damage":15,"enemies":"3 Sentries","floor":11,"turns":10},{"damage":0,"enemies":"Looter","floor":14,"turns":2},{"damage":20,"enemies":"Slime Boss","floor":16,"turns":9}],"seed_played":"-4288828158948802271","potions_obtained":[{"floor":1,"key":"GamblersBrew"},{"floor":2,"key":"hexamod:SoulburnPotion"},{"floor":5,"key":"FearPotion"},{"floor":14,"key":"Block Potion"}],"is_trial":false,"path_per_floor":["M","M","?","M","M","E","R","?","T","M","E","R","T","M","R","B"],"character_chosen":"THE_SILENT","items_purchased":[],"campfire_rested":0,"item_purchase_floors":[],"current_hp_per_floor":[70,68,68,68,51,30,30,30,30,32,17,17,17,19,19,0,0],"gold":301,"neow_bonus":"RANDOM_COMMON_RELIC","is_daily":false,"chose_seed":false,"campfire_upgraded":0,"win_rate":0.0,"timestamp":1611942597,"path_taken":["M","M","?","M","M","E","R","?","T","?","E","R","?","M","R","BOSS"],"items_purchased_type":[],"build_version":"2020-12-22","purchased_purges":0,"victory":false,"max_hp_per_floor":[70,70,70,70,70,70,70,70,70,72,72,72,72,74,74,74,74],"card_choices":[{"not_picked":["Heel Hook","Outmaneuver"],"picked":"Predator","floor":1},{"not_picked":["Slice","Infinite Blades"],"picked":"Quick Slash","floor":2},{"not_picked":["Poisoned Stab","Acrobatics"],"picked":"Caltrops","floor":4},{"not_picked":["Prepared","Blade Dance"],"picked":"PiercingWail","floor":5},{"not_picked":["Deadly Poison","Dagger Throw"],"picked":"Backstab","floor":6},{"not_picked":["Leg Sweep","Outmaneuver","Deflect"],"picked":"Singing Bowl","floor":10},{"not_picked":["Underhanded Strike","Slice"],"picked":"Envenom","floor":11},{"not_picked":["Dodge and Roll","Heel Hook","Dagger Spray"],"picked":"Singing Bowl","floor":14}],"player_experience":213270,"relics_obtained":[{"floor":6,"key":"Shovel"},{"floor":7,"key":"Pen Nib"},{"floor":9,"key":"The Courier"},{"floor":11,"key":"Incense Burner"},{"floor":12,"key":"Kunai"},{"floor":13,"key":"Anchor"},{"floor":15,"key":"War Paint"}],"event_choices":[{"cards_removed":["Strike_G"],"damage_healed":0,"gold_gain":0,"player_choice":"Card Removal","damage_taken":0,"max_hp_gain":0,"max_hp_loss":0,"event_name":"The Cleric","floor":3,"gold_loss":50},{"damage_healed":0,"gold_gain":0,"player_choice":"Gave Potion","damage_taken":0,"relics_obtained":["Singing Bowl"],"max_hp_gain":0,"max_hp_loss":0,"event_name":"WeMeetAgain","floor":8,"gold_loss":0}],"is_beta":false,"boss_relics":[],"items_purged_floors":[],"is_endless":false,"potions_floor_spawned":[1,2,5,14],"killed_by":"Slime Boss","ascension_level":1}}