{"host":"pvf7uj918he10jir","time":1611891150,"event":{"mods":["AchievementEnabler","BaseMod","Colored Map","Colored Powertips","Highlight Path","Minty Spire (QoL Compilation)","Relic Stats","Slay the Relics Exporter","everything is the same but u backflip on backflip"],"gold_per_floor":[112,62,62,36,36,36,67,82,82,82,408,428,461,477,477,582,582,599,40,57,74,74,74,108,68,68,68,68],"floor_reached":27,"language":"ENG","playtime":1260,"items_purged":["Regret"],"score":343,"play_id":"a6c738ef-bf7a-4b8e-8ead-0e34506ffa41","local_time":"20210128223230","is_ascension_mode":true,"campfire_choices":[{"data":"Neutralize","floor":6,"key":"SMITH"},{"data":"Caltrops","floor":10,"key":"SMITH"},{"floor":15,"key":"REST"},{"data":"Catalyst","floor":23,"key":"SMITH"}],"circlet_count":0,"master_deck":["Strike_G+1","Strike_G+1","Strike_G+1","Defend_G+1","Defend_G+1","Defend_G+1","Defend_G+1","Defend_G+1","Survivor","Neutralize+1","Caltrops+1","Dagger Throw","Backstab","Catalyst+1","Noxious Fumes","Noxious Fumes","Die Die Die+1","Backflip+1","Deadly Poison+1","Injury"],"relics":["Ring of the Snake","NeowsBlessing","Du-Vu Doll","PreservedInsect","Kunai","Old Coin","Molten Egg 2","Cursed Key","Paper Crane","Pear","The Courier","Toxic Egg 2"],"acts_visited":["Exordium","TheCity"],"potions_floor_usage":[16,16,27,27],"damage_taken":[{"damage":0,"enemies":"2 Louse","floor":1,"turns":1},{"damage":0,"enemies":"Gremlin Nob","floor":7,"turns":1},{"damage":0,"enemies":"Jaw Worm","floor":8,"turns":1},{"damage":20,"enemies":"3 Sentries","floor":11,"turns":9},{"damage":2,"enemies":"Small Slimes","floor":12,"turns":3},{"damage":24,"enemies":"Lagavulin","floor":13,"turns":5},{"damage":3,"enemies":"2 Fungi Beasts","floor":14,"turns":4},{"damage":19,"enemies":"The Guardian","floor":16,"turns":9},{"damage":7,"enemies":"Shell Parasite","floor":18,"turns":5},{"damage":20,"enemies":"2 Thieves","floor":20,"turns":3},{"damage":11,"enemies":"Snecko","floor":21,"turns":5},{"damage":18,"enemies":"Slavers","floor":24,"turns":4},{"damage":15,"enemies":"Snake Plant","floor":27,"turns":1}],"seed_played":"-3093935990909559239","potions_obtained":[{"floor":1,"key":"SneckoOil"},{"floor":8,"key":"SteroidPotion"},{"floor":11,"key":"Swift Potion"},{"floor":12,"key":"LiquidBronze"},{"floor":18,"key":"BlessingOfTheForge"},{"floor":20,"key":"Energy Potion"}],"is_trial":false,"path_per_floor":["M","?","?","$","?","R","E","M","T","R","E","M","E","M","R","B",null,"M","$","M","M","?","R","E","?","T","M"],"character_chosen":"THE_SILENT","items_purchased":["Dagger Throw","Paper Crane","Pear"],"campfire_rested":1,"item_purchase_floors":[4,19,19],"current_hp_per_floor":[70,70,63,63,63,63,63,63,63,63,43,41,17,14,35,16,57,50,60,40,29,29,29,11,11,11,0,0],"gold":68,"neow_bonus":"THREE_ENEMY_KILL","is_daily":false,"chose_seed":false,"campfire_upgraded":3,"win_rate":0.0,"timestamp":1611891150,"path_taken":["M","?","?","$","?","R","E","M","T","R","E","M","E","M","R","BOSS","M","$","M","M","?","R","E","?","T","M"],"items_purchased_type":["Card","Relic","Relic"],"build_version":"2020-12-22","purchased_purges":1,"victory":false,"max_hp_per_floor":[70,70,70,70,70,70,70,70,70,70,70,70,70,70,70,70,70,70,80,80,80,80,80,80,80,80,80,80],"relic_stats":{"counters":[13,51],"PreservedInsect":101,"Kunai":[10],"Cursed Key":1,"obtain_stats":[{"Du-Vu Doll":5,"Pear":19,"NeowsBlessing":0,"Molten Egg 2":13,"PreservedInsect":7,"The Courier":24,"Kunai":9,"Paper Crane":19,"Toxic Egg 2":26,"Cursed Key":17,"Ring of the Snake":0,"Old Coin":11},{"Du-Vu Doll":1,"Pear":9,"NeowsBlessing":0,"Molten Egg 2":6,"PreservedInsect":2,"The Courier":12,"Kunai":3,"Paper Crane":9,"Toxic Egg 2":12,"Cursed Key":8,"Ring of the Snake":0,"Old Coin":4},{"Du-Vu Doll":1,"Pear":38,"NeowsBlessing":0,"Molten Egg 2":20,"PreservedInsect":2,"The Courier":50,"Kunai":3,"Paper Crane":38,"Toxic Egg 2":50,"Cursed Key":33,"Ring of the Snake":0,"Old Coin":12}],"Ring of the Snake":[26]},"card_choices":[{"not_picked":["Deadly Poison","Sucker Punch"],"picked":"Caltrops","floor":1},{"not_picked":["Unload","Well Laid Plans"],"picked":"Backstab","floor":7},{"not_picked":["Deflect","Underhanded Strike"],"picked":"Catalyst","floor":8},{"not_picked":["Bane","Deflect"],"picked":"Noxious Fumes","floor":11},{"not_picked":["Flechettes","Acrobatics"],"picked":"Noxious Fumes","floor":12},{"not_picked":["Slice+1","Deflect","Phantasmal Killer"],"picked":"SKIP","floor":13},{"not_picked":["Endless Agony+1","Sucker Punch+1","Terror"],"picked":"SKIP","floor":14},{"not_picked":["Doppelganger","Wraith Form v2"],"picked":"Die Die Die+1","floor":16},{"not_picked":["Sucker Punch+1","Masterful Stab+1","Dodge and Roll"],"picked":"SKIP","floor":18},{"not_picked":["Blade Dance","Accuracy","Outmaneuver"],"picked":"SKIP","floor":20},{"not_picked":["Expertise+1","Prepared"],"picked":"Backflip+1","floor":21},{"not_picked":["Caltrops","Skewer+1"],"picked":"Deadly Poison","floor":24}],"player_experience":167688,"relics_obtained":[{"floor":7,"key":"PreservedInsect"},{"floor":9,"key":"Kunai"},{"floor":11,"key":"Old Coin"},{"floor":13,"key":"Molten Egg 2"},{"floor":24,"key":"The Courier"},{"floor":26,"key":"Toxic Egg 2"}],"event_choices":[{"cards_removed":["Strike_G"],"damage_healed":0,"gold_gain":0,"player_choice":"Card Removal","damage_taken":0,"max_hp_gain":0,"max_hp_loss":0,"event_name":"The Cleric","floor":2,"gold_loss":50},{"cards_removed":["Strike_G"],"damage_healed":0,"gold_gain":0,"player_choice":"Card Removal","damage_taken":7,"max_hp_gain":0,"max_hp_loss":0,"event_name":"Golden Wing","floor":3,"gold_loss":0},{"damage_healed":0,"gold_gain":0,"player_choice":"Box","damage_taken":0,"relics_obtained":["Du-Vu Doll"],"max_hp_gain":0,"max_hp_loss":0,"event_name":"Big Fish","floor":5,"gold_loss":0,"cards_obtained":["Regret"]},{"damage_healed":0,"gold_gain":0,"player_choice":"Simplicity","damage_taken":0,"max_hp_gain":0,"max_hp_loss":0,"event_name":"Back to Basics","floor":22,"gold_loss":0,"cards_upgraded":["Strike_G","Strike_G","Strike_G","Defend_G","Defend_G","Defend_G","Defend_G","Defend_G"]},{"damage_healed":0,"gold_gain":0,"player_choice":"Upgrade","damage_taken":0,"max_hp_gain":0,"max_hp_loss":0,"event_name":"Designer","floor":25,"gold_loss":40,"cards_upgraded":["Deadly Poison"]}],"is_beta":false,"boss_relics":[{"not_picked":["Fusion Hammer","SacredBark"],"picked":"Cursed Key"}],"items_purged_floors":[19],"is_endless":false,"potions_floor_spawned":[1,8,11,12,18,20,24],"killed_by":"Snake Plant","ascension_level":5}}