{"host":"szp1d6dso4pv7ddl","time":1611882535,"event":{"mods":["AchievementEnabler","Alarm Clock","BaseMod","Bestiary","Block Reminder","Colored Map","Colored Powertips","Curses Come First","Dark Map","Displayed Cursed Tome","Highlight Path","Minty Spire (QoL Compilation)","Permanent Neow","Quick Restart","Relic Sorter","Relic Stats","StSLib","Synergy Search"],"gold_per_floor":[111,111,36,36,36,36,111,111,137,150,163,175,191,91,91,191,191,209,118,128,142,142,142,161,161,161,161,180,180,180,180],"floor_reached":30,"language":"ENG","playtime":1286,"items_purged":["Defend_B","Strike_B"],"score":220,"play_id":"3b871ebe-2f7b-4eea-a633-eb7935084b51","local_time":"20210128170855","is_ascension_mode":false,"campfire_choices":[{"data":"Zap","floor":6,"key":"SMITH"},{"floor":8,"key":"REST"},{"data":"Dualcast","floor":15,"key":"SMITH"},{"floor":23,"key":"REST"},{"floor":27,"key":"REST"},{"floor":29,"key":"REST"}],"circlet_count":0,"master_deck":["Strike_B+1","Defend_B+1","Defend_B","Zap+1","Dualcast+1","Seek","Flash of Steel+1"],"relics":["Cracked Core","Ornamental Fan","Omamori","Runic Pyramid","Whetstone"],"acts_visited":["Exordium","TheCity"],"potions_floor_usage":[],"damage_taken":[{"damage":5,"enemies":"Small Slimes","floor":1,"turns":3},{"damage":0,"enemies":"2 Louse","floor":10,"turns":2},{"damage":1,"enemies":"Jaw Worm","floor":11,"turns":3},{"damage":0,"enemies":"2 Fungi Beasts","floor":12,"turns":3},{"damage":0,"enemies":"Large Slime","floor":13,"turns":4},{"damage":32,"enemies":"The Guardian","floor":16,"turns":12},{"damage":17,"enemies":"3 Byrds","floor":18,"turns":5},{"damage":0,"enemies":"Chosen","floor":20,"turns":4},{"damage":38,"enemies":"Centurion and Healer","floor":21,"turns":13},{"damage":28,"enemies":"Cultist and Chosen","floor":24,"turns":8},{"damage":20,"enemies":"Shelled Parasite and Fungi","floor":28,"turns":6},{"damage":26,"enemies":"Snecko","floor":30,"turns":5}],"seed_played":"7200276872158313710","potions_obtained":[{"floor":10,"key":"Swift Potion"},{"floor":11,"key":"Swift Potion"},{"floor":16,"key":"FearPotion"},{"floor":28,"key":"AttackPotion"}],"is_trial":false,"path_per_floor":["M","?","$","?","?","R","?","R","T","M","M","M","M","$","R","B",null,"M","$","M","M","?","R","M","?","T","R","M","R","M"],"character_chosen":"DEFECT","items_purchased":["Flash of Steel"],"campfire_rested":4,"item_purchase_floors":[19],"current_hp_per_floor":[63,56,56,56,44,44,33,53,53,53,52,52,52,52,52,20,68,51,51,51,13,13,33,5,5,5,25,5,25,0,0],"gold":180,"neow_bonus":"REMOVE_TWO","is_daily":false,"chose_seed":false,"campfire_upgraded":2,"win_rate":0.0,"timestamp":1611882535,"path_taken":["M","?","$","?","?","R","?","R","T","M","M","M","?","$","R","BOSS","M","$","M","M","?","R","M","?","T","R","M","R","M"],"items_purchased_type":["Card"],"build_version":"2020-12-22","purchased_purges":2,"victory":false,"max_hp_per_floor":[68,68,68,68,68,68,68,68,68,68,68,68,68,68,68,68,68,68,68,68,68,68,68,68,68,68,68,68,68,68,68],"relic_stats":{"counters":[12,68],"Ornamental Fan":[0],"Whetstone":["Flash of Steel","Strike_B"],"obtain_stats":[{"Ornamental Fan":5,"Omamori":9,"Whetstone":26,"Cracked Core":0,"Runic Pyramid":17},{"Ornamental Fan":1,"Omamori":1,"Whetstone":10,"Cracked Core":0,"Runic Pyramid":6},{"Ornamental Fan":3,"Omamori":3,"Whetstone":57,"Cracked Core":0,"Runic Pyramid":27}]},"card_choices":[{"not_picked":["Conserve Battery","Hologram","Stack"],"picked":"SKIP","floor":1},{"not_picked":["Go for the Eyes","Beam Cell","Cold Snap"],"picked":"SKIP","floor":10},{"not_picked":["Reinforced Body","FTL","Steam"],"picked":"SKIP","floor":11},{"not_picked":["Streamline","Steam","Cold Snap"],"picked":"SKIP","floor":12},{"not_picked":["Coolheaded","Streamline","Electrodynamics"],"picked":"SKIP","floor":13},{"not_picked":["Buffer","Meteor Strike"],"picked":"Seek","floor":16},{"not_picked":["Storm","Steam","Beam Cell+1"],"picked":"SKIP","floor":18},{"not_picked":["Gash","Lockon+1","Steam"],"picked":"SKIP","floor":20},{"not_picked":["Streamline","Force Field","Self Repair+1"],"picked":"SKIP","floor":21},{"not_picked":["Go for the Eyes","Loop+1","Aggregate+1"],"picked":"SKIP","floor":24},{"not_picked":["Gash","Glacier","Storm"],"picked":"SKIP","floor":28},{"not_picked":["Gash","Glacier","Storm"],"picked":"SKIP","floor":28}],"player_experience":1305697,"relics_obtained":[{"floor":9,"key":"Omamori"},{"floor":26,"key":"Whetstone"}],"event_choices":[{"cards_removed":["Strike_B"],"damage_healed":0,"gold_gain":0,"player_choice":"Card Removal","damage_taken":7,"max_hp_gain":0,"max_hp_loss":0,"event_name":"Golden Wing","floor":2,"gold_loss":0},{"damage_healed":0,"gold_gain":0,"player_choice":"Ignored","damage_taken":0,"max_hp_gain":0,"max_hp_loss":0,"event_name":"Shining Light","floor":4,"gold_loss":0},{"damage_healed":0,"gold_gain":0,"player_choice":"Success","damage_taken":12,"relics_obtained":["Ornamental Fan"],"max_hp_gain":0,"max_hp_loss":0,"event_name":"Scrap Ooze","floor":5,"gold_loss":0},{"damage_healed":0,"gold_gain":75,"player_choice":"Gather Gold","damage_taken":11,"max_hp_gain":0,"max_hp_loss":0,"event_name":"World of Goop","floor":7,"gold_loss":0},{"damage_healed":0,"gold_gain":0,"player_choice":"Ignored","damage_taken":0,"max_hp_gain":0,"max_hp_loss":0,"event_name":"The Mausoleum","floor":22,"gold_loss":0},{"damage_healed":0,"gold_gain":0,"player_choice":"Forge","damage_taken":0,"max_hp_gain":0,"max_hp_loss":0,"event_name":"Accursed Blacksmith","floor":25,"gold_loss":0,"cards_upgraded":["Defend_B"]}],"is_beta":false,"boss_relics":[{"not_picked":["Runic Dome","Sozu"],"picked":"Runic Pyramid"}],"items_purged_floors":[3,14],"is_endless":false,"potions_floor_spawned":[10,11,16,24,28],"killed_by":"Snecko","ascension_level":0}}