{"host":"kpyf5rnb72uwap8k","time":1611878879,"event":{"mods":["AchievementEnabler","BaseMod","Colored Map","Colored Powertips","DeckTracker","Minty Spire (QoL Compilation)","Permanent Neow","Quick Restart","StSLib","SuperFastMode"],"gold_per_floor":[111,40,51,51,66,98,115,115,192,63,63,90,90,133,133,245,254,278,85,94,120,56,56,84,96,96,96,96],"floor_reached":27,"language":"KOR","playtime":599,"items_purged":["Strike_R","Strike_R"],"score":274,"play_id":"0fafdb83-6834-4dbe-bf54-4c5b44b5d483","local_time":"20210129090759","is_ascension_mode":true,"campfire_choices":[{"data":"Immolate","floor":8.0,"key":"SMITH"},{"data":"Shrug It Off","floor":11.0,"key":"SMITH"},{"floor":15.0,"key":"REST"},{"data":"Power Through","floor":23.0,"key":"SMITH"}],"circlet_count":0,"master_deck":["Strike_R","Strike_R","Defend_R","Defend_R","Defend_R","Defend_R","Bash","Pommel Strike","Hemokinesis","Headbutt","Immolate+1","Shrug It Off+1","Rupture","Double Tap","CurseOfTheBell","True Grit+1","Combust","Blood for Blood","Decay","Shrug It Off","Power Through+1"],"relics":["Burning Blood","FossilizedHelix","Sundial","CeramicFish","Strawberry","Calling Bell","Oddly Smooth Stone","Question Card","Du-Vu Doll","Dream Catcher","TungstenRod"],"acts_visited":["Exordium","TheCity"],"potions_floor_usage":[27],"damage_taken":[{"damage":4.0,"enemies":"2 Louse","floor":1.0,"turns":3.0},{"damage":3.0,"enemies":"Cultist","floor":3.0,"turns":3.0},{"damage":8.0,"enemies":"Small Slimes","floor":5.0,"turns":2.0},{"damage":16.0,"enemies":"Gremlin Nob","floor":6.0,"turns":3.0},{"damage":2.0,"enemies":"Looter","floor":7.0,"turns":2.0},{"damage":27.0,"enemies":"3 Sentries","floor":12.0,"turns":5.0},{"damage":12.0,"enemies":"Lagavulin","floor":14.0,"turns":5.0},{"damage":35.0,"enemies":"Slime Boss","floor":16.0,"turns":8.0},{"damage":8.0,"enemies":"Chosen","floor":18.0,"turns":3.0},{"damage":26.0,"enemies":"2 Thieves","floor":21.0,"turns":3.0},{"damage":39.0,"enemies":"Slavers","floor":24.0,"turns":4.0},{"damage":31.0,"enemies":"Snecko","floor":25.0,"turns":5.0},{"damage":11,"enemies":"Book of Stabbing","floor":27,"turns":4}],"seed_played":"-5959215247850436432","potions_obtained":[{"floor":1.0,"key":"CultistPotion"},{"floor":3.0,"key":"Fire Potion"},{"floor":5.0,"key":"EssenceOfSteel"},{"floor":7.0,"key":"AttackPotion"},{"floor":25.0,"key":"BlessingOfTheForge"}],"is_trial":false,"path_per_floor":["M","$","M","?","M","E","M","R","T","$","R","E","?","E","R","B",null,"M","$","?","M","$","R","E","M","T","E"],"character_chosen":"IRONCLAD","items_purchased":["Hemokinesis","Shrug It Off","Combust","Blood for Blood","Power Through"],"campfire_rested":1,"item_purchase_floors":[2,10,19,19,22],"current_hp_per_floor":[80,80,80,80,78,68,72,72,72,72,72,51,51,52,78,49,87,85,85,85,65,65,65,32,7,7,0,0],"gold":96,"neow_bonus":"THREE_CARDS","is_daily":false,"chose_seed":false,"campfire_upgraded":3,"win_rate":0.0,"timestamp":1611878879,"path_taken":["M","$","M","?","M","E","M","R","T","?","R","E","?","E","R","BOSS","M","$","?","M","$","R","E","M","T","E"],"items_purchased_type":["Card","Card","Card","Card","Card"],"build_version":"2020-12-22","purchased_purges":2,"victory":false,"max_hp_per_floor":[80,80,80,80,80,80,80,80,80,80,80,80,80,87,87,87,87,87,87,87,87,87,87,87,87,87,87,87],"card_choices":[{"not_picked":["Flex","Clash"],"picked":"Pommel Strike","floor":0.0},{"not_picked":["Searing Blow","Dual Wield","Reckless Charge"],"picked":"SKIP","floor":1.0},{"not_picked":["Searing Blow","Burning Pact"],"picked":"Headbutt","floor":3.0},{"not_picked":["Warcry","Body Slam","Wild Strike"],"picked":"SKIP","floor":5.0},{"not_picked":["Bloodletting","Evolve","Berserk"],"picked":"SKIP","floor":6.0},{"not_picked":["True Grit","Flex","Anger"],"picked":"SKIP","floor":7.0},{"not_picked":["Anger","Feel No Pain","Spot Weakness"],"picked":"SKIP","floor":12.0},{"not_picked":["Seeing Red","Warcry"],"picked":"Rupture","floor":14.0},{"not_picked":["Immolate","Bludgeon"],"picked":"Double Tap","floor":16.0},{"not_picked":["Dual Wield+1","Sword Boomerang","Uppercut+1"],"picked":"True Grit+1","floor":18.0},{"not_picked":["Disarm+1","Perfected Strike","Wild Strike"],"picked":"Shrug It Off","floor":21.0},{"not_picked":["Metallicize+1","Intimidate","Rage","Burning Pact"],"picked":"SKIP","floor":24.0},{"not_picked":["Reckless Charge+1","Pummel","Metallicize","Warcry"],"picked":"SKIP","floor":25.0}],"player_experience":228238,"relics_obtained":[{"floor":6.0,"key":"FossilizedHelix"},{"floor":9.0,"key":"Sundial"},{"floor":12.0,"key":"CeramicFish"},{"floor":14.0,"key":"Strawberry"},{"floor":17.0,"key":"Oddly Smooth Stone"},{"floor":17.0,"key":"Question Card"},{"floor":17.0,"key":"Du-Vu Doll"},{"floor":24.0,"key":"Dream Catcher"},{"floor":26.0,"key":"TungstenRod"}],"event_choices":[{"damage_healed":0.0,"max_hp_gain":0.0,"max_hp_loss":0.0,"gold_gain":0.0,"event_name":"Match and Keep!","player_choice":"1 cards matched","floor":4.0,"gold_loss":0.0,"damage_taken":0.0,"cards_obtained":["Immolate"]},{"cards_removed":["Strike_R"],"damage_healed":0.0,"max_hp_gain":0.0,"max_hp_loss":0.0,"gold_gain":0.0,"event_name":"Living Wall","player_choice":"Forget","floor":13.0,"gold_loss":0.0,"damage_taken":0.0},{"damage_healed":0.0,"max_hp_gain":0.0,"max_hp_loss":0.0,"gold_gain":0.0,"event_name":"Forgotten Altar","player_choice":"Smashed Altar","floor":20.0,"gold_loss":0.0,"damage_taken":0.0,"cards_obtained":["Decay"]}],"is_beta":false,"boss_relics":[{"not_picked":["Mark of Pain","Ectoplasm"],"picked":"Calling Bell"}],"items_purged_floors":[10,19],"is_endless":false,"potions_floor_spawned":[1,3,5,7,14,18,21,25],"killed_by":"Book of Stabbing","ascension_level":2}}