{"host":"ugys05tpep779cl6","time":1611936966,"event":{"mods":["AchievementEnabler","Aspiration","BaseMod","Beaked The Cultist","CatGirl Mod","Colored Powertips","HololiveMod","Lobotomy","Minty Spire (QoL Compilation)","Quick Restart","Replay The Spire","Spicy Shops","StSLib","The Druid"],"gold_per_floor":[112,37,37,53,66,66,91,91,91,91,91],"floor_reached":10,"language":"ENG","playtime":433,"items_purged":["Strike_G"],"score":125,"play_id":"875aac5a-a525-4e49-9149-36f39b9d71c4","local_time":"20210129171606","is_ascension_mode":true,"campfire_choices":[{"data":"Neutralize","floor":6,"key":"SMITH"}],"circlet_count":0,"master_deck":["AscendersBane","Strike_G","Strike_G","Strike_G","Strike_G","Defend_G","Defend_G","Defend_G","Defend_G","Survivor","Neutralize+1","Hidden Blade","Eviscerate","Adrenaline"],"relics":["Ring of the Snake","aspiration:Nostalgia","theDruid:CrownOfTheWilds","aspiration:StickyExplosives_weak","Divine Protection"],"acts_visited":["Exordium"],"potions_floor_usage":[4],"damage_taken":[{"damage":0,"enemies":"2 Louse","floor":1,"turns":4},{"damage":0,"enemies":"Cultist","floor":4,"turns":4},{"damage":0,"enemies":"Small Slimes","floor":5,"turns":5},{"damage":61,"enemies":"3 Sentries","floor":7,"turns":18},{"damage":21,"enemies":"Gremlin Nob","floor":10,"turns":3}],"seed_played":"-191573963552292194","potions_obtained":[{"floor":4,"key":"Fruit Juice"}],"is_trial":false,"path_per_floor":["M","$","?","M","M","R","E","?","T","E"],"character_chosen":"THE_SILENT","items_purchased":[],"campfire_rested":0,"item_purchase_floors":[],"current_hp_per_floor":[59,59,59,64,64,64,3,3,3,0,0],"gold":91,"neow_bonus":"NOSTALGIA","is_daily":false,"chose_seed":false,"campfire_upgraded":1,"win_rate":0.0,"timestamp":1611936966,"path_taken":["M","$","?","?","M","R","E","?","T","E"],"items_purchased_type":[],"build_version":"2020-12-22","purchased_purges":1,"victory":false,"max_hp_per_floor":[66,66,66,71,71,71,71,71,71,71,71],"card_choices":[{"not_picked":["Leg Sweep","Dash"],"picked":"Hidden Blade","floor":1},{"not_picked":["Deadly Poison","Sucker Punch","Flying Knee"],"picked":"SKIP","floor":4},{"not_picked":["Deflect","Underhanded Strike"],"picked":"Eviscerate","floor":5},{"not_picked":["Concentrate","Riddle With Holes"],"picked":"Adrenaline","floor":7}],"player_experience":1178285,"relics_obtained":[{"floor":7,"key":"aspiration:StickyExplosives_weak"},{"floor":9,"key":"Divine Protection"}],"event_choices":[{"cards_removed":["Defend_G"],"damage_healed":0,"gold_gain":0,"player_choice":"Purged","damage_taken":0,"max_hp_gain":0,"max_hp_loss":0,"event_name":"Purifier","floor":3,"gold_loss":0},{"damage_healed":0,"gold_gain":0,"player_choice":"Fled","damage_taken":0,"max_hp_gain":0,"max_hp_loss":0,"event_name":"Scrap Ooze","floor":8,"gold_loss":0}],"is_beta":false,"boss_relics":[],"items_purged_floors":[2],"is_endless":false,"potions_floor_spawned":[4],"killed_by":"Gremlin Nob","ascension_level":18}}