{"host":"dbb4fkd1j4jczim2","time":1611899769,"event":{"mods":["BaseMod","Downfall","Marisa????????","Minty Spire (QoL Compilation)","Permanent Neow","StSLib"],"gold_per_floor":[99,111,211,211,211,211,211,42,56,82,97,12,12,35,46,150,150,150,161,173,189,189,28,28,46,58,74,92,109,9,22,42,42,42,42],"floor_reached":33,"language":"ENG","playtime":1621,"items_purged":["Pain","Slimebound:Defend_Slimebound"],"score":353,"play_id":"53237b85-1e65-4a56-9424-c7f4e566e569","local_time":"20210128235609","is_ascension_mode":false,"campfire_choices":[{"data":"Panacea","floor":1,"key":"SMITH"},{"data":"Slimebound:ForwardTackle","floor":6,"key":"SMITH"},{"data":"Slimebound:OneTwoCombo","floor":18,"key":"SMITH"},{"floor":30,"key":"REST"}],"circlet_count":0,"master_deck":["Slimebound:Strike_Slimebound","Slimebound:Strike_Slimebound","Slimebound:Tackle","Slimebound:Defend_Slimebound","Slimebound:Defend_Slimebound+1","Slimebound:Defend_Slimebound","Slimebound:Split+1","Slimebound:CorrosiveSpit","Panacea+1","Slimebound:ForwardTackle+1","Slimebound:FirmFortitude+1","downfall:Malfunctioning","Decay","downfall:Haunted","Slimebound:Gluttony","Slimebound:Schlurp","Slimebound:AcidTongue","Slimebound:GoopTackle","Slimebound:OneTwoCombo+1","Clumsy","Slimebound:Teamwork","Slimebound:RainOfGoop","Slimebound:LeadByExample","Slimebound:LivingWall","Slimebound:MinionMaster","Slimebound:SplitBruiser","Pain","Slimebound:SlimeSpikes","Slimebound:MinionMaster","Slimebound:GoopTackle+1","Slimebound:FormOfPuddle"],"relics":["Slimebound:AbsorbEndCombat","downfall:ExtraCursedKey","Mercury Hourglass","Slimebound:MaxSlimesRelic","Anchor","Omamori","Sozu","Slimebound:AggressiveSlimeRelic","downfall:HeartBlessingGreen"],"acts_visited":["Exordium","TheCity"],"potions_floor_usage":[16,16,16],"damage_taken":[{"damage":10,"enemies":"Cultist","floor":2,"turns":5},{"damage":5,"enemies":"downfall:FleeingMerchant","floor":8,"turns":4},{"damage":7,"enemies":"Small Slimes","floor":9,"turns":2},{"damage":10,"enemies":"3 Sentries","floor":10,"turns":5},{"damage":2,"enemies":"2 Louse","floor":11,"turns":3},{"damage":3,"enemies":"downfall:FleeingMerchant","floor":12,"turns":4},{"damage":0,"enemies":"Lots of Slimes","floor":15,"turns":3},{"damage":20,"enemies":"WA_ARCHETYPE_RETAIN","floor":16,"turns":6},{"damage":2,"enemies":"Shell Parasite","floor":19,"turns":3},{"damage":1,"enemies":"Chosen","floor":20,"turns":4},{"damage":23,"enemies":"Snake Plant","floor":21,"turns":3},{"damage":0,"enemies":"downfall:FleeingMerchant","floor":23,"turns":4},{"damage":8,"enemies":"Cultist and Chosen","floor":25,"turns":4},{"damage":3,"enemies":"Sentry and Sphere","floor":26,"turns":3},{"damage":11,"enemies":"Centurion and Healer","floor":27,"turns":6},{"damage":18,"enemies":"Shelled Parasite and Fungi","floor":28,"turns":4},{"damage":23,"enemies":"3 Cultists","floor":29,"turns":5},{"damage":21,"enemies":"Snake Plant","floor":31,"turns":3},{"damage":9,"enemies":"Shelled Parasite and Fungi","floor":32,"turns":2},{"damage":23,"enemies":"IC_MUSHROOM_ARCHETYPE","floor":33,"turns":7}],"seed_played":"1422829774439943020","potions_obtained":[{"floor":2,"key":"Swift Potion"},{"floor":9,"key":"Weak Potion"},{"floor":15,"key":"Explosive Potion"}],"is_trial":false,"path_per_floor":["R","M","?","?","?","R","T","$","M","E","M","$","?","T","M","B",null,"R","M","M","M","?","$","T","M","M","M","M","M","R","M","M","B"],"character_chosen":"SLIMEBOUND","items_purchased":["Slimebound:Gluttony","Slimebound:OneTwoCombo","Slimebound:SplitBruiser"],"campfire_rested":1,"item_purchase_floors":[8,12,23],"current_hp_per_floor":[65,57,62,62,62,62,62,61,54,48,46,51,51,51,53,41,70,70,70,70,47,47,53,53,49,46,43,29,10,31,12,7,0,0,0],"gold":42,"neow_bonus":"RANDOM_COLORLESS","is_daily":false,"chose_seed":false,"campfire_upgraded":3,"win_rate":0.0,"timestamp":1611899769,"path_taken":["R","M","?","?","?","R","T","$","M","E","?","$","?","?","M","BOSS","R","M","M","M","?","?","T","M","M","M","?","M","R","M","M","BOSS"],"items_purchased_type":["Card","Card","Card"],"build_version":"2020-12-22","purchased_purges":2,"victory":false,"max_hp_per_floor":[65,65,70,70,70,70,70,70,70,70,70,70,70,70,70,70,70,70,70,70,70,70,70,70,70,70,70,70,70,70,70,70,70,70,70],"card_choices":[{"not_picked":["Deep Breath","Trip"],"picked":"Panacea","floor":0},{"not_picked":["Slimebound:SamplingLick","Slimebound:LeechingTouch"],"picked":"Slimebound:ForwardTackle","floor":2},{"not_picked":["Slimebound:FlameTackle","Slimebound:FormOfPuddle","Slimebound:TongueLash"],"picked":"SKIP","floor":8},{"not_picked":["Slimebound:DisruptingSlam","Slimebound:RejuvenatingLick"],"picked":"Slimebound:Schlurp","floor":9},{"not_picked":["Slimebound:TongueLash","Slimebound:RollThrough"],"picked":"Slimebound:AcidTongue","floor":10},{"not_picked":["Slimebound:FlameTackle","Slimebound:ProtectTheBoss"],"picked":"Slimebound:GoopTackle","floor":11},{"not_picked":["Slimebound:PressTheAttack","Slimebound:SlimeBarrage","Slimebound:SplitBruiser"],"picked":"SKIP","floor":12},{"not_picked":["Slimebound:LeechingTouch","Slimebound:GoopSpray","Slimebound:ProtectTheBoss"],"picked":"SKIP","floor":15},{"not_picked":["Slimebound:OneTwoCombo","Slimebound:MassRepurpose"],"picked":"Slimebound:Teamwork","floor":16},{"not_picked":["Slimebound:Dissolve","Slimebound:ProtectTheBoss"],"picked":"Slimebound:RainOfGoop","floor":19},{"not_picked":["Slimebound:ViciousTackle","Slimebound:ItLooksTasty+1"],"picked":"Slimebound:LeadByExample","floor":20},{"not_picked":["Slimebound:GoopTackle","Slimebound:LeechEnergy+1"],"picked":"Slimebound:LivingWall","floor":21},{"not_picked":["Slimebound:SplitMire","Slimebound:Chomp+1"],"picked":"Slimebound:MinionMaster","floor":23},{"not_picked":["Slimebound:SamplingLick","Slimebound:SplitLeeching"],"picked":"Slimebound:SlimeSpikes","floor":25},{"not_picked":["Slimebound:Prepare+1","Slimebound:SlimeBarrage"],"picked":"Slimebound:MinionMaster","floor":26},{"not_picked":["Slimebound:SlimeSpikes","Slimebound:RollThrough","Slimebound:RejuvenatingLick"],"picked":"SKIP","floor":27},{"not_picked":["Slimebound:FinishingTackle","Slimebound:SplitMire","Slimebound:Prepare"],"picked":"SKIP","floor":28},{"not_picked":["Slimebound:DisruptingSlam","Slimebound:SplitAcid+1"],"picked":"Slimebound:GoopTackle+1","floor":29},{"not_picked":["Slimebound:SplitMire+1","Slimebound:HauntingLick","Slimebound:GoopSpray"],"picked":"SKIP","floor":31},{"not_picked":["Slimebound:AcidTongue","Slimebound:RollThrough"],"picked":"Slimebound:FormOfPuddle","floor":32}],"player_experience":319922,"relics_obtained":[{"floor":5,"key":"Mercury Hourglass"},{"floor":7,"key":"Slimebound:MaxSlimesRelic"},{"floor":10,"key":"Anchor"},{"floor":14,"key":"Omamori"},{"floor":24,"key":"Slimebound:AggressiveSlimeRelic"}],"event_choices":[{"damage_healed":0,"gold_gain":0,"player_choice":"Relic","damage_taken":0,"max_hp_gain":0,"max_hp_loss":0,"event_name":"Wheel of Change","floor":5,"gold_loss":0},{"cards_removed":["downfall:Bewildered"],"damage_healed":0,"gold_gain":0,"player_choice":"Card Removal","damage_taken":0,"max_hp_gain":0,"max_hp_loss":0,"event_name":"The Cleric","floor":13,"gold_loss":0}],"is_beta":false,"boss_relics":[{"not_picked":["Slimebound:AbsorbEndCombatUpgraded","Pandora\u0027s Box"],"picked":"Sozu"}],"items_purged_floors":[8,23],"is_endless":false,"potions_floor_spawned":[2,9,15,19,20,21,28,29],"killed_by":"IC_MUSHROOM_ARCHETYPE","ascension_level":0}}