{"host":"2lvuisjyit3p3u01","time":1611954144,"event":{"mods":["Act Like it!","BaseMod","Bestiary","Better Synergies","CapriCore","Colored Map","Colored Powertips","Duelist Mod","GifTheSpireLib","Minty Spire (QoL Compilation)","Quick Restart","Replay The Spire","StSLib","TheVacant"],"gold_per_floor":[110,125,143,156,231,231,245,263,263,66,66,66,85,105,105,201,201,212,225,225,239,254,254,264,264,264,299,299,318,332,32,32,131,131,144,156,156,156,166,166,196,196,196,196,214,228,247,259,259,259,259],"floor_reached":50,"language":"ENG","playtime":2752,"items_purged":["theVacant:VacantStarterDefend"],"score":669,"play_id":"8beaeb0f-d54d-42ce-8b2c-5088db04586a","local_time":"20210129230224","is_ascension_mode":false,"campfire_choices":[{"data":"theVacant:ShriekingBlast","floor":6.0,"key":"SMITH"},{"data":"theVacant:Release","floor":12.0,"key":"SMITH"},{"data":"theVacant:Anguish","floor":15.0,"key":"SMITH"},{"floor":23,"key":"REST"},{"floor":28,"key":"REST"},{"data":"theVacant:Rejection","floor":32,"key":"SMITH"},{"data":"theVacant:ForgeSoul","floor":40,"key":"SMITH"},{"data":"theVacant:Voidstone","floor":49,"key":"SMITH"}],"circlet_count":0,"master_deck":["theVacant:VacantStarterStrike+1","theVacant:VacantStarterStrike+1","theVacant:VacantStarterStrike+1","theVacant:VacantStarterStrike+1","theVacant:VacantStarterDefend+1","theVacant:VacantStarterDefend+1","theVacant:VacantStarterDefend+1","theVacant:Release+1","theVacant:Crunch+1","theVacant:CursedBlast+1","theVacant:Anguish+1","theVacant:ShriekingBlast+1","theVacant:Enrage+1","theVacant:CursedBlast+1","theVacant:ShutAway+1","theVacant:Husk+1","Amnesia","theVacant:Jab+1","theVacant:Fling+1","theVacant:Rejection+1","theVacant:Expand+1","theVacant:Spinshield+1","theVacant:CursedBlast+1","theVacant:Jab+1","theVacant:Recover+1","theVacant:Dig+1","theVacant:Whip+1","theVacant:ForgeSoul+1","theVacant:Whip+1","theVacant:SurpriseAttack+1","CommonCold","theVacant:Whip+1","theVacant:Whip+1","theVacant:Voidstone+1","theVacant:EyePoke+1","theVacant:ShriekingBlast","Parasite","theVacant:Barrage+1"],"relics":["theVacant:BrassGoblet","Shuriken","Honey Jar","Enchiridion","Mummified Hand","Bag of Preparation","Lee\u0027s Waffle","Pen Nib","SacredBark","Potion Belt","Mark of the Bloom","HornCleat","Regal Pillow"],"acts_visited":["Exordium","TheCity","TheBeyond"],"potions_floor_usage":[30,30,33,33,41,46,47,48],"damage_taken":[{"damage":0.0,"enemies":"Cultist","floor":1.0,"turns":3.0},{"damage":0.0,"enemies":"Jaw Worm","floor":2.0,"turns":3.0},{"damage":3.0,"enemies":"Small Slimes","floor":3.0,"turns":3.0},{"damage":8.0,"enemies":"Exordium Wildlife","floor":4.0,"turns":2.0},{"damage":4.0,"enemies":"Gremlin Gang","floor":7.0,"turns":3.0},{"damage":0.0,"enemies":"2 Fungi Beasts","floor":8.0,"turns":1.0},{"damage":28.0,"enemies":"Exordium Thugs","floor":13.0,"turns":5.0},{"damage":0.0,"enemies":"Red Slaver","floor":14.0,"turns":1.0},{"damage":0.0,"enemies":"Slime Boss","floor":16.0,"turns":2.0},{"damage":0.0,"enemies":"3 Byrds","floor":18.0,"turns":1.0},{"damage":25.0,"enemies":"Shell Parasite","floor":19.0,"turns":4.0},{"damage":0.0,"enemies":"3 Cultists","floor":21.0,"turns":1.0},{"damage":30,"enemies":"Snake Plant","floor":22,"turns":3},{"damage":10,"enemies":"Snecko","floor":24,"turns":5},{"damage":30,"enemies":"theDuelist:KaibaA2","floor":27,"turns":3},{"damage":6,"enemies":"Centurion and Healer","floor":29,"turns":3},{"damage":0,"enemies":"Snake Plant","floor":30,"turns":2},{"damage":11,"enemies":"Pondfish","floor":33,"turns":6},{"damage":1,"enemies":"Orb Walker","floor":35,"turns":2},{"damage":39,"enemies":"3 Shapes","floor":36,"turns":2},{"damage":4,"enemies":"Maw","floor":39,"turns":4},{"damage":6,"enemies":"Giant Head","floor":41,"turns":5},{"damage":0,"enemies":"4 Shapes","floor":45,"turns":1},{"damage":0,"enemies":"3 Darklings","floor":46,"turns":1},{"damage":0,"enemies":"Jaw Worm Horde","floor":47,"turns":3},{"damage":0,"enemies":"Writhing Mass","floor":48,"turns":3},{"damage":95,"enemies":"Awakened One","floor":50,"turns":5}],"seed_played":"7607592686554558450","potions_obtained":[{"floor":4.0,"key":"DistilledChaos"},{"floor":8.0,"key":"SkillPotion"},{"floor":13.0,"key":"ColorlessPotion"},{"floor":14.0,"key":"DuplicationPotion"},{"floor":22,"key":"Block Potion"},{"floor":27,"key":"Block Potion"},{"floor":29,"key":"Fire Potion"},{"floor":30,"key":"ColorlessPotion"},{"floor":35,"key":"Swift Potion"},{"floor":41,"key":"Adrenaline Potion"},{"floor":45,"key":"PowerPotion"},{"floor":47,"key":"Flashbang"}],"is_trial":false,"path_per_floor":["M","M","M","M","?","R","M","M","T","$","?","R","M","M","R_BF","B",null,"M","M","?","M","M","R","M","?","T","E","R","M","M","$","R","B",null,"M","M","?","?","M","R","E","?","T","T","M","M","M","M","R_BF","B"],"character_chosen":"THE_VACANT","items_purchased":["theVacant:Husk","Energy Potion","Lee\u0027s Waffle","Pen Nib"],"campfire_rested":2,"item_purchase_floors":[10,10,31,31],"current_hp_per_floor":[88,88,85,77,66,66,62,62,62,62,88,88,60,60,60,60,88,88,63,47,47,17,43,33,33,33,5,32,31,31,97,97,87,97,96,58,58,58,59,59,61,61,61,61,61,61,61,61,61,0,0],"gold":259,"neow_bonus":"TEN_PERCENT_HP_BONUS","is_daily":false,"chose_seed":false,"campfire_upgraded":6,"win_rate":0.0,"timestamp":1611954144,"path_taken":["M","M","?","M","?","R","M","M","T","?","?","R","M","?","R_BF","BOSS","M","?","?","M","M","R","M","?","T","E","R","?","M","?","R","BOSS","M","M","?","?","M","R","E","?","T","?","M","M","?","M","R_BF","BOSS"],"items_purchased_type":["Card","Potion","Relic","Relic"],"build_version":"2020-12-22","purchased_purges":1,"victory":false,"max_hp_per_floor":[88,88,88,88,88,88,88,88,88,88,88,88,88,88,88,88,88,88,88,88,88,88,88,88,88,88,90,90,90,90,97,97,97,97,97,97,97,97,97,97,99,99,99,99,99,99,99,99,99,102,102],"card_choices":[{"not_picked":["theVacant:OnSecondThought","theVacant:EyePoke"],"picked":"theVacant:CursedBlast","floor":1.0},{"not_picked":["theVacant:GraveWave","theVacant:Expand"],"picked":"theVacant:Anguish","floor":2.0},{"not_picked":["theVacant:Yeet","theVacant:ShutAway"],"picked":"theVacant:ShriekingBlast","floor":3.0},{"not_picked":["theVacant:Cower","theVacant:Soothe"],"picked":"theVacant:Enrage","floor":4.0},{"not_picked":["theVacant:Expand","theVacant:FranticBlow"],"picked":"theVacant:CursedBlast","floor":7.0},{"not_picked":["theVacant:EyePoke","theVacant:BattleScars"],"picked":"theVacant:ShutAway","floor":8.0},{"not_picked":["theVacant:OnSecondThought","theVacant:FiendFrost"],"picked":"theVacant:Jab","floor":13.0},{"not_picked":["theVacant:Soothe","theVacant:Anguish"],"picked":"theVacant:Fling","floor":14.0},{"not_picked":["theVacant:DarkStrike","theVacant:FromNothing"],"picked":"theVacant:Rejection","floor":16.0},{"not_picked":["theVacant:Cower","theVacant:Sneeze","theVacant:GraveDigger"],"picked":"theVacant:Expand","floor":18.0},{"not_picked":["theVacant:Thoughtseize","theVacant:FranticBlow","theVacant:Whip"],"picked":"theVacant:Spinshield","floor":19.0},{"not_picked":["theVacant:Fling+1","theVacant:BattleScars","theVacant:Fortify"],"picked":"theVacant:CursedBlast","floor":21.0},{"not_picked":["theVacant:GraveWave+1","theVacant:Fortify","theVacant:TwistFate"],"picked":"theVacant:Jab","floor":22},{"not_picked":["theVacant:FranticBlow+1","theVacant:Reconnect+1","theVacant:Dig"],"picked":"theVacant:Recover","floor":24},{"not_picked":["theVacant:ReaperStrike","theVacant:FiendFrost","theVacant:Reconnect"],"picked":"theVacant:Dig","floor":27},{"not_picked":["theVacant:Throttle","theVacant:ShutAway+1","theVacant:BurdenBreak+1"],"picked":"theVacant:ShriekingBlast","floor":29},{"not_picked":["theVacant:Recover","theVacant:SpiritOrb","theVacant:FranticBlow"],"picked":"theVacant:Whip+1","floor":30},{"not_picked":["theVacant:WhenDarknessComes","theVacant:TheAnvil","theVacant:DimensionTear"],"picked":"theVacant:ForgeSoul","floor":33},{"not_picked":["theVacant:TwistFate","theVacant:Thoughtseize+1","theVacant:ShriekingBlast+1"],"picked":"theVacant:Whip+1","floor":35},{"not_picked":["theVacant:Throttle+1","theVacant:Soothe+1","theVacant:Yeet"],"picked":"theVacant:SurpriseAttack+1","floor":36},{"not_picked":["theVacant:Dig+1","theVacant:Soothe+1","theVacant:Recover"],"picked":"theVacant:Whip+1","floor":39},{"not_picked":["theVacant:IntoTheAbyss+1","theVacant:Necromancy+1","theVacant:BattleScars"],"picked":"theVacant:Whip","floor":41},{"not_picked":["theVacant:Enrage","theVacant:Cower+1","theVacant:Thoughtseize+1"],"picked":"theVacant:Voidstone","floor":45},{"not_picked":["theVacant:FranticBlow","theVacant:LashOut+1","theVacant:Cower"],"picked":"theVacant:EyePoke+1","floor":46},{"not_picked":["theVacant:Cower+1","theVacant:Soothe+1","theVacant:GraveWave"],"picked":"theVacant:ShriekingBlast","floor":47},{"not_picked":["theVacant:GraveWave+1","theVacant:BattleScars","theVacant:Whip+1"],"picked":"theVacant:Barrage+1","floor":48}],"player_experience":324225,"relics_obtained":[{"floor":9.0,"key":"Shuriken"},{"floor":20.0,"key":"Enchiridion"},{"floor":26,"key":"Mummified Hand"},{"floor":27,"key":"Bag of Preparation"},{"floor":41,"key":"Potion Belt"},{"floor":43,"key":"HornCleat"},{"floor":44,"key":"Regal Pillow"}],"event_choices":[{"damage_healed":0.0,"max_hp_gain":0.0,"max_hp_loss":0.0,"gold_gain":75.0,"event_name":"World of Goop","player_choice":"Gather Gold","floor":5.0,"gold_loss":0.0,"damage_taken":11.0},{"damage_healed":0.0,"max_hp_gain":0.0,"max_hp_loss":0.0,"gold_gain":0.0,"event_name":"Cursed Tome","player_choice":"Obtained Book","floor":20.0,"gold_loss":0.0,"damage_taken":16.0},{"damage_healed":0,"gold_gain":0,"player_choice":"0 cards matched","damage_taken":0,"max_hp_gain":0,"max_hp_loss":0,"event_name":"Match and Keep!","floor":25,"gold_loss":0,"cards_obtained":[]},{"cards_removed":["theVacant:ShriekingBlast"],"damage_healed":0,"gold_gain":0,"player_choice":"Removed Attack","damage_taken":0,"max_hp_gain":0,"max_hp_loss":0,"event_name":"Falling","floor":38,"gold_loss":0},{"damage_healed":0,"gold_gain":0,"player_choice":"Upgrade","damage_taken":0,"relics_obtained":["Mark of the Bloom"],"max_hp_gain":0,"max_hp_loss":0,"event_name":"MindBloom","floor":42,"gold_loss":0,"cards_upgraded":["theVacant:VacantStarterStrike","theVacant:VacantStarterStrike","theVacant:VacantStarterStrike","theVacant:VacantStarterStrike","theVacant:VacantStarterDefend","theVacant:VacantStarterDefend","theVacant:VacantStarterDefend","theVacant:Crunch","theVacant:CursedBlast","theVacant:Enrage","theVacant:CursedBlast","theVacant:ShutAway","theVacant:Husk","theVacant:Jab","theVacant:Fling","theVacant:Expand","theVacant:Spinshield","theVacant:CursedBlast","theVacant:Jab","theVacant:Recover","theVacant:Dig","theVacant:Whip"]}],"is_beta":false,"boss_relics":[{"not_picked":["Abe\u0027s Treasure","Ectoplasm"],"picked":"Honey Jar"},{"not_picked":["Velvet Choker","Astrolabe"],"picked":"SacredBark"}],"items_purged_floors":[10],"is_endless":false,"potions_floor_spawned":[4,8,13,14,22,27,29,30,35,41,45,47],"killed_by":"Awakened One","ascension_level":0}}