{"host":"ggdx0grr3y27g9rj","time":1611910180,"event":{"mods":["Act Like it!","BaseMod","Duelist Mod","GifTheSpireLib","Hermit","Highlight Path","Minty Spire (QoL Compilation)","StSLib","The Bug Knight","The Kombatant","The Wild Card"],"gold_per_floor":[111,44,57,77,77,77,77,77,125,143,163,190,190,45,45,145,145,158,178,188,188,207,220,220,66,66,27,42,54,54,80,80,179,179,195,30,47,47,47,47,47,47,73,123,123,139,139,164,164,164,164],"floor_reached":50,"language":"ENG","playtime":4284,"items_purged":[],"score":590,"play_id":"2828b732-7bdb-470a-a3ba-27af380ea7f1","local_time":"20210129094940","is_ascension_mode":false,"campfire_choices":[{"data":"Storm","floor":6.0,"key":"SMITH"},{"data":"Conserve Battery","floor":8.0,"key":"SMITH"},{"data":"Hello World","floor":13.0,"key":"SMITH"},{"data":"Dualcast","floor":15.0,"key":"SMITH"},{"floor":24,"key":"REST"},{"floor":32,"key":"REST"},{"data":"White Noise","floor":40,"key":"SMITH"},{"data":"Madness","floor":42,"key":"SMITH"},{"data":"Hello World","floor":45,"key":"SMITH"},{"floor":49,"key":"REST"}],"circlet_count":0,"master_deck":["Strike_B","Strike_B","Strike_B","Defend_B","Defend_B","Defend_B","Defend_B","Zap+1","Dualcast+1","White Noise+1","Conserve Battery+1","Storm+1","Beam Cell","Hello World+1","Conserve Battery","Amplify","Auto Shields","Force Field","Sweeping Beam+1","White Noise+1","Hologram+1","Rip and Tear+1","Loop","Electrodynamics","Madness+1","Loop","Hello World+1","Electrodynamics","Melter+1"],"relics":["Cracked Core","Toy Ornithopter","Blood Vial","Lantern","SlaversCollar","Tiny Chest","Du-Vu Doll","Happy Flower","Busted Crown","Ginger","Orichalcum","Thread and Needle","Pen Nib"],"acts_visited":["Exordium","TheCity","TheBeyond"],"potions_floor_usage":[19,20,20,20,33,33,33,50,50],"damage_taken":[{"damage":1.0,"enemies":"Jaw Worm","floor":1.0,"turns":3.0},{"damage":1.0,"enemies":"Cultist","floor":3.0,"turns":4.0},{"damage":0.0,"enemies":"2 Louse","floor":4.0,"turns":2.0},{"damage":2.0,"enemies":"Large Slime","floor":10.0,"turns":5.0},{"damage":11.0,"enemies":"Lots of Slimes","floor":11.0,"turns":4.0},{"damage":0.0,"enemies":"HollowMod:MossKnight","floor":12.0,"turns":4.0},{"damage":0.0,"enemies":"Slime Boss","floor":16.0,"turns":6.0},{"damage":5.0,"enemies":"Spheric Guardian","floor":18.0,"turns":3.0},{"damage":24,"enemies":"2 Thieves","floor":19,"turns":4},{"damage":30,"enemies":"Snake Plant","floor":20,"turns":3},{"damage":11,"enemies":"Sentry and Sphere","floor":22,"turns":8},{"damage":25,"enemies":"Cultist and Chosen","floor":23,"turns":6},{"damage":8,"enemies":"Chosen and Byrds","floor":28,"turns":5},{"damage":12,"enemies":"Centurion and Healer","floor":29,"turns":7},{"damage":15,"enemies":"HollowMod:Nosk","floor":31,"turns":6},{"damage":61,"enemies":"Collector","floor":33,"turns":8},{"damage":5,"enemies":"3 Shapes","floor":35,"turns":2},{"damage":6,"enemies":"3 Darklings","floor":37,"turns":3},{"damage":0,"enemies":"Mind Bloom Boss Battle","floor":44,"turns":3},{"damage":15,"enemies":"Spire Growth","floor":46,"turns":5},{"damage":36,"enemies":"Reptomancer","floor":48,"turns":6},{"damage":75,"enemies":"Time Eater","floor":50,"turns":10}],"seed_played":"5840005517176033315","potions_obtained":[{"floor":3.0,"key":"Weak Potion"},{"floor":4.0,"key":"FearPotion"},{"floor":10.0,"key":"Fire Potion"},{"floor":18,"key":"Fruit Juice"},{"floor":19,"key":"EntropicBrew"},{"floor":22,"key":"Dexterity Potion"},{"floor":29,"key":"FocusPotion"},{"floor":37,"key":"Dexterity Potion"},{"floor":44,"key":"SneckoOil"}],"is_trial":false,"path_per_floor":["M","?","M","M","?","R","?","R","T","M","M","E","R","$","R","B",null,"M","M","M","?","M","M","R","$","T","$","M","M","?","E","R","B",null,"M","$","M","T","?","R","$","R","T","?","R","M","?","E","R","B"],"character_chosen":"DEFECT","items_purchased":["Lantern","Tiny Chest","White Noise","Madness","Loop"],"campfire_rested":3,"item_purchase_floors":[14,25,27,36,36],"current_hp_per_floor":[81,81,80,80,64,64,82,82,82,80,69,69,69,69,69,76,82,77,63,50,87,76,53,79,79,79,79,73,63,63,50,76,32,87,82,82,78,78,78,78,78,78,78,80,80,67,67,33,59,0,0],"gold":164,"neow_bonus":"TEN_PERCENT_HP_BONUS","is_daily":false,"chose_seed":false,"campfire_upgraded":7,"win_rate":0.0,"timestamp":1611910180,"path_taken":["M","?","M","?","?","R","?","R","T","M","?","E","R","?","R","BOSS","M","M","M","?","M","?","R","$","T","?","?","M","?","E","R","BOSS","M","$","M","?","?","R","$","R","T","?","R","M","?","E","R","BOSS"],"items_purchased_type":["Relic","Relic","Card","Card","Card"],"build_version":"2020-12-22","purchased_purges":0,"victory":false,"max_hp_per_floor":[82,82,82,82,82,82,82,82,82,82,82,82,82,82,82,82,82,82,87,87,87,87,87,87,87,87,87,87,87,87,87,87,87,87,87,87,87,87,87,87,87,87,87,87,87,87,87,87,87,87,87],"card_choices":[{"not_picked":["Go for the Eyes","Recycle"],"picked":"White Noise","floor":1.0},{"not_picked":["Undo","Coolheaded"],"picked":"Conserve Battery","floor":3.0},{"not_picked":["Conserve Battery","Gash"],"picked":"Storm","floor":4.0},{"not_picked":["Reprogram","Rip and Tear"],"picked":"Beam Cell","floor":10.0},{"not_picked":["Biased Cognition","Barrage"],"picked":"Hello World","floor":11.0},{"not_picked":["Reprogram","Doom and Gloom"],"picked":"Conserve Battery","floor":12.0},{"not_picked":["Core Surge","Reboot"],"picked":"Amplify","floor":16.0},{"not_picked":["Stack+1","Gash"],"picked":"Auto Shields","floor":18},{"not_picked":["Cold Snap+1","Aggregate"],"picked":"Force Field","floor":19},{"not_picked":["Barrage","Steam","Coolheaded"],"picked":"SKIP","floor":20},{"not_picked":["Conserve Battery","Ball Lightning"],"picked":"Sweeping Beam+1","floor":22},{"not_picked":["Hologram","Meteor Strike","Chaos"],"picked":"SKIP","floor":23},{"not_picked":["Aggregate","Double Energy"],"picked":"Hologram+1","floor":28},{"not_picked":["Conserve Battery","Doom and Gloom"],"picked":"Rip and Tear+1","floor":29},{"not_picked":["Chill","Recycle"],"picked":"Loop","floor":31},{"not_picked":["Creative AI","Amplify"],"picked":"Electrodynamics","floor":33},{"not_picked":["Leap+1"],"picked":"SKIP","floor":35},{"not_picked":[],"picked":"Hello World","floor":37},{"not_picked":[],"picked":"Electrodynamics","floor":44},{"not_picked":["Genetic Algorithm"],"picked":"SKIP","floor":46},{"not_picked":[],"picked":"Melter+1","floor":48}],"player_experience":110730,"relics_obtained":[{"floor":12.0,"key":"Blood Vial"},{"floor":26,"key":"Du-Vu Doll"},{"floor":31,"key":"Happy Flower"},{"floor":38,"key":"Ginger"},{"floor":43,"key":"Orichalcum"},{"floor":44,"key":"Thread and Needle"},{"floor":48,"key":"Pen Nib"}],"event_choices":[{"damage_healed":0.0,"max_hp_gain":0.0,"max_hp_loss":0.0,"gold_gain":0.0,"event_name":"WeMeetAgain","player_choice":"Paid Gold","floor":2.0,"gold_loss":67.0,"damage_taken":0.0,"relics_obtained":["Toy Ornithopter"]},{"damage_healed":0.0,"max_hp_gain":0.0,"max_hp_loss":0.0,"gold_gain":0.0,"event_name":"Shining Light","player_choice":"Entered Light","floor":5.0,"gold_loss":0.0,"damage_taken":16.0,"cards_upgraded":["White Noise","Zap"]},{"damage_healed":18.0,"max_hp_gain":0.0,"max_hp_loss":0.0,"gold_gain":0.0,"event_name":"Wheel of Change","player_choice":"Full Heal","floor":7.0,"gold_loss":0.0,"damage_taken":0.0},{"damage_healed":37,"gold_gain":0,"player_choice":"Full Heal","damage_taken":0,"max_hp_gain":0,"max_hp_loss":0,"event_name":"Wheel of Change","floor":21,"gold_loss":0},{"damage_healed":0,"gold_gain":0,"player_choice":"Ignored","damage_taken":0,"max_hp_gain":0,"max_hp_loss":0,"event_name":"Ghosts","floor":30,"gold_loss":0},{"cards_removed":["Strike_B"],"damage_healed":0,"gold_gain":0,"player_choice":"Removed Attack","damage_taken":0,"max_hp_gain":0,"max_hp_loss":0,"event_name":"Falling","floor":39,"gold_loss":0},{"damage_healed":0,"gold_gain":0,"player_choice":"Fight","damage_taken":0,"max_hp_gain":0,"max_hp_loss":0,"event_name":"MindBloom","floor":44,"gold_loss":0},{"damage_healed":0,"gold_gain":0,"player_choice":"Ignored","damage_taken":0,"max_hp_gain":0,"max_hp_loss":0,"event_name":"Mysterious Sphere","floor":47,"gold_loss":0}],"is_beta":false,"boss_relics":[{"not_picked":["Calling Bell","Tiny House"],"picked":"SlaversCollar"},{"not_picked":["Runic Pyramid","Runic Dome"],"picked":"Busted Crown"}],"items_purged_floors":[],"is_endless":false,"potions_floor_spawned":[3,4,10,18,19,22,29,31,37,44],"killed_by":"Time Eater","ascension_level":0}}