{"host":"zk71suw73lg2r165","time":1611931484,"event":{"mods":["BaseMod","Colored Map","Minty Spire (QoL Compilation)","Permanent Neow","Relic Stats","StSLib"],"gold_per_floor":[116,116,127,42,42,71,71,102,102,102,102,118,118,132,132,210,210,225,242,242,275,275,308,308,351,432,453,490,490,522,48,48,48,48],"floor_reached":33,"language":"ENG","playtime":1328,"items_purged":["Regret"],"score":708,"play_id":"82767c11-637f-41be-81a6-916cb6c11bb2","local_time":"20210129094444","is_ascension_mode":true,"campfire_choices":[{"floor":7,"key":"REST"},{"data":"Defragment","floor":10,"key":"SMITH"},{"floor":13,"key":"REST"},{"data":"Static Discharge","floor":15,"key":"SMITH"},{"floor":24,"key":"REST"},{"floor":29,"key":"REST"},{"data":"Fission","floor":32,"key":"SMITH"}],"circlet_count":0,"master_deck":["AscendersBane","Strike_B","Defend_B","Defend_B","Defend_B","Defend_B","Zap","Dualcast","Static Discharge+1","BootSequence","Melter","Defragment+1","Coolheaded","Capacitor","Skim","Electrodynamics","Cold Snap+1","Tempest","Auto Shields","Fission+1","Go for the Eyes+1","Hologram","Coolheaded+1","Compile Driver","Ball Lightning","Capacitor","Undo"],"relics":["Philosopher\u0027s Stone","Regal Pillow","Symbiotic Virus","Mercury Hourglass","Mummified Hand","Sozu","Red Mask","Lantern","CeramicFish","Shuriken","Peace Pipe","Pocketwatch","Question Card"],"acts_visited":["Exordium","TheCity"],"potions_floor_usage":[3,8],"damage_taken":[{"damage":4,"enemies":"2 Louse","floor":1,"turns":3},{"damage":5,"enemies":"Small Slimes","floor":3,"turns":3},{"damage":41,"enemies":"3 Sentries","floor":6,"turns":7},{"damage":27,"enemies":"Lagavulin","floor":8,"turns":6},{"damage":0,"enemies":"Jaw Worm","floor":12,"turns":2},{"damage":6,"enemies":"Looter","floor":14,"turns":3},{"damage":45,"enemies":"The Guardian","floor":16,"turns":9},{"damage":4,"enemies":"3 Byrds","floor":18,"turns":2},{"damage":19,"enemies":"Shell Parasite","floor":19,"turns":4},{"damage":6,"enemies":"Masked Bandits","floor":21,"turns":1},{"damage":14,"enemies":"Slavers","floor":23,"turns":3},{"damage":11,"enemies":"Book of Stabbing","floor":25,"turns":4},{"damage":11,"enemies":"Shelled Parasite and Fungi","floor":27,"turns":4},{"damage":8,"enemies":"Gremlin Leader","floor":28,"turns":5},{"damage":14,"enemies":"Book of Stabbing","floor":30,"turns":4},{"damage":46,"enemies":"Champ","floor":33,"turns":9}],"seed_played":"-5634513234306258344","potions_obtained":[{"floor":1,"key":"ColorlessPotion"},{"floor":3,"key":"LiquidMemories"},{"floor":14,"key":"Strength Potion"},{"floor":16,"key":"PotionOfCapacity"}],"is_trial":false,"path_per_floor":["M","?","M","$","?","E","R","E","T","R","?","M","R","M","R","B",null,"M","M","?","?","?","E","R","E","T","M","E","R","E","$","R","B"],"character_chosen":"DEFECT","items_purchased":["Melter","Question Card","Capacitor","Undo"],"campfire_rested":4,"item_purchase_floors":[4,31,31,31],"current_hp_per_floor":[60,53,48,48,48,7,43,16,16,16,16,16,52,46,46,1,54,50,31,31,25,25,11,47,36,36,25,17,53,39,39,39,0,0],"gold":48,"neow_bonus":"BOSS_RELIC","is_daily":false,"chose_seed":false,"campfire_upgraded":3,"win_rate":0.0,"timestamp":1611931484,"path_taken":["M","?","M","$","?","E","R","E","T","R","?","M","R","M","R","BOSS","M","M","?","?","?","E","R","E","T","M","E","R","E","$","R","BOSS"],"items_purchased_type":["Card","Relic","Card","Card"],"build_version":"2020-12-22","purchased_purges":1,"victory":false,"max_hp_per_floor":[71,71,71,71,71,71,71,71,71,71,71,71,71,71,71,71,71,71,71,71,71,71,71,71,71,71,71,71,71,71,71,71,71,71],"relic_stats":{"Sozu":2,"Peace Pipe":0,"Regal Pillow":60,"counters":[16,69],"Mummified Hand":[36],"Shuriken":[4],"CeramicFish":45,"Question Card":0,"obtain_stats":[{"Regal Pillow":5,"Lantern":23,"CeramicFish":25,"Question Card":31,"Mercury Hourglass":8,"Sozu":17,"Peace Pipe":28,"Mummified Hand":9,"Shuriken":26,"Philosopher\u0027s Stone":0,"Red Mask":21,"Cracked Core":0,"Symbiotic Virus":6,"Pocketwatch":30},{"Regal Pillow":2,"Lantern":11,"CeramicFish":12,"Question Card":15,"Mercury Hourglass":4,"Sozu":7,"Peace Pipe":14,"Mummified Hand":4,"Shuriken":12,"Philosopher\u0027s Stone":0,"Red Mask":10,"Cracked Core":0,"Symbiotic Virus":3,"Pocketwatch":15},{"Regal Pillow":6,"Lantern":43,"CeramicFish":47,"Question Card":60,"Mercury Hourglass":19,"Sozu":33,"Peace Pipe":56,"Mummified Hand":19,"Shuriken":47,"Philosopher\u0027s Stone":0,"Red Mask":40,"Cracked Core":0,"Symbiotic Virus":13,"Pocketwatch":60}],"Mercury Hourglass":[153],"Pocketwatch":[9]},"card_choices":[{"not_picked":["Beam Cell","Cold Snap"],"picked":"Static Discharge","floor":1},{"not_picked":["Turbo","Hologram"],"picked":"BootSequence","floor":3},{"not_picked":["Chill","Steam"],"picked":"Defragment","floor":6},{"not_picked":["Conserve Battery","Rip and Tear"],"picked":"Coolheaded","floor":8},{"not_picked":["Rip and Tear","Sweeping Beam"],"picked":"Capacitor","floor":12},{"not_picked":["Chill","Rebound"],"picked":"Skim","floor":14},{"not_picked":["Creative AI","Buffer"],"picked":"Electrodynamics","floor":16},{"not_picked":["Turbo","FTL+1"],"picked":"Cold Snap+1","floor":18},{"not_picked":["Rebound","Turbo"],"picked":"Tempest","floor":19},{"not_picked":["Turbo","Beam Cell"],"picked":"Go for the Eyes+1","floor":21},{"not_picked":["Doom and Gloom+1","Reboot"],"picked":"Hologram","floor":23},{"not_picked":["Conserve Battery","Fusion"],"picked":"Coolheaded+1","floor":25},{"not_picked":["Beam Cell","Leap"],"picked":"Compile Driver","floor":27},{"not_picked":["Leap","Skim"],"picked":"Ball Lightning","floor":28},{"not_picked":["Steam Power","Redo","Streamline"],"picked":"SKIP","floor":30}],"player_experience":1415446,"relics_obtained":[{"floor":6,"key":"Symbiotic Virus"},{"floor":8,"key":"Mercury Hourglass"},{"floor":9,"key":"Mummified Hand"},{"floor":21,"key":"Red Mask"},{"floor":23,"key":"Lantern"},{"floor":25,"key":"CeramicFish"},{"floor":26,"key":"Shuriken"},{"floor":28,"key":"Peace Pipe"},{"floor":30,"key":"Pocketwatch"}],"event_choices":[{"cards_removed":["Strike_B"],"damage_healed":0,"gold_gain":0,"player_choice":"Card Removal","damage_taken":7,"max_hp_gain":0,"max_hp_loss":0,"event_name":"Golden Wing","floor":2,"gold_loss":0},{"damage_healed":0,"gold_gain":0,"player_choice":"Box","damage_taken":0,"relics_obtained":["Regal Pillow"],"max_hp_gain":0,"max_hp_loss":0,"event_name":"Big Fish","floor":5,"gold_loss":0,"cards_obtained":["Regret"]},{"damage_healed":0,"gold_gain":0,"player_choice":"Ignored","damage_taken":0,"max_hp_gain":0,"max_hp_loss":0,"event_name":"Shining Light","floor":11,"gold_loss":0},{"damage_healed":0,"gold_gain":0,"cards_transformed":["Strike_B","Strike_B"],"player_choice":"Became Test Subject","damage_taken":0,"max_hp_gain":0,"max_hp_loss":0,"event_name":"Drug Dealer","floor":20,"gold_loss":0,"cards_obtained":["Auto Shields","Fission"]},{"damage_healed":0,"gold_gain":0,"player_choice":"Fought Bandits","damage_taken":0,"max_hp_gain":0,"max_hp_loss":0,"event_name":"Masked Bandits","floor":21,"gold_loss":0},{"damage_healed":0,"gold_gain":0,"player_choice":"Ignored","damage_taken":0,"max_hp_gain":0,"max_hp_loss":0,"event_name":"Vampires","floor":22,"gold_loss":0}],"is_beta":false,"boss_relics":[{"not_picked":["SacredBark","Astrolabe"],"picked":"Sozu"}],"items_purged_floors":[31],"is_endless":false,"potions_floor_spawned":[1,3,14,16,19,23,27,28],"killed_by":"Champ","ascension_level":20}}