{"host":"4a6fro0of1ie0h2w","time":1611927321,"event":{"mods":["Aspiration","BaseMod","CCEM2","Colored Map","Conspire","Downfall","GifTheSpireLib","Halation","Highlight Path","Hubris","Infinite Spire","Marisa????????","Minty Spire (QoL Compilation)","Permanent Neow","Replay The Spire","StSLib","Stuff the Spire","The Servant 0.9.4"],"gold_per_floor":[99,119,133,148,13,30,30,30,30,30,57,72,72,100,115,115,115,115],"floor_reached":16,"language":"ENG","playtime":915,"items_purged":["sneckomod:Strike"],"score":118,"play_id":"5a6b3ad9-b5cc-4005-bad0-54875ce05309","local_time":"20210129153521","is_ascension_mode":true,"campfire_choices":[{"data":"Discovery","floor":1,"key":"SMITH"},{"data":"sneckomod:SnakeSap","floor":8,"key":"SMITH"},{"data":"sneckomod:UnknownRarePower","floor":13,"key":"SMITH"}],"circlet_count":0,"master_deck":["sneckomod:Strike","sneckomod:Strike","sneckomod:Defend","sneckomod:Defend","sneckomod:Defend","sneckomod:TailWhip","sneckomod:SnekBite","sneckomod:Unknown","sneckomod:Unknown","Discovery+1","sneckomod:UnknownVulnerable","sneckomod:DiceBlock","sneckomod:SnakeSap","sneckomod:UnknownDexterity","sneckomod:UnknownClassTHE_CHAMP_GRAY","sneckomod:SnakeSap+1","sneckomod:Unknown0Cost","sneckomod:UnknownRarePower+1","sneckomod:UnknownClassSILVER","sneckomod:UnknownDexterity"],"relics":["sneckomod:SneckoSoul","halation:TwoAmDonut","halation:StarCompass","StuffTheSpire:Tea","Blue Doll","Durian"],"acts_visited":["Exordium"],"potions_floor_usage":[16,16,16],"damage_taken":[{"damage":0,"enemies":"Small Slimes","floor":2,"turns":3},{"damage":0,"enemies":"Jaw Worm","floor":3,"turns":2},{"damage":0,"enemies":"Cultist","floor":4,"turns":3},{"damage":8,"enemies":"downfall:FleeingMerchant","floor":5,"turns":4},{"damage":30,"enemies":"3 Louse","floor":6,"turns":8},{"damage":13,"enemies":"Lagavulin","floor":11,"turns":6},{"damage":12,"enemies":"Blue Slaver","floor":12,"turns":3},{"damage":17,"enemies":"Gremlin Nob","floor":14,"turns":4},{"damage":7,"enemies":"Exordium Thugs","floor":15,"turns":4},{"damage":22,"enemies":"WA_ARCHETYPE_RETAIN","floor":16,"turns":4}],"seed_played":"3288248352917616036","potions_obtained":[{"floor":2,"key":"FearPotion"},{"floor":6,"key":"PowerPotion"},{"floor":12,"key":"sneckomod:DiceRollPotion"}],"is_trial":false,"path_per_floor":["R","M","M","M","$","M","T","R","?","T","E","M","R","E","M","B"],"character_chosen":"THE_SNECKO","items_purchased":["sneckomod:UnknownClassTHE_CHAMP_GRAY"],"campfire_rested":0,"item_purchase_floors":[5],"current_hp_per_floor":[90,90,90,90,82,57,57,57,57,57,44,32,32,20,13,0,0,0],"gold":115,"neow_bonus":"RANDOM_COLORLESS","is_daily":false,"chose_seed":false,"campfire_upgraded":3,"win_rate":0.0,"timestamp":1611927321,"path_taken":["R","M","M","M","$","M","T","R","?","?","E","M","R","E","M","BOSS"],"items_purchased_type":["Card"],"build_version":"2020-12-22","purchased_purges":1,"victory":false,"max_hp_per_floor":[90,90,90,90,90,90,90,90,90,90,90,90,90,95,95,95,95,95],"card_choices":[{"not_picked":["PanicButton","Replay:Sssssssssshield"],"picked":"Discovery","floor":0},{"not_picked":["sneckomod:Rotation","sneckomod:QuickBite"],"picked":"sneckomod:UnknownVulnerable","floor":2},{"not_picked":["sneckomod:UnknownClassTHE_BRONZE_AUTOMATON","sneckomod:Nope"],"picked":"sneckomod:DiceBlock","floor":3},{"not_picked":["sneckomod:Unknown1Cost","sneckomod:Unknown0Cost"],"picked":"sneckomod:SnakeSap","floor":4},{"not_picked":["sneckomod:QuickMove","sneckomod:IronFang"],"picked":"sneckomod:UnknownDexterity","floor":5},{"not_picked":["sneckomod:UnknownClassSILVER","sneckomod:MixItUp"],"picked":"sneckomod:SnakeSap","floor":6},{"not_picked":["sneckomod:UnknownClassEV_BLUE_COLOR","sneckomod:UnknownClassBLUE"],"picked":"sneckomod:Unknown0Cost","floor":11},{"not_picked":["sneckomod:QuickMove","sneckomod:SoulDraw"],"picked":"sneckomod:UnknownRarePower","floor":12},{"not_picked":["sneckomod:PureSnecko","sneckomod:UnknownCommonSkill"],"picked":"sneckomod:UnknownClassSILVER","floor":14},{"not_picked":["sneckomod:UnknownClassGUARDIAN","sneckomod:UnknownClassEV_BLUE_COLOR"],"picked":"sneckomod:UnknownDexterity","floor":15}],"player_experience":227997,"relics_obtained":[{"floor":7,"key":"halation:TwoAmDonut"},{"floor":10,"key":"StuffTheSpire:Tea"},{"floor":11,"key":"Blue Doll"},{"floor":14,"key":"Durian"}],"event_choices":[],"is_beta":false,"boss_relics":[],"items_purged_floors":[5],"is_endless":false,"potions_floor_spawned":[2,6,12],"killed_by":"WA_ARCHETYPE_RETAIN","ascension_level":1}}