{"host":"39erygfi9n0tobyn","time":1611964666,"event":{"mods":["2.2 Compatiblity","BaseMod","Bestiary","Colored Map","Colored Powertips","Curses Come First","Highlight Path","Keyboard Shortcuts","Minty Spire (QoL Compilation)","Relic Stats","StSLib","SuperFastMode"],"gold_per_floor":[114,132,146,25,35,35,70,70,94,108,118,118,132,147,147,147,147],"floor_reached":16,"language":"ENG","playtime":594,"items_purged":[],"score":106,"play_id":"273ca51a-4177-4278-9861-689e6d2e0c37","local_time":"20210129205746","is_ascension_mode":false,"campfire_choices":[{"floor":6,"key":"REST"},{"floor":15,"key":"REST"}],"circlet_count":0,"master_deck":["Strike_B","Strike_B","Strike_B","Strike_B","Defend_B","Defend_B","Defend_B","Defend_B","Zap","Dualcast","Double Energy","Auto Shields","Static Discharge","Chill","Storm+1","Darkness","Ball Lightning","Redo+1","Aggregate","Loop","Sweeping Beam"],"relics":["Fusion Hammer","Centennial Puzzle","Blood Vial","Anchor"],"acts_visited":["Exordium"],"potions_floor_usage":[11,13],"damage_taken":[{"damage":1,"enemies":"Cultist","floor":1,"turns":4},{"damage":5,"enemies":"Small Slimes","floor":2,"turns":4},{"damage":0,"enemies":"2 Louse","floor":3,"turns":4},{"damage":5,"enemies":"2 Fungi Beasts","floor":5,"turns":4},{"damage":23,"enemies":"Lagavulin","floor":7,"turns":7},{"damage":7,"enemies":"Gremlin Gang","floor":10,"turns":3},{"damage":30,"enemies":"Exordium Thugs","floor":11,"turns":6},{"damage":0,"enemies":"2 Fungi Beasts","floor":13,"turns":3},{"damage":0,"enemies":"Blue Slaver","floor":14,"turns":4},{"damage":36,"enemies":"The Guardian","floor":16,"turns":6}],"seed_played":"7975097706746426619","potions_obtained":[{"floor":1,"key":"Dexterity Potion"},{"floor":7,"key":"SpeedPotion"},{"floor":10,"key":"Block Potion"},{"floor":11,"key":"Explosive Potion"}],"is_trial":false,"path_per_floor":["M","M","M","$","M","R","E","?","T","M","M","?","M","M","R","B"],"character_chosen":"DEFECT","items_purchased":["Chill","Storm"],"campfire_rested":2,"item_purchase_floors":[4,4],"current_hp_per_floor":[74,69,69,69,64,75,52,52,52,47,19,4,6,8,30,0,0],"gold":147,"neow_bonus":"BOSS_RELIC","is_daily":false,"chose_seed":false,"campfire_upgraded":0,"win_rate":0.0,"timestamp":1611964666,"path_taken":["M","M","M","$","M","R","E","?","T","M","?","?","M","M","R","BOSS"],"items_purchased_type":["Card","Card"],"build_version":"2020-12-22","purchased_purges":0,"victory":false,"max_hp_per_floor":[75,75,75,75,75,75,75,75,75,75,75,75,75,75,75,75,75],"relic_stats":{"Blood Vial":10,"Centennial Puzzle":[9],"counters":[10,45],"obtain_stats":[{"Blood Vial":8,"Centennial Puzzle":7,"Anchor":9,"Fusion Hammer":0,"Cracked Core":0},{"Blood Vial":5,"Centennial Puzzle":5,"Anchor":5,"Fusion Hammer":0,"Cracked Core":0},{"Blood Vial":23,"Centennial Puzzle":23,"Anchor":23,"Fusion Hammer":0,"Cracked Core":0}]},"card_choices":[{"not_picked":["Defragment","Compile Driver"],"picked":"Double Energy","floor":1},{"not_picked":["Compile Driver","Lockon"],"picked":"Auto Shields","floor":2},{"not_picked":["Hologram","Rebound"],"picked":"Static Discharge","floor":3},{"not_picked":["Lockon","FTL"],"picked":"Darkness","floor":5},{"not_picked":["Storm","Hologram"],"picked":"Ball Lightning","floor":7},{"not_picked":["Coolheaded","Gash"],"picked":"Redo","floor":10},{"not_picked":["Scrape","Rebound"],"picked":"Aggregate","floor":11},{"not_picked":["Barrage","Sweeping Beam"],"picked":"Loop","floor":13},{"not_picked":["Streamline","Steam"],"picked":"Sweeping Beam","floor":14}],"player_experience":50827,"relics_obtained":[{"floor":7,"key":"Centennial Puzzle"},{"floor":8,"key":"Blood Vial"},{"floor":9,"key":"Anchor"}],"event_choices":[{"damage_healed":0,"gold_gain":0,"player_choice":"Relic","damage_taken":0,"max_hp_gain":0,"max_hp_loss":0,"event_name":"Wheel of Change","floor":8,"gold_loss":0},{"damage_healed":0,"gold_gain":0,"player_choice":"Entered Light","damage_taken":15,"max_hp_gain":0,"max_hp_loss":0,"event_name":"Shining Light","floor":12,"gold_loss":0,"cards_upgraded":["Redo","Storm"]}],"is_beta":false,"boss_relics":[],"items_purged_floors":[],"is_endless":false,"potions_floor_spawned":[1,7,10,11],"killed_by":"The Guardian","ascension_level":0}}