{"host":"1tl36azeqm6yhdgj","time":1611916124,"event":{"mods":["AchievementEnabler","BaseMod","Minty Spire (QoL Compilation)","StSLib","The IronCluck","everything is the same but u backflip on backflip"],"gold_per_floor":[117,117,134,59,159,172,172,186,210,243,243,275,275,286,286,358,408,420,335,335,49,10,39,59,72,126,226,246,34,34,46,46,124,124,139,139,139],"floor_reached":36,"language":"ENG","playtime":4043,"items_purged":["Regret","Strike_R"],"score":834,"play_id":"852ae734-64ef-4504-b5df-d8047b8113a3","local_time":"20210129052844","is_ascension_mode":true,"campfire_choices":[{"data":"Rage","floor":7.0,"key":"SMITH"},{"data":"Thunderclap","floor":11.0,"key":"SMITH"},{"floor":15.0,"key":"REST"},{"floor":30.0,"key":"REST"},{"floor":32.0,"key":"REST"}],"circlet_count":0,"master_deck":["AscendersBane","Strike_R+1","Strike_R","Defend_R","Defend_R","Defend_R","Defend_R+1","Bash","Rage+1","Intimidate+1","Thunderclap+1","Twin Strike","Anger","Clash","Spot Weakness","Carnage","Immolate","Pommel Strike","Iron Wave+1","Dropkick","Rampage","Metallicize","Heavy Blade+1","Entrench+1","Inflame","Enlightenment","Demon Form"],"relics":["Burning Blood","MealTicket","Strawberry","StrikeDummy","Art of War","Tiny House","Orichalcum","Gremlin Horn","Smiling Mask","Peace Pipe","Singing Bowl","Black Star"],"acts_visited":["Exordium","TheCity","TheBeyond"],"potions_floor_usage":[],"damage_taken":[{"damage":6.0,"enemies":"Cultist","floor":1.0,"turns":4.0},{"damage":13.0,"enemies":"2 Louse","floor":3.0,"turns":3.0},{"damage":12.0,"enemies":"Jaw Worm","floor":6.0,"turns":2.0},{"damage":12.0,"enemies":"Exordium Wildlife","floor":8.0,"turns":5.0},{"damage":15.0,"enemies":"Lagavulin","floor":10.0,"turns":7.0},{"damage":0.0,"enemies":"Gremlin Nob","floor":12.0,"turns":3.0},{"damage":0.0,"enemies":"Blue Slaver","floor":14.0,"turns":2.0},{"damage":27.0,"enemies":"The Guardian","floor":16.0,"turns":9.0},{"damage":18.0,"enemies":"3 Byrds","floor":18.0,"turns":5.0},{"damage":32.0,"enemies":"Slavers","floor":23.0,"turns":6.0},{"damage":18.0,"enemies":"Spheric Guardian","floor":24.0,"turns":4.0},{"damage":23.0,"enemies":"Snake Plant","floor":25.0,"turns":4.0},{"damage":10.0,"enemies":"Colosseum Slavers","floor":27.0,"turns":5.0},{"damage":18.0,"enemies":"Colosseum Nobs","floor":27.0,"turns":5.0},{"damage":17.0,"enemies":"Chosen and Byrds","floor":28.0,"turns":4.0},{"damage":12.0,"enemies":"Snecko","floor":31.0,"turns":3.0},{"damage":63.0,"enemies":"Champ","floor":33.0,"turns":9.0},{"damage":35.0,"enemies":"Orb Walker","floor":35.0,"turns":5.0},{"damage":46,"enemies":"3 Shapes","floor":36,"turns":4}],"seed_played":"5900170862977591534","potions_obtained":[{"floor":3.0,"key":"CultistPotion"},{"floor":6.0,"key":"BlessingOfTheForge"},{"floor":8.0,"key":"SpeedPotion"},{"floor":12.0,"key":"LiquidMemories"},{"floor":17.0,"key":"Regen Potion"},{"floor":24.0,"key":"Ancient Potion"},{"floor":25.0,"key":"Weak Potion"},{"floor":27.0,"key":"Explosive Potion"}],"is_trial":false,"path_per_floor":["M","?","M","$","?","M","R","M","T","E","R","E","?","M","R","B",null,"M","?","?","$","$","E","M","M","T","?","M","$","R","M","R","B",null,"M","M"],"character_chosen":"IRONCLAD","items_purchased":["Gremlin Horn","Rampage","Enlightenment","Energy Potion"],"campfire_rested":3,"item_purchase_floors":[21,22,29,29],"current_hp_per_floor":[68,68,61,68,68,62,62,56,63,54,54,60,37,43,65,44,72,60,60,60,75,80,54,42,37,37,23,12,27,51,47,72,15,67,40,0,0],"gold":139,"neow_bonus":"TRANSFORM_TWO_CARDS","is_daily":false,"chose_seed":false,"campfire_upgraded":2,"win_rate":0.0,"timestamp":1611916124,"path_taken":["M","?","M","$","?","M","R","?","T","E","R","E","?","M","R","BOSS","M","?","?","?","$","E","?","M","T","?","M","$","R","M","R","BOSS","M","M"],"items_purchased_type":["Relic","Card","Card","Potion"],"build_version":"2020-12-22","purchased_purges":2,"victory":false,"max_hp_per_floor":[68,68,68,68,68,68,68,68,75,75,75,75,75,75,75,75,80,80,80,80,80,80,80,80,80,80,82,82,82,82,84,84,84,84,86,86,86],"card_choices":[{"not_picked":["Clothesline","Body Slam"],"picked":"Thunderclap","floor":1.0},{"not_picked":["Intimidate","Power Through"],"picked":"Twin Strike","floor":3.0},{"not_picked":["Clothesline","Warcry"],"picked":"Anger","floor":6.0},{"not_picked":["Sword Boomerang","Brutality"],"picked":"Clash","floor":8.0},{"not_picked":["Inflame","Flex"],"picked":"Spot Weakness","floor":10.0},{"not_picked":["Entrench","Perfected Strike","Whirlwind"],"picked":"SKIP","floor":12.0},{"not_picked":["Ghostly Armor","Armaments"],"picked":"Carnage","floor":14.0},{"not_picked":["Brutality","Feed"],"picked":"Immolate","floor":16.0},{"not_picked":["Anger","True Grit"],"picked":"Pommel Strike","floor":17.0},{"not_picked":["Pommel Strike","Heavy Blade"],"picked":"Iron Wave+1","floor":18.0},{"not_picked":["Heavy Blade","Intimidate+1"],"picked":"Metallicize","floor":23.0},{"not_picked":["Wild Strike","Spot Weakness"],"picked":"Heavy Blade+1","floor":24.0},{"not_picked":["Immolate","Cleave"],"picked":"Entrench+1","floor":25.0},{"not_picked":["Thunderclap","Warcry","Flex"],"picked":"Singing Bowl","floor":27.0},{"not_picked":["Shockwave+1","Havoc"],"picked":"Inflame","floor":28.0},{"not_picked":["Sentinel","Pommel Strike","Armaments"],"picked":"Singing Bowl","floor":31.0},{"not_picked":["Limit Break","Double Tap"],"picked":"Demon Form","floor":33.0},{"not_picked":["Shrug It Off","Cleave","Clothesline"],"picked":"Singing Bowl","floor":35.0}],"player_experience":2083542,"relics_obtained":[{"floor":9.0,"key":"Strawberry"},{"floor":10.0,"key":"StrikeDummy"},{"floor":12.0,"key":"Art of War"},{"floor":23.0,"key":"Smiling Mask"},{"floor":27.0,"key":"Peace Pipe"},{"floor":27.0,"key":"Singing Bowl"}],"event_choices":[{"damage_healed":0.0,"max_hp_gain":0.0,"max_hp_loss":0.0,"gold_gain":0.0,"event_name":"Big Fish","player_choice":"Box","floor":2.0,"gold_loss":0.0,"damage_taken":0.0,"relics_obtained":["MealTicket"],"cards_obtained":["Regret"]},{"damage_healed":0.0,"max_hp_gain":0.0,"max_hp_loss":0.0,"gold_gain":100.0,"event_name":"Wheel of Change","player_choice":"Gold","floor":5.0,"gold_loss":0.0,"damage_taken":0.0},{"damage_healed":0.0,"max_hp_gain":0.0,"max_hp_loss":0.0,"gold_gain":0.0,"event_name":"Shining Light","player_choice":"Entered Light","floor":13.0,"gold_loss":0.0,"damage_taken":23.0,"cards_upgraded":["Intimidate","Strike_R"]},{"damage_healed":0.0,"max_hp_gain":0.0,"max_hp_loss":0.0,"gold_gain":0.0,"event_name":"Addict","player_choice":"Obtained Relic","floor":19.0,"gold_loss":85.0,"damage_taken":0.0,"relics_obtained":["Orichalcum"]},{"damage_healed":0.0,"max_hp_gain":0.0,"max_hp_loss":0.0,"gold_gain":0.0,"event_name":"The Library","player_choice":"Read","floor":20.0,"gold_loss":0.0,"damage_taken":0.0,"cards_obtained":["Dropkick"]},{"damage_healed":0.0,"max_hp_gain":0.0,"max_hp_loss":0.0,"gold_gain":0.0,"event_name":"Colosseum","player_choice":"Fight","floor":27.0,"gold_loss":0.0,"damage_taken":0.0},{"damage_healed":0.0,"max_hp_gain":0.0,"max_hp_loss":0.0,"gold_gain":0.0,"event_name":"Colosseum","player_choice":"Fought Nobs","floor":27.0,"gold_loss":0.0,"damage_taken":0.0}],"is_beta":false,"boss_relics":[{"not_picked":["Philosopher\u0027s Stone","Snecko Eye"],"picked":"Tiny House"},{"not_picked":["Sozu","Coffee Dripper"],"picked":"Black Star"}],"items_purged_floors":[4,29],"is_endless":false,"potions_floor_spawned":[3,6,8,12,23,24,25,27],"killed_by":"3 Shapes","ascension_level":20}}