{"host":"uc0x0d8zaap3n3zi","time":1611890250,"event":{"mods":["2.2 Compatiblity","AchievementEnabler","Act Like it!","Alarm Clock","BaseMod","Colored Powertips","Downfall","Gensokyo","Marisa????????","Minty Spire (QoL Compilation)","Pale of the Ancients","Rare Cards Sparkle","Relic Stats","Spire Arcade","StSLib","The Cursed","The Hierophant","The Marked","The Servant 0.9.4","slay the spire mod where everything is the same but ironclad has a cowboy hat"],"gold_per_floor":[111,111,128,128,24,37,67,67,67,67,87,99,99,110,110,208,258,271,282,282,59,239,239,264,264,290,116,116,136,11,26,26,130,130,143,193,95,95,115,115,135,135,208,208,208,208,208,227,227,227,227,227,25,25,25],"floor_reached":54,"language":"ENG","playtime":2684,"items_purged":["downfall:Bewildered","Strike_R","Strike_R","Bash"],"score":653,"play_id":"772100a3-5739-47bb-8e50-15b43634c0f2","local_time":"20210129161730","is_ascension_mode":false,"campfire_choices":[{"data":"Flex","floor":10.0,"key":"SMITH"},{"data":"Iron Wave","floor":15.0,"key":"SMITH"},{"data":"Limit Break","floor":23.0,"key":"SMITH"},{"floor":25.0,"key":"REST"},{"floor":32.0,"key":"REST"},{"data":"Sword Boomerang","floor":40.0,"key":"SMITH"},{"data":"Metallicize","floor":42.0,"key":"SMITH"},{"data":"Disarm","floor":46.0,"key":"SMITH"},{"floor":47.0,"key":"RECALL"},{"floor":49.0,"key":"REST"},{"data":"Ghostly Armor","floor":52.0,"key":"SMITH"}],"circlet_count":0,"master_deck":["Strike_R","Strike_R","Defend_R","Defend_R","Defend_R","Defend_R","Flex+1","Cleave+1","Battle Trance","Metallicize+1","Iron Wave+1","Limit Break+1","Spot Weakness","Ghostly Armor+1","Disarm+1","Impervious","Sword Boomerang+1","Sword Boomerang","Wraith"],"relics":["Burning Blood","Oddly Smooth Stone","Torii","WingedGreaves","Tiny House","sneckomod:BabySnecko","Vajra","Gambling Chip","Black Star","Ice Cream","Letter Opener"],"acts_visited":["Exordium","TheCity","TheBeyond","TheEnding"],"potions_floor_usage":[54],"damage_taken":[{"damage":6.0,"enemies":"Cultist","floor":1.0,"turns":3.0},{"damage":6.0,"enemies":"Jaw Worm","floor":3.0,"turns":3.0},{"damage":4.0,"enemies":"Small Slimes","floor":6.0,"turns":3.0},{"damage":24.0,"enemies":"Lagavulin","floor":7.0,"turns":6.0},{"damage":1.0,"enemies":"Blue Slaver","floor":11.0,"turns":3.0},{"damage":0.0,"enemies":"Large Slime","floor":12.0,"turns":4.0},{"damage":0.0,"enemies":"3 Louse","floor":14.0,"turns":3.0},{"damage":77.0,"enemies":"Hexaghost","floor":16.0,"turns":15.0},{"damage":8.0,"enemies":"Chosen","floor":18.0,"turns":5.0},{"damage":28.0,"enemies":"3 Byrds","floor":19.0,"turns":6.0},{"damage":59.0,"enemies":"Slavers","floor":24.0,"turns":8.0},{"damage":10.0,"enemies":"Colosseum Slavers","floor":28.0,"turns":5.0},{"damage":15.0,"enemies":"Snake Plant","floor":29.0,"turns":5.0},{"damage":13.0,"enemies":"Snecko","floor":31.0,"turns":5.0},{"damage":73.0,"enemies":"Automaton","floor":33.0,"turns":10.0},{"damage":8.0,"enemies":"3 Shapes","floor":35.0,"turns":9.0},{"damage":2.0,"enemies":"Mind Bloom Boss Battle","floor":36.0,"turns":11.0},{"damage":25.0,"enemies":"Orb Walker","floor":39.0,"turns":4.0},{"damage":16.0,"enemies":"Maw","floor":41.0,"turns":10.0},{"damage":29.0,"enemies":"Spire Growth","floor":48.0,"turns":5.0},{"damage":91.0,"enemies":"Awakened One","floor":50.0,"turns":13.0},{"damage":129,"enemies":"Shield and Spear","floor":54,"turns":6}],"seed_played":"-3337243777086980419","potions_obtained":[{"floor":11.0,"key":"ColorlessPotion"},{"floor":12.0,"key":"Strength Potion"},{"floor":14.0,"key":"Regen Potion"},{"floor":16.0,"key":"SpeedPotion"},{"floor":17.0,"key":"Regen Potion"},{"floor":35.0,"key":"LiquidBronze"},{"floor":36.0,"key":"AttackPotion"}],"is_trial":false,"path_per_floor":["M","?","M","T","$","M","E","$","T","R","M","M","?","M","R","B",null,"M","M","?","$","?","R","E","R","T","$","?","M","$","M","R","B",null,"M","?","$","?","M","R","M","R","T","?","?","R","R","M","R","B",null,"R","$","E"],"character_chosen":"IRONCLAD","items_purchased":["CultistPotion","Vajra","Ghostly Armor","FairyPotion","BloodPotion"],"campfire_rested":3,"item_purchase_floors":[5,21,27,37,53],"current_hp_per_floor":[88,93,93,93,93,93,75,75,75,75,80,86,86,92,92,21,98,96,74,74,74,74,74,36,65,65,65,61,52,52,45,74,16,98,96,98,98,98,79,79,69,69,69,69,69,69,69,46,75,35,98,98,98,0,0],"gold":25,"neow_bonus":"TEN_PERCENT_HP_BONUS","is_daily":false,"chose_seed":false,"campfire_upgraded":7,"win_rate":0.0,"timestamp":1611890250,"path_taken":["M","?","M","?","?","M","E","$","T","R","M","M","?","?","R","BOSS","M","M","?","$","?","R","E","R","T","$","?","M","$","M","R","BOSS","M","?","$","?","M","R","M","R","T","?","?","R","R","M","R","BOSS","R","$","E"],"items_purchased_type":["Potion","Relic","Card","Potion","Potion"],"build_version":"2020-12-22","purchased_purges":4,"victory":false,"max_hp_per_floor":[88,93,93,93,93,93,93,93,93,93,93,93,93,93,93,93,98,98,98,98,98,98,98,98,98,98,98,98,98,98,98,98,98,98,98,98,98,98,98,98,98,98,98,98,98,98,98,98,98,98,98,98,98,98,98],"relic_stats":{"Torii":59,"counters":[22,142],"Gambling Chip":[26],"Black Star":0,"Letter Opener":[25],"obtain_stats":[{"Ice Cream":36,"sneckomod:BabySnecko":20,"Tiny House":17,"Torii":7,"Gambling Chip":24,"Oddly Smooth Stone":4,"Vajra":21,"WingedGreaves":9,"Black Star":34,"Letter Opener":43,"Burning Blood":0},{"Ice Cream":17,"sneckomod:BabySnecko":10,"Tiny House":8,"Torii":4,"Gambling Chip":11,"Oddly Smooth Stone":2,"Vajra":10,"WingedGreaves":4,"Black Star":15,"Letter Opener":19,"Burning Blood":0},{"Ice Cream":104,"sneckomod:BabySnecko":51,"Tiny House":40,"Torii":15,"Gambling Chip":59,"Oddly Smooth Stone":6,"Vajra":51,"WingedGreaves":15,"Black Star":84,"Letter Opener":118,"Burning Blood":0}],"Burning Blood":122},"card_choices":[{"not_picked":["Anger","Burning Pact"],"picked":"Flex","floor":1.0},{"not_picked":["Headbutt","Fire Breathing","Havoc"],"picked":"SKIP","floor":3.0},{"not_picked":["Flex","Searing Blow"],"picked":"Cleave","floor":6.0},{"not_picked":["Pummel","Sword Boomerang"],"picked":"Battle Trance","floor":7.0},{"not_picked":["Warcry","Havoc"],"picked":"Metallicize","floor":11.0},{"not_picked":["Blood for Blood","Clash"],"picked":"Iron Wave","floor":12.0},{"not_picked":["Flex","Anger","Wild Strike"],"picked":"SKIP","floor":14.0},{"not_picked":["Offering","Corruption"],"picked":"Limit Break","floor":16.0},{"not_picked":["Warcry+1","Armaments"],"picked":"Spot Weakness","floor":18.0},{"not_picked":["Twin Strike","Clash+1","Warcry"],"picked":"SKIP","floor":19.0},{"not_picked":["Havoc","Spot Weakness","Warcry+1"],"picked":"SKIP","floor":24.0},{"not_picked":["Whirlwind","Flex","Anger"],"picked":"SKIP","floor":29.0},{"not_picked":["Thunderclap","Body Slam"],"picked":"Disarm","floor":31.0},{"not_picked":["Fiend Fire","Corruption"],"picked":"Impervious","floor":33.0},{"not_picked":["Dropkick","Shockwave","Havoc+1"],"picked":"SKIP","floor":35.0},{"not_picked":["Flex+1","Perfected Strike+1"],"picked":"Sword Boomerang","floor":39.0},{"not_picked":["Flex","Searing Blow"],"picked":"Sword Boomerang","floor":41.0},{"not_picked":["Hemokinesis+1","Havoc","Pommel Strike"],"picked":"SKIP","floor":48.0}],"player_experience":304856,"relics_obtained":[{"floor":4.0,"key":"Oddly Smooth Stone"},{"floor":7.0,"key":"Torii"},{"floor":9.0,"key":"WingedGreaves"},{"floor":24.0,"key":"Gambling Chip"},{"floor":36.0,"key":"Ice Cream"},{"floor":43.0,"key":"Letter Opener"}],"event_choices":[{"damage_healed":0.0,"max_hp_gain":5.0,"max_hp_loss":0.0,"gold_gain":0.0,"event_name":"Big Fish","player_choice":"Donut","floor":2.0,"gold_loss":0.0,"damage_taken":0.0},{"damage_healed":0.0,"max_hp_gain":0.0,"max_hp_loss":0.0,"gold_gain":0.0,"event_name":"Dead Adventurer","player_choice":"Searched \u00271\u0027 times","floor":13.0,"gold_loss":0.0,"damage_taken":0.0},{"damage_healed":0.0,"max_hp_gain":0.0,"max_hp_loss":0.0,"gold_gain":0.0,"event_name":"Colosseum","player_choice":"Fight","floor":28.0,"gold_loss":0.0,"damage_taken":0.0},{"damage_healed":0.0,"max_hp_gain":0.0,"max_hp_loss":0.0,"gold_gain":0.0,"event_name":"Colosseum","player_choice":"Fled From Nobs","floor":28.0,"gold_loss":0.0,"damage_taken":0.0},{"damage_healed":0.0,"max_hp_gain":0.0,"max_hp_loss":0.0,"gold_gain":0.0,"event_name":"MindBloom","player_choice":"Fight","floor":36.0,"gold_loss":0.0,"damage_taken":0.0},{"cards_removed":["Strike_R"],"damage_healed":0.0,"max_hp_gain":0.0,"max_hp_loss":0.0,"gold_gain":0.0,"event_name":"Falling","player_choice":"Removed Attack","floor":38.0,"gold_loss":0.0,"damage_taken":0.0},{"damage_healed":0.0,"max_hp_gain":0.0,"max_hp_loss":0.0,"gold_gain":0.0,"event_name":"SensoryStone","player_choice":"Memory 1","floor":44.0,"gold_loss":0.0,"damage_taken":0.0},{"damage_healed":0.0,"max_hp_gain":0.0,"max_hp_loss":0.0,"gold_gain":0.0,"event_name":"OrinTheCat","player_choice":"Ignored","floor":45.0,"gold_loss":0.0,"damage_taken":0.0}],"is_beta":false,"boss_relics":[{"not_picked":["Ectoplasm","Busted Crown"],"picked":"Tiny House"},{"not_picked":["Coffee Dripper","bronze:MakeshiftBattery"],"picked":"Black Star"}],"items_purged_floors":[21,27,30,53],"is_endless":false,"potions_floor_spawned":[11,12,14,16,18,35,36,39],"killed_by":"Shield and Spear","ascension_level":0}}