{"host":"jhy70w0yh8dayqay","time":1611908801,"event":{"mods":["AchievementEnabler","BaseMod","Colored Map","Colored Powertips","DeckTracker","Minty Spire (QoL Compilation)","Permanent Neow","SuperFastMode"],"gold_per_floor":[119,131,150,150,162,162,195,195,195,70,94,94,94],"floor_reached":12,"language":"KOR","playtime":368,"items_purged":["Strike_R"],"score":129,"play_id":"7454dd8f-ded6-49e6-9fa9-858d3c876eb1","local_time":"20210129172641","is_ascension_mode":true,"campfire_choices":[{"data":"Body Slam","floor":6,"key":"SMITH"},{"data":"Armaments","floor":8,"key":"SMITH"}],"circlet_count":0,"master_deck":["AscendersBane","Strike_R","Strike_R","Strike_R","Defend_R","Defend_R","Defend_R","Defend_R","Bash","Clothesline","Body Slam+1","Armaments+1","Offering","Infernal Blade","Spot Weakness","Shrug It Off"],"relics":["Burning Blood","Pen Nib","PreservedInsect","Odd Mushroom"],"acts_visited":["Exordium"],"potions_floor_usage":[7],"damage_taken":[{"damage":9,"enemies":"Jaw Worm","floor":1,"turns":5},{"damage":16,"enemies":"Cultist","floor":2,"turns":4},{"damage":5,"enemies":"2 Louse","floor":3,"turns":3},{"damage":30,"enemies":"Exordium Thugs","floor":5,"turns":4},{"damage":24,"enemies":"Gremlin Nob","floor":7,"turns":4},{"damage":19,"enemies":"The Mushroom Lair","floor":11,"turns":4},{"damage":26,"enemies":"Lagavulin","floor":12,"turns":3}],"seed_played":"8608492911015757986","potions_obtained":[{"floor":3,"key":"Regen Potion"},{"floor":7,"key":"EssenceOfSteel"}],"is_trial":false,"path_per_floor":["M","M","M","?","M","R","E","R","T","$","?","E"],"character_chosen":"IRONCLAD","items_purchased":["Shrug It Off"],"campfire_rested":0,"item_purchase_floors":[10],"current_hp_per_floor":[77,67,68,68,44,44,38,38,38,38,25,0,0],"gold":94,"neow_bonus":"TEN_PERCENT_HP_BONUS","is_daily":false,"chose_seed":false,"campfire_upgraded":2,"win_rate":0.0,"timestamp":1611908801,"path_taken":["M","M","M","?","?","R","E","R","T","$","?","E"],"items_purchased_type":["Card"],"build_version":"2020-12-22","purchased_purges":1,"victory":false,"max_hp_per_floor":[88,88,88,88,88,88,88,88,88,88,88,88,88],"card_choices":[{"not_picked":["Power Through","Body Slam"],"picked":"Clothesline","floor":1},{"not_picked":["Sword Boomerang","Twin Strike"],"picked":"Body Slam","floor":2},{"not_picked":["Warcry","Heavy Blade"],"picked":"Armaments","floor":3},{"not_picked":["Barricade","Seeing Red"],"picked":"Infernal Blade","floor":5},{"not_picked":["Flex","Infernal Blade"],"picked":"Spot Weakness","floor":7}],"player_experience":447222,"relics_obtained":[{"floor":7,"key":"Pen Nib"},{"floor":9,"key":"PreservedInsect"},{"floor":11,"key":"Odd Mushroom"}],"event_choices":[{"damage_healed":0,"gold_gain":0,"cards_transformed":["Strike_R"],"player_choice":"Transformed","damage_taken":0,"max_hp_gain":0,"max_hp_loss":0,"event_name":"Transmorgrifier","floor":4,"gold_loss":0,"cards_obtained":["Offering"]},{"damage_healed":0,"gold_gain":0,"player_choice":"Fought Mushrooms","damage_taken":0,"max_hp_gain":0,"max_hp_loss":0,"event_name":"Mushrooms","floor":11,"gold_loss":0}],"is_beta":false,"boss_relics":[],"items_purged_floors":[10],"is_endless":false,"potions_floor_spawned":[3,7],"killed_by":"Lagavulin","ascension_level":13}}