{"host":"491vyvchqhlfizue","time":1611913920,"event":{"mods":["AchievementEnabler","BaseMod","BetterRewards","Colored Map","Conspire","Downfall","Infinite Spire","Minty Spire (QoL Compilation)","Reliquary","Replay The Spire","Shop Mod","Spikes Relics","StSLib","The Forsaken","The Runesmith"],"gold_per_floor":[99,112,112,123,135,135,206,221,250,269,269,296,296,396,410,511,511,411,422,422,422,437,448,499,512,542,562,577,610,610,659,675,776,776,576,587,601,618,618,618,618,628,644,677,694,694,694,708,725,725,725,753,189,189,189,189],"floor_reached":57,"language":"ENG","playtime":7010,"items_purged":["conspire:GhostlyDefend","conspire:GhostlyStrike"],"score":1292,"play_id":"5914b84c-8108-4289-bde3-932d1dc5dba2","local_time":"20210129045200","is_ascension_mode":false,"campfire_choices":[{"data":"Slimebound:Split","floor":1.0,"key":"SMITH"},{"data":"Slimebound:LeadByExample","floor":11.0,"key":"SMITH"},{"floor":13.0,"key":"RECALL"},{"data":"Slimebound:MassFeed","floor":18.0,"key":"SMITH"},{"data":"Slimebound:FirmFortitude","floor":35.0,"key":"SMITH"},{"floor":47.0,"key":"REST"},{"floor":54.0,"key":"REST"}],"circlet_count":0,"master_deck":["Slimebound:Split+1","Slimebound:CorrosiveSpit","Slimebound:LeadByExample+1","Slimebound:ProtectTheBoss","Slimebound:SplitAcid","Slimebound:FinishingTackle","Slimebound:Gluttony","Slimebound:ItLooksTasty","Slimebound:RollThrough","Slimebound:MassFeed+1","Slimebound:Schlurp+1","infinitespire:Gouge","Slimebound:Repurpose","Slimebound:LivingWall","Slimebound:SlimeBarrage","Slimebound:LeechEnergy+1","Slimebound:Prepare","Slimebound:SplitLeeching","Slimebound:FirmFortitude+1","Slimebound:LeechingTouch+1","Slimebound:LeadByExample","Impatience+1","Deep Breath+1","Slimebound:DuplicatedForm+1","Slimebound:TongueLash+1","expansioncontent:StudyTheSpire","expansioncontent:YouAreMine","Replay:SS_fish_1","expansioncontent:AwakenDeath","Slimebound:SpikyOuterGoop","Slimebound:SamplingLick"],"relics":["Slimebound:AbsorbEndCombat","Shuriken","Meat on the Bone","Blood Vial","BicycleWheel","conspire:SpecialSausage","downfall:HeartBlessingRed","ClockworkSouvenir","Durian","WizardHat","Thread and Needle","infinitespire:BottledMercury","Empty Cage","downfall:HeartBlessingGreen","downfall:HeartBlessingBlue","infinitespire:Broken Mirror","Astrolabe","Chameleon Ring","Iron Hammer","Boot","Runesmith:AutoHammer"],"acts_visited":["Exordium","TheCity","TheBeyond","TheEnding"],"potions_floor_usage":[55,55,55,55],"damage_taken":[{"damage":2.0,"enemies":"2 Louse","floor":2.0,"turns":3.0},{"damage":1.0,"enemies":"Jaw Worm","floor":4.0,"turns":4.0},{"damage":2.0,"enemies":"Small Slimes","floor":5.0,"turns":3.0},{"damage":3.0,"enemies":"Red Slaver","floor":8.0,"turns":4.0},{"damage":16.0,"enemies":"Lagavulin","floor":9.0,"turns":7.0},{"damage":23.0,"enemies":"Exordium Thugs","floor":10.0,"turns":5.0},{"damage":27.0,"enemies":"3 Sentries","floor":12.0,"turns":5.0},{"damage":0.0,"enemies":"Large Slime","floor":15.0,"turns":4.0},{"damage":33.0,"enemies":"DF_ARCHETYPE_STREAMLINE","floor":16.0,"turns":8.0},{"damage":34.0,"enemies":"Shell Parasite","floor":19.0,"turns":6.0},{"damage":10.0,"enemies":"Spheric Guardian","floor":22.0,"turns":3.0},{"damage":17.0,"enemies":"Chosen and Byrds","floor":23.0,"turns":4.0},{"damage":14.0,"enemies":"Cultist and Chosen","floor":25.0,"turns":6.0},{"damage":0.0,"enemies":"conspire:Head Lice","floor":26.0,"turns":5.0},{"damage":18.0,"enemies":"Shelled Parasite and Fungi","floor":27.0,"turns":5.0},{"damage":28.0,"enemies":"3 Cultists","floor":28.0,"turns":6.0},{"damage":9.0,"enemies":"conspire:SneckoGhost","floor":29.0,"turns":5.0},{"damage":8.0,"enemies":"Centurion and Healer","floor":32.0,"turns":5.0},{"damage":9.0,"enemies":"WA_ARCHETYPE_CALM","floor":33.0,"turns":9.0},{"damage":0.0,"enemies":"3 Shapes","floor":36.0,"turns":3.0},{"damage":0.0,"enemies":"Orb Walker","floor":37.0,"turns":4.0},{"damage":7.0,"enemies":"Writhing Mass","floor":38.0,"turns":5.0},{"damage":0.0,"enemies":"Spire Growth","floor":42.0,"turns":4.0},{"damage":0.0,"enemies":"Maw","floor":43.0,"turns":6.0},{"damage":44.0,"enemies":"Nightmare","floor":44.0,"turns":8.0},{"damage":22.0,"enemies":"4 Shapes","floor":45.0,"turns":5.0},{"damage":28.0,"enemies":"Writhing Mass","floor":48.0,"turns":3.0},{"damage":0.0,"enemies":"Spire Growth","floor":49.0,"turns":5.0},{"damage":0.0,"enemies":"SI_POISON_ARCHETYPE","floor":50.0,"turns":7.0},{"damage":115.0,"enemies":"downfall:CharBossMerchant","floor":52.0,"turns":8.0},{"damage":29,"enemies":"downfall:NeowBoss","floor":55,"turns":14},{"damage":101,"enemies":"downfall:NeowBossFinal","floor":56,"turns":15}],"seed_played":"2351776509253079708","potions_obtained":[{"floor":2.0,"key":"LiquidMemories"},{"floor":12.0,"key":"PowerPotion"},{"floor":16.0,"key":"Milkshake"},{"floor":22.0,"key":"Energy Potion"},{"floor":25.0,"key":"LiquidMemories"},{"floor":29.0,"key":"PowerPotion"},{"floor":31.0,"key":"LiquidMemories"},{"floor":33.0,"key":"FearPotion"},{"floor":36.0,"key":"Fruit Juice"},{"floor":42.0,"key":"Slimebound:SlimyTonguePotion"},{"floor":49.0,"key":"champ:CounterPotion"},{"floor":52.0,"key":"Guardian:BlockOnCardUsePotion"}],"is_trial":false,"path_per_floor":["R","M","?","M","M","?","T","M","E","M","R","E","R","?","M","B",null,"R","M","AVR","?","M","M","T","M","E","M","M","E","T","?","M","B",null,"R","M","M","M","AVR","?","T","M","M","NM","M","?","R","M","M","B",null,"E","$","R","B","B",null],"character_chosen":"SLIMEBOUND","items_purchased":["expansioncontent:AwakenDeath","Slimebound:SpikyOuterGoop","Runesmith:AutoHammer","DuplicationPotion","FearPotion","LiquidBronze","Slimebound:SamplingLick"],"campfire_rested":2,"item_purchase_floors":[53,53,53,53,53,53,53],"current_hp_per_floor":[71,69,69,71,71,46,46,45,47,42,42,31,31,31,37,26,71,71,47,47,47,51,42,42,42,51,55,57,58,58,58,60,61,96,106,119,119,122,122,123,123,127,127,89,81,71,111,91,101,126,135,51,51,91,87,32],"gold":189,"neow_bonus":"TEN_PERCENT_HP_BONUS","is_daily":false,"chose_seed":false,"campfire_upgraded":4,"win_rate":0.0,"timestamp":1611913920,"path_taken":["R","M","?","M","M","?","T","M","E","M","R","E","R","?","M","BOSS","R","M","AVR","?","M","?","T","M","E","M","M","E","?","?","M","BOSS","R","M","M","M","AVR","?","T","?","M","NM","M","?","R","M","M","BOSS","E","$","R","BOSS","BOSS"],"items_purchased_type":["Card","Card","Relic","Potion","Potion","Potion","Card"],"build_version":"2020-12-22","purchased_purges":2,"victory":true,"max_hp_per_floor":[71,71,71,71,71,71,71,71,71,71,71,71,71,71,71,71,71,71,75,75,75,79,79,79,83,88,88,96,96,96,96,96,96,96,106,119,119,123,123,123,123,127,127,127,135,135,135,135,135,135,135,135,135,135,135,135],"card_choices":[{"not_picked":["Slimebound:ForwardTackle","Slimebound:SplitLeeching"],"picked":"Slimebound:LeadByExample","floor":2.0},{"not_picked":["Slimebound:Prepare","Slimebound:BestDefense"],"picked":"Slimebound:ProtectTheBoss","floor":4.0},{"not_picked":["Slimebound:FinishingTackle","Slimebound:Dissolve"],"picked":"Slimebound:SplitAcid","floor":5.0},{"not_picked":["Slimebound:PressTheAttack","Slimebound:Grow"],"picked":"Slimebound:FinishingTackle","floor":8.0},{"not_picked":["Slimebound:SlimeSpikes","Slimebound:SplitLeeching"],"picked":"Slimebound:Gluttony","floor":9.0},{"not_picked":["Slimebound:SplitBruiser","Slimebound:SamplingLick"],"picked":"Slimebound:ItLooksTasty","floor":10.0},{"not_picked":["Slimebound:FormOfPuddle","Slimebound:ItLooksTasty","Slimebound:Prepare"],"picked":"SKIP","floor":12.0},{"not_picked":["Slimebound:SplitAcid","Slimebound:Prepare"],"picked":"Slimebound:RollThrough","floor":15.0},{"not_picked":["Slimebound:MassRepurpose","Slimebound:OneTwoCombo"],"picked":"Slimebound:MassFeed","floor":16.0},{"not_picked":["Slimebound:FinishingTackle","Slimebound:FlameTackle"],"picked":"Slimebound:Schlurp+1","floor":19.0},{"not_picked":["Slimebound:Grow","Slimebound:ItLooksTasty"],"picked":"Slimebound:Repurpose","floor":22.0},{"not_picked":["Slimebound:SlimeBrawl","Slimebound:Prepare","Slimebound:ItLooksTasty"],"picked":"SKIP","floor":23.0},{"not_picked":["Slimebound:MegaLick+1","Slimebound:Equalize"],"picked":"Slimebound:LivingWall","floor":25.0},{"not_picked":["Slimebound:SlimeBrawl","Slimebound:Chomp+1"],"picked":"Slimebound:SlimeBarrage","floor":26.0},{"not_picked":["Slimebound:Schlurp","Slimebound:ItLooksTasty"],"picked":"Slimebound:LeechEnergy+1","floor":27.0},{"not_picked":["Slimebound:SplitAcid+1","Slimebound:Dissolve+1"],"picked":"Slimebound:Prepare","floor":28.0},{"not_picked":["Slimebound:SlimeTap","Slimebound:Repurpose+1","Slimebound:SplitAcid"],"picked":"SKIP","floor":29.0},{"not_picked":["Slimebound:SlimeSpikes+1","Slimebound:ItLooksTasty"],"picked":"Slimebound:SplitLeeching","floor":32.0},{"not_picked":["Slimebound:DouseInSlime","Slimebound:PrepareCrush"],"picked":"Slimebound:FirmFortitude","floor":33.0},{"not_picked":["Slimebound:SplitLeeching+1","Slimebound:GoopSpray"],"picked":"Slimebound:LeechingTouch+1","floor":36.0},{"not_picked":["Slimebound:SplitAcid","Slimebound:LeechEnergy","Slimebound:ForwardTackle"],"picked":"SKIP","floor":37.0},{"not_picked":["Slimebound:Schlurp","Slimebound:SlimeTap"],"picked":"Slimebound:LeadByExample","floor":38.0},{"not_picked":["Slimebound:Grow+1","Slimebound:WasteNot","Slimebound:SlimeTap"],"picked":"SKIP","floor":42.0},{"not_picked":["Slimebound:RollThrough+1","Slimebound:SamplingLick","Slimebound:SplitLeeching"],"picked":"SKIP","floor":43.0},{"not_picked":["Slimebound:Dissolve","Slimebound:FinishingTackle","Slimebound:FirmFortitude"],"picked":"SKIP","floor":44.0},{"not_picked":["Slimebound:SplitAcid","Slimebound:SlimeBarrage"],"picked":"Slimebound:TongueLash+1","floor":45.0},{"not_picked":["expansioncontent:Chronoboost","expansioncontent:DashGenerateEvil"],"picked":"expansioncontent:StudyTheSpire","floor":46.0},{"not_picked":["expansioncontent:DecaShield","expansioncontent:HyperBeam"],"picked":"expansioncontent:YouAreMine","floor":46.0},{"not_picked":["expansioncontent:Chronoboost","expansioncontent:HyperBeam"],"picked":"Replay:SS_fish_1","floor":46.0},{"not_picked":["Slimebound:FinishingTackle","Slimebound:ViciousTackle","Slimebound:Equalize"],"picked":"SKIP","floor":48.0},{"not_picked":["Slimebound:LeechingTouch","Slimebound:ComboTackle","Slimebound:DisruptingSlam"],"picked":"SKIP","floor":49.0},{"not_picked":["Slimebound:ViciousTackle+1","Slimebound:ForwardTackle+1","Slimebound:Grow"],"picked":"SKIP","floor":52.0}],"player_experience":47365,"relics_obtained":[{"floor":7.0,"key":"Meat on the Bone"},{"floor":9.0,"key":"Blood Vial"},{"floor":12.0,"key":"BicycleWheel"},{"floor":26.0,"key":"Durian"},{"floor":29.0,"key":"WizardHat"},{"floor":30.0,"key":"Thread and Needle"},{"floor":31.0,"key":"infinitespire:BottledMercury"},{"floor":41.0,"key":"Chameleon Ring"},{"floor":44.0,"key":"Iron Hammer"},{"floor":52.0,"key":"Boot"}],"event_choices":[{"damage_healed":0.0,"max_hp_gain":0.0,"max_hp_loss":0.0,"gold_gain":0.0,"event_name":"conspire:LoneGhost","player_choice":"Agree","floor":3.0,"gold_loss":0.0,"damage_taken":0.0},{"damage_healed":0.0,"max_hp_gain":0.0,"max_hp_loss":0.0,"gold_gain":0.0,"event_name":"Scrap Ooze","player_choice":"Success","floor":6.0,"gold_loss":0.0,"damage_taken":25.0,"relics_obtained":["Shuriken"]},{"damage_healed":1.0,"max_hp_gain":0.0,"max_hp_loss":0.0,"gold_gain":0.0,"event_name":"Wheel of Change","player_choice":"Full Heal","floor":40.0,"gold_loss":0.0,"damage_taken":0.0}],"is_beta":false,"boss_relics":[{"not_picked":["reliquary:RedPaperclip","ReplayTheSpireMod:SealedPack"],"picked":"conspire:SpecialSausage"},{"not_picked":["Snecko Eye","Replay:Drink Me"],"picked":"Empty Cage"}],"items_purged_floors":[20,39],"is_endless":false,"potions_floor_spawned":[2,12,16,22,25,27,29,33,36,42,49,52],"ascension_level":0}}