{"host":"3qkmyeoym75lj4wn","time":1611943098,"event":{"mods":["2.2 Compatiblity","BaseMod","Block Reminder","Colored Powertips","Highlight Path","Minty Spire (QoL Compilation)","Permanent Neow","Potion Indicator Mod","Rare Cards Sparkle","Relic Stats","StSLib","Unceasing Turn Reminder"],"gold_per_floor":[114,114,129,142,10,36,52,77,102,134,145,70,70,70,70,148,148,158,158,174,17,17,43,93,107,107,107,107,107,119,139,139,216,216,232,252,252,252,252,252,252,252],"floor_reached":41,"language":"ENG","playtime":1371,"items_purged":[],"score":1058,"play_id":"d183bc32-75ef-469c-b263-7c8c6073b8f8","local_time":"20210129175818","is_ascension_mode":true,"campfire_choices":[{"data":"Eruption","floor":13.0,"key":"SMITH"},{"data":"Ragnarok","floor":15.0,"key":"SMITH"},{"floor":29,"key":"REST"},{"floor":32,"key":"REST"},{"floor":40,"key":"RECALL"}],"circlet_count":0,"master_deck":["AscendersBane","Defend_P","Defend_P","Defend_P","Defend_P","Eruption+1","Vigilance","Consecrate","InnerPeace","CarveReality","Vault","Ragnarok+1","CutThroughFate","Adaptation","Protect","Devotion","Collect+1","ThirdEye+1","CrushJoints+1","FlurryOfBlows","Crescendo","Sanctity","Ragnarok","Eruption","Halt","Core Surge","Chill","Crippling Poison+1","Omniscience+1","Thunderclap"],"relics":["PureWater","Akabeko","Smiling Mask","Happy Flower","WingedGreaves","Astrolabe","PrismaticShard","MutagenicStrength","Pantograph","Toxic Egg 2","Snecko Eye"],"acts_visited":["Exordium","TheCity","TheBeyond"],"potions_floor_usage":[25],"damage_taken":[{"damage":0.0,"enemies":"Cultist","floor":1.0,"turns":2.0},{"damage":0.0,"enemies":"2 Louse","floor":3.0,"turns":2.0},{"damage":0.0,"enemies":"Jaw Worm","floor":4.0,"turns":3.0},{"damage":7.0,"enemies":"Lagavulin","floor":6.0,"turns":5.0},{"damage":0.0,"enemies":"Looter","floor":7.0,"turns":1.0},{"damage":0.0,"enemies":"Gremlin Nob","floor":8.0,"turns":3.0},{"damage":0.0,"enemies":"Lagavulin","floor":10.0,"turns":2.0},{"damage":0.0,"enemies":"Lots of Slimes","floor":11.0,"turns":2.0},{"damage":0.0,"enemies":"Hexaghost","floor":16.0,"turns":1.0},{"damage":7.0,"enemies":"3 Byrds","floor":18.0,"turns":4.0},{"damage":0.0,"enemies":"Spheric Guardian","floor":20.0,"turns":3.0},{"damage":41,"enemies":"Slavers","floor":23,"turns":4},{"damage":12,"enemies":"Snake Plant","floor":25,"turns":3},{"damage":0,"enemies":"Snecko","floor":30,"turns":1},{"damage":19,"enemies":"3 Cultists","floor":31,"turns":4},{"damage":46,"enemies":"Collector","floor":33,"turns":6},{"damage":36,"enemies":"3 Darklings","floor":35,"turns":4},{"damage":0,"enemies":"3 Shapes","floor":36,"turns":6},{"damage":37,"enemies":"Reptomancer","floor":41,"turns":3}],"seed_played":"9204050142993308767","potions_obtained":[{"floor":1.0,"key":"Block Potion"},{"floor":7.0,"key":"StancePotion"},{"floor":10.0,"key":"StancePotion"},{"floor":11.0,"key":"SteroidPotion"},{"floor":20.0,"key":"LiquidBronze"},{"floor":33,"key":"FearPotion"}],"is_trial":false,"path_per_floor":["M","$","M","M","$","E","M","E","T","E","M","?","R","T","R","B",null,"M","?","M","$","?","E","?","M","T","?","?","R","M","M","R","B",null,"M","M","?","?","?","R","E"],"character_chosen":"WATCHER","items_purchased":["Ragnarok","BlessingOfTheForge","PrismaticShard"],"campfire_rested":2,"item_purchase_floors":[5,5,21],"current_hp_per_floor":[61,61,61,61,61,54,54,54,54,54,54,54,54,54,54,54,65,58,58,58,58,58,17,17,5,5,5,5,25,25,6,26,5,52,16,16,16,30,30,30,0,0],"gold":252,"neow_bonus":"THREE_CARDS","is_daily":false,"chose_seed":false,"campfire_upgraded":2,"win_rate":0.0,"timestamp":1611943098,"path_taken":["M","$","?","M","$","E","M","E","T","E","M","?","R","?","R","BOSS","M","?","?","$","?","E","?","?","T","?","?","R","M","M","R","BOSS","M","M","?","?","?","R","E"],"items_purchased_type":["Card","Potion","Relic"],"build_version":"2020-12-22","purchased_purges":0,"victory":false,"max_hp_per_floor":[68,68,68,68,68,68,68,68,68,68,68,68,68,68,68,68,68,68,68,68,68,68,68,68,68,68,68,68,68,68,68,68,68,68,68,68,68,68,68,68,68,68],"relic_stats":{"Happy Flower":[13],"counters":[19,59],"Astrolabe":["Collect","ThirdEye","CrushJoints"],"Pantograph":25,"Snecko Eye":[22,22,23,28],"Smiling Mask":0,"obtain_stats":[{"Happy Flower":10,"Astrolabe":17,"MutagenicStrength":22,"Pantograph":23,"Snecko Eye":34,"WingedGreaves":14,"PureWater":0,"Toxic Egg 2":26,"Smiling Mask":8,"PrismaticShard":21,"Akabeko":6},{"Happy Flower":7,"Astrolabe":9,"MutagenicStrength":11,"Pantograph":12,"Snecko Eye":16,"WingedGreaves":8,"PureWater":0,"Toxic Egg 2":13,"Smiling Mask":6,"PrismaticShard":11,"Akabeko":4},{"Happy Flower":18,"Astrolabe":21,"MutagenicStrength":28,"Pantograph":32,"Snecko Eye":46,"WingedGreaves":20,"PureWater":0,"Toxic Egg 2":35,"Smiling Mask":16,"PrismaticShard":28,"Akabeko":12}]},"card_choices":[{"not_picked":["Prostrate","Study"],"picked":"Consecrate","floor":0.0},{"not_picked":["Fasting2","EmptyMind"],"picked":"InnerPeace","floor":1.0},{"not_picked":["Prostrate","Consecrate"],"picked":"CarveReality","floor":3.0},{"not_picked":["Consecrate","EmptyBody"],"picked":"Vault","floor":4.0},{"not_picked":["Prostrate","Consecrate","Worship"],"picked":"SKIP","floor":6.0},{"not_picked":["SashWhip","SandsOfTime"],"picked":"CutThroughFate","floor":7.0},{"not_picked":["ClearTheMind","EmptyBody"],"picked":"Adaptation","floor":8.0},{"not_picked":["FlurryOfBlows","Consecrate"],"picked":"Protect","floor":10.0},{"not_picked":["Worship","JustLucky","PathToVictory"],"picked":"SKIP","floor":11.0},{"not_picked":["ConjureBlade","MasterReality"],"picked":"Devotion","floor":16.0},{"not_picked":["JustLucky","Fasting2"],"picked":"FlurryOfBlows","floor":18.0},{"not_picked":["FlurryOfBlows","ThirdEye+1"],"picked":"Halt","floor":20.0},{"not_picked":["Infinite Blades","Catalyst"],"picked":"Core Surge","floor":23},{"not_picked":["Caltrops","Self Repair"],"picked":"Chill","floor":25},{"not_picked":["Stack+1","Underhanded Strike+1"],"picked":"Crippling Poison+1","floor":30},{"not_picked":["Compile Driver","Pommel Strike","Rampage"],"picked":"SKIP","floor":31},{"not_picked":["Panache","Machine Learning"],"picked":"Omniscience+1","floor":33},{"not_picked":["Dual Wield+1","Dagger Spray"],"picked":"Thunderclap","floor":35},{"not_picked":["Dodge and Roll+1","Twin Strike+1","Double Energy+1"],"picked":"SKIP","floor":36}],"player_experience":1711035,"relics_obtained":[{"floor":6.0,"key":"Akabeko"},{"floor":8.0,"key":"Smiling Mask"},{"floor":10.0,"key":"Happy Flower"},{"floor":14.0,"key":"WingedGreaves"},{"floor":23,"key":"Pantograph"},{"floor":26,"key":"Toxic Egg 2"}],"event_choices":[{"cards_removed":["Strike_P"],"damage_healed":0.0,"max_hp_gain":0.0,"max_hp_loss":0.0,"gold_gain":0.0,"event_name":"The Cleric","player_choice":"Card Removal","floor":12.0,"gold_loss":75.0,"damage_taken":0.0},{"damage_healed":0.0,"max_hp_gain":0.0,"max_hp_loss":0.0,"gold_gain":0.0,"event_name":"Match and Keep!","player_choice":"4 cards matched","floor":19.0,"gold_loss":0.0,"damage_taken":0.0,"cards_obtained":["Crescendo","Sanctity","Ragnarok","Eruption"]},{"damage_healed":0.0,"max_hp_gain":0.0,"max_hp_loss":0.0,"gold_gain":0.0,"event_name":"Drug Dealer","player_choice":"Inject Mutagens","floor":22.0,"gold_loss":0.0,"damage_taken":0.0,"relics_obtained":["MutagenicStrength"]},{"damage_healed":0,"gold_gain":50,"player_choice":"Pray","damage_taken":0,"max_hp_gain":0,"max_hp_loss":0,"event_name":"Golden Shrine","floor":24,"gold_loss":0},{"damage_healed":0,"gold_gain":0,"player_choice":"Ignored","damage_taken":0,"max_hp_gain":0,"max_hp_loss":0,"event_name":"Ghosts","floor":27,"gold_loss":0},{"damage_healed":0,"gold_gain":0,"player_choice":"Ignored","damage_taken":0,"max_hp_gain":0,"max_hp_loss":0,"event_name":"Cursed Tome","floor":28,"gold_loss":0},{"damage_healed":0,"gold_gain":0,"player_choice":"Memory 1","damage_taken":0,"max_hp_gain":0,"max_hp_loss":0,"event_name":"SensoryStone","floor":37,"gold_loss":0},{"damage_healed":14,"gold_gain":0,"player_choice":"Writhe","damage_taken":0,"max_hp_gain":0,"max_hp_loss":0,"event_name":"Winding Halls","floor":38,"gold_loss":0,"cards_obtained":["Writhe"]},{"cards_removed":["Writhe"],"damage_healed":0,"gold_gain":0,"player_choice":"Purged","damage_taken":0,"max_hp_gain":0,"max_hp_loss":0,"event_name":"Purifier","floor":39,"gold_loss":0}],"is_beta":false,"boss_relics":[{"not_picked":["Black Star","Fusion Hammer"],"picked":"Astrolabe"},{"not_picked":["Calling Bell","Empty Cage"],"picked":"Snecko Eye"}],"items_purged_floors":[],"is_endless":false,"potions_floor_spawned":[1,7,10,11,20,33],"killed_by":"Reptomancer","ascension_level":20}}