{"host":"t9zjxed0utvsfjwc","time":1611890855,"event":{"mods":["2.2 Compatiblity","Aspiration","BaseMod","Better Altar","Better Match","Better Note","Better Sensory Stone","Better Skull","Better Third Choice","Block Reminder","Colored Map","Colored Powertips","Custom Start","Downfall","Hermit","Highlight Path","Hubris","Infinite Spire","Marisa????????","Minty Spire (QoL Compilation)","Quick Restart","Rare Cards Sparkle","Reliquary","Replay The Spire","StSLib","The Cursed","The Marked","The Runesmith","Unceasing Turn Reminder","everything is the same but u backflip on backflip"],"gold_per_floor":[99,99,99,99,111,138,176,199,211,223,268,280,292,322,350,460,472,553,577,606,718,459,459,482,382,382,382,382],"floor_reached":26,"language":"ENG","playtime":993,"items_purged":["Replay:Hysterical Blindness"],"score":212,"play_id":"7597ce19-f6ad-4cdc-926c-6e1f077f5efd","local_time":"20210129032735","is_ascension_mode":true,"campfire_choices":[{"data":"bronze:Strike","floor":1,"key":"PURGE"},{"floor":9,"key":"REST"},{"floor":12,"key":"REST"},{"floor":25,"key":"RECALL"}],"circlet_count":0,"master_deck":["bronze:Strike","bronze:Strike","bronze:Defend","bronze:Defend","bronze:Replicate","bronze:Separator","bronze:Separator","m_Bronzebash","Shrug It Off","bronze:HyperBeam","bronze:Terminator+1","J.A.X.","bronze:Fortify","bronze:FineTuning","bronze:Terminator+1","Doubt"],"relics":["downfall:HeartsMalice","Bag of Marbles","Bag of Preparation","MawBank","hubris:OldNail","hubris:DeckOfHolding","m_BronzeBlood","SlaversCollar","MutagenicStrength","ReplayTheSpireMod:CursedCoin","Toxic Egg 2","downfall:HeartBlessingBlue"],"acts_visited":["Exordium","TheCity"],"potions_floor_usage":[8,11,16,16,22],"damage_taken":[{"damage":0,"enemies":"Jaw Worm","floor":2,"turns":1},{"damage":0,"enemies":"Cultist","floor":3,"turns":1},{"damage":0,"enemies":"downfall:FleeingMerchant","floor":5,"turns":1},{"damage":0,"enemies":"Small Slimes","floor":6,"turns":3},{"damage":5,"enemies":"Exordium Thugs","floor":8,"turns":2},{"damage":17,"enemies":"3 Sentries","floor":11,"turns":6},{"damage":0,"enemies":"3 Louse","floor":14,"turns":3},{"damage":1,"enemies":"Gremlin Gang","floor":15,"turns":5},{"damage":10,"enemies":"IC_STATUS_ARCHETYPE","floor":16,"turns":6},{"damage":7,"enemies":"Shell Parasite","floor":19,"turns":7},{"damage":24,"enemies":"3 Byrds","floor":20,"turns":5},{"damage":22,"enemies":"downfall:Augmenter","floor":21,"turns":4},{"damage":10,"enemies":"downfall:FleeingMerchant","floor":22,"turns":4},{"damage":41,"enemies":"Nightmare","floor":26,"turns":5}],"seed_played":"-7261483885657621236","potions_obtained":[{"floor":6,"key":"Fire Potion"},{"floor":8,"key":"Dexterity Potion"},{"floor":11,"key":"LifebloodPotion"},{"floor":15,"key":"Flashbang"},{"floor":19,"key":"bronze:CleanCodePotion"},{"floor":21,"key":"bronze:BuildAFunctionPotion"}],"is_trial":false,"path_per_floor":["R_BF","M","M","?","$","M","T","M","R","?","E","R","?","M","M","B",null,"R_BF","M","M","?","$","?","T","R","NM"],"character_chosen":"THE_AUTOMATON","items_purchased":["ReplayTheSpireMod:CursedCoin","bronze:Terminator","Toxic Egg 2"],"campfire_rested":2,"item_purchase_floors":[22,22,22],"current_hp_per_floor":[70,70,70,24,24,24,24,19,40,40,23,44,44,50,55,51,70,70,69,51,35,31,31,31,41,0,0,0],"gold":382,"neow_bonus":"THREE_ENEMY_KILL","is_daily":false,"chose_seed":false,"campfire_upgraded":0,"win_rate":0.0,"timestamp":1611890855,"path_taken":["R_BF","M","M","?","$","M","T","?","R","?","E","R","?","?","M","BOSS","R_BF","M","M","?","$","?","T","R","NM"],"items_purchased_type":["Relic","Card","Relic"],"build_version":"2020-12-22","purchased_purges":1,"victory":false,"max_hp_per_floor":[70,70,70,70,70,70,70,70,70,70,70,70,70,70,70,70,70,70,70,70,70,70,70,70,80,80,80,80],"card_choices":[{"not_picked":["bronze:BuggyMess","bronze:Repair","bronze:ItsAFeature"],"picked":"SKIP","floor":2},{"not_picked":["bronze:BugBarrage","bronze:Overheat"],"picked":"bronze:Separator","floor":3},{"not_picked":["bronze:Invalidate","bronze:ForLoop"],"picked":"bronze:Separator","floor":5},{"not_picked":["bronze:Deprecate","bronze:BugBarrage","bronze:ChosenStrike"],"picked":"SKIP","floor":6},{"not_picked":["bronze:Separator","bronze:BugBarrage","bronze:FindAndReplace"],"picked":"SKIP","floor":8},{"not_picked":["bronze:ChildClass","bronze:ForceShield","bronze:FollowUp"],"picked":"SKIP","floor":11},{"not_picked":["bronze:BugBarrage","bronze:WhirlingStrike"],"picked":"Shrug It Off","floor":14},{"not_picked":["bronze:Invalidate","bronze:MaxOutput","bronze:DelayedGuard"],"picked":"SKIP","floor":15},{"not_picked":["Juggernaut","bronze:RecursiveStrike"],"picked":"bronze:HyperBeam","floor":16},{"not_picked":["bronze:Allocate","bronze:OilSpill","bronze:BitShift"],"picked":"SKIP","floor":19},{"not_picked":["bronze:BugBarrage","bronze:OilSpill+1"],"picked":"bronze:Terminator","floor":20},{"not_picked":[],"picked":"J.A.X.","floor":21},{"not_picked":["bronze:DelayedGuard","bronze:BitShift+1","bronze:Overheat"],"picked":"SKIP","floor":22}],"player_experience":458967,"relics_obtained":[{"floor":7,"key":"hubris:OldNail"},{"floor":11,"key":"hubris:DeckOfHolding"},{"floor":21,"key":"MutagenicStrength"}],"event_choices":[{"damage_healed":0,"gold_gain":0,"player_choice":"RE RE RE ","damage_taken":52,"relics_obtained":["Bag of Marbles","Bag of Preparation","MawBank"],"max_hp_gain":0,"max_hp_loss":0,"event_name":"betterSkull:BetterSkull","floor":4,"gold_loss":0,"cards_upgraded":[]},{"cards_removed":["bronze:Defend"],"damage_healed":0,"gold_gain":0,"player_choice":"Card Removal","damage_taken":0,"max_hp_gain":0,"max_hp_loss":0,"event_name":"The Cleric","floor":10,"gold_loss":0}],"is_beta":false,"boss_relics":[{"not_picked":["aspiration:MobileForge","hubris:BlackHole"],"picked":"SlaversCollar"}],"items_purged_floors":[22],"is_endless":false,"potions_floor_spawned":[6,8,11,15,19,21],"killed_by":"Nightmare","ascension_level":1}}