{"host":"zrtolk9726p85qr7","time":1611925353,"event":{"mods":["BaseMod","BetterRewards","Colored Powertips","Minty Spire (QoL Compilation)","Permanent Neow","Quick Restart","Spire Arcade","StSLib","The Animator","The Necromancer","The Wild Card"],"gold_per_floor":[114,132,144,144,144,144,158,173,198,131,151,183,34,49,49,152,152,166,166,166,23,33,63,63,74,156,156,170,182,182,198,198,198,198],"floor_reached":33,"language":"ENG","playtime":1769,"items_purged":[],"score":421,"play_id":"b2dd1414-f227-41f7-ade2-646cc2e631fb","local_time":"20210129140233","is_ascension_mode":false,"campfire_choices":[{"floor":6,"key":"REST"},{"floor":15,"key":"REST"},{"floor":27,"key":"REST"},{"floor":30,"key":"REST"},{"floor":32,"key":"REST"}],"circlet_count":0,"master_deck":["Strike_G","Strike_G","Strike_G","Strike_G","Defend_G","Defend_G","Defend_G","Defend_G","Defend_G","Survivor","Neutralize","Accuracy","Blade Dance","Infinite Blades","Masterful Stab","Blade Dance","Burst","Cloak And Dagger+1","Infinite Blades","Cloak And Dagger+1","Infinite Blades","Accuracy","Backstab"],"relics":["Ring of the Snake","Vajra","Tiny Chest","Anchor","Orichalcum","Empty Cage","Membership Card","Dream Catcher","Gremlin Horn"],"acts_visited":["Exordium","TheCity"],"potions_floor_usage":[8,8,12,12,12,12,16,16,23,33],"damage_taken":[{"damage":5,"enemies":"Cultist","floor":1,"turns":4},{"damage":3,"enemies":"Small Slimes","floor":2,"turns":3},{"damage":6,"enemies":"2 Louse","floor":3,"turns":3},{"damage":4,"enemies":"Looter","floor":7,"turns":3},{"damage":6,"enemies":"Exordium Thugs","floor":8,"turns":4},{"damage":0,"enemies":"Blue Slaver","floor":11,"turns":3},{"damage":20,"enemies":"Lagavulin","floor":12,"turns":3},{"damage":5,"enemies":"3 Louse","floor":14,"turns":4},{"damage":0,"enemies":"Slime Boss","floor":16,"turns":4},{"damage":0,"enemies":"Chosen","floor":18,"turns":4},{"damage":0,"enemies":"3 Byrds","floor":22,"turns":5},{"damage":21,"enemies":"Gremlin Leader","floor":23,"turns":5},{"damage":33,"enemies":"Snake Plant","floor":25,"turns":5},{"damage":21,"enemies":"Shelled Parasite and Fungi","floor":28,"turns":3},{"damage":0,"enemies":"Cultist and Chosen","floor":29,"turns":3},{"damage":4,"enemies":"Sentry and Sphere","floor":31,"turns":3},{"damage":62,"enemies":"Automaton","floor":33,"turns":6}],"seed_played":"8946146006915867880","potions_obtained":[{"floor":1,"key":"LiquidBronze"},{"floor":2,"key":"EntropicBrew"},{"floor":14,"key":"SteroidPotion"},{"floor":18,"key":"FearPotion"},{"floor":28,"key":"CunningPotion"},{"floor":31,"key":"FearPotion"}],"is_trial":false,"path_per_floor":["M","M","M","$","$","R","M","M","T","$","M","E","$","M","R","B",null,"M","?","?","$","M","E","T","M","T","R","M","M","R","M","R","B"],"character_chosen":"THE_SILENT","items_purchased":["Vajra","Accuracy","Infinite Blades","Orichalcum","Membership Card"],"campfire_rested":5,"item_purchase_floors":[0,0,10,13,21],"current_hp_per_floor":[57,54,48,48,48,69,65,59,59,59,59,39,39,34,55,55,70,70,70,57,57,57,36,36,3,3,25,4,4,26,22,44,0,0],"gold":198,"neow_bonus":"","is_daily":false,"chose_seed":false,"campfire_upgraded":0,"win_rate":0.0,"timestamp":1611925353,"path_taken":["M","M","?","?","$","R","M","M","T","$","?","E","$","M","R","BOSS","M","?","?","$","M","E","?","?","T","R","M","M","R","M","R","BOSS"],"items_purchased_type":["Relic","Card","Card","Relic","Relic"],"build_version":"2020-12-22","purchased_purges":0,"victory":false,"max_hp_per_floor":[70,70,70,70,70,70,70,70,70,70,70,70,70,70,70,70,70,70,70,75,75,75,75,75,75,75,75,75,75,75,75,75,75,75],"card_choices":[{"not_picked":["Bane","Crippling Poison"],"picked":"Catalyst","floor":1},{"not_picked":["Acrobatics","Skewer","Outmaneuver"],"picked":"SKIP","floor":2},{"not_picked":["Cloak And Dagger","Bane"],"picked":"Blade Dance","floor":3},{"not_picked":["Flying Knee","PiercingWail","Deflect"],"picked":"SKIP","floor":7},{"not_picked":["Deflect","Quick Slash","Reflex"],"picked":"SKIP","floor":8},{"not_picked":["Expertise","Deflect"],"picked":"Masterful Stab","floor":11},{"not_picked":["Calculated Gamble","Glass Knife","Blur"],"picked":"SKIP","floor":12},{"not_picked":["Backflip","Cloak And Dagger"],"picked":"Blade Dance","floor":14},{"not_picked":["Adrenaline","Die Die Die"],"picked":"Burst","floor":16},{"not_picked":["Acrobatics","Underhanded Strike"],"picked":"Cloak And Dagger+1","floor":18},{"not_picked":["Deadly Poison","Footwork","Flechettes"],"picked":"SKIP","floor":22},{"not_picked":["Flechettes","Deflect"],"picked":"Cloak And Dagger+1","floor":23},{"not_picked":["Well Laid Plans","Distraction","Skewer"],"picked":"SKIP","floor":25},{"not_picked":["After Image","Blade Dance"],"picked":"Infinite Blades","floor":28},{"not_picked":["Escape Plan","Infinite Blades","Leg Sweep"],"picked":"SKIP","floor":29},{"not_picked":["Poisoned Stab","Eviscerate+1"],"picked":"Accuracy","floor":30},{"not_picked":["Prepared","Slice","Dagger Spray"],"picked":"SKIP","floor":31},{"not_picked":["Noxious Fumes","Flechettes"],"picked":"Backstab","floor":32}],"player_experience":124825,"relics_obtained":[{"floor":9,"key":"Tiny Chest"},{"floor":12,"key":"Anchor"},{"floor":23,"key":"Dream Catcher"},{"floor":24,"key":"Gremlin Horn"}],"event_choices":[{"damage_healed":0,"gold_gain":0,"player_choice":"Read","damage_taken":0,"max_hp_gain":0,"max_hp_loss":0,"event_name":"The Library","floor":19,"gold_loss":0,"cards_obtained":["Infinite Blades"]},{"damage_healed":0,"gold_gain":0,"player_choice":"Shed Blood","damage_taken":18,"max_hp_gain":5,"max_hp_loss":0,"event_name":"Forgotten Altar","floor":20,"gold_loss":0}],"is_beta":false,"boss_relics":[{"not_picked":["Snecko Eye","Velvet Choker"],"picked":"Empty Cage"}],"items_purged_floors":[],"is_endless":false,"potions_floor_spawned":[1,2,11,14,18,28,31],"killed_by":"Automaton","ascension_level":0}}