{"host":"otdcrrn8ri3oipri","time":1611896022,"event":{"mods":["BaseMod","Downfall","Marisa????????","Minty Spire (QoL Compilation)","StSLib","The Cursed"],"gold_per_floor":[115,115,115,10,44,97,132,150,226,276,276,336,336,374,374,518,518,561,561,600,638,638,689,689,704,704,704,740,740,740,755,755,755,755],"floor_reached":33,"language":"ENG","playtime":2094,"items_purged":[],"score":304,"play_id":"50b39142-5354-4597-9bea-2e50230820fa","local_time":"20210128225342","is_ascension_mode":false,"campfire_choices":[{"data":"LuminesStrike","floor":11,"key":"SMITH"},{"data":"MysteriousBeam","floor":13,"key":"SMITH"},{"floor":15,"key":"REST"},{"floor":27,"key":"REST"},{"floor":30,"key":"REST"},{"floor":32,"key":"REST"}],"circlet_count":0,"master_deck":["Strike_MRS","Strike_MRS","Strike_MRS","Defend_MRS","Defend_MRS","MasterSpark","UpSweep","6A","WitchOfGreed","MysteriousBeam+1","DoubleSpark","LuminesStrike+1","GrandCross","SuperPerseids","EnergyFlow","Parasite","Parasite","SprinkleStarSeal","MysteriousBeam","MillisecondPulsars","MysteriousBeam","Writhe","MilkyWay+1","6A","MagicAbsorber","MysteriousBeam+1","WitchOfGreed","SporeBomb+1"],"relics":["MiniHakkero","Golden Idol","Ginger","Gremlin Horn","ShroomBag","Empty Cage","Bag of Marbles","Kunai","MutagenicStrength","InkBottle","Toxic Egg 2"],"acts_visited":["Exordium","TheCity"],"potions_floor_usage":[10,10,12,12,12,18,20,21,21,21,21,23,25,25,25,33,33],"damage_taken":[{"damage":1,"enemies":"Jaw Worm","floor":1,"turns":3},{"damage":0,"enemies":"Small Slimes","floor":5,"turns":3},{"damage":22,"enemies":"Gremlin Nob","floor":6,"turns":4},{"damage":6,"enemies":"2 Louse","floor":7,"turns":2},{"damage":0,"enemies":"2 Fungi Beasts","floor":8,"turns":2},{"damage":2,"enemies":"Looter","floor":10,"turns":3},{"damage":8,"enemies":"3 Sentries","floor":12,"turns":7},{"damage":4,"enemies":"Exordium Thugs","floor":14,"turns":3},{"damage":12,"enemies":"Slime Boss","floor":16,"turns":8},{"damage":0,"enemies":"Chosen","floor":18,"turns":3},{"damage":10,"enemies":"2 Thieves","floor":20,"turns":2},{"damage":8,"enemies":"Sentry and Sphere","floor":21,"turns":4},{"damage":54,"enemies":"Book of Stabbing","floor":23,"turns":6},{"damage":0,"enemies":"Centurion and Healer","floor":25,"turns":3},{"damage":20,"enemies":"Cultist and Chosen","floor":28,"turns":5},{"damage":0,"enemies":"Sentry and Sphere","floor":31,"turns":1},{"damage":57,"enemies":"Automaton","floor":33,"turns":8}],"seed_played":"7201782778916871862","potions_obtained":[{"floor":5,"key":"Swift Potion"},{"floor":6,"key":"DuplicationPotion"},{"floor":6,"key":"GamblersBrew"},{"floor":7,"key":"BlessingOfTheForge"},{"floor":10,"key":"SneckoOil"},{"floor":10,"key":"ColorlessPotion"},{"floor":10,"key":"ColorlessPotion"},{"floor":12,"key":"AttackPotion"},{"floor":14,"key":"BottledSpark"},{"floor":16,"key":"EntropicBrew"},{"floor":18,"key":"Energy Potion"},{"floor":20,"key":"Guardian:BlockOnCardUsePotion"},{"floor":21,"key":"SkillPotion"},{"floor":21,"key":"EssenceOfSteel"},{"floor":23,"key":"Fire Potion"},{"floor":28,"key":"Block Potion"},{"floor":31,"key":"DistilledChaos"}],"is_trial":false,"path_per_floor":["M","?","?","$","M","E","M","M","T","M","R","E","R","M","R","B",null,"M","?","M","M","?","E","?","M","T","R","M","T","R","M","R","B"],"character_chosen":"MARISA","items_purchased":["WitchOfGreed","MysteriousBeam"],"campfire_rested":4,"item_purchase_floors":[4,4],"current_hp_per_floor":[81,76,69,69,69,47,41,41,41,39,39,31,31,27,49,37,76,76,76,66,63,63,9,9,9,9,31,11,11,33,33,55,0,0],"gold":755,"neow_bonus":"TEN_PERCENT_HP_BONUS","is_daily":false,"chose_seed":false,"campfire_upgraded":2,"win_rate":0.0,"timestamp":1611896022,"path_taken":["M","?","?","$","M","E","M","M","T","M","R","E","R","M","R","BOSS","M","?","M","M","?","E","?","M","T","R","M","?","R","M","R","BOSS"],"items_purchased_type":["Card","Card"],"build_version":"2020-12-22","purchased_purges":0,"victory":false,"max_hp_per_floor":[82,76,76,76,76,76,76,76,76,76,76,76,76,76,76,76,76,76,76,76,76,76,76,76,76,76,76,76,76,76,76,76,76,76],"card_choices":[{"not_picked":["DeepEcoloBomb","Singularity"],"picked":"6A","floor":1},{"not_picked":["Orbital","SporeBomb"],"picked":"DoubleSpark","floor":5},{"not_picked":["PowerUp","CollectingQuirk"],"picked":"LuminesStrike","floor":6},{"not_picked":["BlazeAway","MilkyWay"],"picked":"GrandCross","floor":7},{"not_picked":["MagicChant","6A"],"picked":"SuperPerseids","floor":8},{"not_picked":["BlazeAway","IllusionStar"],"picked":"EnergyFlow","floor":10},{"not_picked":["DoubleSpark","MeteoricShower"],"picked":"SprinkleStarSeal","floor":12},{"not_picked":["Acceleration","GalacticHalo"],"picked":"MysteriousBeam","floor":14},{"not_picked":["SuperNova","EscapeVelocity"],"picked":"MillisecondPulsars","floor":16},{"not_picked":["SporeBomb","DC"],"picked":"MysteriousBeam","floor":18},{"not_picked":["Acceleration+1","WitchLeyline"],"picked":"MilkyWay+1","floor":20},{"not_picked":["GravityBeat","Singularity"],"picked":"6A","floor":21},{"not_picked":["MeteoricShower","MachineGunSpark"],"picked":"MagicAbsorber","floor":23},{"not_picked":["Occultation","GalacticHalo"],"picked":"MysteriousBeam+1","floor":25},{"not_picked":["SporeBomb","CasketOfStar"],"picked":"WitchOfGreed","floor":28},{"not_picked":["NonDirectionalLaser","6A"],"picked":"SporeBomb+1","floor":31}],"player_experience":48711,"relics_obtained":[{"floor":6,"key":"Ginger"},{"floor":9,"key":"Gremlin Horn"},{"floor":12,"key":"ShroomBag"},{"floor":23,"key":"Kunai"},{"floor":26,"key":"InkBottle"},{"floor":29,"key":"Toxic Egg 2"}],"event_choices":[{"damage_healed":0,"gold_gain":0,"player_choice":"Lose Max HP","damage_taken":0,"relics_obtained":["Golden Idol"],"max_hp_gain":0,"max_hp_loss":6,"event_name":"Golden Idol","floor":2,"gold_loss":0},{"cards_removed":["Strike_MRS"],"damage_healed":0,"gold_gain":0,"player_choice":"Card Removal","damage_taken":7,"max_hp_gain":0,"max_hp_loss":0,"event_name":"Golden Wing","floor":3,"gold_loss":0},{"damage_healed":0,"gold_gain":0,"player_choice":"Opened","damage_taken":0,"relics_obtained":["Bag of Marbles"],"max_hp_gain":0,"max_hp_loss":0,"event_name":"The Mausoleum","floor":19,"gold_loss":0,"cards_obtained":["Writhe"]},{"damage_healed":0,"gold_gain":0,"player_choice":"Inject Mutagens","damage_taken":0,"relics_obtained":["MutagenicStrength"],"max_hp_gain":0,"max_hp_loss":0,"event_name":"Drug Dealer","floor":24,"gold_loss":0}],"is_beta":false,"boss_relics":[{"not_picked":["Runic Pyramid","BewitchedHakkero"],"picked":"Empty Cage"}],"items_purged_floors":[],"is_endless":false,"potions_floor_spawned":[6,8,10,21,23,28,31],"killed_by":"Automaton","ascension_level":0}}