{"host":"pec1bvkeldr5yzx1","time":1611887621,"event":{"mods":["ATMod(°¢èªMod)","AchievementEnabler","Act Like it!","Aspiration","BaseMod","Better Altar","Better Match","Better Sensory Stone","Better Skull","Better Vampires","BetterRewards","Conspire","Dota2Spire","Energized Spire","Friendly Minions","GifTheSpireLib","Hubris","Minty Spire (QoL Compilation)","Replay The Spire","Spicy Shops","StSLib","Stuff the Spire","SuperFastMode","óô»ðÖ¸ÄÏ"],"gold_per_floor":[125,125,157,157,13,71,71,98,152,299,391,474,474,474,474,496,496],"floor_reached":16,"language":"ZHS","playtime":325,"items_purged":[],"score":136,"play_id":"0182e456-f8bf-4a27-943f-11af191ffb43","local_time":"20210129103341","is_ascension_mode":true,"campfire_choices":[{"floor":7,"key":"REST"},{"floor":15,"key":"REST"}],"circlet_count":0,"master_deck":["Strike_G","Strike_G","Strike_G","Strike_G+1","Strike_G","Defend_G","Defend_G","Defend_G","Defend_G","Defend_G","Survivor","Neutralize","AT_DrawKnifeCut","Backstab+1","Underhanded Strike+1","Dodge and Roll","Poisoned Stab+1","Injury","Predator+1","PiercingWail","Dagger Throw+1","conspire:DoublingDagger","StuffTheSpire:Incursion","Spreading Infection"],"relics":["Ring of the Snake","AT_ATBox","Replay:Bandana","Molten Egg 2","Juzu Bracelet","conspire:Boomerang","Golden Idol","aspiration:Lifesprig","Dota2Spire:EchoSabre","AT_MibuBalloonWealth","Blue Candle","StuffTheSpire:Gunfinga","Ring of Fangs","Ring of Fury"],"acts_visited":["Exordium"],"potions_floor_usage":[10],"damage_taken":[{"damage":0,"enemies":"2 Louse","floor":1,"turns":1},{"damage":0,"enemies":"Cultist","floor":3,"turns":2},{"damage":25,"enemies":"Lagavulin","floor":6,"turns":4},{"damage":0,"enemies":"Jaw Worm","floor":8,"turns":1},{"damage":5,"enemies":"3 Sentries","floor":10,"turns":3},{"damage":0,"enemies":"Large Slime","floor":11,"turns":3},{"damage":15,"enemies":"Lagavulin","floor":12,"turns":4},{"damage":41,"enemies":"The Guardian","floor":16,"turns":3}],"seed_played":"8042930728944734190","potions_obtained":[{"floor":3,"key":"SpeedPotion"},{"floor":6,"key":"Dota2Spire:HealingSalve"},{"floor":8,"key":"Swift Potion"}],"is_trial":false,"path_per_floor":["M","?","M","?","$","E","R","M","T","E","M","E","?","?","R","B"],"character_chosen":"THE_SILENT","items_purchased":["Replay:Bandana","Molten Egg 2","Juzu Bracelet","Backstab+1","Underhanded Strike+1","aspiration:Lifesprig"],"campfire_rested":2,"item_purchase_floors":[0,0,0,0,0,5],"current_hp_per_floor":[38,38,38,38,38,13,34,34,34,35,35,20,20,20,41,0,0],"gold":496,"neow_bonus":"","is_daily":false,"chose_seed":false,"campfire_upgraded":0,"win_rate":0.0,"timestamp":1611887621,"path_taken":["M","?","M","?","$","E","R","M","T","E","M","E","?","?","R","BOSS"],"items_purchased_type":["Relic","Relic","Relic","Card","Card","Relic"],"build_version":"2020-12-22","purchased_purges":0,"victory":false,"max_hp_per_floor":[70,70,70,70,70,70,70,70,70,70,70,70,70,70,70,70,70],"card_choices":[{"not_picked":["Expertise","StuffTheSpire:MirrorStance"],"picked":"Dodge and Roll","floor":1},{"not_picked":["Dodge and Roll","Escape Plan"],"picked":"Poisoned Stab+1","floor":3},{"not_picked":["AT_MyraUnstableElement","ReplayTheSpireMod:Tripwire"],"picked":"Predator+1","floor":6},{"not_picked":["Bouncing Flask","StuffTheSpire:Incursion"],"picked":"PiercingWail","floor":8},{"not_picked":["Slice+1","Underhanded Strike+1"],"picked":"Dagger Throw+1","floor":10},{"not_picked":["StuffTheSpire:Injection+1","Cloak And Dagger"],"picked":"conspire:DoublingDagger","floor":11},{"not_picked":["StuffTheSpire:Incantation","Choke+1"],"picked":"StuffTheSpire:Incursion","floor":12}],"player_experience":120288,"relics_obtained":[{"floor":6,"key":"Dota2Spire:EchoSabre"},{"floor":9,"key":"AT_MibuBalloonWealth"},{"floor":10,"key":"Blue Candle"},{"floor":12,"key":"StuffTheSpire:Gunfinga"},{"floor":14,"key":"Ring of Fangs"},{"floor":14,"key":"Ring of Fury"}],"event_choices":[{"damage_healed":0,"gold_gain":0,"player_choice":"Ignored","damage_taken":0,"max_hp_gain":0,"max_hp_loss":0,"event_name":"Purifier","floor":2,"gold_loss":0},{"damage_healed":0,"gold_gain":0,"player_choice":"Take Wound","damage_taken":0,"relics_obtained":["Golden Idol"],"max_hp_gain":0,"max_hp_loss":0,"event_name":"Golden Idol","floor":4,"gold_loss":0,"cards_obtained":["Injury"]}],"is_beta":false,"boss_relics":[],"items_purged_floors":[],"is_endless":false,"potions_floor_spawned":[3,6,8],"killed_by":"The Guardian","ascension_level":3}}