{"host":"me30ioratabihv4r","time":1611932429,"event":{"mods":["AchievementEnabler","Act Like it!","BaseMod","Hallownest","Minty Spire (QoL Compilation)","StSLib","The Bug Knight","UnlockEverythingMod","everything is the same but u backflip on backflip"],"gold_per_floor":[114,114,125,23,23,59,59,59,86,106,106,127,17,36,36,157,157,157,157,157,6,6,6,6,6,6,6,6,6,6,6,6,6,6,6,6,6,6,6,6,6,6,6,6,6,6,6,6,6,6],"floor_reached":51,"language":"ENG","playtime":3932,"items_purged":["Strike_G","Shame"],"score":832,"play_id":"cb9f8198-1cad-41da-b816-286c218052c6","local_time":"20210129110029","is_ascension_mode":true,"campfire_choices":[{"data":"Neutralize","floor":7,"key":"SMITH"},{"data":"Backflip","floor":11,"key":"SMITH"},{"data":"Backflip","floor":15,"key":"SMITH"},{"data":"Bullet Time","floor":23,"key":"SMITH"},{"data":"Backflip","floor":30,"key":"SMITH"},{"data":"Dash","floor":32,"key":"SMITH"},{"data":"Noxious Fumes","floor":40,"key":"SMITH"},{"data":"Envenom","floor":44,"key":"SMITH"},{"data":"Deflect","floor":47,"key":"SMITH"},{"floor":49,"key":"REST"}],"circlet_count":0,"master_deck":["Strike_G","Strike_G","Strike_G","Defend_G","Defend_G","Defend_G","Defend_G","Survivor","Neutralize+1","Flying Knee","Backflip+1","Quick Slash","Backflip+1","Flying Knee","After Image","Dash+1","Infinite Blades","Deflect+1","Bullet Time+1","PiercingWail","Backflip+1","Quick Slash+1","Sucker Punch+1","A Thousand Cuts","Dash+1","Noxious Fumes+1","Envenom+1","Noxious Fumes"],"relics":["Ring of the Snake","NeowsBlessing","Golden Idol","Turnip","Singing Bowl","Regal Pillow","Ectoplasm","WarpedTongs","Red Mask","White Beast Statue","Runic Pyramid","Paper Crane","Lizard Tail"],"acts_visited":["Exordium","Hallownest:CityofTears","Hallownest:KingdomsEdge"],"potions_floor_usage":[25,33,36,37,37,45,50,50,50],"damage_taken":[{"damage":0,"enemies":"Small Slimes","floor":1,"turns":1},{"damage":0,"enemies":"2 Louse","floor":3,"turns":1},{"damage":0,"enemies":"Lagavulin","floor":6,"turns":1},{"damage":2,"enemies":"Cultist","floor":10,"turns":4},{"damage":11,"enemies":"3 Louse","floor":12,"turns":4},{"damage":0,"enemies":"Large Slime","floor":14,"turns":6},{"damage":24,"enemies":"The Guardian","floor":16,"turns":17},{"damage":4,"enemies":"Hallownest:Guard_and_Sentry","floor":18,"turns":6},{"damage":0,"enemies":"Hallownest:3_Youths","floor":25,"turns":7},{"damage":0,"enemies":"Hallownest:Glutton_and_Coward","floor":28,"turns":5},{"damage":0,"enemies":"Hallownest:2_Flukemon","floor":31,"turns":8},{"damage":0,"enemies":"Hallownest:BossSoulMaster","floor":33,"turns":18},{"damage":2,"enemies":"Hallownest:2_Littles","floor":35,"turns":7},{"damage":12,"enemies":"Hallownest:3_Siblings","floor":36,"turns":12},{"damage":12,"enemies":"Hallownest:Xero_Hu_Marmu","floor":37,"turns":8},{"damage":2,"enemies":"Hallownest:2_Soldiers_and_1_Guardian","floor":41,"turns":8},{"damage":6,"enemies":"Hallownest:Shield_Sturdy","floor":42,"turns":7},{"damage":0,"enemies":"Hallownest:2_Great","floor":45,"turns":6},{"damage":0,"enemies":"Hallownest:eliteHiveKnight","floor":46,"turns":9},{"damage":7,"enemies":"Hallownest:Slobbering_and_Violent","floor":48,"turns":6},{"damage":1,"enemies":"Hallownest:BossGreyPrinceZote","floor":50,"turns":10}],"seed_played":"242478571911161242","potions_obtained":[{"floor":10,"key":"FearPotion"},{"floor":12,"key":"SteroidPotion"},{"floor":14,"key":"Poison Potion"},{"floor":28,"key":"Energy Potion"},{"floor":31,"key":"DuplicationPotion"},{"floor":33,"key":"Strength Potion"},{"floor":35,"key":"SkillPotion"},{"floor":36,"key":"Ancient Potion"},{"floor":37,"key":"AttackPotion"},{"floor":41,"key":"LiquidMemories"},{"floor":45,"key":"CunningPotion"},{"floor":46,"key":"Strength Potion"}],"is_trial":false,"path_per_floor":["M","?","M","$","?","E","R","?","T","M","R","M","$","M","R","B",null,"M","?","?","$","?","R","$","M","T","?","M","$","R","M","R","B",null,"M","M","M","?","?","R","M","M","T","R","M","E","R","M","R","B",null],"character_chosen":"THE_SILENT","items_purchased":["Quick Slash","Dash","Infinite Blades","PowerPotion"],"campfire_rested":1,"item_purchase_floors":[4,13,13,21],"current_hp_per_floor":[70,63,63,63,63,63,63,60,60,58,58,47,47,47,47,23,70,66,66,62,62,62,62,62,62,62,62,62,62,62,62,62,62,70,68,58,46,46,61,61,61,55,55,55,57,59,59,52,78,77],"gold":6,"neow_bonus":"THREE_ENEMY_KILL","is_daily":false,"chose_seed":false,"campfire_upgraded":9,"win_rate":0.0,"timestamp":1611932429,"path_taken":["M","?","M","$","?","E","R","?","T","M","R","M","$","M","R","BOSS","M","?","?","$","?","R","?","?","T","?","M","$","R","M","R","BOSS","M","?","M","?","?","R","M","M","T","R","?","E","R","M","R","BOSS"],"items_purchased_type":["Card","Card","Card","Potion"],"build_version":"2020-12-22","purchased_purges":2,"victory":true,"max_hp_per_floor":[70,70,70,70,70,70,70,70,70,70,70,70,70,70,70,70,70,70,70,70,70,70,70,70,70,70,70,70,70,70,70,70,70,70,70,72,72,72,72,72,74,74,74,74,76,78,78,78,78,78],"card_choices":[{"not_picked":["PiercingWail","Accuracy"],"picked":"Flying Knee","floor":1},{"not_picked":["PiercingWail","Accuracy"],"picked":"Backflip","floor":3},{"not_picked":["Deflect","Poisoned Stab"],"picked":"Backflip","floor":6},{"not_picked":["Acrobatics","Slice"],"picked":"Flying Knee","floor":10},{"not_picked":["Dagger Throw","Prepared"],"picked":"After Image","floor":12},{"not_picked":["Escape Plan","Poisoned Stab"],"picked":"Deflect","floor":14},{"not_picked":["Die Die Die","After Image"],"picked":"Bullet Time","floor":16},{"not_picked":["Setup+1","Bane"],"picked":"PiercingWail","floor":18},{"not_picked":["Underhanded Strike","Reflex"],"picked":"Backflip","floor":25},{"not_picked":["Outmaneuver","Deflect"],"picked":"Quick Slash+1","floor":28},{"not_picked":["Deflect","Endless Agony"],"picked":"Sucker Punch+1","floor":31},{"not_picked":["Wraith Form v2","After Image"],"picked":"A Thousand Cuts","floor":33},{"not_picked":["Dodge and Roll","Prepared"],"picked":"Dash+1","floor":35},{"not_picked":["Infinite Blades","Sucker Punch+1","Outmaneuver+1"],"picked":"Singing Bowl","floor":36},{"not_picked":["Slice+1","Deflect+1"],"picked":"Noxious Fumes","floor":37},{"not_picked":["Choke+1","Underhanded Strike+1","Crippling Poison+1"],"picked":"Singing Bowl","floor":41},{"not_picked":["Flying Knee+1","Predator+1"],"picked":"Envenom","floor":42},{"not_picked":["Quick Slash","Dagger Spray","Sucker Punch+1"],"picked":"Singing Bowl","floor":45},{"not_picked":["Choke+1","Flechettes","Setup+1"],"picked":"Singing Bowl","floor":46},{"not_picked":["Cloak And Dagger","Accuracy+1"],"picked":"Noxious Fumes","floor":48}],"player_experience":45933,"relics_obtained":[{"floor":6,"key":"Turnip"},{"floor":9,"key":"Regal Pillow"},{"floor":26,"key":"White Beast Statue"},{"floor":43,"key":"Paper Crane"},{"floor":46,"key":"Lizard Tail"}],"event_choices":[{"cards_removed":["Strike_G"],"damage_healed":0,"gold_gain":0,"player_choice":"Card Removal","damage_taken":7,"max_hp_gain":0,"max_hp_loss":0,"event_name":"Golden Wing","floor":2,"gold_loss":0},{"damage_healed":0,"gold_gain":0,"player_choice":"Take Wound","damage_taken":0,"relics_obtained":["Golden Idol"],"max_hp_gain":0,"max_hp_loss":0,"event_name":"Golden Idol","floor":5,"gold_loss":0,"cards_obtained":["Injury"]},{"damage_healed":0,"gold_gain":0,"player_choice":"Success","damage_taken":3,"relics_obtained":["Singing Bowl"],"max_hp_gain":0,"max_hp_loss":0,"event_name":"Scrap Ooze","floor":8,"gold_loss":0}],"is_beta":false,"boss_relics":[{"not_picked":["Velvet Choker","HoveringKite"],"picked":"Ectoplasm"},{"not_picked":["Black Star","Runic Dome"],"picked":"Runic Pyramid"}],"items_purged_floors":[4,21],"is_endless":false,"potions_floor_spawned":[10,12,14,28,31,33,35,36,37,41,42,45,46,48],"ascension_level":3}}