{"host":"na09lpbrez4gbfiz","time":1611905904,"event":{"mods":["Act Like it!","BaseMod","BetterRewards","Colored Map","Colored Powertips","DeckTracker","Googly Eyes","Highlight Path","Minty Spire (QoL Compilation)","Quick Restart","Spicy Shops","StSLib","SuperFastMode","Synergy Search"],"gold_per_floor":[114,389,406,406,406,406,433,455,467,499,511,511],"floor_reached":11,"language":"ENG","playtime":711,"items_purged":[],"score":88,"play_id":"7dd9364b-08e4-4b95-8163-c70cd00fcd40","local_time":"20210129083824","is_ascension_mode":true,"campfire_choices":[{"data":"Streamline","floor":6,"key":"SMITH"}],"circlet_count":0,"master_deck":["Strike_B","Strike_B","Strike_B","Strike_B","Defend_B","Defend_B","Defend_B","Defend_B","Zap","Dualcast","Conserve Battery","Streamline+1","Regret","Conserve Battery","Defragment"],"relics":["Cracked Core","Art of War","Matryoshka","MawBank","Juzu Bracelet","Meat on the Bone"],"acts_visited":["Exordium"],"potions_floor_usage":[7,11],"damage_taken":[{"damage":6,"enemies":"Small Slimes","floor":1,"turns":3},{"damage":9,"enemies":"Cultist","floor":3,"turns":4},{"damage":19,"enemies":"Lagavulin","floor":7,"turns":4},{"damage":5,"enemies":"Jaw Worm","floor":8,"turns":3},{"damage":25,"enemies":"Large Slime","floor":10,"turns":6},{"damage":18,"enemies":"3 Sentries","floor":11,"turns":6}],"seed_played":"-5590003172826472591","potions_obtained":[{"floor":3,"key":"FearPotion"},{"floor":10,"key":"Block Potion"}],"is_trial":false,"path_per_floor":["M","?","M","?","?","R","E","M","T","M","E"],"character_chosen":"DEFECT","items_purchased":[],"campfire_rested":0,"item_purchase_floors":[],"current_hp_per_floor":[69,69,60,53,53,53,34,29,29,16,0,0],"gold":511,"neow_bonus":"RANDOM_COMMON_RELIC","is_daily":false,"chose_seed":false,"campfire_upgraded":1,"win_rate":0.0,"timestamp":1611905904,"path_taken":["M","?","?","?","?","R","E","M","T","M","E"],"items_purchased_type":[],"build_version":"2020-12-22","purchased_purges":0,"victory":false,"max_hp_per_floor":[75,75,75,75,75,75,75,75,75,75,75,75],"card_choices":[{"not_picked":["Ball Lightning","Glacier"],"picked":"Conserve Battery","floor":1},{"not_picked":["Storm","Auto Shields"],"picked":"Streamline","floor":3},{"not_picked":["Turbo","Thunder Strike"],"picked":"Conserve Battery","floor":7},{"not_picked":["Chill","Static Discharge"],"picked":"Defragment","floor":8},{"not_picked":["Redo","Leap","Recycle"],"picked":"SKIP","floor":10}],"player_experience":203213,"relics_obtained":[{"floor":7,"key":"MawBank"},{"floor":9,"key":"Juzu Bracelet"},{"floor":9,"key":"Meat on the Bone"}],"event_choices":[{"damage_healed":0,"gold_gain":275,"player_choice":"Desecrate","damage_taken":0,"max_hp_gain":0,"max_hp_loss":0,"event_name":"Golden Shrine","floor":2,"gold_loss":0,"cards_obtained":["Regret"]},{"cards_removed":["Regret"],"damage_healed":0,"gold_gain":0,"player_choice":"Card Removal","damage_taken":7,"max_hp_gain":0,"max_hp_loss":0,"event_name":"Golden Wing","floor":4,"gold_loss":0},{"damage_healed":0,"gold_gain":0,"player_choice":"Box","damage_taken":0,"relics_obtained":["Matryoshka"],"max_hp_gain":0,"max_hp_loss":0,"event_name":"Big Fish","floor":5,"gold_loss":0,"cards_obtained":["Regret"]}],"is_beta":false,"boss_relics":[],"items_purged_floors":[],"is_endless":false,"potions_floor_spawned":[3,10],"killed_by":"3 Sentries","ascension_level":4}}