{"host":"nlowmoq7gy18n72d","time":1611934754,"event":{"mods":["BaseMod","Colored Powertips","Conspire","Downfall","Hermit","Highlight Path","Infinite Spire","Jorbs\u0027s Wanderer Trilogy","Minty Spire (QoL Compilation)","Rare Cards Sparkle","Replay The Spire","StSLib","The Cursed","The Hierophant"],"gold_per_floor":[117,133,133,146,165,165,199,199,245,245,245,257,290,303,303,303,303],"floor_reached":16,"language":"ENG","playtime":378,"items_purged":[],"score":118,"play_id":"2011a5ab-fd32-4756-9e1a-0f2383bc44a7","local_time":"20210129183914","is_ascension_mode":true,"campfire_choices":[{"data":"hermit:Shortfuse","floor":6,"key":"SMITH"},{"data":"hermit:Shortfuse","floor":8,"key":"SMITH"},{"data":"hermit:Snapshot","floor":11,"key":"SMITH"},{"data":"hermit:HoleUp","floor":15,"key":"SMITH"}],"circlet_count":0,"master_deck":["hermit:Strike_Hermit","hermit:Strike_Hermit","hermit:Strike_Hermit","hermit:Strike_Hermit","hermit:Defend_Hermit","hermit:Defend_Hermit","hermit:Defend_Hermit","hermit:Defend_Hermit","hermit:Snapshot+1","hermit:Covet","Strike_R","Strike_B","hermit:Shortfuse+1","hermit:Shortfuse+1","hermit:BodyArmor+1","hermit:Coalescence","hermit:HoleUp+1"],"relics":["hermit:Momento","TungstenRod","The Courier","Art of War","Boot"],"acts_visited":["Exordium"],"potions_floor_usage":[16],"damage_taken":[{"damage":0,"enemies":"Cultist","floor":1,"turns":3},{"damage":0,"enemies":"Jaw Worm","floor":2,"turns":1},{"damage":0,"enemies":"Small Slimes","floor":4,"turns":3},{"damage":4,"enemies":"Looter","floor":5,"turns":2},{"damage":22,"enemies":"Replay:BlueRogue","floor":7,"turns":5},{"damage":0,"enemies":"Red Slaver","floor":12,"turns":1},{"damage":11,"enemies":"3 Sentries","floor":13,"turns":8},{"damage":0,"enemies":"2 Fungi Beasts","floor":14,"turns":2},{"damage":57,"enemies":"Fading Forest","floor":16,"turns":8}],"seed_played":"-9141045277044526495","potions_obtained":[{"floor":2,"key":"bronze:BurnAndBuffPotion"},{"floor":3,"key":"SteroidPotion"},{"floor":3,"key":"FearPotion"}],"is_trial":false,"path_per_floor":["M","M","?","M","M","R","E","R","T","?","R","M","E","M","R","B"],"character_chosen":"HERMIT","items_purchased":[],"campfire_rested":0,"item_purchase_floors":[],"current_hp_per_floor":[75,75,75,75,71,71,49,49,49,49,49,49,38,38,38,0,0],"gold":303,"neow_bonus":"ONE_RARE_RELIC","is_daily":false,"chose_seed":false,"campfire_upgraded":4,"win_rate":0.0,"timestamp":1611934754,"path_taken":["M","?","?","M","?","R","E","R","T","?","R","?","E","M","R","BOSS"],"items_purchased_type":[],"build_version":"2020-12-22","purchased_purges":0,"victory":false,"max_hp_per_floor":[75,75,75,75,75,75,75,75,75,75,75,75,75,75,75,75,75],"card_choices":[{"not_picked":["hermit:HoleUp","hermit:Combo"],"picked":"hermit:Shortfuse","floor":1},{"not_picked":["hermit:Midnight","hermit:Coalescence","hermit:Spite"],"picked":"SKIP","floor":2},{"not_picked":["hermit:BodyArmor","hermit:Virtue"],"picked":"hermit:Shortfuse","floor":4},{"not_picked":["hermit:ItchyTrigger","hermit:LoneWolf"],"picked":"hermit:BodyArmor","floor":5},{"not_picked":["hermit:TrackingShot","hermit:Midnight","hermit:DeadMansHand"],"picked":"SKIP","floor":7},{"not_picked":["hermit:SprayPray","hermit:Malice"],"picked":"hermit:Coalescence","floor":12},{"not_picked":["hermit:SprayPray","hermit:Magnum","hermit:CalledShot"],"picked":"SKIP","floor":13},{"not_picked":["hermit:TrackingShot","hermit:LowProfile"],"picked":"hermit:HoleUp","floor":14}],"player_experience":738873,"relics_obtained":[{"floor":7,"key":"The Courier"},{"floor":9,"key":"Art of War"},{"floor":13,"key":"Boot"}],"event_choices":[{"damage_healed":0,"gold_gain":0,"player_choice":"Got Potions","damage_taken":0,"max_hp_gain":0,"max_hp_loss":0,"event_name":"Lab","floor":3,"gold_loss":0},{"damage_healed":0,"gold_gain":0,"player_choice":"Forge","damage_taken":0,"max_hp_gain":0,"max_hp_loss":0,"event_name":"Accursed Blacksmith","floor":10,"gold_loss":0,"cards_upgraded":["hermit:BodyArmor"]}],"is_beta":false,"boss_relics":[],"items_purged_floors":[],"is_endless":false,"potions_floor_spawned":[2,5,12,14],"killed_by":"Fading Forest","ascension_level":1}}