{"host":"sq4meqxtkbsvyucx","time":1611913653,"event":{"mods":["2.2 Compatiblity","Aspiration","BaseMod","BetterRewards","Googly Eyes","Highlight Path","Hubris","Infinite Spire","Marisa????????","Mimic Mod","Minty Spire (QoL Compilation)","Rare Cards Sparkle","Replay The Spire","Shop Mod","StSLib","SuperFastMode","The Jungle","Unceasing Turn Reminder"],"gold_per_floor":[116,116,33,33,46,76,76,86,86,11,27,43,43,62,62,62,62],"floor_reached":16,"language":"ENG","playtime":533,"items_purged":["Pain"],"score":235,"play_id":"fb99bf7f-5b1d-489b-a9c9-bf93eebaea0f","local_time":"20210129094733","is_ascension_mode":true,"campfire_choices":[{"data":"Storm","floor":7,"key":"SMITH"},{"data":"Zap","floor":13,"key":"SMITH"}],"circlet_count":0,"master_deck":["AscendersBane","Strike_B","Strike_B","Strike_B","Strike_B","Defend_B","Defend_B","Defend_B","Defend_B","Zap+1","Dualcast","Skim","Regret","Storm+1","Chill","Force Field","Tempest","ReplayTheSpireMod:Chaos Vortex"],"relics":["Cracked Core","NeowsBlessing","infinitespire:Freezer","WarpedTongs","Replay:Rubber Ducky","Solar Panel"],"acts_visited":["Exordium"],"potions_floor_usage":[11,12,16],"damage_taken":[{"damage":0,"enemies":"Small Slimes","floor":1,"turns":1},{"damage":1,"enemies":"2 Louse","floor":5,"turns":1},{"damage":0,"enemies":"Lagavulin","floor":6,"turns":1},{"damage":11,"enemies":"Cultist","floor":8,"turns":4},{"damage":9,"enemies":"3 Louse","floor":11,"turns":6},{"damage":3,"enemies":"Large Slime","floor":12,"turns":4},{"damage":13,"enemies":"Looter","floor":14,"turns":4},{"damage":9,"enemies":"Slime Boss","floor":16,"turns":10}],"seed_played":"-7044765933774901256","potions_obtained":[{"floor":1,"key":"LiquidMemories"},{"floor":5,"key":"SkillPotion"},{"floor":11,"key":"PowerPotion"}],"is_trial":false,"path_per_floor":["M","?","$","?","M","E","R","M","T","$","M","M","R","M","R","B"],"character_chosen":"DEFECT","items_purchased":["Storm"],"campfire_rested":0,"item_purchase_floors":[3],"current_hp_per_floor":[64,64,64,64,63,63,63,52,52,52,47,50,50,39,23,14,14],"gold":62,"neow_bonus":"THREE_ENEMY_KILL","is_daily":false,"chose_seed":false,"campfire_upgraded":2,"win_rate":0.0,"timestamp":1611913653,"path_taken":["M","?","$","?","M","E","R","M","T","$","?","M","R","M","R","BOSS"],"items_purchased_type":["Card"],"build_version":"2020-12-22","purchased_purges":1,"victory":false,"max_hp_per_floor":[71,71,71,71,71,71,71,71,71,71,71,71,71,71,71,71,71],"card_choices":[{"not_picked":["Compile Driver","Steam Power"],"picked":"Skim","floor":1},{"not_picked":["Coolheaded","ReplayGash"],"picked":"Chill","floor":5},{"not_picked":["ReplaySolidLightProjector","Skim","Panic Button"],"picked":"SKIP","floor":6},{"not_picked":["Cold Snap","Tempest","Streamline"],"picked":"SKIP","floor":8},{"not_picked":["Compile Driver","Rebound","BasicCrystalCard"],"picked":"SKIP","floor":11},{"not_picked":["Barrage","Force Field","Beam Cell"],"picked":"SKIP","floor":12},{"not_picked":["Barrage","Beam Cell"],"picked":"Force Field","floor":12},{"not_picked":["Streamline","Barrage"],"picked":"Tempest","floor":14},{"not_picked":["infinitespire:Gouge","infinitespire:SevenWalls"],"picked":"ReplayTheSpireMod:Chaos Vortex","floor":15}],"player_experience":301521,"relics_obtained":[{"floor":6,"key":"Replay:Rubber Ducky"},{"floor":9,"key":"Solar Panel"}],"event_choices":[{"damage_healed":0,"gold_gain":0,"player_choice":"Box","damage_taken":0,"relics_obtained":["infinitespire:Freezer"],"max_hp_gain":0,"max_hp_loss":0,"event_name":"Big Fish","floor":2,"gold_loss":0,"cards_obtained":["Regret"]},{"damage_healed":0,"gold_gain":0,"player_choice":"Rummage","damage_taken":0,"relics_obtained":["WarpedTongs"],"max_hp_gain":0,"max_hp_loss":0,"event_name":"Accursed Blacksmith","floor":4,"gold_loss":0,"cards_obtained":["Pain"]}],"is_beta":false,"boss_relics":[],"items_purged_floors":[10],"is_endless":false,"potions_floor_spawned":[1,5,11],"killed_by":"Slime Boss","ascension_level":17}}