{"host":"fjjc8m05dtccy69s","time":1611889106,"event":{"mods":["A Penny For Your Troubles","AchievementEnabler","BaseMod","Better Note","Better Third Choice","BetterRewards","Card Forge","CatGirl Mod","Colored Map","Conspire","Defuse TimeMaze Blight","Displayed Cursed Tome","Infinite Spire","Marisa????????","Minty Spire (QoL Compilation)","Permanent Neow","Reliquary","Remilia??????","Replay The Spire","Spikes Relics","StSLib","The Animator","The Servant 0.9.4","Useless Jewels Mod","Waifu the Spire","??????REMEMod"],"gold_per_floor":[109,129,143,143,143,143,176,196,196,216,216,234,234,251,251,350,350,360,360,720,720,730,730,38,54,54,81,101,119,119,119,119],"floor_reached":31,"language":"ENG","playtime":2247,"items_purged":["Strike_R"],"score":339,"play_id":"5221a023-c6e3-4efc-b40d-a9f2f43721da","local_time":"20210128205826","is_ascension_mode":false,"campfire_choices":[{"floor":6,"key":"RECALL"},{"data":"Poisoned Stab","floor":11,"key":"SMITH"},{"data":"Iron Wave","floor":11,"key":"SMITH"},{"data":"Flame Barrier","floor":15,"key":"SMITH"},{"data":"Armaments","floor":15,"key":"SMITH"},{"data":"Twin Strike","floor":23,"key":"SMITH"},{"data":"Sword Boomerang","floor":23,"key":"SMITH"}],"circlet_count":0,"master_deck":["Strike_R","Strike_R","Strike_R","Defend_R","Defend_R","Defend_R","Defend_R","Run Through","Run Through","Iron Wave+1","Poisoned Stab+1","Shrug It Off","Sword Boomerang+1","Twin Strike+1","Defy Death","Flame Barrier+1","Armaments+1","conspire:Purge","Armaments","REME_TheoryOfElimination","Pommel Strike+1","Flash of Steel","Inflame","Metallicize","Sword Boomerang","Iron Wave+1","ReplayTheSpireMod:Strike From Hell"],"relics":["Burning Blood","Seething Fire","Anvil of the Gods","REME_ComplimentaryCards","RoseTintedShades","reliquary:JackalopeAntler","REME_HandOfSuture","Replay:Arrowhead","reliquary:KinkedSpring","Nloth\u0027s Gift","reliquary:JackalopeAntler","Mirror","reliquary:WeakTea","Red Mask"],"acts_visited":["Exordium","TheCity"],"potions_floor_usage":[16,16,27],"damage_taken":[{"damage":10,"enemies":"infinitespire:Voidling","floor":1,"turns":4},{"damage":0,"enemies":"conspire:RoseBush","floor":2,"turns":2},{"damage":0,"enemies":"Small Slimes","floor":3,"turns":2},{"damage":17,"enemies":"Gremlin Nob","floor":7,"turns":4},{"damage":12,"enemies":"Exordium Thugs","floor":8,"turns":4},{"damage":2,"enemies":"2 Fungi Beasts","floor":10,"turns":3},{"damage":10,"enemies":"Exordium Wildlife","floor":12,"turns":5},{"damage":10,"enemies":"Looter","floor":14,"turns":2},{"damage":10,"enemies":"The Guardian","floor":16,"turns":8},{"damage":18,"enemies":"Shell Parasite","floor":18,"turns":5},{"damage":11,"enemies":"conspire:FuzzyDice","floor":22,"turns":6},{"damage":16,"enemies":"3 Cultists","floor":25,"turns":6},{"damage":23,"enemies":"Masked Bandits","floor":27,"turns":4},{"damage":12,"enemies":"Snake Plant","floor":28,"turns":5},{"damage":0,"enemies":"Sentry and Sphere","floor":29,"turns":3},{"damage":8,"enemies":"Colosseum Slavers","floor":30,"turns":4},{"damage":36,"enemies":"Gremlin Leader","floor":31,"turns":4}],"seed_played":"-2301080775796275757","potions_obtained":[{"floor":3,"key":"Toxic Potion"},{"floor":8,"key":"Milkshake"},{"floor":14,"key":"FairyPotion"},{"floor":16,"key":"Milkshake"},{"floor":19,"key":"HeartOfIron"},{"floor":25,"key":"BloodPotion"},{"floor":27,"key":"SkillPotion"}],"is_trial":false,"path_per_floor":["M","M","M","?","?","R","E","M","T","M","R","M","?","M","R","B",null,"M","?","?","?","M","R","$","M","T","?","M","M","?","E"],"character_chosen":"IRONCLAD","items_purchased":["RoseTintedShades","Run Through","reliquary:JackalopeAntler","Iron Wave","reliquary:SculptingSteel","Mirror","Flash of Steel","Inflame"],"campfire_rested":0,"item_purchase_floors":[0,0,0,0,24,24,24,24],"current_hp_per_floor":[76,80,80,62,62,62,51,45,45,49,49,45,45,41,41,37,80,68,68,26,26,21,21,21,13,13,12,30,36,34,0,0],"gold":119,"neow_bonus":"","is_daily":false,"chose_seed":false,"campfire_upgraded":6,"win_rate":0.0,"timestamp":1611889106,"path_taken":["M","M","?","?","?","R","E","M","T","M","R","?","?","M","R","BOSS","M","?","?","?","M","R","$","?","T","?","M","M","?","E"],"items_purchased_type":["Relic","Card","Relic","Card","Relic","Relic","Card","Card"],"build_version":"2020-12-22","purchased_purges":1,"victory":false,"max_hp_per_floor":[80,80,80,80,80,80,80,80,80,80,80,80,80,80,80,80,80,80,80,80,80,80,80,80,82,82,82,82,82,82,82,82],"card_choices":[{"not_picked":["Pummel","conspire:ExplosiveBarrier"],"picked":"Shrug It Off","floor":1},{"not_picked":["Armaments","Flex"],"picked":"Sword Boomerang","floor":2},{"not_picked":["Headbutt","Abandon"],"picked":"Twin Strike","floor":3},{"not_picked":["ReplayTheSpireMod:Corrosion Curse","Entrench","Disarm"],"picked":"SKIP","floor":7},{"not_picked":["BarbarianYell","Heavy Blade","Pummel"],"picked":"SKIP","floor":8},{"not_picked":["ReplayTheSpireMod:Corrosion Curse","REME_FearOfPain","Rupture"],"picked":"SKIP","floor":10},{"not_picked":["Warcry","Blood for Blood"],"picked":"Flame Barrier","floor":12},{"not_picked":["Dual Wield","Clothesline"],"picked":"Armaments","floor":14},{"not_picked":["Juggernaut","Immolate"],"picked":"conspire:Purge","floor":16},{"not_picked":["Wild Strike","Cleave"],"picked":"Armaments","floor":18},{"not_picked":["Heavy Blade","Anger"],"picked":"Pommel Strike+1","floor":22},{"not_picked":["Shockwave","Berserk"],"picked":"Metallicize","floor":25},{"not_picked":["ReplayReversal","Havoc"],"picked":"Sword Boomerang","floor":27},{"not_picked":["Absolvement","Defy Death"],"picked":"Iron Wave+1","floor":28},{"not_picked":["Carnage","Sentinel+1"],"picked":"ReplayTheSpireMod:Strike From Hell","floor":29}],"player_experience":316985,"relics_obtained":[{"floor":7,"key":"Replay:Arrowhead"},{"floor":26,"key":"reliquary:WeakTea"},{"floor":27,"key":"Red Mask"}],"event_choices":[{"damage_healed":0,"gold_gain":0,"player_choice":"Relic ","damage_taken":18,"max_hp_gain":0,"max_hp_loss":0,"event_name":"betterThird:BetterScrap","floor":4,"gold_loss":0,"cards_obtained":["Crippling Poison"]},{"damage_healed":0,"gold_gain":0,"cards_transformed":["Strike_R"],"player_choice":"Transformed","damage_taken":0,"max_hp_gain":0,"max_hp_loss":0,"event_name":"Transmorgrifier","floor":5,"gold_loss":0,"cards_obtained":["Defy Death"]},{"damage_healed":0,"gold_gain":0,"player_choice":"Got Potions","damage_taken":0,"max_hp_gain":0,"max_hp_loss":0,"event_name":"Lab","floor":19,"gold_loss":0},{"damage_healed":0,"gold_gain":360,"player_choice":"GOLD GOLD GOLD GOLD CARD ","damage_taken":42,"max_hp_gain":0,"max_hp_loss":0,"event_name":"Knowing Skull","floor":20,"potions_obtained":[],"gold_loss":0,"cards_obtained":["REME_TheoryOfElimination"]},{"damage_healed":0,"gold_gain":0,"player_choice":"Traded Relic","damage_taken":0,"relics_obtained":["Nloth\u0027s Gift"],"max_hp_gain":0,"max_hp_loss":0,"event_name":"N\u0027loth","floor":21,"relics_lost":["Hammer of Thor"],"gold_loss":0},{"damage_healed":0,"gold_gain":0,"player_choice":"Fought Bandits","damage_taken":0,"max_hp_gain":0,"max_hp_loss":0,"event_name":"Masked Bandits","floor":27,"gold_loss":0},{"damage_healed":0,"gold_gain":0,"player_choice":"Fight","damage_taken":0,"max_hp_gain":0,"max_hp_loss":0,"event_name":"Colosseum","floor":30,"gold_loss":0},{"damage_healed":0,"gold_gain":0,"player_choice":"Fled From Nobs","damage_taken":0,"max_hp_gain":0,"max_hp_loss":0,"event_name":"Colosseum","floor":30,"gold_loss":0}],"is_beta":false,"boss_relics":[{"not_picked":["Honey Jar","Sozu"],"picked":"reliquary:KinkedSpring"}],"items_purged_floors":[24],"is_endless":false,"potions_floor_spawned":[3,8,14,16,25,27],"killed_by":"Gremlin Leader","ascension_level":0}}