{"host":"y4sghvfd0ewtcchd","time":1611949909,"event":{"mods":["A Penny For Your Troubles","Aspiration","BaseMod","Better Altar","Better Debug","Better Note","Better Third Choice","BetterRewards","Block Reminder","Colored Map","Colored Powertips","Highlight Path","Hubris","Infinite Spire","Minty Spire (QoL Compilation)","Relic Sorter","Relic Stats","Replay The Spire","Robot Space Explorer","Shop Mod","Spicy Shops","StSLib","The Jungle","The Saiyan","Wide Potions"],"gold_per_floor":[118,118,118,118,135,135,135,135,213,213,247,40,60,93,93,164,164,184,204,217,237,155,155,155,180,234,245,271,358,358,378,378,451,551,567,580,597,450,371,371,391,419,419,446,473,522,550,563,563,563,564,564,564,864,890,897],"floor_reached":57,"language":"ENG","playtime":4468,"items_purged":["hubris:EnhanceAbility+1","Strike_B","ReplayTheSpireMod:Restless Dread"],"score":4332,"play_id":"b6419dec-5048-415c-832d-4ecf3131c699","local_time":"20210129225149","is_ascension_mode":true,"campfire_choices":[{"data":"hubris:PowerSurge","floor":6,"key":"SMITH"},{"data":"FIFO Queue","floor":7,"key":"SMITH"},{"floor":10,"key":"REST"},{"floor":15,"key":"REST"},{"data":"Chill","floor":23,"key":"SMITH"},{"data":"Creative AI","floor":24,"key":"SMITH"},{"floor":30,"key":"RECALL"},{"data":"hubris:PowerSurge","floor":32,"key":"SMITH"},{"data":"hubris:SpecializedCircuitry","floor":40,"key":"SMITH"},{"data":"Creative AI","floor":49,"key":"SMITH"},{"data":"ReplayUltimateDefense","floor":49,"key":"SMITH"},{"data":"Tempest","floor":53,"key":"SMITH"},{"data":"Defragment","floor":53,"key":"SMITH"}],"circlet_count":0,"master_deck":["AscendersBane","hubris:EnhanceAbility+1","Strike_B","Strike_B","Strike_B","Defend_B","Defend_B","Defend_B","Defend_B+1","Zap+1","Dualcast+1","Creative AI+1","Leap","Turbo","ReplayUltimateDefense+1","Compile Driver","FIFO Queue+1","Meteor Strike","Tempest+1","Hello World","Capacitor","Tempest+1","Loop","hubris:PowerSurge+1","Reinforced Body","BootSequence","hubris:PowerSurge+1","Melter","Buffer","Electrodynamics","Barrage","Coolheaded","Chill+1","ReplayTheSpireMod:Calculation Training+1","ReplayTheSpireMod:Repulse+1","Turbo+1","Defragment+1","Panic Button","Meteor Strike","Ball Lightning","White Noise","Turbo+1","hubris:SpecializedCircuitry+1","hubris:Ukulele","Beam Cell","Pot Of Greed","Pot Of Greed","Pot Of Greed","Pot Of Greed","Reinforced Body","Creative AI+1","Double Energy+1","Pot Of Greed","Ball Lightning","Loop+1","Ball Lightning+1","Hologram","White Noise"],"relics":["Cracked Core","Replay:Wanted Poster","hubris:SlimyHat","Chemical X","Calipers","Nunchaku","BargainBundle","War Paint","Matryoshka","infinitespire:Freezer","WingedGreaves","hubris:EmptyBottle","DataDisk","Anchor","Replay:Rubber Ducky","hubris:BallOfYels","infinitespire:ShieldingShard","HornCleat","Membership Card","Gremlin Horn","infinitespire:Cupcake","Runic Capacitor","aspiration:AnachronicSnailShell","Replay:Mystery Machine","infinitespire:Lucky Rock","ReplayTheSpireMod:CursedCoin","hubris:Teleporter","Grinning Jar","Replay:Arrowhead","Geode","hubris:NiceRug","Replay:Baseball","hubris:FunFungus","HandDrill","Gremlin Food","CaptainsWheel","Replay:Lucky Slots","Bag of Preparation"],"acts_visited":["Exordium","TheCity","TheBeyond","TheEnding"],"potions_floor_usage":[51,56,56,56],"damage_taken":[{"damage":0,"enemies":"Small Slimes","floor":1,"turns":2},{"damage":0,"enemies":"Jaw Worm","floor":5,"turns":3},{"damage":0,"enemies":"3 Sentries","floor":11,"turns":5},{"damage":0,"enemies":"2 Louse","floor":13,"turns":1},{"damage":0,"enemies":"Gremlin Nob","floor":14,"turns":2},{"damage":0,"enemies":"Fading Forest","floor":16,"turns":13},{"damage":0,"enemies":"2 Thieves","floor":18,"turns":3},{"damage":0,"enemies":"Chosen","floor":19,"turns":4},{"damage":0,"enemies":"Centurion and Healer","floor":20,"turns":3},{"damage":0,"enemies":"Sentry and Sphere","floor":21,"turns":2},{"damage":0,"enemies":"Book of Stabbing","floor":25,"turns":3},{"damage":0,"enemies":"Snecko","floor":27,"turns":3},{"damage":0,"enemies":"Gremlin Leader","floor":28,"turns":4},{"damage":0,"enemies":"Snake Plant","floor":31,"turns":2},{"damage":0,"enemies":"Collector","floor":33,"turns":5},{"damage":0,"enemies":"3 Darklings","floor":35,"turns":4},{"damage":0,"enemies":"3 Shapes","floor":36,"turns":2},{"damage":0,"enemies":"Spire Growth","floor":41,"turns":4},{"damage":0,"enemies":"Reptomancer","floor":42,"turns":2},{"damage":0,"enemies":"Nemesis","floor":44,"turns":3},{"damage":0,"enemies":"Giant Head","floor":45,"turns":4},{"damage":0,"enemies":"2 Orb Walkers","floor":46,"turns":3},{"damage":0,"enemies":"Reptomancer","floor":47,"turns":2},{"damage":0,"enemies":"Jaw Worm Horde","floor":48,"turns":2},{"damage":0,"enemies":"Donu and Deca","floor":50,"turns":5},{"damage":0,"enemies":"infinitespire:MassOfShapes","floor":51,"turns":8},{"damage":0,"enemies":"hubris:Merchant","floor":54,"turns":3},{"damage":0,"enemies":"Shield and Spear","floor":55,"turns":5},{"damage":0,"enemies":"The Heart","floor":56,"turns":6}],"seed_played":"-311942848572379807","potions_obtained":[{"floor":5,"key":"FocusPotion"},{"floor":11,"key":"SkillPotion"},{"floor":20,"key":"Block Potion"}],"is_trial":false,"path_per_floor":["M","?","T","?","M","R","R","R","T","R","E","$","M","E","R","B",null,"M","M","M","M","$","R","R","E","T","M","E","$","R","M","R","B",null,"M","M","?","$","$","R","M","E","T","E","E","?","E","M","R","B","B",null,"R","$","E","B",null],"character_chosen":"DEFECT","items_purchased":["BargainBundle","Creative AI","Leap","Turbo","ReplayUltimateDefense","War Paint","Compile Driver","FIFO Queue","Matryoshka","infinitespire:Freezer","WingedGreaves","Meteor Strike","hubris:EmptyBottle","Tempest","Hello World","DataDisk","Capacitor","Anchor","Tempest+1","Loop","Membership Card","hubris:PowerSurge","Runic Capacitor","ReplayTheSpireMod:CursedCoin","hubris:SpecializedCircuitry","hubris:Ukulele","Chemical X"],"campfire_rested":2,"item_purchase_floors":[0,0,0,0,0,0,0,0,0,0,0,0,0,0,0,0,0,0,0,0,12,12,22,29,38,38,39],"current_hp_per_floor":[22,22,22,22,22,22,22,22,22,43,43,43,43,43,64,71,71,71,71,71,71,71,71,71,71,71,71,71,71,71,71,71,71,71,71,71,48,48,48,48,48,48,48,48,48,48,48,48,48,48,48,65,65,65,69,71],"gold":897,"neow_bonus":"","is_daily":false,"chose_seed":false,"campfire_upgraded":10,"win_rate":0.0,"timestamp":1611949909,"path_taken":["M","?","?","?","M","R","R","R","T","R","E","$","M","E","R","BOSS","M","M","M","M","$","R","R","E","T","M","E","$","R","M","R","BOSS","M","M","?","$","$","R","M","E","T","E","E","?","E","M","R","BOSS","BOSS","R","$","E","BOSS"],"items_purchased_type":["Relic","Card","Card","Card","Card","Relic","Card","Card","Relic","Relic","Relic","Card","Relic","Card","Card","Relic","Card","Relic","Card","Card","Relic","Card","Relic","Relic","Card","Card","Relic"],"build_version":"2020-12-22","purchased_purges":3,"victory":true,"max_hp_per_floor":[71,71,71,71,71,71,71,71,71,71,71,71,71,71,71,71,71,71,71,71,71,71,71,71,71,71,71,71,71,71,71,71,71,71,71,71,71,71,71,71,71,71,71,71,71,71,71,71,71,71,71,71,71,71,71,71],"relic_stats":{"Nunchaku":[2],"Gremlin Horn":[37,37],"counters":[779,2527],"HandDrill":[2],"Bag of Preparation":[64],"Chemical X":[37],"War Paint":["Dualcast","Zap"],"obtain_stats":[{"Replay:Accelerometer":49,"Spirit Poop":43,"aspiration:PoetsPen_weak":17,"hubris:MysteriousPyramids":44,"Sling":45,"Blood Vial":0,"Replay:Wanted Poster":17,"infinitespire:ShieldingShard":54,"hubris:HerbalPaste":22,"hubris:AstralHammer":38,"Replay:Bronze Core":17,"Fusion Hammer":34,"HandDrill":0,"Replay:Bottled Flurry":53,"hubris:RGBLights":12,"Replay:Bottled Steam":23,"aspiration:FaultyCoupler":12,"MerchantsRug":53,"hubris:MobiusCoin":9,"Velvet Choker":34,"Eternal Feather":20,"ReplayTheSpireMod:SealedPack":20,"Pen Nib":53,"infinitespire:Magic Flask":0,"Cables":44,"infinitespire:EvilPickle":33,"Snecko Scales":39,"infinitespire:Lychee Nut":0,"infinitespire:Broken Mirror":10,"Bird Faced Urn":30,"aspiration:MysteriousAuxiliaryCore":38,"Unceasing Top":0,"hubris:Reverence":24,"Solar Panel":0,"Carrot":0,"Regal Pillow":15,"Singing Bowl":26,"Torii":0,"GremlinMask":39,"hubris:EmptyBottle":38,"Smiling Mask":31,"Ancient Tea Set":5,"Pet Ghost":50,"Burning Blood":27,"hubris:BlackHole":17,"hubris:Backtick":17,"Ring of Fangs":39,"infinitespire:Bottled Soul":28,"aspiration:AnachronicSnailShell":53,"Toolbox":54,"hubris:CuriousFeather":0,"Chemical X":39,"infinitespire:Eraser":54,"Replay:Bottled Eggs":17,"aspiration:FutureDiary":17,"InkBottle":54,"aspiration:ChemicalBlood":0,"Potion Belt":29,"Lee\u0027s Waffle":0,"NeowsBlessing":0,"Replay:Fungal Core":17,"Golden Idol":7,"hubris:64BitClover":54,"PreservedInsect":0,"infinitespire:Lucky Rock":54,"hubris:Towel":13,"Replay:Arrowhead":23,"Nuclear Battery":34,"Ornamental Fan":47,"hubris:Spice":53,"Garlic":16,"Art of War":48,"Durian":39,"hubris:BottledRain":26,"infinitespire:Midas Blood":10,"Ice Cream":31,"Tiny House":44,"Calipers":0,"Gremlin Horn":40,"hubris:VirtuousBlindfold":40,"aspiration:Stabinomicon":25,"Runic Capacitor":50,"Raider\u0027s Mask":0,"hubris:TerracottaHorce":17,"Sozu":12,"Centennial Puzzle":27,"infinitespire:SolderingIron":43,"Philosopher\u0027s Stone":17,"Prayer Wheel":37,"Iron Hammer":29,"Girya":26,"hubris:Teleporter":39,"hubris:DuctTape":34,"ReplayTheSpireMod:CursedCoin":0,"hubris:SoftwareUpdate":41,"Replay:Grab Bag":17,"aspiration:HiddenCompartment":53,"Du-Vu Doll":24,"hubris:Zylophone":2,"OrangePellets":39,"hubris:PeanutButter":0,"Onion Ring":26,"infinitespire:EmpoweringShard":28,"theJungle:WildStrawberry":39,"Mirror":0,"Symbiotic Virus":43,"Iron Core":39,"aspiration:TomeofQuesting":10,"Juzu Bracelet":47,"Sizzling Blood":54,"Replay:Mystery Machine":7,"PrismaticShard":53,"aspiration:StickyExplosives_weak":30,"Nunchaku":25,"Emotion Chip":38,"Dream Catcher":42,"Chameleon Ring":45,"hubris:Icosahedron":48,"TheAbacus":53,"hubris:Stopwatch":17,"Replay:Bottled Snecko":9,"Replay:Antivirus Software":7,"Runic Pyramid":17,"hubris:KleinBottle":39,"Guide Book":53,"aspiration:RunicSpoon":34,"RobotSpaceExplorer:RoboCore":0,"Replay:WaspNest":53,"infinitespire:FocusingShard":0,"hubris:MedicalManual":0,"theJungle:SpiritDisease":39,"Odd Mushroom":13,"Medical Kit":56,"Mercury Hourglass":27,"Calling Bell":17,"Strange Spoon":46,"Cauldron":56,"DataDisk":27,"Pondfish Scales":43,"infinitespire:Satchel":17,"SaiyanSoul":0,"hubris:BundleOfHerbs":0,"Bag of Marbles":0,"Membership Card":0,"ReplayTheSpireMod:ShopPack":21,"infinitespire:BottledMercury":11,"hubris:BallOfYels":29,"Golden Egg":11,"Whetstone":27,"Ginger":17,"Bottled Tornado":0,"Boot":54,"aspiration:RitualStick":30,"Old Coin":45,"Replay:Ringing Soul":40,"aspiration:EnhancedActuators":53,"MealTicket":0,"hubris:DeckOfHolding":53,"infinitespire:Golems Mask":54,"Kunai":40,"Replay:Wax Seal":42,"hubris:TinFlute":23,"Pear":43,"Counterbalance":2,"hubris:SphereOfDissonance":0,"aspiration:IroncladSkillbook":34,"aspiration:FrozenJewel":54,"Runic Dome":17,"SlaversCollar":19,"Pandora\u0027s Box":17,"hubris:TenFootPole":0,"infinitespire:PuzzleCube":28,"Abe\u0027s Treasure":34,"infinitespire:Cupcake":17,"aspiration:Lifesprig":9,"hubris:Metronome":17,"Lantern":19,"Blue Doll":46,"Painkiller Herb":17,"StoneCalendar":45,"Replay:Multitool":41,"Bag of Preparation":45,"Cursed Key":34,"Replay:Rubber Ducky":53,"BranchBurnRelic":30,"Matryoshka":0,"WingedGreaves":20,"hubris:FunFungus":46,"Replay:Lucky Slots":54,"hubris:GlazedTorus":54,"Inserter":48,"The Courier":24,"infinitespire:Joker Card":44,"Geode":30,"Omamori":46,"Frozen Egg 2":13,"MawBank":23,"Busted Crown":17,"Orrery":48,"Turnip":45,"Bottled Lightning":12,"ReplayTheSpireMod:Lightbulb":40,"Toy Ornithopter":31,"infinitespire:Freezer":55,"hubris:CrystalStatue":44,"Vajra":43,"Lizard Tail":8,"Replay:Frozen Program":0,"HornCleat":0,"DollysMirror":53,"Strawberry":14,"aspiration:ArtOfWarUpgrade":52,"Toxic Egg 2":5,"Happy Flower":0,"aspiration:Nostalgia":53,"Astrolabe":34,"Dead Branch":25,"Oddly Smooth Stone":0,"infinitespire:Beetle Shell":48,"Replay:Kaleidoscope":43,"aspiration:SeaSaltIceCream":0,"Letter Opener":4,"War Paint":40,"Question Card":47,"Replay:Baseball":45,"ReplayTheSpireMod:Shallot":48,"Shuriken":43,"Bronze Scales":0,"Simple Rune":9,"Molten Egg 2":43,"ReplayTheSpireMod:TigerMarble":23,"Black Star":22,"hubris:ToyBattleship":31,"Grinning Jar":42,"Meat on the Bone":0,"ReplayFunnel":44,"Darkstone Periapt":10,"ReplayTheSpireMod:Ring of Exchange":39,"SacredBark":17,"hubris:SlimyHat":43,"Incense Burner":34,"ClockworkSouvenir":23,"Frozen Eye":53,"Replay:Bandana":0,"Mummified Hand":0,"Pantograph":10,"Tiny Chest":7,"Cracked Core":0,"Replay:Drink Me":21,"infinitespire:Chaos":39,"Gremlin Food":53,"hubris:DisguiseKit":46,"BargainBundle":0,"Replay:Towering Pillar of Hats":30,"aspiration:FetidBarrel":47,"infinitespire:CursedDice":53,"Quantum Egg":0,"infinitespire:EmptyRelic":39,"aspiration:HummingbirdHeart":0,"Orichalcum":56,"White Beast Statue":20,"Peace Pipe":39,"CaptainsWheel":0,"Anchor":0,"infinitespire:WardingShard":42,"ChewingGum":34,"hubris:GrandSneckoEye":36,"Snack Pack":31,"Coffee Dripper":17,"PureWater":53,"hubris:Potato":31,"TungstenRod":17,"hubris:NiceRug":53},{"Replay:Accelerometer":97,"Spirit Poop":418,"aspiration:PoetsPen_weak":194,"hubris:MysteriousPyramids":178,"Sling":153,"Blood Vial":0,"Replay:Wanted Poster":672,"infinitespire:ShieldingShard":421,"hubris:HerbalPaste":616,"hubris:AstralHammer":294,"Replay:Bronze Core":7,"Fusion Hammer":42,"HandDrill":337,"Replay:Bottled Flurry":515,"hubris:RGBLights":248,"Replay:Bottled Steam":114,"aspiration:FaultyCoupler":164,"MerchantsRug":420,"hubris:MobiusCoin":522,"Velvet Choker":14,"Eternal Feather":8,"ReplayTheSpireMod:SealedPack":32,"Pen Nib":132,"infinitespire:Magic Flask":369,"Cables":95,"infinitespire:EvilPickle":62,"Snecko Scales":417,"infinitespire:Lychee Nut":273,"infinitespire:Broken Mirror":372,"Bird Faced Urn":40,"aspiration:MysteriousAuxiliaryCore":65,"Unceasing Top":306,"hubris:Reverence":288,"Solar Panel":22,"Carrot":0,"Regal Pillow":642,"Singing Bowl":59,"Torii":273,"GremlinMask":417,"hubris:EmptyBottle":232,"Smiling Mask":356,"Ancient Tea Set":371,"Pet Ghost":332,"Burning Blood":531,"hubris:BlackHole":219,"hubris:Backtick":139,"Ring of Fangs":417,"infinitespire:Bottled Soul":498,"aspiration:AnachronicSnailShell":515,"Toolbox":304,"hubris:CuriousFeather":577,"Chemical X":417,"infinitespire:Eraser":133,"Replay:Bottled Eggs":251,"aspiration:FutureDiary":526,"InkBottle":304,"aspiration:ChemicalBlood":46,"Potion Belt":227,"Lee\u0027s Waffle":0,"NeowsBlessing":0,"Replay:Fungal Core":405,"Golden Idol":50,"hubris:64BitClover":421,"PreservedInsect":134,"infinitespire:Lucky Rock":72,"hubris:Towel":138,"Replay:Arrowhead":170,"Nuclear Battery":387,"Ornamental Fan":96,"hubris:Spice":484,"Garlic":80,"Art of War":269,"Durian":477,"hubris:BottledRain":9,"infinitespire:Midas Blood":611,"Ice Cream":228,"Tiny House":95,"Calipers":159,"Gremlin Horn":325,"hubris:VirtuousBlindfold":596,"aspiration:Stabinomicon":35,"Runic Capacitor":97,"Raider\u0027s Mask":306,"hubris:TerracottaHorce":283,"Sozu":280,"Centennial Puzzle":10,"infinitespire:SolderingIron":68,"Philosopher\u0027s Stone":7,"Prayer Wheel":44,"Iron Hammer":199,"Girya":197,"hubris:Teleporter":417,"hubris:DuctTape":172,"ReplayTheSpireMod:CursedCoin":46,"hubris:SoftwareUpdate":67,"Replay:Grab Bag":7,"aspiration:HiddenCompartment":132,"Du-Vu Doll":9,"hubris:Zylophone":666,"OrangePellets":417,"hubris:PeanutButter":73,"Onion Ring":116,"infinitespire:EmpoweringShard":532,"theJungle:WildStrawberry":417,"Mirror":185,"Symbiotic Virus":266,"Iron Core":417,"aspiration:TomeofQuesting":5,"Juzu Bracelet":300,"Sizzling Blood":691,"Replay:Mystery Machine":4,"PrismaticShard":515,"aspiration:StickyExplosives_weak":40,"Nunchaku":116,"Emotion Chip":149,"Dream Catcher":235,"Chameleon Ring":19,"hubris:Icosahedron":69,"TheAbacus":271,"hubris:Stopwatch":283,"Replay:Bottled Snecko":309,"Replay:Antivirus Software":279,"Runic Pyramid":613,"hubris:KleinBottle":417,"Guide Book":157,"aspiration:RunicSpoon":321,"RobotSpaceExplorer:RoboCore":273,"Replay:WaspNest":211,"infinitespire:FocusingShard":273,"hubris:MedicalManual":396,"theJungle:SpiritDisease":417,"Odd Mushroom":249,"Medical Kit":663,"Mercury Hourglass":436,"Calling Bell":166,"Strange Spoon":268,"Cauldron":335,"DataDisk":86,"Pondfish Scales":206,"infinitespire:Satchel":166,"SaiyanSoul":634,"hubris:BundleOfHerbs":159,"Bag of Marbles":213,"Membership Card":100,"ReplayTheSpireMod:ShopPack":8,"infinitespire:BottledMercury":105,"hubris:BallOfYels":118,"Golden Egg":247,"Whetstone":36,"Ginger":166,"Bottled Tornado":100,"Boot":184,"aspiration:RitualStick":532,"Old Coin":298,"Replay:Ringing Soul":234,"aspiration:EnhancedActuators":71,"MealTicket":22,"hubris:DeckOfHolding":71,"infinitespire:Golems Mask":367,"Kunai":125,"Replay:Wax Seal":446,"hubris:TinFlute":142,"Pear":126,"Counterbalance":338,"hubris:SphereOfDissonance":306,"aspiration:IroncladSkillbook":147,"aspiration:FrozenJewel":691,"Runic Dome":313,"SlaversCollar":584,"Pandora\u0027s Box":30,"hubris:TenFootPole":100,"infinitespire:PuzzleCube":86,"Abe\u0027s Treasure":680,"infinitespire:Cupcake":756,"aspiration:Lifesprig":26,"hubris:Metronome":166,"Lantern":167,"Blue Doll":268,"Painkiller Herb":283,"StoneCalendar":363,"Replay:Multitool":45,"Bag of Preparation":95,"Cursed Key":413,"Replay:Rubber Ducky":157,"BranchBurnRelic":289,"Matryoshka":100,"WingedGreaves":32,"hubris:FunFungus":268,"Replay:Lucky Slots":777,"hubris:GlazedTorus":723,"Inserter":21,"The Courier":170,"infinitespire:Joker Card":207,"Geode":12,"Omamori":237,"Frozen Egg 2":53,"MawBank":703,"Busted Crown":109,"Orrery":21,"Turnip":127,"Bottled Lightning":28,"ReplayTheSpireMod:Lightbulb":44,"Toy Ornithopter":41,"infinitespire:Freezer":98,"hubris:CrystalStatue":627,"Vajra":571,"Lizard Tail":309,"Replay:Frozen Program":306,"HornCleat":517,"DollysMirror":71,"Strawberry":79,"aspiration:ArtOfWarUpgrade":270,"Toxic Egg 2":3,"Happy Flower":46,"aspiration:Nostalgia":211,"Astrolabe":120,"Dead Branch":288,"Oddly Smooth Stone":22,"infinitespire:Beetle Shell":181,"Replay:Kaleidoscope":178,"aspiration:SeaSaltIceCream":337,"Letter Opener":371,"War Paint":444,"Question Card":21,"Replay:Baseball":153,"ReplayTheSpireMod:Shallot":155,"Shuriken":152,"Bronze Scales":46,"Simple Rune":104,"Molten Egg 2":235,"ReplayTheSpireMod:TigerMarble":59,"Black Star":223,"hubris:ToyBattleship":320,"Grinning Jar":769,"Meat on the Bone":134,"ReplayFunnel":178,"Darkstone Periapt":247,"ReplayTheSpireMod:Ring of Exchange":417,"SacredBark":7,"hubris:SlimyHat":17,"Incense Burner":291,"ClockworkSouvenir":9,"Frozen Eye":395,"Replay:Bandana":46,"Mummified Hand":453,"Pantograph":640,"Tiny Chest":162,"Cracked Core":0,"Replay:Drink Me":8,"infinitespire:Chaos":417,"Gremlin Food":484,"hubris:DisguiseKit":128,"BargainBundle":22,"Replay:Towering Pillar of Hats":259,"aspiration:FetidBarrel":269,"infinitespire:CursedDice":395,"Quantum Egg":605,"infinitespire:EmptyRelic":417,"aspiration:HummingbirdHeart":273,"Orichalcum":99,"White Beast Statue":196,"Peace Pipe":417,"CaptainsWheel":46,"Anchor":241,"infinitespire:WardingShard":126,"ChewingGum":62,"hubris:GrandSneckoEye":90,"Snack Pack":290,"Coffee Dripper":462,"PureWater":211,"hubris:Potato":61,"TungstenRod":251,"hubris:NiceRug":71},{"Replay:Accelerometer":396,"Spirit Poop":1453,"aspiration:PoetsPen_weak":711,"hubris:MysteriousPyramids":659,"Sling":564,"Blood Vial":0,"Replay:Wanted Poster":2282,"infinitespire:ShieldingShard":1466,"hubris:HerbalPaste":2142,"hubris:AstralHammer":1035,"Replay:Bronze Core":30,"Fusion Hammer":182,"HandDrill":1135,"Replay:Bottled Flurry":1757,"hubris:RGBLights":878,"Replay:Bottled Steam":441,"aspiration:FaultyCoupler":609,"MerchantsRug":1462,"hubris:MobiusCoin":1778,"Velvet Choker":72,"Eternal Feather":33,"ReplayTheSpireMod:SealedPack":147,"Pen Nib":481,"infinitespire:Magic Flask":1265,"Cables":384,"infinitespire:EvilPickle":245,"Snecko Scales":1447,"infinitespire:Lychee Nut":972,"infinitespire:Broken Mirror":1274,"Bird Faced Urn":173,"aspiration:MysteriousAuxiliaryCore":252,"Unceasing Top":1067,"hubris:Reverence":1017,"Solar Panel":111,"Carrot":0,"Regal Pillow":2219,"Singing Bowl":235,"Torii":972,"GremlinMask":1447,"hubris:EmptyBottle":835,"Smiling Mask":1197,"Ancient Tea Set":1270,"Pet Ghost":1121,"Burning Blood":1815,"hubris:BlackHole":796,"hubris:Backtick":507,"Ring of Fangs":1447,"infinitespire:Bottled Soul":1718,"aspiration:AnachronicSnailShell":1757,"Toolbox":1061,"hubris:CuriousFeather":2004,"Chemical X":1447,"infinitespire:Eraser":482,"Replay:Bottled Eggs":895,"aspiration:FutureDiary":1797,"InkBottle":1061,"aspiration:ChemicalBlood":195,"Potion Belt":822,"Lee\u0027s Waffle":0,"NeowsBlessing":0,"Replay:Fungal Core":1389,"Golden Idol":205,"hubris:64BitClover":1466,"PreservedInsect":485,"infinitespire:Lucky Rock":276,"hubris:Towel":497,"Replay:Arrowhead":636,"Nuclear Battery":1318,"Ornamental Fan":391,"hubris:Spice":1673,"Garlic":302,"Art of War":955,"Durian":1659,"hubris:BottledRain":37,"infinitespire:Midas Blood":2119,"Ice Cream":825,"Tiny House":384,"Calipers":592,"Gremlin Horn":1106,"hubris:VirtuousBlindfold":2069,"aspiration:Stabinomicon":156,"Runic Capacitor":396,"Raider\u0027s Mask":1067,"hubris:TerracottaHorce":1002,"Sozu":991,"Centennial Puzzle":42,"infinitespire:SolderingIron":262,"Philosopher\u0027s Stone":30,"Prayer Wheel":188,"Iron Hammer":728,"Girya":720,"hubris:Teleporter":1447,"hubris:DuctTape":646,"ReplayTheSpireMod:CursedCoin":195,"hubris:SoftwareUpdate":260,"Replay:Grab Bag":30,"aspiration:HiddenCompartment":481,"Du-Vu Doll":37,"hubris:Zylophone":2262,"OrangePellets":1447,"hubris:PeanutButter":281,"Onion Ring":447,"infinitespire:EmpoweringShard":1819,"theJungle:WildStrawberry":1447,"Mirror":684,"Symbiotic Virus":942,"Iron Core":1447,"aspiration:TomeofQuesting":17,"Juzu Bracelet":1051,"Sizzling Blood":2309,"Replay:Mystery Machine":13,"PrismaticShard":1757,"aspiration:StickyExplosives_weak":173,"Nunchaku":447,"Emotion Chip":545,"Dream Catcher":843,"Chameleon Ring":98,"hubris:Icosahedron":265,"TheAbacus":962,"hubris:Stopwatch":1002,"Replay:Bottled Snecko":1072,"Replay:Antivirus Software":989,"Runic Pyramid":2128,"hubris:KleinBottle":1447,"Guide Book":582,"aspiration:RunicSpoon":1100,"RobotSpaceExplorer:RoboCore":972,"Replay:WaspNest":767,"infinitespire:FocusingShard":972,"hubris:MedicalManual":1348,"theJungle:SpiritDisease":1447,"Odd Mushroom":881,"Medical Kit":2255,"Mercury Hourglass":1529,"Calling Bell":622,"Strange Spoon":950,"Cauldron":1129,"DataDisk":338,"Pondfish Scales":752,"infinitespire:Satchel":622,"SaiyanSoul":2202,"hubris:BundleOfHerbs":592,"Bag of Marbles":773,"Membership Card":415,"ReplayTheSpireMod:ShopPack":33,"infinitespire:BottledMercury":423,"hubris:BallOfYels":451,"Golden Egg":876,"Whetstone":160,"Ginger":622,"Bottled Tornado":415,"Boot":680,"aspiration:RitualStick":1819,"Old Coin":1045,"Replay:Ringing Soul":841,"aspiration:EnhancedActuators":274,"MealTicket":111,"hubris:DeckOfHolding":274,"infinitespire:Golems Mask":1254,"Kunai":462,"Replay:Wax Seal":1570,"hubris:TinFlute":518,"Pear":466,"Counterbalance":1138,"hubris:SphereOfDissonance":1067,"aspiration:IroncladSkillbook":539,"aspiration:FrozenJewel":2309,"Runic Dome":1082,"SlaversCollar":2028,"Pandora\u0027s Box":140,"hubris:TenFootPole":415,"infinitespire:PuzzleCube":338,"Abe\u0027s Treasure":2296,"infinitespire:Cupcake":2445,"aspiration:Lifesprig":124,"hubris:Metronome":622,"Lantern":627,"Blue Doll":950,"Painkiller Herb":1002,"StoneCalendar":1236,"Replay:Multitool":193,"Bag of Preparation":384,"Cursed Key":1428,"Replay:Rubber Ducky":582,"BranchBurnRelic":1018,"Matryoshka":415,"WingedGreaves":147,"hubris:FunFungus":950,"Replay:Lucky Slots":2516,"hubris:GlazedTorus":2371,"Inserter":104,"The Courier":636,"infinitespire:Joker Card":755,"Geode":57,"Omamori":850,"Frozen Egg 2":214,"MawBank":2342,"Busted Crown":433,"Orrery":104,"Turnip":468,"Bottled Lightning":131,"ReplayTheSpireMod:Lightbulb":189,"Toy Ornithopter":176,"infinitespire:Freezer":404,"hubris:CrystalStatue":2184,"Vajra":1978,"Lizard Tail":1072,"Replay:Frozen Program":1067,"HornCleat":1764,"DollysMirror":274,"Strawberry":299,"aspiration:ArtOfWarUpgrade":959,"Toxic Egg 2":7,"Happy Flower":195,"aspiration:Nostalgia":767,"Astrolabe":454,"Dead Branch":1017,"Oddly Smooth Stone":111,"infinitespire:Beetle Shell":669,"Replay:Kaleidoscope":659,"aspiration:SeaSaltIceCream":1135,"Letter Opener":1270,"War Paint":1563,"Question Card":104,"Replay:Baseball":564,"ReplayTheSpireMod:Shallot":573,"Shuriken":560,"Bronze Scales":195,"Simple Rune":422,"Molten Egg 2":843,"ReplayTheSpireMod:TigerMarble":235,"Black Star":810,"hubris:ToyBattleship":1097,"Grinning Jar":2486,"Meat on the Bone":485,"ReplayFunnel":659,"Darkstone Periapt":876,"ReplayTheSpireMod:Ring of Exchange":1447,"SacredBark":30,"hubris:SlimyHat":85,"Incense Burner":1026,"ClockworkSouvenir":37,"Frozen Eye":1345,"Replay:Bandana":195,"Mummified Hand":1610,"Pantograph":2215,"Tiny Chest":603,"Cracked Core":0,"Replay:Drink Me":33,"infinitespire:Chaos":1447,"Gremlin Food":1673,"hubris:DisguiseKit":471,"BargainBundle":111,"Replay:Towering Pillar of Hats":917,"aspiration:FetidBarrel":955,"infinitespire:CursedDice":1345,"Quantum Egg":2092,"infinitespire:EmptyRelic":1447,"aspiration:HummingbirdHeart":972,"Orichalcum":408,"White Beast Statue":717,"Peace Pipe":1447,"CaptainsWheel":195,"Anchor":861,"infinitespire:WardingShard":466,"ChewingGum":245,"hubris:GrandSneckoEye":356,"Snack Pack":1021,"Coffee Dripper":1630,"PureWater":767,"hubris:Potato":241,"TungstenRod":895,"hubris:NiceRug":274}]},"card_choices":[{"not_picked":["Conserve Battery","Steam Power"],"picked":"hubris:PowerSurge","floor":1},{"not_picked":["Conserve Battery","Ball Lightning"],"picked":"Reinforced Body","floor":5},{"not_picked":["Gash","Redo"],"picked":"BootSequence","floor":11},{"not_picked":["Compile Driver","Go for the Eyes"],"picked":"Melter","floor":13},{"not_picked":["Recycle","Turbo"],"picked":"Buffer","floor":14},{"not_picked":["Fission","Core Surge"],"picked":"Electrodynamics","floor":16},{"not_picked":["Redo","BasicCrystalCard"],"picked":"Barrage","floor":18},{"not_picked":["Stack","Go for the Eyes"],"picked":"Coolheaded","floor":19},{"not_picked":["Hologram","ReplayTheSpireMod:Repulse"],"picked":"Chill","floor":20},{"not_picked":["Go for the Eyes+1","Biased Cognition"],"picked":"ReplayTheSpireMod:Calculation Training+1","floor":21},{"not_picked":["Rebound","Ball Lightning"],"picked":"ReplayTheSpireMod:Repulse+1","floor":25},{"not_picked":["Go for the Eyes","Beam Cell"],"picked":"Turbo+1","floor":27},{"not_picked":["Electrodynamics","Crystallizer"],"picked":"Defragment","floor":28},{"not_picked":["BasicCrystalCard","ReplayTheSpireMod:Reroute Power"],"picked":"Panic Button","floor":31},{"not_picked":["Hyperbeam","hubris:Prefetch"],"picked":"Meteor Strike","floor":33},{"not_picked":["Melter","ReplayTheSpireMod:Calculation Training+1"],"picked":"Ball Lightning","floor":35},{"not_picked":["Rebound","Chaos"],"picked":"White Noise","floor":36},{"not_picked":["Ball Lightning","Heatsinks"],"picked":"Turbo+1","floor":37},{"not_picked":["Panic Button","Self Repair"],"picked":"Beam Cell","floor":41},{"not_picked":["Leap+1","Beam Cell+1"],"picked":"Reinforced Body","floor":42},{"not_picked":["BasicCrystalCard+1","Redo"],"picked":"Creative AI","floor":44},{"not_picked":["Leap","Scrape+1"],"picked":"Double Energy+1","floor":45},{"not_picked":["Sunder","Time Bomb"],"picked":"Ball Lightning","floor":46},{"not_picked":["Redo","Beam Cell"],"picked":"Loop+1","floor":47},{"not_picked":["Panic Button","Beam Cell"],"picked":"Ball Lightning+1","floor":48},{"not_picked":[],"picked":"Hologram","floor":54},{"not_picked":["Doom and Gloom"],"picked":"SKIP","floor":54},{"not_picked":["Compile Driver"],"picked":"SKIP","floor":54},{"not_picked":["Recycle"],"picked":"SKIP","floor":54},{"not_picked":["Capacitor"],"picked":"SKIP","floor":54},{"not_picked":["Finesse"],"picked":"SKIP","floor":54},{"not_picked":["Midas Touch"],"picked":"SKIP","floor":54},{"not_picked":["Cold Snap","Barrage+1"],"picked":"White Noise","floor":55}],"player_experience":750049,"relics_obtained":[{"floor":3,"key":"Replay:Rubber Ducky"},{"floor":9,"key":"hubris:BallOfYels"},{"floor":9,"key":"infinitespire:ShieldingShard"},{"floor":11,"key":"HornCleat"},{"floor":14,"key":"Gremlin Horn"},{"floor":25,"key":"aspiration:AnachronicSnailShell"},{"floor":26,"key":"Replay:Mystery Machine"},{"floor":28,"key":"infinitespire:Lucky Rock"},{"floor":37,"key":"hubris:Teleporter"},{"floor":42,"key":"Grinning Jar"},{"floor":43,"key":"Replay:Arrowhead"},{"floor":44,"key":"hubris:SlimyHat"},{"floor":45,"key":"Geode"},{"floor":46,"key":"Calipers"},{"floor":47,"key":"Nunchaku"},{"floor":54,"key":"Replay:Baseball"},{"floor":54,"key":"hubris:FunFungus"},{"floor":54,"key":"HandDrill"},{"floor":54,"key":"Gremlin Food"},{"floor":54,"key":"CaptainsWheel"},{"floor":54,"key":"Replay:Lucky Slots"},{"floor":55,"key":"Bag of Preparation"}],"event_choices":[{"damage_healed":22,"gold_gain":0,"player_choice":"Leave","damage_taken":0,"max_hp_gain":0,"max_hp_loss":71,"event_name":"betterThird:BetterShining","floor":2,"gold_loss":0},{"damage_healed":0,"gold_gain":0,"player_choice":"Fight","damage_taken":0,"max_hp_gain":0,"max_hp_loss":0,"event_name":"Mysterious Sphere","floor":46,"gold_loss":0}],"is_beta":false,"boss_relics":[{"not_picked":["aspiration:IroncladSkillbook","Fusion Hammer"],"picked":"infinitespire:Cupcake"},{"not_picked":["Replay:Fungal Core","Cursed Key"],"picked":"Replay:Wanted Poster"}],"items_purged_floors":[0,0,29],"is_endless":false,"potions_floor_spawned":[5,11,16,18,20,28,31,33,35,41,44,45,46],"ascension_level":20}}