{"host":"ejd7fmryc2gtg4h9","time":1611885809,"event":{"mods":["AchievementEnabler","BaseMod","BetterRewards","Colored Map","Colored Powertips","Custom Start","Downfall","Hubris","Minty Spire (QoL Compilation)","Rare Cards Sparkle","StSLib"],"gold_per_floor":[99,117,117,27,44,71,71,90,90,28,128,138,50,12,23,23,23,23],"floor_reached":16,"language":"ENG","playtime":1937,"items_purged":["hexamod:Strike"],"score":100,"play_id":"3d61c58a-8b75-4b65-a514-19a66c8ce000","local_time":"20210128210329","is_ascension_mode":false,"campfire_choices":[{"floor":1.0,"key":"RECALL"},{"data":"hexamod:GhostflameBarrier","floor":9.0,"key":"SMITH"}],"circlet_count":0,"master_deck":["hexamod:Strike","hexamod:Strike","hexamod:Strike","hexamod:Defend","hexamod:Defend","hexamod:Defend","hexamod:Defend","hexamod:Sear","hexamod:Float","hexamod:PhantomCloak","hexamod:Float","hexamod:SpectersWail","hexamod:GhostflameBarrier+1","hexamod:NightmareGuise","hexamod:Firestarter","hexamod:TimeWarp","hexamod:SpectersWail","hexamod:Sear","hexamod:NightmareStrike","hexamod:GhostOfSpireFuture","hexamod:ForkedFlame","Purity","hubris:Sloth","hexamod:DynamicBlow","hexamod:ChargedBarrage","hexamod:RadiantFlame","hexamod:RetreatToShadows","hexamod:PhantomFireball","hexamod:BurningTouch","hexamod:Incineration"],"relics":["hexamod:SpiritBrand","Bottled Lightning","downfall:GremlinSack"],"acts_visited":["Exordium"],"potions_floor_usage":[],"damage_taken":[{"damage":0.0,"enemies":"Jaw Worm","floor":2.0,"turns":4.0},{"damage":0.0,"enemies":"downfall:FleeingMerchant","floor":4.0,"turns":4.0},{"damage":1.0,"enemies":"Cultist","floor":5.0,"turns":3.0},{"damage":19.0,"enemies":"3 Sentries","floor":6.0,"turns":10.0},{"damage":0.0,"enemies":"Small Slimes","floor":8.0,"turns":3.0},{"damage":0.0,"enemies":"downfall:FleeingMerchant","floor":10.0,"turns":4.0},{"damage":29.0,"enemies":"downfall:FleeingMerchant","floor":11.0,"turns":5.0},{"damage":0.0,"enemies":"2 Fungi Beasts","floor":12.0,"turns":3.0},{"damage":15.0,"enemies":"downfall:FleeingMerchant","floor":13.0,"turns":4.0},{"damage":11,"enemies":"downfall:FleeingMerchant","floor":14,"turns":4},{"damage":5,"enemies":"Gremlin Gang","floor":15,"turns":3},{"damage":23,"enemies":"DF_ARCHETYPE_STREAMLINE","floor":16,"turns":5}],"seed_played":"7402333308048254086","potions_obtained":[{"floor":2.0,"key":"Regen Potion"},{"floor":6.0,"key":"BlessingOfTheForge"},{"floor":12.0,"key":"Regen Potion"},{"floor":15,"key":"Guardian:BlockOnCardUsePotion"}],"is_trial":false,"path_per_floor":["R","M","?","$","M","E","T","M","R","$","?","M","$","$","M","B"],"character_chosen":"THE_SPIRIT","items_purchased":["hexamod:SpectersWail","hexamod:RetreatToShadows","hexamod:BurningTouch"],"campfire_rested":0,"item_purchase_floors":[10,13,14],"current_hp_per_floor":[77,77,77,77,76,57,57,57,57,57,28,40,39,28,23,0,0,0],"gold":23,"neow_bonus":"TEN_PERCENT_HP_BONUS","is_daily":false,"chose_seed":false,"campfire_upgraded":1,"win_rate":0.0,"timestamp":1611885809,"path_taken":["R","M","?","$","M","E","T","?","R","$","?","M","$","?","M","BOSS"],"items_purchased_type":["Card","Card","Card"],"build_version":"2020-12-22","purchased_purges":1,"victory":false,"max_hp_per_floor":[77,77,77,77,77,77,77,77,77,77,77,77,77,77,77,77,77,77],"card_choices":[{"not_picked":["hexamod:ThermalTransfer","hexamod:HeatMetal"],"picked":"hexamod:PhantomCloak","floor":2.0},{"not_picked":["hexamod:HeatMetal","hexamod:NightmareGuise"],"picked":"hexamod:SpectersWail","floor":4.0},{"not_picked":["hexamod:HeatShield","hexamod:EtherealExpedition"],"picked":"hexamod:GhostflameBarrier","floor":5.0},{"not_picked":["hexamod:GhostShield","hexamod:HeatMetal"],"picked":"hexamod:NightmareGuise","floor":6.0},{"not_picked":["hexamod:BacktrackSmack","hexamod:NightmareGuise"],"picked":"hexamod:Firestarter","floor":8.0},{"not_picked":["hexamod:GhostLash","hexamod:GhostShield"],"picked":"hexamod:TimeWarp","floor":10.0},{"not_picked":["hexamod:BacktrackSmack","hexamod:RainOfEmbers"],"picked":"hexamod:DynamicBlow","floor":11.0},{"not_picked":["hexamod:FastForward","hexamod:AdvancingGuard"],"picked":"hexamod:ChargedBarrage","floor":12.0},{"not_picked":["hexamod:InspiringFlames","hexamod:BurningTouch"],"picked":"hexamod:RadiantFlame","floor":13.0},{"not_picked":["hexamod:FourthSeal","hexamod:SecondSeal"],"picked":"hexamod:PhantomFireball","floor":14},{"not_picked":["hexamod:InspiringFlames","hexamod:SkipABeat"],"picked":"hexamod:Incineration","floor":15}],"player_experience":86739,"relics_obtained":[{"floor":6.0,"key":"Bottled Lightning"},{"floor":11.0,"key":"downfall:GremlinSack"}],"event_choices":[],"is_beta":false,"boss_relics":[],"items_purged_floors":[4],"is_endless":false,"potions_floor_spawned":[2,6,12,15],"killed_by":"DF_ARCHETYPE_STREAMLINE","ascension_level":0}}