{"host":"guv5thfpx4d8ikzb","time":1611930589,"event":{"mods":["2.2 Compatiblity","AchievementEnabler","BaseMod","Block Reminder","Colored Map","Colored Powertips","Downfall","Minty Spire (QoL Compilation)","Permanent Neow","Quick Restart","Relic Stats","StSLib"],"gold_per_floor":[114,114,129,229,244,244,274,124,124,124,124,124,199,169,169,269,269,284,383,140,155,170,200,200,230,255,355,380,68,98,113,113,213,213,228,228,272,272,72,72,72,102,102,117,147,177,2829,2829,2829,2829],"floor_reached":51,"language":"ENG","playtime":3528,"items_purged":["Guardian:Strike_Guardian","Guardian:Strike_Guardian","Guardian:Strike_Guardian","Guardian:Defend_Guardian","Guardian:Defend_Guardian"],"score":1058,"play_id":"6e5ebdb8-50f1-47e3-8bd5-50e2ab951b23","local_time":"20210129092949","daily_mods":["downfall:Improvised","Flight","Night Terrors"],"is_ascension_mode":false,"campfire_choices":[{"data":"Guardian:TwinSlam","floor":6,"key":"SMITH"},{"data":"Guardian:FloatingOrbs","floor":10,"key":"SMITH"},{"data":"Guardian:StasisStrike","floor":12,"key":"SMITH"},{"data":"Guardian:FloatingOrbs","floor":15,"key":"SMITH"},{"data":"Guardian:SphericShield","floor":24,"key":"SMITH"},{"data":"Guardian:BronzeArmor","floor":32,"key":"SMITH"},{"data":"Guardian:CurlUp","floor":40,"key":"SMITH"},{"data":"sneckomod:UnknownUncommonPower","floor":49,"key":"SMITH"}],"circlet_count":0,"master_deck":["Guardian:Defend_Guardian+1","Guardian:CurlUp+1","Guardian:TwinSlam+1","sneckomod:UnknownCommonAttack","sneckomod:UnknownCommonAttack+1","sneckomod:UnknownCommonAttack","sneckomod:UnknownCommonSkill","sneckomod:UnknownCommonSkill","sneckomod:UnknownCommonSkill","sneckomod:UnknownUncommonAttack","sneckomod:UnknownUncommonSkill","sneckomod:UnknownUncommonPower+1","sneckomod:Unknown+1","Guardian:FloatingOrbs+1","Guardian:PiercingHide","Guardian:StasisStrike+1","Guardian:ArmoredProtocol","Guardian:BronzeArmor+1","Guardian:ChargeCore+1","Guardian:FloatingOrbs+1","Guardian:StasisEngine+1","Guardian:VentSteam","Guardian:SphericShield+1","Guardian:ArmoredProtocol+1","Guardian:Recover+1","Guardian:ChargeCore","Guardian:TimeSifter+1","Guardian:ShieldSpikes+1","Guardian:PiercingHide+1","Guardian:Gem_Synthetic","Guardian:Gem_Green","Guardian:ShieldSpikes+1","Guardian:BronzeArmor+1","Guardian:PolyBeam+1","Guardian:FloatingOrbs+1","Guardian:Gem_Red"],"relics":["Guardian:ModeShifter","Oddly Smooth Stone","Orrery","Akabeko","Shuriken","Membership Card","TungstenRod","Bottled Tornado","Frozen Egg 2","Philosopher\u0027s Stone","Toolbox","bronze:BronzeIdol","Toy Ornithopter","Orichalcum","Mango","Slimebound:PreparedRelic","Blood Vial","Calipers","Nunchaku","MealTicket","Snecko Eye","StoneCalendar","Slimebound:StickyStick","Thread and Needle","Darkstone Periapt","War Paint","Ornamental Fan","Whetstone","Happy Flower","Cauldron"],"acts_visited":["Exordium","TheCity","TheBeyond"],"potions_floor_usage":[16,25,27,27,27,37,37,46,46,46,46],"damage_taken":[{"damage":0,"enemies":"Jaw Worm","floor":1,"turns":2},{"damage":0,"enemies":"Small Slimes","floor":3,"turns":3},{"damage":1,"enemies":"Cultist","floor":5,"turns":3},{"damage":14,"enemies":"Gremlin Nob","floor":7,"turns":5},{"damage":22,"enemies":"Hexaghost","floor":16,"turns":6},{"damage":11,"enemies":"2 Thieves","floor":18,"turns":4},{"damage":0,"enemies":"Spheric Guardian","floor":21,"turns":3},{"damage":1,"enemies":"Snecko","floor":22,"turns":4},{"damage":10,"enemies":"Slavers","floor":23,"turns":3},{"damage":0,"enemies":"Gremlin Leader","floor":25,"turns":4},{"damage":14,"enemies":"Colosseum Slavers","floor":27,"turns":3},{"damage":0,"enemies":"Colosseum Nobs","floor":27,"turns":4},{"damage":13,"enemies":"Slavers","floor":30,"turns":5},{"damage":0,"enemies":"Cultist and Chosen","floor":31,"turns":5},{"damage":5,"enemies":"Champ","floor":33,"turns":6},{"damage":4,"enemies":"3 Darklings","floor":35,"turns":5},{"damage":19,"enemies":"2 Orb Walkers","floor":37,"turns":5},{"damage":17,"enemies":"Reptomancer","floor":42,"turns":7},{"damage":3,"enemies":"3 Shapes","floor":44,"turns":4},{"damage":0,"enemies":"Giant Head","floor":45,"turns":7},{"damage":14,"enemies":"Reptomancer","floor":46,"turns":7},{"damage":0,"enemies":"Awakened One","floor":50,"turns":9}],"seed_played":"1138922244981197753","potions_obtained":[{"floor":1,"key":"ColorlessPotion"},{"floor":5,"key":"PowerPotion"},{"floor":16,"key":"PowerPotion"},{"floor":18,"key":"Block Potion"},{"floor":23,"key":"EntropicBrew"},{"floor":30,"key":"PowerPotion"},{"floor":37,"key":"Guardian:AcceleratePotion"},{"floor":42,"key":"Regen Potion"},{"floor":47,"key":"PowerPotion"}],"is_trial":false,"path_per_floor":["M","?","M","?","M","R","E","$","T","R","T","R","?","$","R","B",null,"M","?","$","M","M","E","R","E","T","?","T","$","E","M","R","B",null,"M","?","?","?","$","R","?","E","T","M","E","E","$","?","R","B",null],"character_chosen":"GUARDIAN","items_purchased":["Orrery","Membership Card","TungstenRod","Bottled Tornado","Guardian:FloatingOrbs","Guardian:SphericShield","Guardian:ArmoredProtocol+1","Guardian:Gem_Cyan","Toolbox","Calipers","Nunchaku","Guardian:ChargeCore","Slimebound:StickyStick","EntropicBrew","Guardian:FloatingOrbs+1","Whetstone","Happy Flower","Cauldron"],"campfire_rested":0,"item_purchase_floors":[8,14,14,14,14,20,20,20,20,29,29,29,39,39,47,47,47,47],"current_hp_per_floor":[80,85,85,85,84,84,77,77,77,77,77,77,66,66,66,44,85,74,74,74,74,73,63,63,63,63,78,78,78,67,69,69,66,99,95,95,85,85,99,99,99,82,82,81,83,94,99,99,99,99],"gold":2829,"neow_bonus":"","is_daily":true,"chose_seed":false,"campfire_upgraded":8,"win_rate":0.0,"timestamp":1611930589,"path_taken":["M","?","M","?","?","R","E","?","T","R","?","R","?","$","R","BOSS","M","?","$","M","M","E","R","E","T","?","?","?","E","M","R","BOSS","M","?","?","?","$","R","?","E","T","?","E","E","$","?","R","BOSS"],"items_purchased_type":["Relic","Relic","Relic","Relic","Card","Card","Card","Card","Relic","Relic","Relic","Card","Relic","Potion","Card","Relic","Relic","Relic"],"build_version":"2020-12-22","purchased_purges":5,"victory":true,"max_hp_per_floor":[80,85,85,85,85,85,85,85,85,85,85,85,85,85,85,85,85,85,85,85,85,85,85,85,85,85,99,99,99,99,99,99,99,99,99,99,99,99,99,99,99,99,99,99,99,99,99,99,99,99],"relic_stats":{"Darkstone Periapt":0,"Happy Flower":[3],"counters":[22,104],"StoneCalendar":[40],"Whetstone":["Guardian:ChargeCore","sneckomod:UnknownCommonAttack"],"Orichalcum":[18],"War Paint":["sneckomod:Unknown","Guardian:Defend_Guardian"],"Blood Vial":14,"Nunchaku":[15],"Shuriken":[55],"Ornamental Fan":[32],"Snecko Eye":[82,99,78,97],"MealTicket":19,"obtain_stats":[{"Darkstone Periapt":43,"Calipers":29,"Mango":27,"StoneCalendar":37,"Whetstone":47,"Bottled Tornado":14,"Blood Vial":28,"Nunchaku":29,"Slimebound:StickyStick":39,"Toolbox":20,"Philosopher\u0027s Stone":17,"MealTicket":30,"Happy Flower":47,"sneckomod:UnknownEgg":0,"Guardian:ModeShifter":0,"Oddly Smooth Stone":7,"Thread and Needle":42,"Frozen Egg 2":16,"Orichalcum":26,"War Paint":45,"Akabeko":9,"bronze:BronzeIdol":23,"Cauldron":47,"Shuriken":11,"Ornamental Fan":46,"Orrery":8,"Snecko Eye":34,"Slimebound:PreparedRelic":27,"Membership Card":14,"TungstenRod":14,"Toy Ornithopter":25},{"Darkstone Periapt":18,"Calipers":12,"Mango":12,"StoneCalendar":17,"Whetstone":21,"Bottled Tornado":4,"Blood Vial":12,"Nunchaku":12,"Slimebound:StickyStick":17,"Toolbox":6,"Philosopher\u0027s Stone":5,"MealTicket":13,"Happy Flower":21,"sneckomod:UnknownEgg":0,"Guardian:ModeShifter":0,"Oddly Smooth Stone":4,"Thread and Needle":18,"Frozen Egg 2":5,"Orichalcum":10,"War Paint":20,"Akabeko":4,"bronze:BronzeIdol":9,"Cauldron":21,"Shuriken":4,"Ornamental Fan":21,"Orrery":4,"Snecko Eye":15,"Slimebound:PreparedRelic":12,"Membership Card":4,"TungstenRod":4,"Toy Ornithopter":10},{"Darkstone Periapt":77,"Calipers":44,"Mango":44,"StoneCalendar":70,"Whetstone":95,"Bottled Tornado":13,"Blood Vial":44,"Nunchaku":44,"Slimebound:StickyStick":70,"Toolbox":23,"Philosopher\u0027s Stone":19,"MealTicket":49,"Happy Flower":95,"sneckomod:UnknownEgg":0,"Guardian:ModeShifter":0,"Oddly Smooth Stone":13,"Thread and Needle":77,"Frozen Egg 2":19,"Orichalcum":37,"War Paint":88,"Akabeko":13,"bronze:BronzeIdol":33,"Cauldron":95,"Shuriken":13,"Ornamental Fan":95,"Orrery":13,"Snecko Eye":60,"Slimebound:PreparedRelic":44,"Membership Card":13,"TungstenRod":13,"Toy Ornithopter":37}],"TungstenRod":26,"Toy Ornithopter":36},"card_choices":[{"not_picked":["Guardian:Emergency","Guardian:WalkerClaw"],"picked":"Guardian:Gem_Cyan","floor":1},{"not_picked":["Guardian:Emergency","Guardian:RefractedBeam","Guardian:PrismaticBarrier"],"picked":"SKIP","floor":3},{"not_picked":["Guardian:SpikerProtocol","Guardian:TimeBomb"],"picked":"Guardian:Gem_Crimson","floor":5},{"not_picked":["Guardian:Gem_Red","Guardian:Orbwalk"],"picked":"Guardian:FloatingOrbs","floor":7},{"not_picked":["Guardian:Incinerate","Guardian:Emergency"],"picked":"Guardian:PiercingHide","floor":8},{"not_picked":["Guardian:PrismaticBeam","Guardian:RefractedBeam"],"picked":"Guardian:StasisStrike","floor":8},{"not_picked":["Guardian:VentSteam","Guardian:SpikerProtocol"],"picked":"Guardian:ArmoredProtocol","floor":8},{"not_picked":["Guardian:ChargeCore","Guardian:TemporalShield"],"picked":"Guardian:BronzeArmor","floor":8},{"not_picked":["Guardian:Gem_Green","Guardian:PrimingBeam"],"picked":"Guardian:ChargeCore","floor":8},{"not_picked":["Guardian:Gem_Synthetic","Guardian:GemFinder+1"],"picked":"Guardian:StasisEngine+1","floor":16},{"not_picked":["Guardian:CrystalBeam","Guardian:PrimingBeam"],"picked":"Guardian:VentSteam","floor":18},{"not_picked":["Guardian:Clone","Guardian:PiercingHide+1"],"picked":"Guardian:Gem_Blue","floor":21},{"not_picked":["Guardian:Gem_Green","Guardian:TemporalShield"],"picked":"Guardian:Gem_Cyan","floor":22},{"not_picked":["Guardian:Gem_Green","Guardian:Repulse+1","Guardian:TemporalStrike"],"picked":"SKIP","floor":23},{"not_picked":["Guardian:GatlingBeam","Guardian:ShieldSpikes+1"],"picked":"Guardian:Recover+1","floor":25},{"not_picked":["Guardian:GuardianWhirl+1","Guardian:TimeBomb"],"picked":"Guardian:Gem_Crimson","floor":27},{"not_picked":["Guardian:WalkerClaw","Guardian:PrimingBeam","Guardian:MultiBeam+1"],"picked":"SKIP","floor":30},{"not_picked":["Guardian:TemporalStrike","Guardian:GuardianWhirl","Guardian:RollAttack"],"picked":"SKIP","floor":31},{"not_picked":["Guardian:FastForward","Guardian:BaubleBeam"],"picked":"Guardian:TimeSifter+1","floor":33},{"not_picked":["Guardian:TimeCapacitor+1","Guardian:VentSteam+1"],"picked":"Guardian:ShieldSpikes+1","floor":35},{"not_picked":["Guardian:Preprogram","Guardian:TemporalStrike+1"],"picked":"Guardian:PiercingHide+1","floor":37},{"not_picked":["Guardian:CompilePackage","Guardian:Gem_Green"],"picked":"Guardian:ShieldSpikes+1","floor":42},{"not_picked":["Guardian:ChargeCore","Guardian:Incinerate+1"],"picked":"Guardian:BronzeArmor+1","floor":44},{"not_picked":["Guardian:Harden+1","Guardian:Gem_Cyan","Guardian:TemporalShield"],"picked":"SKIP","floor":45},{"not_picked":["Guardian:Preprogram+1","Guardian:PrismaticBeam"],"picked":"Guardian:PolyBeam+1","floor":46}],"player_experience":1133004,"relics_obtained":[{"floor":7,"key":"Oddly Smooth Stone"},{"floor":9,"key":"Akabeko"},{"floor":11,"key":"Shuriken"},{"floor":23,"key":"bronze:BronzeIdol"},{"floor":25,"key":"Toy Ornithopter"},{"floor":26,"key":"Orichalcum"},{"floor":27,"key":"Mango"},{"floor":27,"key":"Slimebound:PreparedRelic"},{"floor":28,"key":"Blood Vial"},{"floor":30,"key":"MealTicket"},{"floor":37,"key":"StoneCalendar"},{"floor":42,"key":"Thread and Needle"},{"floor":43,"key":"Darkstone Periapt"},{"floor":45,"key":"War Paint"},{"floor":46,"key":"Ornamental Fan"}],"event_choices":[{"damage_healed":0,"gold_gain":0,"player_choice":"Donut","damage_taken":0,"max_hp_gain":5,"max_hp_loss":0,"event_name":"Big Fish","floor":2,"gold_loss":0},{"damage_healed":0,"gold_gain":100,"player_choice":"Gold","damage_taken":0,"max_hp_gain":0,"max_hp_loss":0,"event_name":"Wheel of Change","floor":4,"gold_loss":0},{"damage_healed":0,"gold_gain":75,"player_choice":"Gather Gold","damage_taken":11,"max_hp_gain":0,"max_hp_loss":0,"event_name":"World of Goop","floor":13,"gold_loss":0},{"damage_healed":0,"gold_gain":99,"player_choice":"Stole From Cult","damage_taken":0,"max_hp_gain":0,"max_hp_loss":0,"event_name":"Nest","floor":19,"gold_loss":0},{"damage_healed":0,"gold_gain":0,"player_choice":"Fight","damage_taken":0,"max_hp_gain":0,"max_hp_loss":0,"event_name":"Colosseum","floor":27,"gold_loss":0},{"damage_healed":0,"gold_gain":0,"player_choice":"Fought Nobs","damage_taken":0,"max_hp_gain":0,"max_hp_loss":0,"event_name":"Colosseum","floor":27,"gold_loss":0},{"damage_healed":0,"gold_gain":0,"player_choice":"Ignored","damage_taken":0,"max_hp_gain":0,"max_hp_loss":0,"event_name":"Tomb of Lord Red Mask","floor":36,"gold_loss":0},{"damage_healed":0,"gold_gain":0,"player_choice":"Fight","damage_taken":0,"max_hp_gain":0,"max_hp_loss":0,"event_name":"Mysterious Sphere","floor":37,"gold_loss":0},{"cards_removed":["Guardian:Strike_Guardian"],"damage_healed":0,"gold_gain":0,"player_choice":"Removed Attack","damage_taken":0,"max_hp_gain":0,"max_hp_loss":0,"event_name":"Falling","floor":38,"gold_loss":0}],"is_beta":false,"boss_relics":[{"not_picked":["bronze:MakeshiftBattery","Astrolabe"],"picked":"Philosopher\u0027s Stone"},{"not_picked":["Busted Crown","Calling Bell"],"picked":"Snecko Eye"}],"items_purged_floors":[14,20,29,39,47],"is_endless":false,"potions_floor_spawned":[1,5,16,18,23,27,30,37,42],"ascension_level":0}}