{"host":"y7357sx8ps3jkgoj","time":1611891568,"event":{"mods":["BaseMod","Friendly Minions","Minty Spire (QoL Compilation)","Permanent Neow","Relic Stats","Shop Mod","StSLib","The Alterego","Uncapped","Unceasing Turn Reminder"],"gold_per_floor":[114,114,130,130,145,157,184,184,184,209,209,64,83,99,99,195,195,206,206,206,216,141,141,155,181,181,181,281,295,325,335,335,437,437,456,466,466,201,216,247,247,247,247,266,283,313,329,354,354,354,354,354,60,94,94],"floor_reached":56,"language":"ENG","playtime":3004,"items_purged":["alterego_mod:Strike","alterego_mod:Strike","alterego_mod:Defend"],"score":1818,"play_id":"951f8d41-8f81-440f-bfef-004fa80329bc","local_time":"20210128213928","is_ascension_mode":true,"campfire_choices":[{"data":"alterego_mod:Venus","floor":8,"key":"SMITH"},{"data":"alterego_mod:BrynhildrRomantia","floor":11,"key":"SMITH"},{"data":"alterego_mod:Belts","floor":15,"key":"SMITH"},{"data":"alterego_mod:BrynhildrsRune","floor":23,"key":"SMITH"},{"data":"alterego_mod:Jiggle","floor":27,"key":"SMITH"},{"data":"alterego_mod:Clap","floor":32,"key":"SMITH"},{"floor":41,"key":"RECALL"},{"data":"alterego_mod:Tantrum","floor":49,"key":"SMITH"},{"data":"alterego_mod:PainIsPleasure","floor":52,"key":"SMITH"}],"circlet_count":0,"master_deck":["alterego_mod:Strike","alterego_mod:Strike","alterego_mod:Defend","alterego_mod:BigMeatyClaws","alterego_mod:BrynhildrsRune+1","alterego_mod:Venus+1","alterego_mod:Belts+1","alterego_mod:Clap+1","alterego_mod:Jiggle+1","alterego_mod:BrynhildrRomantia+1","alterego_mod:PainIsPleasure+1","alterego_mod:GoddessCore+1","alterego_mod:SideboobHour","alterego_mod:Tantrum+1","alterego_mod:PerceptionDisorder+1","alterego_mod:Santa+1","alterego_mod:IdEs"],"relics":["alterego_mod:MasochisticConstitution","Vajra","Meat on the Bone","Thread and Needle","Chemical X","Snecko Eye","MutagenicStrength","Bag of Preparation","Lantern","Calipers","Bottled Lightning","Shuriken","Busted Crown","Membership Card","Orichalcum","HornCleat","Bag of Marbles","PreservedInsect","Anchor","Oddly Smooth Stone","Happy Flower"],"acts_visited":["Exordium","TheCity","TheBeyond","TheEnding"],"potions_floor_usage":[16,55,55,55,55,55],"damage_taken":[{"damage":4,"enemies":"Jaw Worm","floor":1,"turns":4},{"damage":2,"enemies":"Cultist","floor":3,"turns":5},{"damage":1,"enemies":"Small Slimes","floor":5,"turns":5},{"damage":20,"enemies":"Exordium Wildlife","floor":6,"turns":8},{"damage":23,"enemies":"Lagavulin","floor":7,"turns":10},{"damage":20,"enemies":"3 Sentries","floor":10,"turns":8},{"damage":0,"enemies":"3 Louse","floor":13,"turns":2},{"damage":24,"enemies":"Lots of Slimes","floor":14,"turns":11},{"damage":91,"enemies":"Slime Boss","floor":16,"turns":15},{"damage":0,"enemies":"Spheric Guardian","floor":18,"turns":1},{"damage":0,"enemies":"Chosen","floor":21,"turns":4},{"damage":0,"enemies":"3 Cultists","floor":24,"turns":3},{"damage":6,"enemies":"Gremlin Leader","floor":25,"turns":10},{"damage":0,"enemies":"Colosseum Slavers","floor":28,"turns":2},{"damage":1,"enemies":"Colosseum Nobs","floor":28,"turns":3},{"damage":0,"enemies":"Centurion and Healer","floor":29,"turns":3},{"damage":6,"enemies":"Book of Stabbing","floor":30,"turns":3},{"damage":0,"enemies":"Snake Plant","floor":31,"turns":4},{"damage":0,"enemies":"Collector","floor":33,"turns":3},{"damage":0,"enemies":"Orb Walker","floor":35,"turns":2},{"damage":0,"enemies":"3 Darklings","floor":36,"turns":4},{"damage":4,"enemies":"Sphere and 2 Shapes","floor":39,"turns":2},{"damage":0,"enemies":"Nemesis","floor":40,"turns":1},{"damage":0,"enemies":"Spire Growth","floor":44,"turns":1},{"damage":8,"enemies":"4 Shapes","floor":45,"turns":2},{"damage":0,"enemies":"Giant Head","floor":46,"turns":1},{"damage":0,"enemies":"Transient","floor":47,"turns":4},{"damage":0,"enemies":"Nemesis","floor":48,"turns":1},{"damage":20,"enemies":"Awakened One","floor":50,"turns":3},{"damage":0,"enemies":"Shield and Spear","floor":54,"turns":1},{"damage":16,"enemies":"The Heart","floor":55,"turns":4}],"seed_played":"-4732760768801788257","potions_obtained":[{"floor":1,"key":"EssenceOfSteel"},{"floor":3,"key":"Swift Potion"},{"floor":5,"key":"AttackPotion"},{"floor":16,"key":"ColorlessPotion"},{"floor":42,"key":"EntropicBrew"}],"is_trial":false,"path_per_floor":["M","?","M","?","M","M","E","R","T","E","R","$","M","M","R","B",null,"M","?","?","M","$","R","M","E","T","R","?","M","E","M","R","B",null,"M","M","?","$","M","E","R","?","T","M","M","E","M","E","R","B",null,"R","$","E","B",null],"character_chosen":"The_Alterego","items_purchased":["Chemical X","Membership Card","Orichalcum","Anchor","Oddly Smooth Stone","alterego_mod:IdEs"],"campfire_rested":0,"item_purchase_floors":[12,38,38,53,53,53],"current_hp_per_floor":[71,64,70,70,73,68,53,53,53,48,48,48,59,87,87,56,97,108,108,108,118,118,118,126,131,131,131,140,144,149,153,153,157,157,161,161,161,161,166,166,166,166,166,166,163,163,174,174,174,155,171,171,171,180,165],"gold":94,"neow_bonus":"ONE_RANDOM_RARE_CARD","is_daily":false,"chose_seed":false,"campfire_upgraded":8,"win_rate":0.0,"timestamp":1611891568,"path_taken":["M","?","M","?","?","M","E","R","T","E","R","?","M","M","R","BOSS","M","?","?","M","$","R","M","E","T","R","?","M","E","?","R","BOSS","M","M","?","$","M","E","R","?","T","?","?","E","M","E","R","BOSS","R","$","E","BOSS"],"items_purchased_type":["Relic","Relic","Relic","Relic","Relic","Card"],"build_version":"2020-12-22","purchased_purges":3,"victory":true,"max_hp_per_floor":[71,71,72,72,73,74,75,75,75,76,76,76,80,97,97,110,110,114,114,114,118,118,118,126,131,131,131,140,144,149,153,153,157,157,161,161,161,161,166,166,166,166,166,166,171,171,175,175,175,176,176,176,176,180,181],"relic_stats":{"Busted Crown":20,"Happy Flower":[1],"counters":[31,130],"Shuriken":[40],"Snecko Eye":[111,117,96,82],"PreservedInsect":68,"Bag of Preparation":[36],"Chemical X":[54],"Orichalcum":[18],"obtain_stats":[{"alterego_mod:MasochisticConstitution":0,"Lantern":26,"Calipers":28,"Happy Flower":54,"Vajra":7,"Oddly Smooth Stone":53,"Thread and Needle":10,"PreservedInsect":48,"Bag of Preparation":25,"Orichalcum":38,"Anchor":53,"Busted Crown":34,"HornCleat":40,"Shuriken":30,"MutagenicStrength":19,"Snecko Eye":17,"Bag of Marbles":46,"Chemical X":12,"Bottled Lightning":28,"Membership Card":38,"Meat on the Bone":9},{"alterego_mod:MasochisticConstitution":0,"Lantern":13,"Calipers":15,"Happy Flower":30,"Vajra":5,"Oddly Smooth Stone":29,"Thread and Needle":6,"PreservedInsect":28,"Bag of Preparation":13,"Orichalcum":21,"Anchor":29,"Busted Crown":19,"HornCleat":23,"Shuriken":17,"MutagenicStrength":10,"Snecko Eye":9,"Bag of Marbles":26,"Chemical X":6,"Bottled Lightning":15,"Membership Card":21,"Meat on the Bone":5},{"alterego_mod:MasochisticConstitution":0,"Lantern":86,"Calipers":91,"Happy Flower":126,"Vajra":32,"Oddly Smooth Stone":125,"Thread and Needle":40,"PreservedInsect":122,"Bag of Preparation":86,"Orichalcum":110,"Anchor":125,"Busted Crown":104,"HornCleat":113,"Shuriken":97,"MutagenicStrength":69,"Snecko Eye":68,"Bag of Marbles":117,"Chemical X":40,"Bottled Lightning":91,"Membership Card":110,"Meat on the Bone":32}],"Meat on the Bone":12},"card_choices":[{"not_picked":["alterego_mod:PerceptionDisorder","alterego_mod:BreastValley"],"picked":"alterego_mod:Belts","floor":1},{"not_picked":["alterego_mod:MagicResistance","alterego_mod:Collar","alterego_mod:Skirt"],"picked":"SKIP","floor":3},{"not_picked":["alterego_mod:1TonWallop","alterego_mod:Undulate"],"picked":"alterego_mod:Jiggle","floor":5},{"not_picked":["alterego_mod:BusterCard","alterego_mod:BoobPocket","alterego_mod:Lingerie"],"picked":"SKIP","floor":6},{"not_picked":["alterego_mod:GoddessCore","alterego_mod:SakuraPetals","alterego_mod:Complex"],"picked":"SKIP","floor":7},{"not_picked":["alterego_mod:DiscoLights","alterego_mod:Belle"],"picked":"alterego_mod:BrynhildrRomantia","floor":10},{"not_picked":["alterego_mod:MagicResistance","alterego_mod:Pet","alterego_mod:RocketPunch"],"picked":"SKIP","floor":13},{"not_picked":["alterego_mod:Cycle","alterego_mod:BusterCard","alterego_mod:DeftHands"],"picked":"SKIP","floor":14},{"not_picked":["alterego_mod:RingBreak","alterego_mod:TrickOrTreatment"],"picked":"alterego_mod:PainIsPleasure","floor":16},{"not_picked":["alterego_mod:Skirt","alterego_mod:BoobPocket","alterego_mod:Jiggle"],"picked":"SKIP","floor":18},{"not_picked":["alterego_mod:PurpleHair","alterego_mod:Skirt"],"picked":"alterego_mod:GoddessCore+1","floor":21},{"not_picked":["alterego_mod:Rip","alterego_mod:Stockings","alterego_mod:Undulate"],"picked":"SKIP","floor":24},{"not_picked":["alterego_mod:Mirror","alterego_mod:Undulate","alterego_mod:GIGAMILK"],"picked":"SKIP","floor":25},{"not_picked":["alterego_mod:Lingerie","alterego_mod:GoddessCore","alterego_mod:Jiggle"],"picked":"SKIP","floor":29},{"not_picked":["alterego_mod:Mirror","alterego_mod:Skirt+1"],"picked":"alterego_mod:SideboobHour","floor":30},{"not_picked":["alterego_mod:Maid","alterego_mod:MagicResistance","alterego_mod:TrashNCrash"],"picked":"SKIP","floor":31},{"not_picked":["alterego_mod:InsideBaseball","alterego_mod:Weigh"],"picked":"alterego_mod:Tantrum","floor":33},{"not_picked":["alterego_mod:Bounce+1"],"picked":"SKIP","floor":35},{"not_picked":["alterego_mod:Cycle"],"picked":"SKIP","floor":36},{"not_picked":["alterego_mod:Maid+1"],"picked":"SKIP","floor":39},{"not_picked":["alterego_mod:Maid+1"],"picked":"SKIP","floor":39},{"not_picked":[],"picked":"alterego_mod:PerceptionDisorder+1","floor":40},{"not_picked":["alterego_mod:Lingerie"],"picked":"SKIP","floor":44},{"not_picked":["alterego_mod:BiFurious+1"],"picked":"SKIP","floor":45},{"not_picked":["alterego_mod:SakuraLabyrinth"],"picked":"SKIP","floor":46},{"not_picked":["alterego_mod:Complex+1"],"picked":"SKIP","floor":47},{"not_picked":["alterego_mod:Santa+1"],"picked":"SKIP","floor":48},{"not_picked":[],"picked":"alterego_mod:Santa+1","floor":48},{"not_picked":["alterego_mod:Lingerie+1"],"picked":"SKIP","floor":54}],"player_experience":336975,"relics_obtained":[{"floor":7,"key":"Vajra"},{"floor":9,"key":"Meat on the Bone"},{"floor":10,"key":"Thread and Needle"},{"floor":25,"key":"Bag of Preparation"},{"floor":26,"key":"Lantern"},{"floor":28,"key":"Calipers"},{"floor":28,"key":"Bottled Lightning"},{"floor":30,"key":"Shuriken"},{"floor":40,"key":"HornCleat"},{"floor":46,"key":"Bag of Marbles"},{"floor":48,"key":"PreservedInsect"},{"floor":54,"key":"Happy Flower"}],"event_choices":[{"cards_removed":["alterego_mod:Impale"],"damage_healed":0,"gold_gain":0,"player_choice":"Card Removal","damage_taken":7,"max_hp_gain":0,"max_hp_loss":0,"event_name":"Golden Wing","floor":2,"gold_loss":0},{"damage_healed":0,"gold_gain":0,"cards_transformed":["alterego_mod:Defend"],"player_choice":"Transformed","damage_taken":0,"max_hp_gain":0,"max_hp_loss":0,"event_name":"Transmorgrifier","floor":4,"gold_loss":0,"cards_obtained":["alterego_mod:Clap"]},{"damage_healed":0,"gold_gain":0,"player_choice":"Inject Mutagens","damage_taken":0,"relics_obtained":["MutagenicStrength"],"max_hp_gain":0,"max_hp_loss":0,"event_name":"Drug Dealer","floor":19,"gold_loss":0},{"damage_healed":0,"gold_gain":0,"player_choice":"Ignored","damage_taken":0,"max_hp_gain":0,"max_hp_loss":0,"event_name":"Ghosts","floor":20,"gold_loss":0},{"damage_healed":0,"gold_gain":0,"player_choice":"Fight","damage_taken":0,"max_hp_gain":0,"max_hp_loss":0,"event_name":"Colosseum","floor":28,"gold_loss":0},{"damage_healed":0,"gold_gain":0,"player_choice":"Fought Nobs","damage_taken":0,"max_hp_gain":0,"max_hp_loss":0,"event_name":"Colosseum","floor":28,"gold_loss":0},{"cards_removed":["alterego_mod:Defend"],"damage_healed":0,"gold_gain":0,"player_choice":"Removed Skill","damage_taken":0,"max_hp_gain":0,"max_hp_loss":0,"event_name":"Falling","floor":37,"gold_loss":0},{"damage_healed":0,"gold_gain":0,"player_choice":"Got Potions","damage_taken":0,"max_hp_gain":0,"max_hp_loss":0,"event_name":"Lab","floor":42,"gold_loss":0}],"is_beta":false,"boss_relics":[{"not_picked":["Cursed Key","Coffee Dripper"],"picked":"Snecko Eye"},{"not_picked":["Philosopher\u0027s Stone","Fusion Hammer"],"picked":"Busted Crown"}],"items_purged_floors":[22,38,53],"is_endless":false,"potions_floor_spawned":[1,3,5,13,16,21,28,28,31,33,39,44,46,47],"ascension_level":5}}