{"host":"6cq08l203i8iyh3k","time":1611950342,"event":{"mods":["BaseMod","Better Note","Better Silent Start","Colored Map","Colored Powertips","Minty Spire (QoL Compilation)","Quick Restart","Replay The Spire","Spicy Shops","StSLib","The Servant 0.9.4"],"gold_per_floor":[112,112,129,141,159,159,169,7,87,87,262,262,319,333,333,431,431,442,454,454,454],"floor_reached":20,"language":"ENG","playtime":877,"items_purged":[],"score":166,"play_id":"9bac337a-8bcc-4ac0-bda8-e87112d4a1b1","local_time":"20210129135902","daily_mods":["Heirloom"],"is_ascension_mode":false,"campfire_choices":[{"data":"Deadly Poison","floor":6,"key":"SMITH"},{"data":"Catalyst","floor":10,"key":"SMITH"},{"floor":15,"key":"REST"}],"circlet_count":0,"master_deck":["Strike_G","Strike_G","Strike_G","Strike_G","Defend_G","Defend_G","Defend_G","Defend_G","Survivor","Neutralize","Deflect","Catalyst+1","Deadly Poison+1","Dagger Spray","Poisoned Stab","Doubt","Deadly Poison","Envenom"],"relics":["Ginger","Replay:WaspNest","Sizzling Blood","Replay:Arrowhead","SlaversCollar"],"acts_visited":["Exordium","TheCity"],"potions_floor_usage":[13,13,16,20,20],"damage_taken":[{"damage":0,"enemies":"Small Slimes","floor":1,"turns":3},{"damage":0,"enemies":"2 Louse","floor":3,"turns":3},{"damage":2,"enemies":"Jaw Worm","floor":4,"turns":6},{"damage":3,"enemies":"2 Fungi Beasts","floor":5,"turns":6},{"damage":0,"enemies":"Looter","floor":7,"turns":4},{"damage":19,"enemies":"3 Sentries","floor":13,"turns":6},{"damage":3,"enemies":"3 Louse","floor":14,"turns":3},{"damage":43,"enemies":"Fading Forest","floor":16,"turns":11},{"damage":1,"enemies":"Chosen","floor":18,"turns":4},{"damage":22,"enemies":"Shell Parasite","floor":19,"turns":3},{"damage":22,"enemies":"Sentry and Sphere","floor":20,"turns":5}],"seed_played":"-1204528651967458334","potions_obtained":[{"floor":4,"key":"Cursed Concoction"},{"floor":7,"key":"PowerPotion"},{"floor":14,"key":"SkillPotion"},{"floor":16,"key":"Explosive Potion"},{"floor":19,"key":"LifebloodPotion"}],"is_trial":true,"path_per_floor":["M","?","M","M","M","R","M","$","T","R","?","?","?","M","R","B",null,"M","M","M"],"character_chosen":"THE_SILENT","items_purchased":["Poisoned Stab"],"campfire_rested":1,"item_purchase_floors":[8],"current_hp_per_floor":[70,70,70,68,65,65,65,65,65,65,65,69,54,55,74,45,74,74,56,34,34],"gold":454,"neow_bonus":"","is_daily":false,"chose_seed":false,"campfire_upgraded":2,"win_rate":0.0,"timestamp":1611950342,"path_taken":["M","?","M","M","M","R","M","$","T","R","?","?","?","M","R","BOSS","M","M","M"],"items_purchased_type":["Card"],"build_version":"2020-12-22","purchased_purges":0,"victory":false,"max_hp_per_floor":[70,70,70,70,70,70,70,70,70,70,70,74,74,74,74,74,74,74,74,74,74],"card_choices":[{"not_picked":["Deflect","Calculated Gamble","Heel Hook"],"picked":"SKIP","floor":1},{"not_picked":["Draining Mist","Well Laid Plans"],"picked":"Deflect","floor":3},{"not_picked":["Blur","Hidden Blade"],"picked":"Catalyst","floor":4},{"not_picked":["Footwork","Outmaneuver"],"picked":"Deadly Poison","floor":5},{"not_picked":["Setup","Replay:Bag of Tricks"],"picked":"Dagger Spray","floor":7},{"not_picked":["Flying Knee","Cloak And Dagger"],"picked":"Deadly Poison","floor":13},{"not_picked":["Prepared","Dodge and Roll","Blur"],"picked":"SKIP","floor":14},{"not_picked":["Grand Finale","Glass Knife"],"picked":"Envenom","floor":16},{"not_picked":["Riddle With Holes+1","Outmaneuver","Bane"],"picked":"SKIP","floor":18},{"not_picked":["Sucker Punch","Acrobatics","Outmaneuver"],"picked":"SKIP","floor":19}],"player_experience":378634,"relics_obtained":[{"floor":9,"key":"Replay:WaspNest"},{"floor":13,"key":"Replay:Arrowhead"}],"event_choices":[{"damage_healed":0,"gold_gain":175,"player_choice":"AGREE","damage_taken":0,"max_hp_gain":0,"max_hp_loss":0,"event_name":"Liars Game","floor":11,"gold_loss":0,"cards_obtained":["Doubt"]},{"damage_healed":0,"gold_gain":30,"player_choice":"Searched \u00272\u0027 times","damage_taken":0,"max_hp_gain":0,"max_hp_loss":0,"event_name":"Dead Adventurer","floor":13,"gold_loss":0}],"is_beta":false,"boss_relics":[{"not_picked":["Ectoplasm","WristBlade"],"picked":"SlaversCollar"}],"items_purged_floors":[],"is_endless":true,"potions_floor_spawned":[4,7,14,16,19],"killed_by":"Sentry and Sphere","ascension_level":0}}