{"host":"xzvhwvbvp6k5tkn4","time":1611939072,"event":{"mods":["AchievementEnabler","Ascension Reborn","BaseMod","Bestiary","Better Third Choice","Colored Powertips","Downfall","Ironclad Rager","Minty Spire (QoL Compilation)","Permanent Neow","Replay The Spire","StSLib","Uncapped","Waifu the Spire","noobMod","??????REMEMod"],"gold_per_floor":[0,14,14,25,96,106,106,106,117,133,145,158,176,16,29,129,129,29,48,65,85,99,118,118,18,18,38,38,56,56,41,54,151,151,151,166,179,229,137,153,178,195,195,221,43,55,55,55,75,75],"floor_reached":51,"language":"ENG","playtime":5561,"items_purged":[],"score":881,"play_id":"8b662ebd-2eb6-42a0-9bec-be28f3e5d573","local_time":"20210129105112","is_ascension_mode":true,"campfire_choices":[{"floor":1.0,"key":"RECALL"},{"data":"Slimebound:Split","floor":8.0,"key":"SMITH"},{"data":"Slimebound:LevelUp","floor":18,"key":"SMITH"},{"data":"Slimebound:MassRepurpose","floor":25,"key":"SMITH"},{"data":"Slimebound:Overexert","floor":28,"key":"SMITH"},{"data":"Slimebound:FirmFortitude","floor":35,"key":"SMITH"},{"data":"Slimebound:SlimeBarrage","floor":43,"key":"SMITH"},{"data":"expansioncontent:DashGenerateEvil","floor":47,"key":"SMITH"}],"circlet_count":0,"master_deck":["Slimebound:Strike_Slimebound","Slimebound:Strike_Slimebound","Slimebound:Strike_Slimebound","Slimebound:Tackle","Slimebound:Defend_Slimebound","Slimebound:Defend_Slimebound","Slimebound:Defend_Slimebound","Slimebound:Defend_Slimebound","Slimebound:Split+1","Slimebound:CorrosiveSpit","Slimebound:PressTheAttack","Slimebound:SlimeBarrage+1","Slimebound:LeechingTouch","Slimebound:Schlurp","Slimebound:SplitBruiser","Slimebound:SplitBruiser","Madness","Slimebound:FirmFortitude+1","Slimebound:HauntingLick","Slimebound:SlimeTap","Slimebound:LevelUp+1","Slimebound:SamplingLick","Slimebound:Schlurp","Slimebound:SplitBruiser","Slimebound:Repurpose","Slimebound:MassFeed","Slimebound:SplitLeeching","Slimebound:SpikyOuterGoop","Slimebound:SplitLeeching","Slimebound:MassRepurpose+1","Slimebound:SplitLeeching","Slimebound:Equalize","Slimebound:Overexert+1","Slimebound:LeadByExample","Slimebound:Prepare+1","Slimebound:Prepare+1","Slimebound:HauntingLick+1","Slimebound:SplitAcid","Slimebound:PressTheAttack","Slimebound:Schlurp","Slimebound:TongueLash","Slimebound:Schlurp","Slimebound:Schlurp","Pot Of Greed","Pot Of Greed","Pot Of Greed","Pot Of Greed","Slimebound:SlimeBarrage","Slimebound:TongueLash","Slimebound:HauntingLick","Slimebound:SlimeBarrage+1","Slimebound:SplitMire+1","Pot Of Greed","Slimebound:WasteNot","Slimebound:SplitBruiser","Slimebound:RejuvenatingLick+1","Slimebound:SplitLeeching+1","Slimebound:GoopSpray+1","Slimebound:DisruptingSlam+1","expansioncontent:DashGenerateEvil+1","Slimebound:Overexert","Slimebound:SlimeTap+1","Slimebound:SamplingLick+1","Slimebound:SplitAcid","Slimebound:SplitAcid","Pot Of Greed","Slimebound:FirmFortitude","Slimebound:FirmFortitude","Slimebound:SamplingLick+1","Slimebound:Repurpose+1"],"relics":["Slimebound:AbsorbEndCombat","ice","REME_ComplimentaryCards","Prayer Wheel","Sundial","Oddly Smooth Stone","Blood Vial","Painkiller Herb","downfall:HeartBlessingRed","Grinning Jar","downfall:HeartBlessingBlue","ChewingGum","FossilizedHelix","ReplayTheSpireMod:Shallot","Slimebound:AggressiveSlimeRelic","Replay:Bottled Flurry"],"acts_visited":["Exordium","TheCity","TheBeyond"],"potions_floor_usage":[33,33,42,50,50,50],"damage_taken":[{"damage":0.0,"enemies":"2 Louse","floor":2.0,"turns":3.0},{"damage":9.0,"enemies":"Jaw Worm","floor":4.0,"turns":3.0},{"damage":2.0,"enemies":"Cultist","floor":6.0,"turns":4.0},{"damage":16.0,"enemies":"Gremlin Gang","floor":9.0,"turns":3.0},{"damage":2.0,"enemies":"2 Fungi Beasts","floor":10.0,"turns":2.0},{"damage":3.0,"enemies":"Red Slaver","floor":11.0,"turns":3.0},{"damage":7.0,"enemies":"Blue Slaver","floor":12.0,"turns":3.0},{"damage":10.0,"enemies":"Exordium Wildlife","floor":13.0,"turns":2.0},{"damage":0.0,"enemies":"downfall:FleeingMerchant","floor":14.0,"turns":4.0},{"damage":11.0,"enemies":"Large Slime","floor":15.0,"turns":4.0},{"damage":14.0,"enemies":"WA_ARCHETYPE_RETAIN","floor":16.0,"turns":7.0},{"damage":0,"enemies":"Chosen","floor":19,"turns":3},{"damage":23,"enemies":"Snake Plant","floor":20,"turns":3},{"damage":2,"enemies":"Shelled Parasite and Fungi","floor":21,"turns":4},{"damage":14,"enemies":"Centurion and Healer","floor":22,"turns":4},{"damage":21,"enemies":"3 Cultists","floor":23,"turns":4},{"damage":5,"enemies":"Shelled Parasite and Fungi","floor":27,"turns":4},{"damage":1,"enemies":"Chosen and Byrds","floor":29,"turns":4},{"damage":10,"enemies":"downfall:FleeingMerchant","floor":31,"turns":4},{"damage":27,"enemies":"Centurion and Healer","floor":32,"turns":5},{"damage":41,"enemies":"DF_ARCHETYPE_CLAW","floor":33,"turns":7},{"damage":24,"enemies":"3 Darklings","floor":36,"turns":5},{"damage":0,"enemies":"Orb Walker","floor":37,"turns":3},{"damage":0,"enemies":"Orb Walker","floor":38,"turns":6},{"damage":0,"enemies":"downfall:FleeingMerchant","floor":39,"turns":4},{"damage":0,"enemies":"Maw","floor":40,"turns":5},{"damage":0,"enemies":"Transient","floor":42,"turns":5},{"damage":9,"enemies":"Giant Head","floor":44,"turns":7},{"damage":0,"enemies":"Writhing Mass","floor":46,"turns":3},{"damage":0,"enemies":"Spire Growth","floor":49,"turns":3},{"damage":0,"enemies":"IC_BLOCK_ARCHETYPE","floor":50,"turns":8}],"seed_played":"4148589267611241378","potions_obtained":[{"floor":4.0,"key":"DistilledChaos"},{"floor":5.0,"key":"Flashbang"},{"floor":6.0,"key":"Slimebound:SlimedPotion"},{"floor":9.0,"key":"Swift Potion"},{"floor":15.0,"key":"SteroidPotion"},{"floor":16.0,"key":"SteroidPotion"},{"floor":21,"key":"Explosive Potion"},{"floor":22,"key":"Ancient Potion"},{"floor":29,"key":"BlessingOfTheForge"},{"floor":36,"key":"Energy Potion"},{"floor":40,"key":"BlessingOfTheForge"},{"floor":42,"key":"Fire Potion"},{"floor":46,"key":"hexamod:SoulburnPotion"},{"floor":49,"key":"PowerPotion"}],"is_trial":false,"path_per_floor":["R","M","?","M","?","M","T","R","M","M","M","M","M","$","M","B",null,"T","?","?","?","?","?","T","T","?","?","T","?","?","T","?","B",null,"T","?","?","?","?","?","T","?","T","E","T","?","T","T","?","B",null],"character_chosen":"SLIMEBOUND","items_purchased":["Blood Vial","ReplayTheSpireMod:Shallot","expansioncontent:DashGenerateEvil","Slimebound:SplitAcid","Slimebound:FirmFortitude"],"campfire_rested":0,"item_purchase_floors":[14,39,39,45,45],"current_hp_per_floor":[65,65,58,49,33,31,31,31,19,21,20,15,7,13,6,63,69,69,69,53,61,58,47,47,57,57,63,63,74,74,70,51,28,88,88,70,74,78,88,88,88,88,88,79,79,85,85,85,88,88],"gold":75,"neow_bonus":"ONE_RARE_RELIC","is_daily":false,"chose_seed":false,"campfire_upgraded":7,"win_rate":0.0,"timestamp":1611939072,"path_taken":["R","M","?","M","?","M","T","R","M","M","M","?","M","$","M","BOSS","T","?","?","?","?","?","T","T","?","?","T","?","?","T","?","BOSS","T","?","?","?","?","?","T","?","T","E","T","?","T","T","?","BOSS"],"items_purchased_type":["Relic","Relic","Card","Card","Card"],"build_version":"2020-12-22","purchased_purges":0,"victory":true,"max_hp_per_floor":[65,65,65,65,65,65,65,65,65,65,65,65,65,65,65,69,69,69,69,72,72,75,75,75,85,85,88,88,88,88,88,88,88,88,88,88,88,88,88,88,88,88,88,88,88,88,88,88,88,88],"card_choices":[{"not_picked":["Slimebound:LivingWall","Slimebound:ComboTackle"],"picked":"Slimebound:PressTheAttack","floor":2.0},{"not_picked":["Slimebound:Grow","Slimebound:BestDefense"],"picked":"Slimebound:SlimeBarrage","floor":2.0},{"not_picked":["Slimebound:HauntingLick","Slimebound:RollThrough"],"picked":"Slimebound:LeechingTouch","floor":4.0},{"not_picked":["Slimebound:ComboTackle","Slimebound:Nibble"],"picked":"Slimebound:Schlurp","floor":4.0},{"not_picked":["Slimebound:LeechEnergy","Slimebound:SpikyOuterGoop"],"picked":"Slimebound:SplitBruiser","floor":5.0},{"not_picked":["Slimebound:Schlurp","Slimebound:ComboTackle"],"picked":"Slimebound:SplitBruiser","floor":5.0},{"not_picked":["Slimebound:BestDefense","Slimebound:ItLooksTasty"],"picked":"Slimebound:FirmFortitude","floor":6.0},{"not_picked":["Slimebound:Nibble","Slimebound:SlimeTap"],"picked":"Slimebound:HauntingLick","floor":6.0},{"not_picked":["Slimebound:ViciousTackle","Slimebound:ForwardTackle"],"picked":"Slimebound:SlimeTap","floor":9.0},{"not_picked":["Slimebound:Nibble","Slimebound:FormOfPuddle"],"picked":"Slimebound:LevelUp","floor":9.0},{"not_picked":["Slimebound:LeechingTouch","Slimebound:FinishingTackle"],"picked":"Slimebound:SamplingLick","floor":10.0},{"not_picked":["Slimebound:Prepare","Slimebound:GoopTackle"],"picked":"Slimebound:Schlurp","floor":10.0},{"not_picked":["Slimebound:RainOfGoop","Slimebound:SlimeBrawl"],"picked":"Slimebound:SplitBruiser","floor":11.0},{"not_picked":["Slimebound:MegaLick","Slimebound:ComboTackle"],"picked":"Slimebound:Repurpose","floor":11.0},{"not_picked":["Slimebound:FlameTackle","Slimebound:Nibble"],"picked":"Slimebound:MassFeed","floor":12.0},{"not_picked":["Slimebound:Schlurp","Slimebound:ForwardTackle"],"picked":"Slimebound:SplitLeeching","floor":12.0},{"not_picked":["Slimebound:RollThrough","Slimebound:SlimeBrawl"],"picked":"Slimebound:SpikyOuterGoop","floor":13.0},{"not_picked":["Slimebound:Dissolve","Slimebound:ForwardTackle"],"picked":"Slimebound:SplitLeeching","floor":13.0},{"not_picked":["Slimebound:PressTheAttack","Slimebound:Dissolve"],"picked":"Slimebound:MassRepurpose","floor":14.0},{"not_picked":["Slimebound:FlameTackle","Slimebound:Nibble"],"picked":"Slimebound:SplitLeeching","floor":15.0},{"not_picked":["Slimebound:LeechingTouch","Slimebound:ComboTackle"],"picked":"Slimebound:Equalize","floor":15.0},{"not_picked":["Slimebound:OozeBath","Slimebound:Teamwork"],"picked":"Slimebound:Overexert","floor":16.0},{"not_picked":["Slimebound:Prepare","Slimebound:GoopTackle"],"picked":"Slimebound:LeadByExample","floor":19},{"not_picked":["Slimebound:LivingWall+1","Slimebound:SlimeSpikes"],"picked":"Slimebound:Prepare+1","floor":19},{"not_picked":["Slimebound:FinishingTackle","Slimebound:ComboTackle"],"picked":"Slimebound:Prepare+1","floor":20},{"not_picked":["Slimebound:SplitBruiser","Slimebound:Prepare"],"picked":"Slimebound:HauntingLick+1","floor":20},{"not_picked":["Slimebound:FlameTackle","Slimebound:Teamwork"],"picked":"Slimebound:SplitAcid","floor":21},{"not_picked":["Slimebound:RollThrough+1","Slimebound:Prepare"],"picked":"Slimebound:PressTheAttack","floor":21},{"not_picked":["Slimebound:GrowthPunch+1","Slimebound:SplitLeeching"],"picked":"Slimebound:Schlurp","floor":22},{"not_picked":["Slimebound:LeechingTouch","Slimebound:ComboTackle"],"picked":"Slimebound:TongueLash","floor":22},{"not_picked":["Slimebound:LivingWall","Slimebound:Chomp"],"picked":"Slimebound:Schlurp","floor":23},{"not_picked":["Slimebound:Gluttony","Slimebound:AcidTongue"],"picked":"Slimebound:Schlurp","floor":23},{"not_picked":["Slimebound:SplitMire","Slimebound:SamplingLick"],"picked":"Slimebound:TongueLash","floor":27},{"not_picked":["Slimebound:DouseInSlime","Slimebound:Schlurp"],"picked":"Slimebound:HauntingLick","floor":27},{"not_picked":["Slimebound:Grow+1","Slimebound:SpikyOuterGoop"],"picked":"Slimebound:SlimeBarrage+1","floor":29},{"not_picked":["Slimebound:LeechEnergy","Slimebound:FinishingTackle","Slimebound:GrowthPunch"],"picked":"SKIP","floor":29},{"not_picked":["Slimebound:SlimeBarrage+1","Slimebound:ItLooksTasty","Slimebound:SlimeTap+1"],"picked":"SKIP","floor":31},{"not_picked":["Slimebound:BestDefense","Slimebound:Schlurp"],"picked":"Slimebound:SplitMire+1","floor":32},{"not_picked":["Slimebound:FormOfPuddle+1","Slimebound:Prepare","Slimebound:RainOfGoop"],"picked":"SKIP","floor":32},{"not_picked":["Slimebound:PrepareCrush","Slimebound:Teamwork"],"picked":"Slimebound:WasteNot","floor":33},{"not_picked":["Slimebound:SplitLeeching","Slimebound:Prepare"],"picked":"Slimebound:SplitBruiser","floor":36},{"not_picked":["Slimebound:FormOfPuddle","Slimebound:Chomp+1"],"picked":"Slimebound:RejuvenatingLick+1","floor":36},{"not_picked":["Slimebound:MinionMaster","Slimebound:LeechEnergy"],"picked":"Slimebound:SplitLeeching+1","floor":37},{"not_picked":["Slimebound:ProtectTheBoss","Slimebound:Gluttony","Slimebound:RollThrough"],"picked":"SKIP","floor":37},{"not_picked":["Slimebound:LeechEnergy+1","Slimebound:ItLooksTasty"],"picked":"Slimebound:GoopSpray+1","floor":38},{"not_picked":["Slimebound:SlimeSpikes","Slimebound:Schlurp"],"picked":"Slimebound:DisruptingSlam+1","floor":39},{"not_picked":["Slimebound:ComboTackle","Slimebound:SamplingLick+1"],"picked":"Slimebound:Overexert","floor":40},{"not_picked":["Slimebound:Chomp+1","Slimebound:SpikyOuterGoop+1","Slimebound:PressTheAttack"],"picked":"SKIP","floor":40},{"not_picked":["Slimebound:Gluttony+1","Slimebound:SplitLeeching+1"],"picked":"Slimebound:SlimeTap+1","floor":42},{"not_picked":["Slimebound:BestDefense+1","Slimebound:MegaLick+1","Slimebound:Gluttony"],"picked":"SKIP","floor":42},{"not_picked":["Slimebound:Gluttony+1","Slimebound:ProtectTheBoss"],"picked":"Slimebound:SamplingLick+1","floor":44},{"not_picked":["Slimebound:FlameTackle","Slimebound:SpikyOuterGoop+1"],"picked":"Slimebound:FirmFortitude","floor":46},{"not_picked":["Slimebound:RejuvenatingLick+1","Slimebound:SlimeTap"],"picked":"Slimebound:SamplingLick+1","floor":46},{"not_picked":["Slimebound:LivingWall+1","Slimebound:LeechingTouch"],"picked":"Slimebound:Repurpose+1","floor":49},{"not_picked":["Slimebound:SlimeSpikes+1","Slimebound:RollThrough","Slimebound:GoopSpray"],"picked":"SKIP","floor":49}],"player_experience":136401,"relics_obtained":[{"floor":5.0,"key":"Oddly Smooth Stone"},{"floor":24,"key":"Grinning Jar"},{"floor":38,"key":"FossilizedHelix"},{"floor":41,"key":"Slimebound:AggressiveSlimeRelic"},{"floor":44,"key":"Replay:Bottled Flurry"}],"event_choices":[{"damage_healed":0.0,"max_hp_gain":0.0,"max_hp_loss":0.0,"gold_gain":0.0,"event_name":"Scrap Ooze","player_choice":"Success","floor":3.0,"gold_loss":0.0,"damage_taken":7.0,"relics_obtained":["Sundial"]},{"damage_healed":0,"gold_gain":0,"player_choice":"Read","damage_taken":0,"max_hp_gain":0,"max_hp_loss":0,"event_name":"The Library","floor":26,"gold_loss":0,"cards_obtained":["Slimebound:SlimeBarrage"]},{"damage_healed":0,"gold_gain":0,"player_choice":"Got Potions","damage_taken":0,"max_hp_gain":0,"max_hp_loss":0,"event_name":"Lab","floor":30,"gold_loss":0}],"is_beta":false,"boss_relics":[{"not_picked":["Slimebound:TarBlob","Coffee Dripper"],"picked":"Painkiller Herb"},{"not_picked":["ReplayTheSpireMod:DimensionalGlitch","Velvet Choker"],"picked":"ChewingGum"}],"items_purged_floors":[],"is_endless":false,"potions_floor_spawned":[4,6,9,15,16,21,22,27,29,36,40,42,46,49],"ascension_level":0}}