{"host":"lfvf97io7xuhaz8c","time":1611954198,"event":{"mods":["2.2 Compatiblity","BaseMod","Colored Map","Colored Powertips","Curses Come First","Highlight Path","Minty Spire (QoL Compilation)","Relic Stats","StSLib","SuperFastMode"],"gold_per_floor":[110,110,123,134,84,109,109,109,109],"floor_reached":8,"language":"FRA","playtime":549,"items_purged":[],"score":70,"play_id":"6d7ecd86-e135-41e5-8667-addf92d716c4","local_time":"20210129220318","is_ascension_mode":true,"campfire_choices":[{"floor":7,"key":"REST"}],"circlet_count":0,"master_deck":["Strike_G","Strike_G","Strike_G","Strike_G","Defend_G","Defend_G","Defend_G","Defend_G","Defend_G","Survivor","Neutralize","Outmaneuver","Dagger Spray","Leg Sweep","Catalyst"],"relics":["Velvet Choker","Tiny Chest"],"acts_visited":["Exordium"],"potions_floor_usage":[6,6],"damage_taken":[{"damage":0,"enemies":"Jaw Worm","floor":1,"turns":3},{"damage":1,"enemies":"2 Louse","floor":3,"turns":3},{"damage":0,"enemies":"Small Slimes","floor":4,"turns":3},{"damage":34,"enemies":"3 Sentries","floor":6,"turns":11},{"damage":76,"enemies":"Gremlin Nob","floor":8,"turns":6}],"seed_played":"-4162299149686058684","potions_obtained":[{"floor":3,"key":"Poison Potion"},{"floor":4,"key":"SpeedPotion"}],"is_trial":false,"path_per_floor":["M","?","M","M","?","E","R","E"],"character_chosen":"THE_SILENT","items_purchased":[],"campfire_rested":1,"item_purchase_floors":[],"current_hp_per_floor":[70,70,69,69,69,35,56,0,0],"gold":109,"neow_bonus":"BOSS_RELIC","is_daily":false,"chose_seed":false,"campfire_upgraded":0,"win_rate":0.0,"timestamp":1611954198,"path_taken":["M","?","M","M","?","E","R","E"],"items_purchased_type":[],"build_version":"2020-12-22","purchased_purges":0,"victory":false,"max_hp_per_floor":[70,70,70,70,70,70,70,70,70],"relic_stats":{"counters":[5,26],"Tiny Chest":0,"obtain_stats":[{"Velvet Choker":0,"Tiny Chest":6,"Ring of the Snake":0},{"Velvet Choker":0,"Tiny Chest":4,"Ring of the Snake":0},{"Velvet Choker":0,"Tiny Chest":20,"Ring of the Snake":0}]},"card_choices":[{"not_picked":["Slice","Skewer"],"picked":"Outmaneuver","floor":1},{"not_picked":["Reflex","Concentrate"],"picked":"Dagger Spray","floor":3},{"not_picked":["Deadly Poison","Heel Hook"],"picked":"Leg Sweep","floor":4},{"not_picked":["Sucker Punch","Bane"],"picked":"Catalyst","floor":6}],"player_experience":1473152,"relics_obtained":[{"floor":6,"key":"Tiny Chest"}],"event_choices":[{"damage_healed":0,"gold_gain":0,"player_choice":"Ignored","damage_taken":0,"max_hp_gain":0,"max_hp_loss":0,"event_name":"Liars Game","floor":2,"gold_loss":0},{"cards_removed":["Strike_G"],"damage_healed":0,"gold_gain":0,"player_choice":"Card Removal","damage_taken":0,"max_hp_gain":0,"max_hp_loss":0,"event_name":"The Cleric","floor":5,"gold_loss":50}],"is_beta":false,"boss_relics":[],"items_purged_floors":[],"is_endless":false,"potions_floor_spawned":[3,4],"killed_by":"Gremlin Nob","ascension_level":5}}