{"host":"ordk2y2ebcetabk6","time":1611962251,"event":{"mods":["AlwaysNeverKeys","Astrologer","Bard","BaseMod","Better Debug","Colored Map","Colored Powertips","Dark Map","Hermit","Highlight Path","Minty Spire (QoL Compilation)","Morshu Shopkeeper","Permanent Neow","Rare Cards Sparkle","Spire Arcade","StSLib","Sumireko Usami","The Hydrologist"],"gold_per_floor":[213,213,68,68,68,68,102,123,123,169,196,196,216,228,228,324,324,341,359,1,1,1,1,21,21,45,45,145,157,157,175,175,273,273,290,290,303,353,353,353,368,368,368,368,29,363,192,192,192,192],"floor_reached":51,"language":"ENG","playtime":3228,"items_purged":["hydrologistmod:Strike_Hydrologist","hydrologistmod:PersonalRaincloud"],"score":752,"play_id":"47d177ff-1dae-4e3c-a16f-3fe3047194e4","local_time":"20210129161731","is_ascension_mode":false,"campfire_choices":[{"data":"hydrologistmod:CrystalIce","floor":6.0,"key":"SMITH"},{"data":"hydrologistmod:Debilitate","floor":12.0,"key":"SMITH"},{"data":"hydrologistmod:FrostWhip","floor":15.0,"key":"SMITH"},{"data":"hydrologistmod:HotSprings","floor":23.0,"key":"SMITH"},{"data":"hydrologistmod:Scald","floor":25.0,"key":"SMITH"},{"data":"hydrologistmod:PressureBlast","floor":27.0,"key":"SMITH"},{"data":"hydrologistmod:UnstableDefend","floor":30.0,"key":"SMITH"},{"data":"hydrologistmod:UnstableDefend","floor":32.0,"key":"SMITH"},{"floor":40,"key":"REST"},{"data":"hydrologistmod:Defend_Hydrologist","floor":42,"key":"SMITH"},{"data":"hydrologistmod:Defend_Hydrologist","floor":44,"key":"SMITH"},{"data":"hydrologistmod:HotSprings","floor":49,"key":"SMITH"}],"circlet_count":0,"master_deck":["hydrologistmod:FrostWhip+1","hydrologistmod:Defend_Hydrologist+1","hydrologistmod:Defend_Hydrologist+1","hydrologistmod:Defend_Hydrologist+1","hydrologistmod:UnstableDefend+1","hydrologistmod:Debilitate+1","hydrologistmod:CrystalIce+1","hydrologistmod:ViscousShell+1","hydrologistmod:HotSprings+1","hydrologistmod:PureSteam","hydrologistmod:Scald+1","hydrologistmod:PureWater+1","hydrologistmod:PressureBlast+1","hydrologistmod:PureWater+1","hydrologistmod:HotSprings+1"],"relics":["hydrologistmod:WaterPouch","Bronze Scales","Odd Mushroom","Mango","War Paint","Potion Belt","Black Star","Chemical X","Regal Pillow","Lizard Tail","Darkstone Periapt","Empty Cage","hydrologistmod:GliderStaff","CaptainsWheel","Bag of Marbles","TheAbacus","Old Coin","Blood Vial"],"acts_visited":["Exordium","TheCity","TheBeyond"],"potions_floor_usage":[50,50],"damage_taken":[{"damage":2.0,"enemies":"2 Louse","floor":1.0,"turns":3.0},{"damage":10.0,"enemies":"Gremlin Nob","floor":7.0,"turns":4.0},{"damage":12.0,"enemies":"The Mushroom Lair","floor":8.0,"turns":4.0},{"damage":9.0,"enemies":"3 Sentries","floor":11.0,"turns":12.0},{"damage":0.0,"enemies":"Jaw Worm","floor":13.0,"turns":3.0},{"damage":0.0,"enemies":"Cultist","floor":14.0,"turns":2.0},{"damage":16.0,"enemies":"Hexaghost","floor":16.0,"turns":6.0},{"damage":0.0,"enemies":"Chosen","floor":18.0,"turns":4.0},{"damage":14.0,"enemies":"2 Thieves","floor":19.0,"turns":4.0},{"damage":7.0,"enemies":"3 Cultists","floor":24.0,"turns":3.0},{"damage":9.0,"enemies":"Colosseum Slavers","floor":28.0,"turns":3.0},{"damage":5.0,"enemies":"Colosseum Nobs","floor":28.0,"turns":2.0},{"damage":0.0,"enemies":"Snecko","floor":29.0,"turns":3.0},{"damage":2.0,"enemies":"Sentry and Sphere","floor":31.0,"turns":3.0},{"damage":17.0,"enemies":"Champ","floor":33.0,"turns":7.0},{"damage":29,"enemies":"3 Shapes","floor":35,"turns":4},{"damage":16,"enemies":"3 Darklings","floor":37,"turns":3},{"damage":0,"enemies":"Mind Bloom Boss Battle","floor":38,"turns":3},{"damage":11,"enemies":"Spire Growth","floor":41,"turns":4},{"damage":0,"enemies":"Nemesis","floor":46,"turns":8},{"damage":28,"enemies":"Awakened One","floor":50,"turns":9}],"seed_played":"-2198639608258098397","potions_obtained":[{"floor":11.0,"key":"SkillPotion"},{"floor":13.0,"key":"ColorlessPotion"},{"floor":14.0,"key":"hydrologistmod:FilteredWater"},{"floor":24.0,"key":"DistilledChaos"},{"floor":31.0,"key":"hydrologistmod:UnstableBrew"},{"floor":37,"key":"EssenceOfSteel"},{"floor":46,"key":"Ancient Potion"},{"floor":48,"key":"AttackPotion"},{"floor":48,"key":"EssenceOfSteel"},{"floor":48,"key":"ColorlessPotion"}],"is_trial":false,"path_per_floor":["M","?","$","?","$","R","E","?","T","T","E","R","M","M","R","B",null,"M","M","$","$","?","R","M","R","T","R","?","M","R","M","R","B",null,"M","?","M","?","?","R","M","R","T","R","$","E","$","?","R","B",null],"character_chosen":"HYDROLOGIST_CLASS","items_purchased":["hydrologistmod:CrystalIce","hydrologistmod:PressureBlast","Chemical X","Bag of Marbles","TheAbacus","hydrologistmod:PersonalRaincloud","hydrologistmod:HotSprings"],"campfire_rested":1,"item_purchase_floors":[3,20,20,45,45,45,47],"current_hp_per_floor":[75,75,75,80,80,80,70,58,72,72,63,63,63,63,63,47,96,96,82,82,82,82,82,75,75,75,75,61,61,61,59,59,42,96,67,67,51,51,51,94,83,83,83,83,83,83,83,83,83,57],"gold":192,"neow_bonus":"HUNDRED_GOLD","is_daily":false,"chose_seed":false,"campfire_upgraded":11,"win_rate":0.0,"timestamp":1611962251,"path_taken":["M","?","$","?","?","R","E","?","T","?","E","R","?","?","R","BOSS","M","M","?","$","?","R","M","R","T","R","?","M","R","M","R","BOSS","M","?","M","?","?","R","?","R","T","R","$","E","$","?","R","BOSS"],"items_purchased_type":["Card","Card","Relic","Relic","Relic","Card","Card"],"build_version":"2020-12-22","purchased_purges":2,"victory":true,"max_hp_per_floor":[77,77,77,82,82,82,82,82,96,96,96,96,96,96,96,96,96,96,96,96,96,96,96,96,96,96,96,96,96,96,96,96,96,96,96,96,96,96,96,96,96,96,96,96,96,96,96,96,96,96],"card_choices":[{"not_picked":["hydrologistmod:GhostlyMist","hydrologistmod:OccludingMist"],"picked":"hydrologistmod:Debilitate","floor":1.0},{"not_picked":["hydrologistmod:PureSteam","hydrologistmod:TidalWave"],"picked":"hydrologistmod:ViscousShell","floor":7.0},{"not_picked":["hydrologistmod:ViscousShell","hydrologistmod:Drench"],"picked":"hydrologistmod:HotSprings","floor":8.0},{"not_picked":["hydrologistmod:StagnantCloak","hydrologistmod:OccludingMist","hydrologistmod:YawningAbyss"],"picked":"SKIP","floor":11.0},{"not_picked":["hydrologistmod:StaticSteam","hydrologistmod:Drench"],"picked":"hydrologistmod:PureSteam","floor":13.0},{"not_picked":["hydrologistmod:YawningAbyss","hydrologistmod:Pneumatics","hydrologistmod:GhostlyMist"],"picked":"SKIP","floor":14.0},{"not_picked":["hydrologistmod:ReleaseValve","hydrologistmod:AmalgamateWaters"],"picked":"hydrologistmod:Scald","floor":16.0},{"not_picked":["hydrologistmod:GlacialSynthesis","hydrologistmod:TidalWave","hydrologistmod:CrystalLattice+1"],"picked":"SKIP","floor":18.0},{"not_picked":["hydrologistmod:DeepFreeze","hydrologistmod:CrystalLattice+1"],"picked":"hydrologistmod:PureWater+1","floor":19.0},{"not_picked":["hydrologistmod:StaticWater","hydrologistmod:GlacialSynthesis+1","hydrologistmod:StaticSteam+1"],"picked":"SKIP","floor":24.0},{"not_picked":["hydrologistmod:Aqueducts","hydrologistmod:PressureBuildup","hydrologistmod:Dehydrate"],"picked":"SKIP","floor":29.0},{"not_picked":["hydrologistmod:SteamPower","hydrologistmod:Cascade","hydrologistmod:SearingSynthesis"],"picked":"SKIP","floor":31.0},{"not_picked":["hydrologistmod:GhostlyMist+1","hydrologistmod:GlacialSynthesis","hydrologistmod:Cascade+1"],"picked":"SKIP","floor":35},{"not_picked":["hydrologistmod:TidalWave","hydrologistmod:PressureCycle+1"],"picked":"hydrologistmod:PureWater+1","floor":37},{"not_picked":["hydrologistmod:DeepFreeze+1","hydrologistmod:SwelteringStrike","hydrologistmod:StaticIce"],"picked":"SKIP","floor":41},{"not_picked":["hydrologistmod:IcyFloe+1","hydrologistmod:Drench+1","hydrologistmod:StaticWater"],"picked":"SKIP","floor":46}],"player_experience":1087595,"relics_obtained":[{"floor":7.0,"key":"Bronze Scales"},{"floor":8.0,"key":"Odd Mushroom"},{"floor":9.0,"key":"Mango"},{"floor":10.0,"key":"War Paint"},{"floor":11.0,"key":"Potion Belt"},{"floor":26.0,"key":"Regal Pillow"},{"floor":28.0,"key":"Lizard Tail"},{"floor":28.0,"key":"Darkstone Periapt"},{"floor":38,"key":"hydrologistmod:GliderStaff"},{"floor":43,"key":"CaptainsWheel"},{"floor":46,"key":"Old Coin"},{"floor":46,"key":"Blood Vial"}],"event_choices":[{"cards_removed":["hydrologistmod:Strike_Hydrologist"],"damage_healed":0.0,"max_hp_gain":0.0,"max_hp_loss":0.0,"gold_gain":0.0,"event_name":"Living Wall","player_choice":"Forget","floor":2.0,"gold_loss":0.0,"damage_taken":0.0},{"damage_healed":0.0,"max_hp_gain":5.0,"max_hp_loss":0.0,"gold_gain":0.0,"event_name":"Big Fish","player_choice":"Donut","floor":4.0,"gold_loss":0.0,"damage_taken":0.0},{"damage_healed":0.0,"max_hp_gain":0.0,"max_hp_loss":0.0,"gold_gain":0.0,"event_name":"Mushrooms","player_choice":"Fought Mushrooms","floor":8.0,"gold_loss":0.0,"damage_taken":0.0},{"damage_healed":0.0,"max_hp_gain":0.0,"max_hp_loss":0.0,"gold_gain":0.0,"event_name":"The Mausoleum","player_choice":"Ignored","floor":22.0,"gold_loss":0.0,"damage_taken":0.0},{"damage_healed":0.0,"max_hp_gain":0.0,"max_hp_loss":0.0,"gold_gain":0.0,"event_name":"Colosseum","player_choice":"Fight","floor":28.0,"gold_loss":0.0,"damage_taken":0.0},{"damage_healed":0.0,"max_hp_gain":0.0,"max_hp_loss":0.0,"gold_gain":0.0,"event_name":"Colosseum","player_choice":"Fought Nobs","floor":28.0,"gold_loss":0.0,"damage_taken":0.0},{"cards_removed":["hydrologistmod:UnstableDefend"],"damage_healed":0,"gold_gain":0,"player_choice":"Removed Skill","damage_taken":0,"max_hp_gain":0,"max_hp_loss":0,"event_name":"Falling","floor":36,"gold_loss":0},{"damage_healed":0,"gold_gain":0,"player_choice":"Fight","damage_taken":0,"max_hp_gain":0,"max_hp_loss":0,"event_name":"MindBloom","floor":38,"gold_loss":0},{"damage_healed":0,"gold_gain":0,"player_choice":"Ignored","damage_taken":0,"max_hp_gain":0,"max_hp_loss":0,"event_name":"NoteForYourself","floor":39,"gold_loss":0},{"damage_healed":0,"gold_gain":0,"player_choice":"Got Potions","damage_taken":0,"max_hp_gain":0,"max_hp_loss":0,"event_name":"Lab","floor":48,"gold_loss":0}],"is_beta":false,"boss_relics":[{"not_picked":["hydrologistmod:SpinningStones","Snecko Eye"],"picked":"Black Star"},{"not_picked":["hydrologistmod:TranquilTeacup","Calling Bell"],"picked":"Empty Cage"}],"items_purged_floors":[20,47],"is_endless":false,"potions_floor_spawned":[11,13,14,24,28,31,37,46],"ascension_level":0}}