{"host":"fv4u04bzswzfg5qa","time":1611881518,"event":{"mods":["BaseMod","Colored Map","Colored Powertips","Highlight Path","Minty Spire (QoL Compilation)","StSLib","Synergy Search"],"gold_per_floor":[110,110,59,72,72,104,104,118,144,144,208,69,69,80,80,179,179,168,93,93,104,122,122,122,122],"floor_reached":24,"language":"ENG","playtime":2293,"items_purged":["Strike_P"],"score":204,"play_id":"7646b463-c62c-4c21-b4f3-1a0b36ff390a","local_time":"20210128195158","is_ascension_mode":true,"campfire_choices":[{"floor":7.0,"key":"REST"},{"data":"EmptyFist","floor":10.0,"key":"SMITH"},{"floor":13.0,"key":"REST"},{"floor":15.0,"key":"REST"},{"floor":23,"key":"REST"}],"circlet_count":0,"master_deck":["Strike_P","Strike_P+1","Strike_P+1","Defend_P","Defend_P","Defend_P","Defend_P","Eruption+1","Vigilance","WreathOfFlame","FlurryOfBlows","Protect","EmptyFist+1","Prostrate","Consecrate","MentalFortress","EmptyMind","FlyingSleeves","Establishment","CarveReality","Pain","Crescendo+1","EmptyBody"],"relics":["PureWater","Anchor","Tiny Chest","Art of War","Sozu","WarpedTongs"],"acts_visited":["Exordium","TheCity"],"potions_floor_usage":[24,24],"damage_taken":[{"damage":2.0,"enemies":"2 Louse","floor":1.0,"turns":4.0},{"damage":0.0,"enemies":"Cultist","floor":4.0,"turns":2.0},{"damage":34.0,"enemies":"Lagavulin","floor":6.0,"turns":6.0},{"damage":2.0,"enemies":"Jaw Worm","floor":8.0,"turns":4.0},{"damage":39.0,"enemies":"Lagavulin Event","floor":11.0,"turns":4.0},{"damage":0.0,"enemies":"Exordium Wildlife","floor":14.0,"turns":2.0},{"damage":43.0,"enemies":"Hexaghost","floor":16.0,"turns":6.0},{"damage":10.0,"enemies":"2 Thieves","floor":18.0,"turns":4.0},{"damage":3.0,"enemies":"Chosen","floor":21.0,"turns":4.0},{"damage":54,"enemies":"Shelled Parasite and Fungi","floor":22,"turns":4},{"damage":38,"enemies":"Book of Stabbing","floor":24,"turns":2}],"seed_played":"7681181302001321807","potions_obtained":[{"floor":4.0,"key":"SteroidPotion"},{"floor":8.0,"key":"Fire Potion"},{"floor":11.0,"key":"PowerPotion"},{"floor":14.0,"key":"EntropicBrew"}],"is_trial":false,"path_per_floor":["M","?","$","M","$","E","R","M","T","R","?","$","R","M","R","B",null,"M","$","?","M","M","R","E"],"character_chosen":"WATCHER","items_purchased":["FlurryOfBlows","MentalFortress","EmptyMind"],"campfire_rested":4,"item_purchase_floors":[3,12,12],"current_hp_per_floor":[70,56,56,56,56,22,43,41,41,41,2,2,23,23,44,1,72,62,62,62,59,5,26,0,0],"gold":122,"neow_bonus":"UPGRADE_CARD","is_daily":false,"chose_seed":false,"campfire_upgraded":1,"win_rate":0.0,"timestamp":1611881518,"path_taken":["M","?","$","M","$","E","R","M","T","R","?","$","R","M","R","BOSS","M","$","?","M","M","R","E"],"items_purchased_type":["Card","Card","Card"],"build_version":"2020-12-22","purchased_purges":1,"victory":false,"max_hp_per_floor":[72,72,72,72,72,72,72,72,72,72,72,72,72,72,72,72,72,72,72,72,72,72,72,72,72],"card_choices":[{"not_picked":["BowlingBash","CutThroughFate"],"picked":"WreathOfFlame","floor":1.0},{"not_picked":["Nirvana","Collect"],"picked":"Protect","floor":4.0},{"not_picked":["ThirdEye","Evaluate"],"picked":"EmptyFist","floor":6.0},{"not_picked":["SashWhip","WreathOfFlame"],"picked":"Prostrate","floor":8.0},{"not_picked":["SashWhip","ConjureBlade"],"picked":"Consecrate","floor":11.0},{"not_picked":["Indignation","FearNoEvil"],"picked":"FlyingSleeves","floor":14.0},{"not_picked":["Blasphemy","Omniscience"],"picked":"Establishment","floor":16.0},{"not_picked":["Weave","EmptyBody"],"picked":"CarveReality","floor":18.0},{"not_picked":["Evaluate","Fasting2"],"picked":"Crescendo+1","floor":21.0},{"not_picked":["Adaptation","Study"],"picked":"EmptyBody","floor":22}],"player_experience":213722,"relics_obtained":[{"floor":6.0,"key":"Anchor"},{"floor":9.0,"key":"Tiny Chest"},{"floor":11.0,"key":"Art of War"}],"event_choices":[{"damage_healed":0.0,"max_hp_gain":0.0,"max_hp_loss":0.0,"gold_gain":0.0,"event_name":"Shining Light","player_choice":"Entered Light","floor":2.0,"gold_loss":0.0,"damage_taken":14.0,"cards_upgraded":["Strike_P","Strike_P"]},{"damage_healed":0.0,"max_hp_gain":0.0,"max_hp_loss":0.0,"gold_gain":0.0,"event_name":"Dead Adventurer","player_choice":"Searched \u00272\u0027 times","floor":11.0,"gold_loss":0.0,"damage_taken":0.0},{"damage_healed":0.0,"max_hp_gain":0.0,"max_hp_loss":0.0,"gold_gain":0.0,"event_name":"Accursed Blacksmith","player_choice":"Rummage","floor":20.0,"gold_loss":0.0,"damage_taken":0.0,"relics_obtained":["WarpedTongs"],"cards_obtained":["Pain"]}],"is_beta":false,"boss_relics":[{"not_picked":["SacredBark","Snecko Eye"],"picked":"Sozu"}],"items_purged_floors":[19],"is_endless":false,"potions_floor_spawned":[4,8,11,14,21],"killed_by":"Book of Stabbing","ascension_level":1}}