{"host":"ex6y92ceh6h0mo7k","time":1611940281,"event":{"mods":["BaseMod","Bestiary","Minty Spire (QoL Compilation)","Quick Restart","StSLib","SuperFastMode","The Marked"],"gold_per_floor":[116,116,134,134,151,151,151,185,185,185,202,202,222,240,240,340,340,352,237,237,252,270,270,270,270,294,140,172,191,191,216,216,314,314,326,337,30,30,40,40,40,40],"floor_reached":41,"language":"ENG","playtime":2775,"items_purged":["theMarked:Strike","theMarked:Strike","theMarked:Strike"],"score":456,"play_id":"31a6d02f-7e11-4e2a-9f31-545222f95198","local_time":"20210130011121","is_ascension_mode":false,"campfire_choices":[{"data":"theMarked:Parry","floor":6.0,"key":"SMITH"},{"data":"theMarked:HeightenedSenses","floor":10.0,"key":"SMITH"},{"data":"theMarked:Friction","floor":12.0,"key":"SMITH"},{"data":"theMarked:CreepingChasm","floor":15.0,"key":"SMITH"},{"data":"theMarked:StartUp","floor":23,"key":"SMITH"},{"data":"theMarked:LightningStrikesTwice","floor":25,"key":"SMITH"},{"data":"theMarked:TwofoldDefense","floor":30,"key":"SMITH"},{"data":"theMarked:EmpowerWeapon","floor":32,"key":"SMITH"},{"data":"theMarked:ParalyzingBlade","floor":40,"key":"SMITH"}],"circlet_count":0,"master_deck":["theMarked:Strike+1","theMarked:Defend","theMarked:Defend","theMarked:Defend","theMarked:Defend","theMarked:SoldierOfQuellstein+1","theMarked:Polarize+1","theMarked:HeightenedSenses+1","theMarked:TakeCover","theMarked:Parry+1","theMarked:TurnInvisible","theMarked:Friction+1","theMarked:EmpowerWeapon+1","theMarked:CreepingChasm+1","theMarked:DispelDoubt","theMarked:SelfDefenseTraining","theMarked:StartUp+1","theMarked:MuscleMemory+1","theMarked:LightningStrikesTwice+1","theMarked:TwofoldDefense+1","theMarked:DispelDoubt","theMarked:StartUp","theMarked:ParalyzingBlade+1"],"relics":["theMarked:ArtifactOfAir","NeowsBlessing","Matryoshka","Mercury Hourglass","Pear","Snecko Eye","MealTicket","Boot","theMarked:KettuFlask","Akabeko","Black Star","theMarked:Winder"],"acts_visited":["Exordium","TheCity","TheBeyond"],"potions_floor_usage":[22,22,22,41],"damage_taken":[{"damage":0.0,"enemies":"Small Slimes","floor":1.0,"turns":1.0},{"damage":0.0,"enemies":"Cultist","floor":3.0,"turns":1.0},{"damage":0.0,"enemies":"Jaw Worm","floor":5.0,"turns":1.0},{"damage":14.0,"enemies":"3 Sentries","floor":8.0,"turns":13.0},{"damage":4.0,"enemies":"Large Slime","floor":11.0,"turns":5.0},{"damage":4.0,"enemies":"3 Louse","floor":13.0,"turns":3.0},{"damage":6.0,"enemies":"Lots of Slimes","floor":14.0,"turns":3.0},{"damage":15.0,"enemies":"Slime Boss","floor":16.0,"turns":9.0},{"damage":14,"enemies":"2 Thieves","floor":18,"turns":4},{"damage":0,"enemies":"Shell Parasite","floor":21,"turns":4},{"damage":13,"enemies":"Chosen and Byrds","floor":22,"turns":5},{"damage":25,"enemies":"Book of Stabbing","floor":28,"turns":5},{"damage":0,"enemies":"Centurion and Healer","floor":29,"turns":5},{"damage":16,"enemies":"Slavers","floor":31,"turns":4},{"damage":1,"enemies":"Collector","floor":33,"turns":7},{"damage":8,"enemies":"Orb Walker","floor":35,"turns":3},{"damage":3,"enemies":"3 Darklings","floor":36,"turns":5},{"damage":11,"enemies":"Jaw Worm Horde","floor":39,"turns":4},{"damage":77,"enemies":"Giant Head","floor":41,"turns":10}],"seed_played":"1133535543246702096","potions_obtained":[{"floor":1.0,"key":"SteroidPotion"},{"floor":5.0,"key":"EntropicBrew"},{"floor":8.0,"key":"Strength Potion"},{"floor":11.0,"key":"AttackPotion"},{"floor":13.0,"key":"Explosive Potion"},{"floor":18,"key":"SkillPotion"},{"floor":29,"key":"Dexterity Potion"},{"floor":38,"key":"theMarked:SummonPotion"}],"is_trial":false,"path_per_floor":["M","?","M","?","M","R","?","E","T","R","M","R","M","M","R","B",null,"M","$","?","M","M","R","?","R","T","$","E","M","R","E","R","B",null,"M","M","$","?","M","R","E"],"character_chosen":"THE_DEFAULT","items_purchased":["theMarked:StartUp","theMarked:TwofoldDefense","theMarked:StartUp","theMarked:Winder"],"campfire_rested":0,"item_purchase_floors":[19,27,37,37],"current_hp_per_floor":[70,70,70,70,70,70,56,42,52,52,48,48,44,38,38,23,80,66,66,51,51,38,38,38,38,38,53,28,28,28,12,12,11,85,77,74,85,85,74,74,0,0],"gold":40,"neow_bonus":"THREE_ENEMY_KILL","is_daily":false,"chose_seed":false,"campfire_upgraded":9,"win_rate":0.0,"timestamp":1611940281,"path_taken":["M","?","?","?","M","R","?","E","T","R","M","R","M","M","R","BOSS","M","$","?","M","M","R","?","R","T","$","E","M","R","E","R","BOSS","M","M","$","?","M","R","E"],"items_purchased_type":["Card","Card","Card","Relic"],"build_version":"2020-12-22","purchased_purges":3,"victory":false,"max_hp_per_floor":[70,70,70,70,70,70,70,70,80,80,80,80,80,80,80,80,80,80,80,85,85,85,85,85,85,85,85,85,85,85,85,85,85,85,85,85,85,85,85,85,85,85],"card_choices":[{"not_picked":["theMarked:Opportunist","theMarked:SwordAndMagic"],"picked":"theMarked:Polarize","floor":1.0},{"not_picked":["theMarked:Convert","theMarked:Aftermath"],"picked":"theMarked:TakeCover","floor":3.0},{"not_picked":["theMarked:RepellingDischarge","theMarked:Parkour"],"picked":"theMarked:Parry","floor":5.0},{"not_picked":["theMarked:KeepCalmAndFight","theMarked:Standoff"],"picked":"theMarked:TurnInvisible","floor":8.0},{"not_picked":["theMarked:Parkour","theMarked:EnhanceMovement"],"picked":"theMarked:Friction","floor":11.0},{"not_picked":["theMarked:Parry","theMarked:Electrify"],"picked":"theMarked:EmpowerWeapon","floor":13.0},{"not_picked":["theMarked:Aftermath","theMarked:Parkour"],"picked":"theMarked:CreepingChasm","floor":14.0},{"not_picked":["theMarked:FavorableWinds","theMarked:SuspiciousRaven"],"picked":"theMarked:DispelDoubt","floor":16.0},{"not_picked":["theMarked:WardOff","theMarked:ShockingTouch"],"picked":"theMarked:SelfDefenseTraining","floor":18},{"not_picked":["theMarked:LightningStrikesTwice","theMarked:WardOff"],"picked":"theMarked:MuscleMemory+1","floor":21},{"not_picked":["theMarked:Electrify","theMarked:TakeCover"],"picked":"theMarked:LightningStrikesTwice","floor":22},{"not_picked":["theMarked:CreepingChasm","theMarked:Aftermath+1","theMarked:ShockingTouch+1"],"picked":"SKIP","floor":28},{"not_picked":["theMarked:ResourceFulStrike","theMarked:RepellingDischarge+1","theMarked:GodGivenPower"],"picked":"SKIP","floor":29},{"not_picked":["theMarked:Memento","theMarked:RepellingDischarge"],"picked":"theMarked:DispelDoubt","floor":31},{"not_picked":["theMarked:WardOff+1","theMarked:Improvise+1","theMarked:ResourceFulStrike"],"picked":"SKIP","floor":35},{"not_picked":["theMarked:Pokerface","theMarked:Reabsorb","theMarked:ShockingTouch+1"],"picked":"SKIP","floor":36},{"not_picked":["theMarked:Pokerface+1","theMarked:Aftermath"],"picked":"theMarked:ParalyzingBlade","floor":39}],"player_experience":985542,"relics_obtained":[{"floor":8.0,"key":"Matryoshka"},{"floor":9.0,"key":"Mercury Hourglass"},{"floor":9.0,"key":"Pear"},{"floor":26,"key":"MealTicket"},{"floor":26,"key":"Boot"},{"floor":28,"key":"theMarked:KettuFlask"},{"floor":31,"key":"Akabeko"}],"event_choices":[{"damage_healed":0.0,"max_hp_gain":0.0,"max_hp_loss":0.0,"gold_gain":0.0,"cards_transformed":["theMarked:Strike"],"event_name":"Transmorgrifier","player_choice":"Transformed","floor":2.0,"gold_loss":0.0,"damage_taken":0.0,"cards_obtained":["theMarked:HeightenedSenses"]},{"damage_healed":0.0,"max_hp_gain":0.0,"max_hp_loss":0.0,"gold_gain":0.0,"event_name":"Living Wall","player_choice":"Grow","floor":4.0,"gold_loss":0.0,"damage_taken":0.0,"cards_upgraded":["theMarked:Polarize"]},{"damage_healed":0.0,"max_hp_gain":0.0,"max_hp_loss":0.0,"gold_gain":0.0,"event_name":"Shining Light","player_choice":"Entered Light","floor":7.0,"gold_loss":0.0,"damage_taken":14.0,"cards_upgraded":["theMarked:Strike","theMarked:SoldierOfQuellstein"]},{"damage_healed":0,"gold_gain":0,"player_choice":"Shed Blood","damage_taken":20,"max_hp_gain":5,"max_hp_loss":0,"event_name":"Forgotten Altar","floor":20,"gold_loss":0},{"damage_healed":0,"gold_gain":0,"player_choice":"Ignored","damage_taken":0,"max_hp_gain":0,"max_hp_loss":0,"event_name":"Vampires","floor":24,"gold_loss":0},{"damage_healed":0,"gold_gain":0,"player_choice":"Got Potions","damage_taken":0,"max_hp_gain":0,"max_hp_loss":0,"event_name":"Lab","floor":38,"gold_loss":0}],"is_beta":false,"boss_relics":[{"not_picked":["Cursed Key","Calling Bell"],"picked":"Snecko Eye"},{"not_picked":["Sozu","Velvet Choker"],"picked":"Black Star"}],"items_purged_floors":[19,27,37],"is_endless":false,"potions_floor_spawned":[1,5,8,11,13,18,21,29,36,39],"killed_by":"Giant Head","ascension_level":0}}