{"host":"fdq5pmhluajjrf8d","time":1611884425,"event":{"mods":["BaseMod","Minty Spire (QoL Compilation)"],"gold_per_floor":[116,128,128,128,152,152,166,166,166,166,189,214,214,238,238,238,238],"floor_reached":16,"language":"ENG","playtime":587,"items_purged":[],"score":188,"play_id":"697491be-31e3-4611-9d2b-3e2b4e8d072b","local_time":"20210128204025","is_ascension_mode":true,"campfire_choices":[{"data":"Zap","floor":6.0,"key":"SMITH"},{"data":"Consume","floor":8.0,"key":"SMITH"},{"data":"Defragment","floor":13,"key":"SMITH"},{"floor":15,"key":"REST"}],"circlet_count":0,"master_deck":["AscendersBane","Strike_B","Strike_B","Strike_B","Strike_B","Defend_B","Defend_B","Defend_B","Zap+1","Dualcast","Consume+1","Reinforced Body","Defragment+1"],"relics":["Cracked Core","Golden Idol","InkBottle"],"acts_visited":["Exordium"],"potions_floor_usage":[14,16],"damage_taken":[{"damage":0.0,"enemies":"Small Slimes","floor":1.0,"turns":3.0},{"damage":7.0,"enemies":"Jaw Worm","floor":2.0,"turns":4.0},{"damage":1.0,"enemies":"Cultist","floor":5.0,"turns":4.0},{"damage":10.0,"enemies":"Looter","floor":7.0,"turns":3.0},{"damage":2.0,"enemies":"Exordium Wildlife","floor":11.0,"turns":3.0},{"damage":3,"enemies":"Blue Slaver","floor":12,"turns":3},{"damage":12,"enemies":"Lots of Slimes","floor":14,"turns":3},{"damage":54,"enemies":"Slime Boss","floor":16,"turns":9}],"seed_played":"4511490501868233257","potions_obtained":[{"floor":5.0,"key":"ColorlessPotion"},{"floor":11.0,"key":"Swift Potion"},{"floor":14,"key":"Weak Potion"}],"is_trial":false,"path_per_floor":["M","M","?","?","M","R","M","R","T","?","M","M","R","M","R","B"],"character_chosen":"DEFECT","items_purchased":[],"campfire_rested":1,"item_purchase_floors":[],"current_hp_per_floor":[71,64,57,57,56,56,46,46,46,46,44,41,41,29,52,0,0],"gold":238,"neow_bonus":"TEN_PERCENT_HP_BONUS","is_daily":false,"chose_seed":false,"campfire_upgraded":3,"win_rate":0.0,"timestamp":1611884425,"path_taken":["M","M","?","?","M","R","M","R","T","?","?","M","R","M","R","BOSS"],"items_purchased_type":[],"build_version":"2020-12-22","purchased_purges":0,"victory":false,"max_hp_per_floor":[78,78,78,78,78,78,78,78,78,78,78,78,78,78,78,78,78],"card_choices":[{"not_picked":["Leap","Hello World"],"picked":"Consume","floor":1.0},{"not_picked":["Barrage","Scrape"],"picked":"Reinforced Body","floor":2.0},{"not_picked":["Leap","Gash","Beam Cell"],"picked":"SKIP","floor":5.0},{"not_picked":["Streamline","Beam Cell","Force Field"],"picked":"SKIP","floor":7.0},{"not_picked":["Conserve Battery","Steam","Streamline"],"picked":"SKIP","floor":11.0},{"not_picked":["Glacier","Beam Cell"],"picked":"Defragment","floor":12},{"not_picked":["Rebound","Go for the Eyes","Skim"],"picked":"SKIP","floor":14}],"player_experience":1938517,"relics_obtained":[{"floor":9.0,"key":"InkBottle"}],"event_choices":[{"cards_removed":["Defend_B"],"damage_healed":0.0,"max_hp_gain":0.0,"max_hp_loss":0.0,"gold_gain":0.0,"event_name":"Golden Wing","player_choice":"Card Removal","floor":3.0,"gold_loss":0.0,"damage_taken":7.0},{"damage_healed":0.0,"max_hp_gain":0.0,"max_hp_loss":0.0,"gold_gain":0.0,"event_name":"Golden Idol","player_choice":"Take Wound","floor":4.0,"gold_loss":0.0,"damage_taken":0.0,"relics_obtained":["Golden Idol"],"cards_obtained":["Injury"]},{"cards_removed":["Injury"],"damage_healed":0.0,"max_hp_gain":0.0,"max_hp_loss":0.0,"gold_gain":0.0,"event_name":"Fountain of Cleansing","player_choice":"Removed Curses","floor":10.0,"gold_loss":0.0,"damage_taken":0.0}],"is_beta":false,"boss_relics":[],"items_purged_floors":[],"is_endless":false,"potions_floor_spawned":[5,11,14],"killed_by":"Slime Boss","ascension_level":20}}