{"host":"g8iwl4xt8d9tko0g","time":1611908753,"event":{"mods":["AchievementEnabler","Bartender","BaseMod","Better Match","Better Sensory Stone","Better Skull","Block Reminder","Colored Map","Colored Powertips","Downfall","Energized Spire","Evolution","Googly Eyes","Halation","Highlight Path","Hubris","LagranYue(???·?)","Luminous","Magitek Elite","Marisa????????","Melee Mod","Minty Spire (QoL Compilation)","Reliquary","Replay The Spire","Shop Mod","Spire Arcade","StSLib","SuperFastMode","The Alterego","The Animator","The Bladedancer","The Marked","The Mystic","The Servant 0.9.4","The Wild Card","Transform Curses","Uncapped","everything is the same but u backflip on backflip"],"gold_per_floor":[128,140,159,159,159,159,184,184,184,204,219,231,278,23,23,124,174,184,99,144,164,34,52,52,52,52,52,62,79,90,189,189,289,289,305,320,332,332,432,432,467,379,379,392,404,404,219,234,234,234],"floor_reached":51,"language":"ENG","playtime":21379,"items_purged":["animator:Defend","Parasite"],"score":541,"play_id":"16e5274b-4876-440f-9835-05ad14f17a6f","local_time":"20210129002553","is_ascension_mode":false,"campfire_choices":[{"data":"animator:TukaLunaMarceau","floor":6,"key":"SMITH"},{"data":"animator:Arpeggio","floor":8,"key":"SMITH"},{"floor":15,"key":"REST"},{"data":"animator:Archer","floor":24,"key":"SMITH"},{"data":"animator:Saber","floor":27,"key":"SMITH"},{"floor":32,"key":"REST"},{"data":"animator:YaoHaDucy","floor":40,"key":"SMITH"},{"floor":49,"key":"REST"}],"circlet_count":0,"master_deck":["animator:KyokoSakura","animator:Shuna","animator:IrohaTamaki","animator:KyokoSakura","animator:IrohaTamaki","animator:ShinjiMatou","animator:Shuna","animator:TukaLunaMarceau+1","animator:Kuribayashi","animator:Tyuule","animator:Arpeggio+1","animator:YaoHaDucy+1","animator:Saber+1","animator:YaoHaDucy+1","animator:TukaLunaMarceau","animator:Archer+1","animator:Archer+1","animator:RinTohsaka","animator:RinTohsaka","animator:Saber+1","animator:Rider","animator:Lancer+1","animator:EmiyaShirou"],"relics":["animator:LivingPicture","animator:TheMissingPiece","EVO:Axolotl","LagranYue:RandomDrawCardRelic","NeowsBlessing","reliquary:WeakTea","animator:BattleDrones","reliquary:QuartzCube","Membership Card","MerchantsRug","Chameleon Ring","Boot","reliquary:TridentHead","Cleaning_Rag","Mark of Pain","LagranYue:MagicReflectiveArmorRelic","halation:PapillonHeart","reliquary:SharkskinSheath","hubris:EmptyBottle"],"acts_visited":["Exordium","TheCity","TheBeyond"],"potions_floor_usage":[16,16,16,28,28,33,33,33,37,41,50,50,50,50],"damage_taken":[{"damage":0,"enemies":"2 Louse","floor":1,"turns":1},{"damage":0,"enemies":"Small Slimes","floor":2,"turns":1},{"damage":0,"enemies":"Jaw Worm","floor":3,"turns":1},{"damage":0,"enemies":"Replay:BlueRogue","floor":7,"turns":5},{"damage":2,"enemies":"Gremlin Gang","floor":10,"turns":3},{"damage":1,"enemies":"Blue Slaver","floor":11,"turns":3},{"damage":15,"enemies":"Exordium Wildlife","floor":12,"turns":3},{"damage":7,"enemies":"Lagavulin","floor":13,"turns":7},{"damage":48,"enemies":"Slime Boss","floor":16,"turns":9},{"damage":10,"enemies":"Shell Parasite","floor":18,"turns":4},{"damage":1,"enemies":"2 Thieves","floor":21,"turns":4},{"damage":4,"enemies":"Sentry and Sphere","floor":23,"turns":4},{"damage":15,"enemies":"Snecko","floor":28,"turns":5},{"damage":11,"enemies":"Snake Plant","floor":29,"turns":3},{"damage":0,"enemies":"Cultist and Chosen","floor":30,"turns":4},{"damage":11,"enemies":"Champ","floor":33,"turns":12},{"damage":9,"enemies":"3 Darklings","floor":35,"turns":7},{"damage":0,"enemies":"3 Shapes","floor":36,"turns":3},{"damage":14,"enemies":"Writhing Mass","floor":37,"turns":5},{"damage":32,"enemies":"R_Hoarder","floor":41,"turns":7},{"damage":0,"enemies":"Jaw Worm Horde","floor":44,"turns":4},{"damage":0,"enemies":"Sphere and 2 Shapes","floor":45,"turns":3},{"damage":0,"enemies":"4 Shapes","floor":48,"turns":3},{"damage":0,"enemies":"Replay:Hell Engine","floor":50,"turns":9}],"seed_played":"4972960599019331087","potions_obtained":[{"floor":1,"key":"bronze:BurnAndBuffPotion"},{"floor":7,"key":"Weak Potion"},{"floor":10,"key":"SkillPotion"},{"floor":11,"key":"Strength Potion"},{"floor":16,"key":"Fire Potion"},{"floor":17,"key":"animator:FalseLifePotion"},{"floor":21,"key":"BlessingOfTheForge"},{"floor":29,"key":"Fire Potion"},{"floor":30,"key":"Explosive Potion"},{"floor":33,"key":"Explosive Potion"},{"floor":35,"key":"sneckomod:MuddlingPotion"},{"floor":41,"key":"FearPotion"},{"floor":45,"key":"hexamod:SoulburnPotion"}],"is_trial":false,"path_per_floor":["M","M","M","?","?","R","E","R","T","M","M","M","E","$","R","B",null,"M","?","T","M","$","M","R","?","T","R","M","M","M","?","R","B",null,"M","M","M","?","?","R","E","$","T","M","M","?","$","M","R","B",null],"character_chosen":"THE_ANIMATOR","items_purchased":["Membership Card","MerchantsRug","reliquary:TridentHead","animator:Archer","LagranYue:MagicReflectiveArmorRelic","reliquary:SharkskinSheath","hubris:EmptyBottle","EssenceOfSteel"],"campfire_rested":3,"item_purchase_floors":[14,14,22,22,42,47,47,47],"current_hp_per_floor":[66,66,66,66,71,71,72,72,72,70,69,54,47,47,68,20,77,67,67,67,66,66,62,62,62,62,62,47,36,36,36,59,48,77,68,68,54,54,54,54,22,22,22,22,22,22,22,22,43,43],"gold":234,"neow_bonus":"THREE_ENEMY_KILL","is_daily":false,"chose_seed":false,"campfire_upgraded":5,"win_rate":0.0,"timestamp":1611908753,"path_taken":["M","M","M","?","?","R","E","R","T","M","?","?","E","$","R","BOSS","M","?","?","M","$","?","R","?","T","R","M","?","M","?","R","BOSS","M","M","M","?","?","R","E","$","T","?","?","?","?","M","R","BOSS"],"items_purchased_type":["Relic","Relic","Relic","Card","Relic","Relic","Relic","Potion"],"build_version":"2020-12-22","purchased_purges":2,"victory":true,"max_hp_per_floor":[66,66,66,66,71,71,72,72,72,72,72,72,72,72,72,72,77,77,77,77,77,77,77,77,77,77,77,77,77,77,77,77,77,77,77,77,77,77,77,77,77,74,74,74,74,70,70,70,70,70],"card_choices":[{"not_picked":["animator:AcuraAkari","animator:Verdia"],"picked":"animator:Tyuule","floor":1},{"not_picked":["animator:Vanir","animator:UneriGinkaku","animator:Scar"],"picked":"SKIP","floor":2},{"not_picked":["animator:Gillette","animator:Sloth","animator:Ciel"],"picked":"SKIP","floor":3},{"not_picked":["animator:RoryMercury","animator:Tyuule"],"picked":"animator:Arpeggio","floor":7},{"not_picked":["animator:MaesHughes","animator:Ciel","animator:Sloth"],"picked":"SKIP","floor":10},{"not_picked":["animator:Elsword","animator:Illya","animator:AcuraTooru"],"picked":"SKIP","floor":11},{"not_picked":["animator:ElricAlphonse","animator:Layla","animator:UneriGinkaku"],"picked":"SKIP","floor":12},{"not_picked":["animator:LeleiLaLalena","animator:TukaLunaMarceau"],"picked":"animator:YaoHaDucy","floor":13},{"not_picked":["animator:Biyorigo","animator:Hans"],"picked":"animator:Saber","floor":16},{"not_picked":["animator:Konayuki","animator:Ciel"],"picked":"animator:YaoHaDucy","floor":17},{"not_picked":["animator:Kuribayashi","animator:TsurugaMeisai"],"picked":"animator:TukaLunaMarceau","floor":18},{"not_picked":["animator:Pride","animator:Chung","animator:Kuribayashi"],"picked":"SKIP","floor":21},{"not_picked":["animator:Rena+1","animator:ShinjiMatou","animator:Togame"],"picked":"SKIP","floor":23},{"not_picked":["animator:Illya","animator:ShinjiMatou"],"picked":"animator:RinTohsaka","floor":28},{"not_picked":["animator:ElricEdward+1","animator:YaoHaDucy+1"],"picked":"animator:RinTohsaka","floor":29},{"not_picked":["animator:Togame","animator:Sloth","animator:Layla"],"picked":"SKIP","floor":30},{"not_picked":["animator:Greed","animator:AcuraShin"],"picked":"animator:Saber","floor":33},{"not_picked":["animator:Raven+1","animator:Elsword+1","animator:Sloth+1"],"picked":"SKIP","floor":35},{"not_picked":["animator:Illya","animator:Caster"],"picked":"animator:Rider","floor":36},{"not_picked":["animator:Megumin+1","animator:RinTohsaka+1"],"picked":"animator:Lancer+1","floor":37},{"not_picked":["animator:Scar+1","animator:Shichika+1","animator:Darkness"],"picked":"SKIP","floor":41},{"not_picked":["animator:Scar+1","animator:Shichika+1","animator:Darkness"],"picked":"SKIP","floor":41},{"not_picked":["animator:AcuraAkari+1","animator:ChaikaBohdan","animator:UneriGinkaku+1"],"picked":"SKIP","floor":44},{"not_picked":["animator:SakuraMatou","animator:Berserker"],"picked":"animator:EmiyaShirou","floor":45},{"not_picked":["animator:SakuraMatou+1","animator:Verdia","animator:Guy"],"picked":"SKIP","floor":48}],"player_experience":205895,"relics_obtained":[{"floor":7,"key":"reliquary:WeakTea"},{"floor":9,"key":"animator:BattleDrones"},{"floor":13,"key":"reliquary:QuartzCube"},{"floor":20,"key":"Boot"},{"floor":26,"key":"Cleaning_Rag"},{"floor":41,"key":"Art of War"}],"event_choices":[{"damage_healed":0,"gold_gain":0,"player_choice":"Donut","damage_taken":0,"max_hp_gain":5,"max_hp_loss":0,"event_name":"Big Fish","floor":5,"gold_loss":0},{"damage_healed":0,"gold_gain":0,"player_choice":"Obtained Relic","damage_taken":0,"relics_obtained":["Chameleon Ring"],"max_hp_gain":0,"max_hp_loss":0,"event_name":"Addict","floor":19,"gold_loss":85},{"damage_healed":0,"gold_gain":0,"player_choice":"Copied","damage_taken":0,"max_hp_gain":0,"max_hp_loss":0,"event_name":"Duplicator","floor":25,"gold_loss":0,"cards_obtained":["animator:Archer"]},{"damage_healed":0,"gold_gain":99,"player_choice":"Stole From Cult","damage_taken":0,"max_hp_gain":0,"max_hp_loss":0,"event_name":"Nest","floor":31,"gold_loss":0},{"damage_healed":0,"gold_gain":100,"player_choice":"Pray","damage_taken":0,"max_hp_gain":0,"max_hp_loss":0,"event_name":"Golden Shrine","floor":39,"gold_loss":0}],"is_beta":false,"boss_relics":[{"not_picked":["Calling Bell","halation:ForbiddenBikini"],"picked":"Tiny House"},{"not_picked":["hubris:Stopwatch","hubris:CrackedHourglass"],"picked":"Mark of Pain"}],"items_purged_floors":[14,42],"is_endless":false,"potions_floor_spawned":[1,7,10,11,16,21,29,30,33,35,41,45,48],"ascension_level":0}}