{"host":"s88k97ee8ljqz1kp","time":1611893390,"event":{"mods":["Act Like it!","BaseMod","BshForSts","Communication Mod","Downfall","Friendly Minions","GifTheSpireLib","Minty Spire (QoL Compilation)","Relic Stats","StSLib","SuperFastMode","yUi"],"gold_per_floor":[99,113,113,74,59,59,59,59,70,70,170,202,102,162,177,276,276,276,293,313,326,376,437,486,498,514,526,35,67,117,167,181,181,181,181],"floor_reached":33,"language":"ENG","playtime":1558,"items_purged":["downfall:Malfunctioning"],"score":269,"play_id":"57c4cbec-0782-4ed4-a596-9094cc7f68c9","local_time":"20210128230950","is_ascension_mode":false,"campfire_choices":[{"floor":1,"key":"RECALL"},{"data":"bronze:CloningBeam","floor":10,"key":"SMITH"},{"data":"bronze:AlphaBuild","floor":13,"key":"SMITH"},{"data":"bronze:ChosenStrike","floor":18,"key":"SMITH"}],"circlet_count":0,"master_deck":["bronze:Strike","bronze:Strike+1","bronze:Strike+1","bronze:Defend","bronze:Defend+1","bronze:Defend+1","bronze:Defend","bronze:Replicate+1","bronze:Goto+1","bronze:WildBeam+1","bronze:DelayedGuard+1","bronze:Overheat","bronze:BronzeOrb","bronze:CloningBeam+1","bronze:Frontload","bronze:AlphaBuild+1","bronze:ChosenStrike+1","bronze:Allocate","bronze:NullPointer","bronze:RecursiveStrike","bronze:RecursiveStrike","bronze:ItsAFeature"],"relics":["bronze:BronzeCore","Anchor","Whetstone","downfall:CloakOfManyFaces","CultistMask","FaceOfCleric","NlothsMask","GremlinMask","SsserpentHead","Bronze Scales","downfall:HeartBlessingRed","Coffee Dripper","Oddly Smooth Stone","bronze:CableSpool","Gambling Chip"],"acts_visited":["Exordium","TheCity"],"potions_floor_usage":[16],"damage_taken":[{"damage":3,"enemies":"Small Slimes","floor":2,"turns":3},{"damage":0,"enemies":"downfall:FleeingMerchant","floor":4,"turns":4},{"damage":3,"enemies":"downfall:FleeingMerchant","floor":5,"turns":4},{"damage":0,"enemies":"Cultist","floor":9,"turns":2},{"damage":27,"enemies":"downfall:FaceTrader","floor":11,"turns":10},{"damage":5,"enemies":"Lagavulin","floor":12,"turns":7},{"damage":0,"enemies":"2 Louse","floor":14,"turns":1},{"damage":0,"enemies":"Red Slaver","floor":15,"turns":4},{"damage":31,"enemies":"WA_ARCHETYPE_RETAIN","floor":16,"turns":7},{"damage":0,"enemies":"3 Byrds","floor":19,"turns":3},{"damage":2,"enemies":"Snake Plant","floor":20,"turns":4},{"damage":0,"enemies":"Centurion and Healer","floor":21,"turns":5},{"damage":2,"enemies":"Snecko","floor":23,"turns":5},{"damage":15,"enemies":"Chosen and Byrds","floor":25,"turns":5},{"damage":16,"enemies":"Snake Plant","floor":26,"turns":4},{"damage":10,"enemies":"3 Cultists","floor":27,"turns":6},{"damage":0,"enemies":"downfall:FleeingMerchant","floor":28,"turns":4},{"damage":8,"enemies":"Gremlin Leader","floor":29,"turns":5},{"damage":0,"enemies":"Centurion and Healer","floor":32,"turns":6},{"damage":33,"enemies":"DF_ARCHETYPE_CLAW","floor":33,"turns":3}],"seed_played":"-6941869812050523264","potions_obtained":[{"floor":11,"key":"bronze:FreeFunctionsPotion"},{"floor":12,"key":"Weak Potion"},{"floor":14,"key":"LiquidBronze"},{"floor":25,"key":"PowerPotion"}],"is_trial":false,"path_per_floor":["R","M","?","$","$","?","T","?","M","R","?","E","R","M","M","B",null,"R","M","M","M","?","M","T","M","M","M","$","E","?","?","M","B"],"character_chosen":"THE_AUTOMATON","items_purchased":["bronze:Overheat","Oddly Smooth Stone","bronze:CableSpool"],"campfire_rested":0,"item_purchase_floors":[4,28,28],"current_hp_per_floor":[70,67,67,67,64,61,61,61,61,61,34,30,30,31,32,2,74,74,75,74,75,75,74,74,60,45,36,37,30,30,30,31,0,0,0],"gold":181,"neow_bonus":"UPGRADE_CARD","is_daily":false,"chose_seed":false,"campfire_upgraded":3,"win_rate":0.0,"timestamp":1611893390,"path_taken":["R","M","?","?","$","?","T","?","M","R","?","E","R","?","M","BOSS","R","M","M","M","?","?","T","M","M","M","$","E","?","?","M","BOSS"],"items_purchased_type":["Card","Relic","Relic"],"build_version":"2020-12-22","purchased_purges":1,"victory":false,"max_hp_per_floor":[70,70,70,70,70,70,70,70,70,70,70,71,71,72,73,74,74,74,75,76,77,77,78,78,79,80,81,82,83,83,83,84,84,84,84],"relic_stats":{"SsserpentHead":250,"FaceOfCleric":14,"counters":[20,92],"Bronze Scales":[167],"Gambling Chip":[8],"Whetstone":["bronze:Strike","bronze:Strike"],"obtain_stats":[{"bronze:BronzeCore":0,"downfall:HeartBlessingRed":13,"Oddly Smooth Stone":28,"GremlinMask":11,"Whetstone":7,"bronze:CableSpool":28,"SsserpentHead":11,"Anchor":6,"FaceOfCleric":11,"Bronze Scales":12,"Gambling Chip":29,"CultistMask":11,"downfall:CloakOfManyFaces":11,"Coffee Dripper":17,"NlothsMask":11},{"bronze:BronzeCore":0,"downfall:HeartBlessingRed":6,"Oddly Smooth Stone":17,"GremlinMask":5,"Whetstone":3,"bronze:CableSpool":17,"SsserpentHead":5,"Anchor":3,"FaceOfCleric":5,"Bronze Scales":6,"Gambling Chip":18,"CultistMask":5,"downfall:CloakOfManyFaces":5,"Coffee Dripper":9,"NlothsMask":5},{"bronze:BronzeCore":0,"downfall:HeartBlessingRed":30,"Oddly Smooth Stone":78,"GremlinMask":23,"Whetstone":11,"bronze:CableSpool":78,"SsserpentHead":23,"Anchor":11,"FaceOfCleric":23,"Bronze Scales":30,"Gambling Chip":83,"CultistMask":23,"downfall:CloakOfManyFaces":23,"Coffee Dripper":42,"NlothsMask":23}]},"card_choices":[{"not_picked":["bronze:BitShift","bronze:DigitalCarnage"],"picked":"bronze:WildBeam","floor":2},{"not_picked":["bronze:OilSpill","bronze:BronzeArmor"],"picked":"bronze:DelayedGuard","floor":4},{"not_picked":["bronze:BitShift","bronze:FineTuning"],"picked":"bronze:BronzeOrb","floor":5},{"not_picked":["bronze:BuggyMess","bronze:Safeguard"],"picked":"bronze:CloningBeam","floor":9},{"not_picked":["bronze:WildBeam","bronze:Shield"],"picked":"bronze:Frontload","floor":11},{"not_picked":["bronze:FollowUp","bronze:ItsAFeature"],"picked":"bronze:AlphaBuild","floor":12},{"not_picked":["bronze:BugBarrage","bronze:GetLatest"],"picked":"bronze:ChosenStrike","floor":14},{"not_picked":["bronze:Shell","bronze:DelayedSlice","bronze:BugBarrage"],"picked":"SKIP","floor":15},{"not_picked":["bronze:FineTuning","bronze:Allocate","bronze:Constructor+1"],"picked":"SKIP","floor":19},{"not_picked":["bronze:BronzeArmor","bronze:Overheat","bronze:DelayedGuard"],"picked":"SKIP","floor":20},{"not_picked":["bronze:Invalidate","bronze:DelayedSlice","bronze:ChosenStrike"],"picked":"SKIP","floor":21},{"not_picked":["bronze:Turbo","bronze:ClassDefault","bronze:Safeguard+1"],"picked":"SKIP","floor":23},{"not_picked":["bronze:Overload+1","bronze:DelayedGuard"],"picked":"bronze:NullPointer","floor":25},{"not_picked":["bronze:Allocate","bronze:CloningBeam"],"picked":"bronze:RecursiveStrike","floor":26},{"not_picked":["bronze:Deprecate","bronze:ChosenStrike","bronze:DarkDash"],"picked":"SKIP","floor":27},{"not_picked":["bronze:BitShift+1","bronze:FineTuning+1","bronze:GetLatest"],"picked":"SKIP","floor":28},{"not_picked":["bronze:Philosophize","bronze:WhirlingStrike","bronze:BronzeArmor"],"picked":"SKIP","floor":29},{"not_picked":["bronze:Fortify","bronze:OilSpill"],"picked":"bronze:ItsAFeature","floor":32}],"player_experience":159331,"relics_obtained":[{"floor":7,"key":"Whetstone"},{"floor":11,"key":"downfall:CloakOfManyFaces"},{"floor":12,"key":"Bronze Scales"},{"floor":29,"key":"Gambling Chip"}],"event_choices":[{"damage_healed":0,"gold_gain":0,"player_choice":"Success","damage_taken":3,"relics_obtained":["Anchor"],"max_hp_gain":0,"max_hp_loss":0,"event_name":"Scrap Ooze","floor":6,"gold_loss":0}],"is_beta":false,"boss_relics":[{"not_picked":["Busted Crown","Cursed Key"],"picked":"Coffee Dripper"}],"items_purged_floors":[28],"is_endless":false,"potions_floor_spawned":[11,12,14,25,26,29,32],"killed_by":"DF_ARCHETYPE_CLAW","ascension_level":0}}