{"host":"hbel9g7s7ibv8po6","time":1611917023,"event":{"mods":["Act Like it!","BaseMod","Minty Spire (QoL Compilation)","StSLib","The Animator"],"gold_per_floor":[128,41,41,57,72,72,72,116,116,116,148,148,98,114,114,114,114],"floor_reached":16,"language":"ENG","playtime":826,"items_purged":[],"score":108,"play_id":"25eab6aa-417b-43ed-ae76-2893926f09d5","local_time":"20210129184343","is_ascension_mode":false,"campfire_choices":[{"data":"animator:Father","floor":6,"key":"SMITH"},{"floor":10,"key":"REST"},{"data":"animator:Geryuganshoop","floor":12,"key":"SMITH"},{"data":"animator:Witch","floor":15,"key":"SMITH"}],"circlet_count":0,"master_deck":["animator:Defend_NoGameNoLife","animator:DolaSchwi","animator:DolaCouronne","animator:ElricEdward","animator:Strike_Elsword","animator:Strike_Overlord","animator:Strike_MadokaMagica","animator:Defend_Overlord","animator:Defend_Fate","animator:DwarfShaman","animator:HighElfArcher","animator:IzunaHatsuse","animator:Geryuganshoop+1","animator:Witch+1"],"relics":["animator:LivingPicture","animator:TheMissingPiece","animator:Hoodie","Philosopher\u0027s Stone","Blood Vial","Mummified Hand","Eternal Feather"],"acts_visited":["Exordium"],"potions_floor_usage":[8],"damage_taken":[{"damage":1,"enemies":"2 Louse","floor":1,"turns":3},{"damage":0,"enemies":"Small Slimes","floor":4,"turns":4},{"damage":11,"enemies":"Jaw Worm","floor":5,"turns":4},{"damage":14,"enemies":"Gremlin Nob","floor":8,"turns":5},{"damage":10,"enemies":"3 Sentries","floor":11,"turns":6},{"damage":1,"enemies":"3 Louse","floor":14,"turns":4},{"damage":32,"enemies":"Slime Boss","floor":16,"turns":6}],"seed_played":"2487940788917180588","potions_obtained":[{"floor":5,"key":"SpeedPotion"}],"is_trial":false,"path_per_floor":["M","?","?","M","M","R","?","E","T","R","E","R","?","M","R","B"],"character_chosen":"THE_ANIMATOR","items_purchased":[],"campfire_rested":1,"item_purchase_floors":[],"current_hp_per_floor":[48,48,30,33,22,22,15,1,1,13,9,15,15,16,22,0,0],"gold":114,"neow_bonus":"THREE_RARE_CARDS","is_daily":false,"chose_seed":false,"campfire_upgraded":3,"win_rate":0.0,"timestamp":1611917023,"path_taken":["M","?","?","M","M","R","?","E","T","R","E","R","?","M","R","BOSS"],"items_purchased_type":[],"build_version":"2020-12-22","purchased_purges":0,"victory":false,"max_hp_per_floor":[67,67,67,70,70,70,70,40,40,40,40,40,40,40,40,40,40],"card_choices":[{"not_picked":["animator:Greed","animator:Envy"],"picked":"animator:Father","floor":0},{"not_picked":["animator:Berserker","animator:ElricAlphonse"],"picked":"animator:ElricEdward","floor":1},{"not_picked":["animator:SilverFang","animator:Ciel"],"picked":"animator:DwarfShaman","floor":4},{"not_picked":["animator:MumenRider","animator:Illya"],"picked":"animator:HighElfArcher","floor":5},{"not_picked":["animator:DolaSchwi","animator:DolaCouronne"],"picked":"animator:IzunaHatsuse","floor":8},{"not_picked":["animator:Ara","animator:SilverFang"],"picked":"animator:Geryuganshoop","floor":11},{"not_picked":["animator:Berserker","animator:Add"],"picked":"animator:Witch","floor":14}],"player_experience":109526,"relics_obtained":[{"floor":8,"key":"Blood Vial"},{"floor":9,"key":"Mummified Hand"},{"floor":11,"key":"Eternal Feather"}],"event_choices":[{"damage_healed":0,"gold_gain":0,"player_choice":"Success","damage_taken":18,"relics_obtained":["animator:Hoodie"],"max_hp_gain":0,"max_hp_loss":0,"event_name":"Scrap Ooze","floor":3,"gold_loss":0},{"cards_removed":["animator:Strike_NoGameNoLife"],"damage_healed":0,"gold_gain":0,"player_choice":"Card Removal","damage_taken":7,"max_hp_gain":0,"max_hp_loss":0,"event_name":"Golden Wing","floor":7,"gold_loss":0},{"cards_removed":["animator:Defend_NoGameNoLife"],"damage_healed":0,"gold_gain":0,"player_choice":"Card Removal","damage_taken":0,"max_hp_gain":0,"max_hp_loss":0,"event_name":"The Cleric","floor":13,"gold_loss":50}],"is_beta":false,"boss_relics":[],"items_purged_floors":[],"is_endless":false,"potions_floor_spawned":[5],"killed_by":"Slime Boss","ascension_level":0}}