{"host":"vyjryxuuuxkt43k4","time":1611933349,"event":{"mods":["AchievementEnabler","BaseMod","Colored Map","DeckTracker","Keyboard Shortcuts","Minty Spire (QoL Compilation)","Permanent Neow","Quick Restart","Rare Cards Sparkle","StSLib","SuperFastMode","everything is the same but u backflip on backflip"],"gold_per_floor":[109,127,127,147,33,33,59,59,59,69,83,102,135,135,135,208,208,218,230,242,1,1,1,26,26,26,26,76,96,52,62,62,137,137,152,11,25,25,45,65,65,65,65],"floor_reached":42,"language":"KOR","playtime":1497,"items_purged":["Strike_R","Shame"],"score":910,"play_id":"180a9066-c5db-4151-a425-bd1cf3682865","local_time":"20210130001549","is_ascension_mode":true,"campfire_choices":[{"data":"Heavy Blade","floor":6.0,"key":"SMITH"},{"data":"Spot Weakness","floor":8.0,"key":"SMITH"},{"data":"Inflame","floor":15.0,"key":"SMITH"},{"data":"Double Tap","floor":23.0,"key":"SMITH"},{"data":"Whirlwind","floor":25.0,"key":"SMITH"},{"floor":27.0,"key":"REST"},{"data":"Corruption","floor":32.0,"key":"SMITH"},{"floor":41.0,"key":"REST"}],"circlet_count":0,"master_deck":["AscendersBane","Defend_R","Defend_R","Defend_R","Defend_R","Bash","Anger","Heavy Blade+1","Power Through","Spot Weakness+1","Twin Strike","Inflame+1","Rage","Shrug It Off","Whirlwind+1","Double Tap+1","Pommel Strike","Shockwave","Flame Barrier","Writhe","Headbutt","Corruption+1","Evolve","Offering","Bloodletting","Feel No Pain","Limit Break","Iron Wave","Fire Breathing"],"relics":["Burning Blood","Ginger","Kunai","Pen Nib","Mercury Hourglass","Cursed Key","Medical Kit","Vajra","MealTicket","Shuriken","Snecko Eye"],"acts_visited":["Exordium","TheCity","TheBeyond"],"potions_floor_usage":[42,42],"damage_taken":[{"damage":0.0,"enemies":"2 Louse","floor":1.0,"turns":5.0},{"damage":6.0,"enemies":"Cultist","floor":2.0,"turns":4.0},{"damage":7.0,"enemies":"Small Slimes","floor":4.0,"turns":3.0},{"damage":8.0,"enemies":"Gremlin Nob","floor":7.0,"turns":3.0},{"damage":8.0,"enemies":"3 Louse","floor":10.0,"turns":3.0},{"damage":9.0,"enemies":"Red Slaver","floor":11.0,"turns":3.0},{"damage":0.0,"enemies":"Looter","floor":12.0,"turns":2.0},{"damage":24.0,"enemies":"Lagavulin","floor":13.0,"turns":6.0},{"damage":30.0,"enemies":"Slime Boss","floor":16.0,"turns":9.0},{"damage":0.0,"enemies":"3 Byrds","floor":18.0,"turns":2.0},{"damage":8.0,"enemies":"Spheric Guardian","floor":19.0,"turns":4.0},{"damage":5.0,"enemies":"Centurion and Healer","floor":20.0,"turns":5.0},{"damage":32.0,"enemies":"Slavers","floor":24.0,"turns":3.0},{"damage":21.0,"enemies":"Shelled Parasite and Fungi","floor":29.0,"turns":2.0},{"damage":19.0,"enemies":"Snake Plant","floor":31.0,"turns":2.0},{"damage":42.0,"enemies":"Champ","floor":33.0,"turns":6.0},{"damage":10.0,"enemies":"3 Darklings","floor":35.0,"turns":3.0},{"damage":11.0,"enemies":"3 Shapes","floor":37.0,"turns":4.0},{"damage":22.0,"enemies":"Maw","floor":39.0,"turns":5.0},{"damage":27.0,"enemies":"Spire Growth","floor":40.0,"turns":4.0},{"damage":54,"enemies":"Reptomancer","floor":42,"turns":5}],"seed_played":"-6270574021669662385","potions_obtained":[{"floor":2.0,"key":"SteroidPotion"},{"floor":7.0,"key":"EntropicBrew"},{"floor":16.0,"key":"Energy Potion"},{"floor":24.0,"key":"AttackPotion"},{"floor":29.0,"key":"Explosive Potion"},{"floor":39.0,"key":"SpeedPotion"}],"is_trial":false,"path_per_floor":["M","M","?","M","$","R","E","R","T","M","M","M","E","T","R","B",null,"M","M","M","$","?","R","E","R","T","R","?","M","$","M","R","B",null,"M","$","M","?","M","M","R","E"],"character_chosen":"IRONCLAD","items_purchased":["Spot Weakness","Medical Kit","GamblersBrew","Evolve","Feel No Pain"],"campfire_rested":2,"item_purchase_floors":[5,21,21,30,36],"current_hp_per_floor":[56,56,56,55,55,55,53,53,53,51,48,54,36,36,36,12,59,65,63,64,64,64,64,38,38,38,60,60,45,60,47,47,11,59,55,70,65,65,49,28,50,0,0],"gold":65,"neow_bonus":"REMOVE_TWO","is_daily":false,"chose_seed":false,"campfire_upgraded":6,"win_rate":0.0,"timestamp":1611933349,"path_taken":["M","M","?","?","$","R","E","R","T","M","M","M","E","?","R","BOSS","M","M","M","$","?","R","E","R","T","R","?","?","$","M","R","BOSS","M","$","M","?","?","M","R","E"],"items_purchased_type":["Card","Relic","Potion","Card","Card"],"build_version":"2020-12-22","purchased_purges":2,"victory":false,"max_hp_per_floor":[75,75,75,75,75,75,75,75,75,75,75,75,75,75,75,75,75,75,75,75,75,75,75,75,75,75,75,75,75,75,75,75,75,75,75,75,75,75,75,75,75,75,75],"card_choices":[{"not_picked":["Power Through","Havoc"],"picked":"Anger","floor":1.0},{"not_picked":["Headbutt","Entrench"],"picked":"Heavy Blade","floor":2.0},{"not_picked":["Infernal Blade","Headbutt"],"picked":"Power Through","floor":4.0},{"not_picked":["Body Slam","Thunderclap"],"picked":"Twin Strike","floor":7.0},{"not_picked":["Iron Wave","Warcry"],"picked":"Inflame","floor":10.0},{"not_picked":["Thunderclap","Burning Pact"],"picked":"Rage","floor":11.0},{"not_picked":["Blood for Blood","Burning Pact"],"picked":"Shrug It Off","floor":12.0},{"not_picked":["Sword Boomerang","Clothesline"],"picked":"Whirlwind","floor":13.0},{"not_picked":["Exhume","Berserk"],"picked":"Double Tap","floor":16.0},{"not_picked":["Heavy Blade","Headbutt"],"picked":"Pommel Strike","floor":18.0},{"not_picked":["Cleave","Wild Strike"],"picked":"Shockwave","floor":19.0},{"not_picked":["Disarm","Thunderclap"],"picked":"Flame Barrier","floor":20.0},{"not_picked":["Cleave","True Grit"],"picked":"Headbutt","floor":24.0},{"not_picked":["Pommel Strike","Feel No Pain"],"picked":"Corruption","floor":29.0},{"not_picked":["Cleave+1","Thunderclap","Anger"],"picked":"SKIP","floor":31.0},{"not_picked":["Double Tap","Fiend Fire"],"picked":"Offering","floor":33.0},{"not_picked":["Anger+1","Armaments"],"picked":"Bloodletting","floor":35.0},{"not_picked":["Sword Boomerang+1","Anger"],"picked":"Limit Break","floor":37.0},{"not_picked":["Headbutt","Heavy Blade","Iron Wave"],"picked":"SKIP","floor":39.0},{"not_picked":["Iron Wave","Heavy Blade"],"picked":"Fire Breathing","floor":40.0}],"player_experience":504668,"relics_obtained":[{"floor":7.0,"key":"Ginger"},{"floor":9.0,"key":"Kunai"},{"floor":13.0,"key":"Pen Nib"},{"floor":14.0,"key":"Mercury Hourglass"},{"floor":24.0,"key":"MealTicket"},{"floor":26.0,"key":"Shuriken"}],"event_choices":[{"cards_removed":["Strike_R"],"damage_healed":0.0,"max_hp_gain":0.0,"max_hp_loss":0.0,"gold_gain":0.0,"event_name":"Bonfire Elementals","player_choice":"Offered Basic","floor":3.0,"gold_loss":0.0,"damage_taken":0.0},{"damage_healed":0.0,"max_hp_gain":0.0,"max_hp_loss":0.0,"gold_gain":0.0,"event_name":"The Mausoleum","player_choice":"Opened","floor":22.0,"gold_loss":0.0,"damage_taken":0.0,"relics_obtained":["Vajra"],"cards_obtained":["Writhe"]},{"damage_healed":0.0,"max_hp_gain":0.0,"max_hp_loss":0.0,"gold_gain":50.0,"event_name":"Golden Shrine","player_choice":"Pray","floor":28.0,"gold_loss":0.0,"damage_taken":0.0},{"damage_healed":0.0,"max_hp_gain":0.0,"max_hp_loss":0.0,"gold_gain":0.0,"cards_transformed":["Strike_R"],"event_name":"Transmorgrifier","player_choice":"Transformed","floor":38.0,"gold_loss":0.0,"damage_taken":0.0,"cards_obtained":["Iron Wave"]}],"is_beta":false,"boss_relics":[{"not_picked":["Pandora\u0027s Box","Astrolabe"],"picked":"Cursed Key"},{"not_picked":["Velvet Choker","Runic Pyramid"],"picked":"Snecko Eye"}],"items_purged_floors":[5,36],"is_endless":false,"potions_floor_spawned":[2,7,16,24,29,39],"killed_by":"Reptomancer","ascension_level":20}}