{"host":"3fsg94jzvcky9b5u","time":1611935297,"event":{"mods":["2.2 Compatiblity","AchievementEnabler","BaseMod","Better Third Choice","Colored Powertips","Downfall","Hermit","MarisaÅiñ∂âJÅ@ñÇóùçπÅj","Minty Spire (QoL Compilation)","Rare Cards Sparkle","Shop Mod","StSLib","The Cursed","The Disciple","The Hierophant","The Servant 0.9.4"],"gold_per_floor":[99,11600,11600,11610,10390,10420,10459,10080,10109,9516,9316,9334,9334,9348,9363,9461,9461,9461,9474,9574,9574,9586,9586,9586,9621,9621,9637,9637,9656,9656,9676,9690,9690,9690,9690],"floor_reached":33,"language":"ENG","playtime":2133,"items_purged":["bronze:Strike","bronze:Defend","bronze:Strike"],"score":402,"play_id":"ca37c8a9-e950-4fe0-b8e5-c13f0b06d3fb","local_time":"20210129234817","is_ascension_mode":false,"campfire_choices":[{"floor":1,"key":"RECALL"},{"floor":11,"key":"REST"},{"data":"bronze:SpaghettiCode","floor":18,"key":"SMITH"},{"data":"bronze:Allocate","floor":23,"key":"SMITH"}],"circlet_count":0,"master_deck":["bronze:Replicate","bronze:Goto","bronze:ChosenStrike","bronze:Constructor","bronze:Branch","expansioncontent:StudyTheSpire","bronze:Backtrace","bronze:ItsAFeature","bronze:Shell","bronze:Virus+1","bronze:Branch+1","bronze:Frontload","bronze:ChosenStrike+1","Deep Breath","bronze:Safeguard","bronze:BronzeOrb+1","bronze:ChosenStrike+1","bronze:BronzeOrb+1","Dark Shackles","bronze:Refactor","bronze:OilSpill+1","Panache","bronze:CutThrough+1","bronze:Return","bronze:Separator+1","bronze:SpaghettiCode+1","bronze:BitShift","bronze:SpaghettiCode","bronze:Allocate+1","J.A.X.","bronze:CutThrough+1","bronze:DelayedSlice+1","bronze:Terminator","RitualDagger+1","bronze:WildBeam+1","bronze:FineTuning"],"relics":["bronze:BronzeCore","MerchantsRug","PreservedInsect","Molten Egg 2","Membership Card","TungstenRod","TheAbacus","Ornamental Fan","Bag of Preparation","DollysMirror","Bottled Flame","downfall:HeartBlessingBlue","downfall:HeartBlessingRed","SlaversCollar","MutagenicStrength","Nilry\u0027s Codex","Ice Cream","Darkstone Periapt"],"acts_visited":["Exordium","TheCity"],"potions_floor_usage":[],"damage_taken":[{"damage":8,"enemies":"Jaw Worm","floor":2,"turns":5},{"damage":1,"enemies":"Cultist","floor":4,"turns":4},{"damage":0,"enemies":"downfall:FleeingMerchant","floor":5,"turns":4},{"damage":18,"enemies":"Lagavulin","floor":6,"turns":5},{"damage":5,"enemies":"downfall:FleeingMerchant","floor":8,"turns":4},{"damage":5,"enemies":"3 Sentries","floor":9,"turns":5},{"damage":6,"enemies":"downfall:FleeingMerchant","floor":10,"turns":4},{"damage":0,"enemies":"Small Slimes","floor":12,"turns":1},{"damage":0,"enemies":"Red Slaver","floor":14,"turns":1},{"damage":0,"enemies":"Large Slime","floor":15,"turns":2},{"damage":0,"enemies":"IC_STATUS_ARCHETYPE","floor":16,"turns":3},{"damage":0,"enemies":"Spheric Guardian","floor":19,"turns":1},{"damage":0,"enemies":"downfall:Augmenter","floor":20,"turns":2},{"damage":0,"enemies":"Shell Parasite","floor":22,"turns":1},{"damage":0,"enemies":"Book of Stabbing","floor":25,"turns":2},{"damage":0,"enemies":"Snake Plant","floor":27,"turns":1},{"damage":15,"enemies":"Centurion and Healer","floor":29,"turns":3},{"damage":0,"enemies":"Cultist and Chosen","floor":31,"turns":2},{"damage":2,"enemies":"Snake Plant","floor":32,"turns":1},{"damage":55,"enemies":"DF_ARCHETYPE_CLAW","floor":33,"turns":5}],"seed_played":"-2235152098320653401","potions_obtained":[{"floor":2,"key":"hexamod:SoulburnPotion"},{"floor":6,"key":"LiquidBronze"}],"is_trial":false,"path_per_floor":["R","M","?","M","$","E","T","$","E","$","R","M","?","M","M","B",null,"R","M","?","?","M","R","T","E","?","M","?","M","?","M","M","B"],"character_chosen":"THE_AUTOMATON","items_purchased":["expansioncontent:StudyTheSpire","bronze:Backtrace","bronze:ItsAFeature","bronze:Shell","MerchantsRug","PreservedInsect","Molten Egg 2","Membership Card","bronze:BurnAndBuffPotion","bronze:Virus+1","TungstenRod","TheAbacus","bronze:ChosenStrike+1","Deep Breath","bronze:BugBarrage+1","DistilledChaos","bronze:FreeFunctionsPotion","bronze:BuildAFunctionPotion","Bag of Preparation","DollysMirror","Bottled Flame","bronze:BronzeOrb+1","Dark Shackles","bronze:Refactor","bronze:OilSpill+1","Panache"],"campfire_rested":1,"item_purchase_floors":[5,5,5,5,5,5,5,5,5,5,8,8,8,8,8,8,8,8,10,10,10,10,10,10,10,10],"current_hp_per_floor":[77,69,69,68,68,50,50,45,40,34,70,70,70,70,70,70,87,87,87,87,72,72,72,72,72,67,67,67,52,52,52,50,0,0,0],"gold":9690,"neow_bonus":"TEN_PERCENT_HP_BONUS","is_daily":false,"chose_seed":false,"campfire_upgraded":2,"win_rate":0.0,"timestamp":1611935297,"path_taken":["R","M","?","M","?","E","T","$","E","$","R","M","?","M","M","BOSS","R","M","?","?","M","R","T","E","?","M","?","?","?","M","M","BOSS"],"items_purchased_type":["Card","Card","Card","Card","Relic","Relic","Relic","Relic","Potion","Card","Relic","Relic","Card","Card","Card","Potion","Potion","Potion","Relic","Relic","Relic","Card","Card","Card","Card","Card"],"build_version":"2020-12-22","purchased_purges":3,"victory":false,"max_hp_per_floor":[77,77,77,77,77,77,77,77,77,77,87,87,87,87,87,87,87,87,87,87,87,87,87,87,87,87,87,87,87,87,87,87,87,87,87],"card_choices":[{"not_picked":["bronze:NullPointer","bronze:ClassDefault"],"picked":"bronze:ChosenStrike","floor":2},{"not_picked":["bronze:Turbo","bronze:Refactor"],"picked":"bronze:Constructor","floor":4},{"not_picked":["bronze:Virus","bronze:OilSpill"],"picked":"bronze:Branch","floor":5},{"not_picked":["bronze:DelayedGuard","bronze:Refactor"],"picked":"bronze:Branch+1","floor":6},{"not_picked":["bronze:ForLoop","bronze:Shield"],"picked":"bronze:Frontload","floor":8},{"not_picked":["bronze:Allocate","bronze:Backtrace+1"],"picked":"bronze:Safeguard","floor":9},{"not_picked":["bronze:Shield","bronze:MaxOutput"],"picked":"bronze:BronzeOrb+1","floor":10},{"not_picked":["bronze:OilSpill+1","bronze:Repulsor"],"picked":"bronze:CutThrough+1","floor":12},{"not_picked":["bronze:CutThrough+1","bronze:Terminator"],"picked":"bronze:Return","floor":14},{"not_picked":["bronze:Branch+1","bronze:CloningBeam+1"],"picked":"bronze:Separator+1","floor":15},{"not_picked":["bronze:BurnOut+1","bronze:Mutator"],"picked":"bronze:SpaghettiCode","floor":16},{"not_picked":["bronze:Deprecate","bronze:Frontload+1"],"picked":"bronze:BitShift","floor":19},{"not_picked":[],"picked":"J.A.X.","floor":20},{"not_picked":["bronze:Repulsor","bronze:ForLoop+1"],"picked":"bronze:CutThrough+1","floor":20},{"not_picked":["bronze:Deprecate","bronze:Branch+1"],"picked":"bronze:DelayedSlice+1","floor":22},{"not_picked":["bronze:ClassDefault","bronze:InfiniteBeams"],"picked":"bronze:Terminator","floor":25},{"not_picked":["bronze:BugBarrage+1","bronze:Overload+1","bronze:Fortify+1"],"picked":"SKIP","floor":27},{"not_picked":["bronze:Separator+1","bronze:Fortify+1"],"picked":"bronze:WildBeam+1","floor":29},{"not_picked":["bronze:WhirlingStrike+1","bronze:Refactor+1"],"picked":"bronze:FineTuning","floor":31},{"not_picked":["bronze:GetLatest","bronze:Flail+1","bronze:SpaghettiCode"],"picked":"SKIP","floor":32}],"player_experience":98905,"relics_obtained":[{"floor":6,"key":"MawBank"},{"floor":9,"key":"Ornamental Fan"},{"floor":20,"key":"MutagenicStrength"},{"floor":21,"key":"Nilry\u0027s Codex"},{"floor":24,"key":"Ice Cream"},{"floor":25,"key":"Darkstone Periapt"}],"event_choices":[{"cards_removed":["bronze:Defend"],"damage_healed":0,"gold_gain":0,"player_choice":"Offered Basic","damage_taken":0,"max_hp_gain":0,"max_hp_loss":0,"event_name":"Bonfire Elementals","floor":13,"gold_loss":0}],"is_beta":false,"boss_relics":[{"not_picked":["Busted Crown","Cursed Key"],"picked":"SlaversCollar"}],"items_purged_floors":[5,8,10],"is_endless":false,"potions_floor_spawned":[2,6,12,14,16,20,27,31,32],"killed_by":"DF_ARCHETYPE_CLAW","ascension_level":0}}