{"host":"nowlnq08cups5y6x","time":1611963343,"event":{"mods":["2.2 Compatiblity","AchievementEnabler","Aspiration","BaseMod","Beaked The Cultist","Better Altar","Better Match","Better Note","Better Sensory Stone","Better Silent Start","Better Skull","Better Third Choice","BetterRewards","Card Forge","Colored Map","Colored Powertips","Conspire","Curses Come First","Defuse TimeMaze Blight","Energized Spire","Gold Saver","Grow up Mod","Halation","Highlight Path","Hubris","Infinite Spire","Minty Spire (QoL Compilation)","Permanent Neow","Rare Cards Sparkle","Reliquary","Remove Card Discount Mod","Replay The Spire","SacredBarkPlus","Shop Mod","Spicy Shops","StS++","StSLib","The Cursed","Transform Curses","UnlockEverythingMod"],"gold_per_floor":[4800,4800,4817,4817,4827,4827,4856,4856,4904,4921,4947,4961,5018,5038,5038,5135,5135,5148,5148,4608,4620,4632,4661,4678,4678,4678,4678,4708,4718,4799,4815,4815,4917,4917,4930,4930,4946,4946,4533,4533,4568,4587,4587,4587,4587,4601,4611,4645,4645,4645],"floor_reached":51,"language":"ENG","playtime":3153,"items_purged":[],"score":1009,"play_id":"5cfb5fac-d715-431f-afdf-e84e1e63ec3c","local_time":"20210129183543","is_ascension_mode":false,"campfire_choices":[{"data":"Strike_R","floor":6.0,"key":"SMITH"},{"data":"Strike_R","floor":8.0,"key":"SMITH"},{"floor":15.0,"key":"DIG"},{"data":"Bloodletting","floor":27.0,"key":"SMITH"},{"data":"Anger","floor":32,"key":"SMITH"},{"floor":40,"key":"REST"},{"floor":44,"key":"REST"},{"floor":49,"key":"REST"}],"circlet_count":0,"master_deck":["Defend_R+1","Defend_R+1","Defend_R+1","Defend_R+1","Bash+1","Anger+1","Twin Strike+1","beaked:WalkersFury+1","Infernal Blade+1","Inflame+1","Dual Wield+1","Sword Boomerang+1","Pommel Strike+1","Flame Barrier+1","StSpp:Succumb+1","Berserk+1","Bloodletting+1","Bite+1","Bite+1","Bite+1","Bite+1","Bite+1","Sword Boomerang+1","Anger+1","Pot Of Greed+1","Pot Of Greed+1","Pot Of Greed+1","Sword Boomerang+1","Finesse+1","Midas Touch+1","Anger+1","ReplayTheSpireMod:Splinters","StSpp:Succumb+1","Anger+1","Sword Boomerang+1","Berserk+1","Infernal Blade+1","Panache+1","Pot Of Greed+1","Evolve+1","Warcry+1","Heavy Blade+1","Anger+1","hubris:Fate+1","Pommel Strike+1"],"relics":["Burning Blood","Hammer of Thor","Seething Fire","Anvil of the Gods","aspiration:TomeofQuesting","reliquary:Knoch","reliquary:ExpiredCoupon","infinitespire:FocusingShard","Mark of Pain","hubris:TenFootPole","hubris:MysteriousPyramids","MerchantsRug","Grinning Jar","halation:WeightlessCrab","infinitespire:Lucky Rock","Gremlin Food","Fusion Hammer","Bag of Preparation","hubris:FunFungus","Pocketwatch","aspiration:Lifesprig","Replay:Rubber Ducky"],"acts_visited":["Exordium","TheCity","TheBeyond"],"potions_floor_usage":[29,33],"damage_taken":[{"damage":11.0,"enemies":"Jaw Worm","floor":1.0,"turns":2.0},{"damage":0.0,"enemies":"Cultist","floor":3.0,"turns":2.0},{"damage":13.0,"enemies":"infinitespire:Voidling","floor":5.0,"turns":2.0},{"damage":9.0,"enemies":"Replay:BlueRogue","floor":7.0,"turns":3.0},{"damage":0.0,"enemies":"Large Slime","floor":10.0,"turns":4.0},{"damage":31.0,"enemies":"Lagavulin","floor":11.0,"turns":4.0},{"damage":5.0,"enemies":"Exordium Thugs","floor":12.0,"turns":3.0},{"damage":7.0,"enemies":"Looter","floor":14.0,"turns":2.0},{"damage":0.0,"enemies":"Slime Boss","floor":16.0,"turns":4.0},{"damage":10.0,"enemies":"Shell Parasite","floor":18.0,"turns":3.0},{"damage":7.0,"enemies":"3 Byrds","floor":21.0,"turns":2.0},{"damage":3.0,"enemies":"Centurion and Healer","floor":22.0,"turns":4.0},{"damage":0.0,"enemies":"conspire:Head Lice","floor":23.0,"turns":4.0},{"damage":3.0,"enemies":"Snake Plant","floor":24.0,"turns":2.0},{"damage":35.0,"enemies":"conspire:SneckoGhost","floor":28.0,"turns":3.0},{"damage":3,"enemies":"Chosen and Byrds","floor":29,"turns":2},{"damage":13,"enemies":"Centurion and Healer","floor":31,"turns":3},{"damage":32,"enemies":"hubris:MusketHawk","floor":33,"turns":3},{"damage":10,"enemies":"Orb Walker","floor":35,"turns":2},{"damage":3,"enemies":"3 Shapes","floor":37,"turns":3},{"damage":10,"enemies":"Reptomancer","floor":41,"turns":2},{"damage":11,"enemies":"Writhing Mass","floor":42,"turns":2},{"damage":14,"enemies":"Jaw Worm Horde","floor":46,"turns":2},{"damage":12,"enemies":"4 Shapes","floor":47,"turns":3},{"damage":71,"enemies":"Nightmare","floor":48,"turns":5},{"damage":26,"enemies":"Donu and Deca","floor":50,"turns":4}],"seed_played":"5312266086645963530","potions_obtained":[{"floor":1.0,"key":"Energy Potion"},{"floor":7.0,"key":"LiquidBronze"},{"floor":14.0,"key":"PowerPotion"},{"floor":16.0,"key":"Milkshake"},{"floor":23.0,"key":"Swift Potion"},{"floor":28.0,"key":"Energy Potion"},{"floor":29,"key":"SteroidPotion"},{"floor":48,"key":"Block Potion"}],"is_trial":false,"path_per_floor":["M","?","M","?","M","R","E","R","T","M","E","M","?","M","R_BF","B",null,"M","?","$","M","M","E","M","?","T","R","E","M","?","M","R","B",null,"M","?","M","?","$","R","E","M","T","R","?","M","M","NM","R","B",null],"character_chosen":"IRONCLAD","items_purchased":["hubris:TenFootPole","hubris:MysteriousPyramids","Sword Boomerang","MerchantsRug","Bag of Preparation","hubris:FunFungus","Panache"],"campfire_rested":3,"item_purchase_floors":[20,20,20,20,39,39,39],"current_hp_per_floor":[95,105,120,130,133,143,150,160,170,186,171,182,192,201,211,227,260,266,199,209,219,229,239,249,259,269,279,263,279,289,298,308,301,349,355,365,379,389,399,409,419,429,439,446,456,465,476,437,496,494],"gold":4645,"neow_bonus":"RANDOM_EVENT","is_daily":false,"chose_seed":false,"campfire_upgraded":4,"win_rate":0.0,"timestamp":1611963343,"path_taken":["M","?","?","?","?","R","E","R","T","M","E","M","?","M","R_BF","BOSS","M","?","?","M","M","E","M","?","T","R","E","M","?","M","R","BOSS","M","?","M","?","$","R","E","M","T","R","?","?","M","NM","R","BOSS"],"items_purchased_type":["Relic","Relic","Card","Relic","Relic","Relic","Card"],"build_version":"2020-12-22","purchased_purges":0,"victory":true,"max_hp_per_floor":[100,110,120,130,140,150,160,170,180,190,200,210,220,230,240,250,260,270,199,209,219,229,239,249,259,269,279,289,299,309,319,329,339,349,359,369,379,389,399,409,419,429,439,446,456,466,476,486,496,506],"card_choices":[{"not_picked":["Disarm","Thunderclap"],"picked":"Twin Strike","floor":1.0},{"not_picked":["Sword Boomerang","Armaments"],"picked":"Infernal Blade","floor":3.0},{"not_picked":["Heavy Blade","Life Link"],"picked":"Inflame","floor":5.0},{"not_picked":["Seeing Red","Flex"],"picked":"Dual Wield","floor":7.0},{"not_picked":["Armaments","Dual Wield"],"picked":"Sword Boomerang","floor":10.0},{"not_picked":["ReplayTheSpireMod:Corrosion Curse","StSpp:Jab"],"picked":"Pommel Strike","floor":11.0},{"not_picked":["Clash","Headbutt"],"picked":"Flame Barrier","floor":12.0},{"not_picked":["Shrug It Off","Cleave"],"picked":"StSpp:Succumb","floor":14.0},{"not_picked":["StSpp:Turnabout","Limit Break"],"picked":"Berserk","floor":16.0},{"not_picked":["Armaments","StSpp:Sprint"],"picked":"Bloodletting","floor":18.0},{"not_picked":["Armaments","Perfected Strike","Defy Death"],"picked":"SKIP","floor":21.0},{"not_picked":["Sword Boomerang","Shockwave+1"],"picked":"Anger","floor":22.0},{"not_picked":["Battle Trance","Power Through+1","Abandon+1"],"picked":"SKIP","floor":23.0},{"not_picked":["Havoc","Body Slam"],"picked":"Sword Boomerang","floor":24.0},{"not_picked":["Replay:BasicMightCard","Survey Options"],"picked":"Finesse","floor":25.0},{"not_picked":["StSpp:Cataclysm","Replay:Parry"],"picked":"Midas Touch","floor":25.0},{"not_picked":["Combust","Perfected Strike"],"picked":"ReplayTheSpireMod:Strike From Hell","floor":28.0},{"not_picked":["StSpp:Sprint","ReplayTheSpireMod:Muscle Training"],"picked":"Anger","floor":29},{"not_picked":["Twin Strike","Havoc"],"picked":"StSpp:Succumb","floor":30},{"not_picked":["ReplayTheSpireMod:Muscle Training","Combust"],"picked":"Anger+1","floor":30},{"not_picked":["Havoc","Armaments"],"picked":"Sword Boomerang","floor":31},{"not_picked":["Immolate","Double Tap"],"picked":"Berserk","floor":33},{"not_picked":["StSpp:TheBiggerTheyAre+1","Ghostly Armor+1","Heavy Blade"],"picked":"SKIP","floor":35},{"not_picked":["Reckless Charge","Clash","Thunderclap"],"picked":"SKIP","floor":37},{"not_picked":["Uppercut+1","Headbutt"],"picked":"Evolve","floor":41},{"not_picked":["StSpp:CounterStrike","Havoc"],"picked":"Warcry","floor":42},{"not_picked":["ReplayTheSpireMod:LeadingStrike+1","Intimidate+1"],"picked":"Heavy Blade","floor":46},{"not_picked":["Warcry","Perfected Strike"],"picked":"Anger","floor":47},{"not_picked":["infinitespire:SealOfDarkness+","ReplayTheSpireMod:Chaos Vortex"],"picked":"hubris:Fate","floor":48},{"not_picked":["Replay:Undeath\u0027s Touch+1","Wild Strike+1"],"picked":"Pommel Strike+1","floor":48}],"player_experience":494586,"relics_obtained":[{"floor":7.0,"key":"aspiration:TomeofQuesting"},{"floor":9.0,"key":"reliquary:Knoch"},{"floor":11.0,"key":"reliquary:ExpiredCoupon"},{"floor":15.0,"key":"infinitespire:FocusingShard"},{"floor":23.0,"key":"Grinning Jar"},{"floor":26.0,"key":"halation:WeightlessCrab"},{"floor":28.0,"key":"infinitespire:Lucky Rock"},{"floor":30,"key":"Gremlin Food"},{"floor":41,"key":"Pocketwatch"},{"floor":43,"key":"aspiration:Lifesprig"},{"floor":48,"key":"Replay:Rubber Ducky"}],"event_choices":[{"cards_removed":["Anger"],"damage_healed":0.0,"max_hp_gain":0.0,"max_hp_loss":0.0,"gold_gain":0.0,"event_name":"betterNote:BetterNote","player_choice":"Take \u0026 Give","floor":2.0,"gold_loss":0.0,"damage_taken":0.0,"cards_obtained":["beaked:WalkersFury"]},{"damage_healed":0.0,"max_hp_gain":0.0,"max_hp_loss":0.0,"gold_gain":57.0,"event_name":"Golden Wing","player_choice":"Gained Gold","floor":13.0,"gold_loss":0.0,"damage_taken":0.0},{"damage_healed":0.0,"max_hp_gain":0.0,"max_hp_loss":81.0,"gold_gain":0.0,"event_name":"Vampires","player_choice":"Became a vampire","floor":19.0,"gold_loss":0.0,"damage_taken":0.0,"cards_obtained":["Bite","Bite","Bite","Bite","Bite"]},{"damage_healed":0.0,"max_hp_gain":0.0,"max_hp_loss":0.0,"gold_gain":2.0,"event_name":"betterStone:BetterStone","player_choice":"1","floor":25.0,"gold_loss":0.0,"damage_taken":0.0},{"damage_healed":0,"gold_gain":0,"player_choice":"Ignored","damage_taken":0,"max_hp_gain":0,"max_hp_loss":0,"event_name":"Tomb of Lord Red Mask","floor":38,"gold_loss":0},{"cards_removed":["ReplayTheSpireMod:Strike From Hell"],"damage_healed":5,"gold_gain":0,"player_choice":"Offered Common","damage_taken":0,"max_hp_gain":0,"max_hp_loss":0,"event_name":"Bonfire Elementals","floor":45,"gold_loss":0},{"cards_removed":["ReplayTheSpireMod:Strike From Hell"],"damage_healed":5,"gold_gain":0,"player_choice":"Offered Special","damage_taken":0,"max_hp_gain":0,"max_hp_loss":0,"event_name":"Bonfire Elementals","floor":45,"gold_loss":0}],"is_beta":false,"boss_relics":[{"not_picked":["aspiration:WatcherSkillbook","Painkiller Herb"],"picked":"Mark of Pain"},{"not_picked":["StSpp:PileOfSugar","Ooze Armor"],"picked":"Fusion Hammer"}],"items_purged_floors":[],"is_endless":false,"potions_floor_spawned":[1,7,14,16,23,24,28,29,37,48],"ascension_level":0}}