{"host":"g2yp6paluzgljz05","time":1611920817,"event":{"mods":["BaseMod","Bestiary","Colored Powertips","DeckTracker","Highlight Path","Minty Spire (QoL Compilation)","Quick Restart"],"gold_per_floor":[119,119,294,313,313,313,327,214,259,359,373,373,273,291,291,415,415,435,435,400,400],"floor_reached":20,"language":"ENG","playtime":898,"items_purged":["Doubt","Strike_B"],"score":185,"play_id":"9c6cd049-4be7-416f-bc0f-c408bebca2b8","local_time":"20210129224657","is_ascension_mode":true,"campfire_choices":[{"data":"Recycle","floor":6.0,"key":"SMITH"},{"floor":12.0,"key":"REST"},{"floor":15.0,"key":"REST"}],"circlet_count":0,"master_deck":["Defend_B","Defend_B","Defend_B","Defend_B","Zap","Dualcast","Genetic Algorithm","Thunder Strike","Static Discharge","Recycle+1","Coolheaded","Defragment","Defragment","FTL","Creative AI","White Noise"],"relics":["Cracked Core","Golden Idol","Spirit Poop","Regal Pillow","Busted Crown"],"acts_visited":["Exordium","TheCity"],"potions_floor_usage":[],"damage_taken":[{"damage":2.0,"enemies":"Jaw Worm","floor":1.0,"turns":3.0},{"damage":3.0,"enemies":"2 Louse","floor":4.0,"turns":2.0},{"damage":1.0,"enemies":"Cultist","floor":7.0,"turns":4.0},{"damage":12.0,"enemies":"Looter","floor":11.0,"turns":4.0},{"damage":20.0,"enemies":"Gremlin Gang","floor":14.0,"turns":3.0},{"damage":64.0,"enemies":"Slime Boss","floor":16.0,"turns":11.0},{"damage":49.0,"enemies":"3 Byrds","floor":18.0,"turns":3.0}],"seed_played":"-36895748219713940","potions_obtained":[{"floor":1.0,"key":"CultistPotion"},{"floor":4.0,"key":"ColorlessPotion"},{"floor":14.0,"key":"FearPotion"}],"is_trial":false,"path_per_floor":["M","?","?","M","?","R","M","$","T","?","M","R","$","M","R","B",null,"M","?","$"],"character_chosen":"DEFECT","items_purchased":["Defragment","White Noise"],"campfire_rested":2,"item_purchase_floors":[8,20],"current_hp_per_floor":[73,55,55,52,52,52,51,51,51,51,39,72,72,52,72,8,72,23,23,23,23],"gold":400,"neow_bonus":"TRANSFORM_TWO_CARDS","is_daily":false,"chose_seed":false,"campfire_upgraded":1,"win_rate":0.0,"timestamp":1611920817,"path_taken":["M","?","?","M","?","R","?","$","T","?","M","R","$","?","R","BOSS","M","?","$"],"items_purchased_type":["Card","Card"],"build_version":"2020-12-22","purchased_purges":2,"victory":false,"max_hp_per_floor":[75,75,75,75,72,72,72,72,72,72,72,72,72,72,72,72,72,72,72,72,72],"card_choices":[{"not_picked":["Streamline","Leap"],"picked":"Static Discharge","floor":1.0},{"not_picked":["Cold Snap","Conserve Battery"],"picked":"Recycle","floor":4.0},{"not_picked":["Double Energy","Ball Lightning"],"picked":"Coolheaded","floor":7.0},{"not_picked":["Redo","Tempest"],"picked":"Defragment","floor":11.0},{"not_picked":["Force Field","Glacier"],"picked":"FTL","floor":14.0},{"not_picked":["Reboot","Thunder Strike"],"picked":"Creative AI","floor":16.0},{"not_picked":["Ball Lightning+1"],"picked":"SKIP","floor":18.0}],"player_experience":284290,"relics_obtained":[{"floor":9.0,"key":"Regal Pillow"}],"event_choices":[{"damage_healed":0.0,"max_hp_gain":0.0,"max_hp_loss":0.0,"gold_gain":0.0,"event_name":"Golden Idol","player_choice":"Take Damage","floor":2.0,"gold_loss":0.0,"damage_taken":18.0,"relics_obtained":["Golden Idol"]},{"damage_healed":0.0,"max_hp_gain":0.0,"max_hp_loss":0.0,"gold_gain":175.0,"event_name":"Liars Game","player_choice":"AGREE","floor":3.0,"gold_loss":0.0,"damage_taken":0.0,"cards_obtained":["Doubt"]},{"cards_removed":["Parasite"],"damage_healed":0.0,"max_hp_gain":0.0,"max_hp_loss":0.0,"gold_gain":0.0,"event_name":"Bonfire Elementals","player_choice":"Offered Curse","floor":5.0,"gold_loss":0.0,"damage_taken":0.0,"relics_obtained":["Spirit Poop"]},{"damage_healed":0.0,"max_hp_gain":0.0,"max_hp_loss":0.0,"gold_gain":100.0,"event_name":"Golden Shrine","player_choice":"Pray","floor":10.0,"gold_loss":0.0,"damage_taken":0.0},{"cards_removed":["Strike_B"],"damage_healed":0.0,"max_hp_gain":0.0,"max_hp_loss":0.0,"gold_gain":0.0,"event_name":"Purifier","player_choice":"Purged","floor":19.0,"gold_loss":0.0,"damage_taken":0.0}],"is_beta":false,"boss_relics":[{"not_picked":["Velvet Choker","Cursed Key"],"picked":"Busted Crown"}],"items_purged_floors":[8,13],"is_endless":false,"potions_floor_spawned":[1,4,14,18],"ascension_level":3}}