{"host":"kig4ty9d1aubg29s","time":1611899264,"event":{"mods":["BaseMod","Minty Spire (QoL Compilation)","READ ME - Guardian Mod","READ ME - Snecko Mod","StSLib","The Cursed","The Gatherer","The Hierophant","The Runesmith"],"gold_per_floor":[113,113,130,147,161,161,187,187,210,210,220,245,245,256,256,357,357,373,373,373,383,383,409,409,409],"floor_reached":24,"language":"KOR","playtime":947,"items_purged":[],"score":387,"play_id":"f84dbff8-5cd9-4e2f-8185-72bf1fb31324","local_time":"20210129144744","is_ascension_mode":true,"campfire_choices":[{"data":"Armaments","floor":6,"key":"SMITH"},{"floor":8,"key":"REST"},{"data":"Anger","floor":10,"key":"SMITH"},{"floor":13,"key":"REST"},{"data":"Metallicize","floor":15,"key":"SMITH"}],"circlet_count":0,"master_deck":["AscendersBane","Strike_R+1","Strike_R+1","Strike_R+1","Strike_R+1","Strike_R+1","Defend_R+1","Defend_R+1","Defend_R+1","Defend_R+1","Bash","Anger+1","Armaments+1","Spot Weakness","Clothesline","Sword Boomerang","Shockwave","Metallicize+1","Spot Weakness","Demon Form","CurseOfTheBell","Thunderclap","Metallicize","Clothesline","Metallicize+1"],"relics":["Burning Blood","Runesmith:AutoHammer","Oddly Smooth Stone","Strawberry","Calling Bell","Ancient Tea Set","Mercury Hourglass","Du-Vu Doll","Tiny Chest"],"acts_visited":["Exordium","TheCity"],"potions_floor_usage":[7,12,16,21,23,23],"damage_taken":[{"damage":7,"enemies":"2 Louse","floor":1,"turns":5},{"damage":1,"enemies":"Cultist","floor":3,"turns":3},{"damage":7,"enemies":"Jaw Worm","floor":4,"turns":4},{"damage":20,"enemies":"Large Slime","floor":5,"turns":7},{"damage":26,"enemies":"Gremlin Nob","floor":7,"turns":4},{"damage":16,"enemies":"Exordium Thugs","floor":11,"turns":5},{"damage":27,"enemies":"3 Sentries","floor":12,"turns":8},{"damage":17,"enemies":"Lots of Slimes","floor":14,"turns":5},{"damage":13,"enemies":"The Guardian","floor":16,"turns":10},{"damage":11,"enemies":"Spheric Guardian","floor":18,"turns":3},{"damage":49,"enemies":"2 Thieves","floor":21,"turns":4},{"damage":59,"enemies":"Slavers","floor":23,"turns":6},{"damage":11,"enemies":"3 Cultists","floor":24,"turns":3}],"seed_played":"-2471608943385671203","potions_obtained":[{"floor":4,"key":"Strength Potion"},{"floor":5,"key":"BloodPotion"},{"floor":11,"key":"EssenceOfSteel"},{"floor":14,"key":"PowerPotion"},{"floor":16,"key":"Dexterity Potion"},{"floor":22,"key":"Dexterity Potion"}],"is_trial":false,"path_per_floor":["M","?","M","M","M","R","E","R","T","R","M","E","R","M","R","B",null,"M","?","?","M","?","E","M"],"character_chosen":"IRONCLAD","items_purchased":[],"campfire_rested":2,"item_purchase_floors":[],"current_hp_per_floor":[66,66,71,70,56,56,36,64,64,64,54,40,70,59,59,52,90,85,85,85,62,62,9,0,0],"gold":409,"neow_bonus":"TWENTY_PERCENT_HP_BONUS","is_daily":false,"chose_seed":false,"campfire_upgraded":3,"win_rate":0.0,"timestamp":1611899264,"path_taken":["M","?","?","M","M","R","E","R","T","R","M","E","R","M","R","BOSS","M","?","?","M","?","E","M"],"items_purchased_type":[],"build_version":"2020-12-22","purchased_purges":0,"victory":false,"max_hp_per_floor":[96,96,96,96,96,96,96,96,96,96,96,103,103,103,103,103,103,103,103,103,103,103,103,103,103],"card_choices":[{"not_picked":["Blood for Blood","Havoc"],"picked":"Anger","floor":1},{"not_picked":["Clothesline","True Grit"],"picked":"Armaments","floor":3},{"not_picked":["Havoc","Flex"],"picked":"Spot Weakness","floor":4},{"not_picked":["Sword Boomerang","Heavy Blade"],"picked":"Clothesline","floor":5},{"not_picked":["True Grit","Anger"],"picked":"Sword Boomerang","floor":7},{"not_picked":["Intimidate","Flame Barrier"],"picked":"Shockwave","floor":11},{"not_picked":["Headbutt","Dark Embrace"],"picked":"Metallicize","floor":12},{"not_picked":["Bloodletting","Flex"],"picked":"Spot Weakness","floor":14},{"not_picked":["Double Tap","Berserk"],"picked":"Demon Form","floor":16},{"not_picked":["Headbutt","Pommel Strike"],"picked":"Thunderclap","floor":18},{"not_picked":["Havoc+1","Perfected Strike"],"picked":"Clothesline","floor":21},{"not_picked":["Clothesline","Bludgeon"],"picked":"Metallicize+1","floor":23}],"player_experience":1958615,"relics_obtained":[{"floor":7,"key":"Runesmith:AutoHammer"},{"floor":9,"key":"Oddly Smooth Stone"},{"floor":12,"key":"Strawberry"},{"floor":17,"key":"Ancient Tea Set"},{"floor":17,"key":"Mercury Hourglass"},{"floor":17,"key":"Du-Vu Doll"},{"floor":23,"key":"Tiny Chest"}],"event_choices":[{"damage_healed":0,"gold_gain":0,"player_choice":"Bought 0 Potions","damage_taken":0,"max_hp_gain":0,"max_hp_loss":0,"event_name":"The Woman in Blue","floor":2,"gold_loss":0},{"damage_healed":0,"gold_gain":0,"player_choice":"Simplicity","damage_taken":0,"max_hp_gain":0,"max_hp_loss":0,"event_name":"Back to Basics","floor":19,"gold_loss":0,"cards_upgraded":["Strike_R","Strike_R","Strike_R","Strike_R","Strike_R","Defend_R","Defend_R","Defend_R","Defend_R"]},{"damage_healed":0,"gold_gain":0,"player_choice":"Read","damage_taken":0,"max_hp_gain":0,"max_hp_loss":0,"event_name":"The Library","floor":20,"gold_loss":0,"cards_obtained":["Metallicize"]},{"damage_healed":0,"gold_gain":0,"player_choice":"Got Potions","damage_taken":0,"max_hp_gain":0,"max_hp_loss":0,"event_name":"Lab","floor":22,"gold_loss":0}],"is_beta":false,"boss_relics":[{"not_picked":["Runic Dome","SacredBark"],"picked":"Calling Bell"}],"items_purged_floors":[],"is_endless":false,"potions_floor_spawned":[4,5,11,14,16],"killed_by":"3 Cultists","ascension_level":12}}