{"host":"Ringo","time":1611913508,"event":{"mods":["BaseMod","Colored Map","Conspire","Dota2Spire","Minty Spire (QoL Compilation)","Replay The Spire","StSLib","[IsaacMod]ÒÔÈö¼âËþ","¡¾ÒÅÎï¿¨ÅÆ¡¿REMEMod"],"gold_per_floor":[113,142,159,173,173,220,270,297,297,332,360,370,414,461,461,600,600,663,707,707,254,254,254,313,384,408,472,552,8,45,100,100,229,229,289,325,434,488,549,549,767,767,790,834,893,352,426,488,500,548,620],"floor_reached":52,"language":"ZHS","playtime":1873,"items_purged":[],"score":3486,"play_id":"5c463cbe-7aa8-4e8e-bd50-f1d5d271ad60","local_time":"20210129174508","daily_mods":["SealedDeck","Vintage","Heirloom","Time Dilation","Flight","DeadlyEvents","Elite Swarm","Lethality","Binary"],"is_ascension_mode":true,"campfire_choices":[{"data":"1","floor":15.0,"key":"LIFT"},{"data":"2","floor":23.0,"key":"LIFT"},{"data":"3","floor":32.0,"key":"LIFT"},{"floor":42.0,"key":"REST"},{"floor":49,"key":"REST"}],"circlet_count":0,"master_deck":["AscendersBane","Weave","Replay:Cycle+1","Prostrate+1","EmptyFist","InnerPeace+1","EmptyFist+1","Evaluate","Indignation","Consecrate+1","JustLucky","Finisher","Ragnarok","Sanctity","Halt+1","Prostrate+1","CrushJoints","LessonLearned","CurseOfTheBell","Replay:ManipulateFuture+1"],"relics":["PureWater","Busted Crown","HushsDoor","REME_ComplimentaryCards","replay:Trail_Library","Girya","DeadEye","Meat on the Bone","Dota2Spire:LotusOrb","GoldenEye","Divine Protection","War Paint","Dota2Spire:Vanguard","Orichalcum","Eternal Feather","Pear","Dota2Spire:DrumOfEndurance","Replay:Bandana","Thread and Needle","Dota2Spire:MaskOfMadness","Sozu","GuppysHead","UnicornStump","Dota2Spire:PowerTreads","Toxic Egg 2","HowToJump","Regal Pillow","Durian","Oddly Smooth Stone","BookofShadows","ReplayTheSpireMod:Ninjato","Chaos","Replay:Mystery Machine","Black Star","Quantum Egg","SatanicBible","Damocles","BelialBook","Leech","NineLifeCat","TheBean","conspire:GlowingRock","EdensBlessing","Dream Catcher","Mercury Hourglass","Damocles","Torii","Calling Bell","conspire:SpecialSausage","SharpPlug","Pondfish Scales","Replay:Bottled Snecko","Replay:Wanted Poster","Boot","Fusion Hammer","Darkstone Periapt","Dota2Spire:HeartOfTarrasque","Replay:Drink Me","The Courier","Cauldron","Replay:Rubber Ducky","Bird Faced Urn","Ancient Tea Set","GuppysPaw","Omamori","Toy Ornithopter","conspire:GiftBox","Dota2Spire:LinkenSphere","Dota2Spire:BlackKingBar","Dota2Spire:BladeMail","Ginger","Dota2Spire:EchoSabre","REME_OnlineShoppingPlatform","MawBank","Yang"],"acts_visited":["Exordium","TheCity","TheBeyond"],"potions_floor_usage":[],"damage_taken":[{"damage":0.0,"enemies":"2 Louse","floor":1.0,"turns":1.0},{"damage":0.0,"enemies":"conspire:MimicChest","floor":2.0,"turns":2.0},{"damage":11.0,"enemies":"conspire:RoseBush","floor":3.0,"turns":2.0},{"damage":0.0,"enemies":"Jaw Worm","floor":4.0,"turns":1.0},{"damage":0.0,"enemies":"3 Sentries","floor":6.0,"turns":3.0},{"damage":0.0,"enemies":"Lagavulin","floor":7.0,"turns":2.0},{"damage":0.0,"enemies":"Gremlin Nob","floor":8.0,"turns":2.0},{"damage":0.0,"enemies":"Replay:BlueRogue","floor":10.0,"turns":2.0},{"damage":0.0,"enemies":"Gremlin Nob","floor":11.0,"turns":2.0},{"damage":0.0,"enemies":"Blue Slaver","floor":12.0,"turns":1.0},{"damage":0.0,"enemies":"Replay:BlueRogue","floor":13.0,"turns":2.0},{"damage":0.0,"enemies":"2 Fungi Beasts","floor":14.0,"turns":2.0},{"damage":0.0,"enemies":"The Guardian","floor":16.0,"turns":3.0},{"damage":0.0,"enemies":"Spheric Guardian","floor":18.0,"turns":2.0},{"damage":0.0,"enemies":"conspire:FuzzyDice","floor":19.0,"turns":2.0},{"damage":0.0,"enemies":"Book of Stabbing","floor":24.0,"turns":2.0},{"damage":0.0,"enemies":"conspire:SneckoGhost","floor":25.0,"turns":2.0},{"damage":0.0,"enemies":"Book of Stabbing","floor":27.0,"turns":2.0},{"damage":0.0,"enemies":"Gremlin Leader","floor":28.0,"turns":2.0},{"damage":0.0,"enemies":"Replay:Snechameleon","floor":30.0,"turns":1.0},{"damage":0.0,"enemies":"Cultist and Chosen","floor":31.0,"turns":2.0},{"damage":0.0,"enemies":"Collector","floor":33.0,"turns":2.0},{"damage":0.0,"enemies":"3 Darklings","floor":35.0,"turns":2.0},{"damage":0.0,"enemies":"3 Shapes","floor":36.0,"turns":1.0},{"damage":0.0,"enemies":"Transient","floor":37.0,"turns":2.0},{"damage":0.0,"enemies":"3 Darklings","floor":38.0,"turns":3.0},{"damage":0.0,"enemies":"Sphere and 2 Shapes","floor":39.0,"turns":1.0},{"damage":0.0,"enemies":"Nemesis","floor":41.0,"turns":3.0},{"damage":0.0,"enemies":"Jaw Worm Horde","floor":44.0,"turns":1.0},{"damage":0.0,"enemies":"Reptomancer","floor":45.0,"turns":1.0},{"damage":0.0,"enemies":"Giant Head","floor":47.0,"turns":1.0},{"damage":0,"enemies":"Reptomancer","floor":48,"turns":1},{"damage":0,"enemies":"Time Eater","floor":50,"turns":1},{"damage":0,"enemies":"Donu and Deca","floor":51,"turns":1}],"seed_played":"6329436973972245051","potions_obtained":[{"floor":4.0,"key":"SkillPotion"},{"floor":6.0,"key":"Ancient Potion"}],"is_trial":true,"path_per_floor":["M","?","M","M","?","E","E","E","T","E","E","M","E","M","R","B",null,"M","M","?","$","?","R","E","E","T","E","E","$","E","M","R","B",null,"M","M","M","M","M","E","E","R","T","M","E","$","E","E","R","B","B",null],"character_chosen":"WATCHER","items_purchased":["GuppysHead","Ragnarok","Sanctity","Toxic Egg 2","HowToJump","Chaos","Replay:Mystery Machine","Halt+1","Prostrate+1","CrushJoints","Nirvana","SatanicBible","Damocles","LessonLearned","Judgement+1","Omamori","Toy Ornithopter","conspire:GiftBox","Replay:ManipulateFuture+1"],"campfire_rested":2,"item_purchase_floors":[17,17,17,21,21,29,29,29,29,29,29,34,34,34,34,46,46,46,46],"current_hp_per_floor":[61,61,50,50,50,50,50,50,50,60,65,65,65,65,71,71,61,61,61,61,61,61,61,61,66,66,66,66,66,66,66,66,66,38,38,10,10,10,10,10,10,10,18,14,14,14,14,14,14,14,14],"gold":632,"neow_bonus":"","is_daily":false,"chose_seed":false,"campfire_upgraded":0,"win_rate":0.0,"timestamp":1611913508,"path_taken":["M","?","M","M","?","E","E","E","T","E","E","M","E","M","R","BOSS","M","M","?","$","?","R","E","E","T","E","E","$","E","?","R","BOSS","M","M","M","M","M","E","E","R","T","M","E","$","E","E","R","BOSS","BOSS"],"items_purchased_type":["Relic","Card","Card","Relic","Relic","Card","Relic","Card","Card","Card","Card","Relic","Relic","Card","Card","Relic","Relic","Relic","Card"],"build_version":"2020-12-18","purchased_purges":0,"victory":true,"max_hp_per_floor":[68,68,68,68,68,68,68,68,68,78,78,78,78,78,78,78,61,61,61,61,61,61,61,61,66,66,66,66,66,66,66,66,66,38,38,10,10,10,10,10,10,10,18,14,14,14,14,14,14,14,14],"card_choices":[{"not_picked":[],"picked":"BettingIsNotGood","floor":0.0}],"player_experience":582090,"relics_obtained":[{"floor":1.0,"key":"Meat on the Bone"},{"floor":2.0,"key":"Dota2Spire:LotusOrb"},{"floor":3.0,"key":"GoldenEye"},{"floor":4.0,"key":"Divine Protection"},{"floor":6.0,"key":"War Paint"},{"floor":7.0,"key":"Dota2Spire:Vanguard"},{"floor":8.0,"key":"Orichalcum"},{"floor":9.0,"key":"Eternal Feather"},{"floor":10.0,"key":"Pear"},{"floor":11.0,"key":"Dota2Spire:DrumOfEndurance"},{"floor":12.0,"key":"Replay:Bandana"},{"floor":13.0,"key":"Thread and Needle"},{"floor":14.0,"key":"Dota2Spire:MaskOfMadness"},{"floor":18.0,"key":"UnicornStump"},{"floor":19.0,"key":"Dota2Spire:PowerTreads"},{"floor":24.0,"key":"Regal Pillow"},{"floor":25.0,"key":"Durian"},{"floor":26.0,"key":"Oddly Smooth Stone"},{"floor":27.0,"key":"BookofShadows"},{"floor":28.0,"key":"ReplayTheSpireMod:Ninjato"},{"floor":30.0,"key":"Black Star"},{"floor":31.0,"key":"Quantum Egg"},{"floor":35.0,"key":"BelialBook"},{"floor":35.0,"key":"Leech"},{"floor":36.0,"key":"NineLifeCat"},{"floor":36.0,"key":"TheBean"},{"floor":37.0,"key":"conspire:GlowingRock"},{"floor":37.0,"key":"EdensBlessing"},{"floor":38.0,"key":"Dream Catcher"},{"floor":38.0,"key":"Mercury Hourglass"},{"floor":39.0,"key":"Torii"},{"floor":39.0,"key":"Calling Bell"},{"floor":39.0,"key":"conspire:SpecialSausage"},{"floor":40.0,"key":"SharpPlug"},{"floor":40.0,"key":"Pondfish Scales"},{"floor":40.0,"key":"Replay:Bottled Snecko"},{"floor":41.0,"key":"Replay:Wanted Poster"},{"floor":41.0,"key":"Boot"},{"floor":41.0,"key":"Fusion Hammer"},{"floor":41.0,"key":"Darkstone Periapt"},{"floor":43.0,"key":"Dota2Spire:HeartOfTarrasque"},{"floor":44.0,"key":"Replay:Drink Me"},{"floor":44.0,"key":"The Courier"},{"floor":44.0,"key":"Cauldron"},{"floor":45.0,"key":"Replay:Rubber Ducky"},{"floor":45.0,"key":"Bird Faced Urn"},{"floor":45.0,"key":"Ancient Tea Set"},{"floor":45.0,"key":"GuppysPaw"},{"floor":47,"key":"Dota2Spire:LinkenSphere"},{"floor":47,"key":"Dota2Spire:BlackKingBar"},{"floor":47,"key":"Dota2Spire:BladeMail"},{"floor":47,"key":"Ginger"},{"floor":48,"key":"Dota2Spire:EchoSabre"},{"floor":48,"key":"REME_OnlineShoppingPlatform"},{"floor":48,"key":"MawBank"},{"floor":48,"key":"Yang"}],"event_choices":[{"damage_healed":0.0,"max_hp_gain":0.0,"max_hp_loss":0.0,"gold_gain":0.0,"event_name":"Back to Basics","player_choice":"Simplicity","floor":20.0,"gold_loss":0.0,"damage_taken":0.0,"cards_upgraded":[]},{"damage_healed":0.0,"max_hp_gain":0.0,"max_hp_loss":0.0,"gold_gain":0.0,"event_name":"Beggar","player_choice":"Ignored","floor":22.0,"gold_loss":0.0,"damage_taken":0.0}],"is_beta":true,"boss_relics":[{"not_picked":["Snecko Heart","conspire:RoyalGoblet"],"picked":"Sozu"},{"not_picked":[]},{"not_picked":["REME_ArchaeologicalTools","Dota2Spire:Satanic"],"picked":"Diplopia"},{"not_picked":[]}],"items_purged_floors":[],"is_endless":false,"potions_floor_spawned":[4,6,10,11,14,19,24,27,33,35,39,44,47,48],"ascension_level":20}}