{"host":"wvwkddos141hgtsy","time":1611899636,"event":{"mods":["AchievementEnabler","AlwaysNeverKeys","BaseMod","Better Altar","Better Match","Better Note","Better Sensory Stone","Better Skull","Better Third Choice","Better Vampires","BetterRewards","ChefMod","Colored Map","Colored Powertips","Custom Start","Downfall","Googly Eyes","Hermit","Highlight Path","Minty Spire (QoL Compilation)","Relic Stats","StSLib","SuperFastMode","The Cursed","The Hayseed","The Hierophant"],"gold_per_floor":[112,125,137,149,163,163,193,193,246,258,272,291,291,322,322,423,423,436,450,462,462,462],"floor_reached":21,"language":"ENG","playtime":1361,"items_purged":[],"score":197,"play_id":"041dd16a-cd6c-4942-a3bd-efa3a08ba232","local_time":"20210129005356","is_ascension_mode":false,"campfire_choices":[{"data":"chefmod:FryPan","floor":6,"key":"SMITH"},{"data":"chefmod:CuttingBoard","floor":13,"key":"SMITH"},{"floor":15,"key":"REST"}],"circlet_count":0,"master_deck":["chefmod:Strike","chefmod:Strike","chefmod:Strike","chefmod:Strike","chefmod:QuickThaw","chefmod:Defend","chefmod:Defend","chefmod:Defend","chefmod:Defend","chefmod:TodaysSpecial","chefmod:FryPan","chefmod:SliceAndDice","chefmod:FryPan+1","chefmod:SliceAndDice","chefmod:DinoKale","chefmod:Flambe","chefmod:AllYouCanEat","chefmod:CuttingBoard+1","chefmod:Tenderizer","chefmod:FreshProduce"],"relics":["chefmod:TrustyPot","NeowsBlessing","Nunchaku","Bag of Marbles","Tiny Chest","chefmod:RollingPin","Philosopher\u0027s Stone"],"acts_visited":["Exordium","TheCity"],"potions_floor_usage":[16,16,18,20],"damage_taken":[{"damage":0,"enemies":"Jaw Worm","floor":1,"turns":1},{"damage":0,"enemies":"Cultist","floor":2,"turns":1},{"damage":0,"enemies":"Small Slimes","floor":3,"turns":1},{"damage":0,"enemies":"Looter","floor":4,"turns":4},{"damage":12,"enemies":"Exordium Thugs","floor":5,"turns":4},{"damage":9,"enemies":"3 Sentries","floor":7,"turns":8},{"damage":0,"enemies":"Exordium Wildlife","floor":10,"turns":3},{"damage":7,"enemies":"3 Louse","floor":11,"turns":3},{"damage":11,"enemies":"Lots of Slimes","floor":12,"turns":6},{"damage":21,"enemies":"Lagavulin","floor":14,"turns":4},{"damage":58,"enemies":"The Guardian","floor":16,"turns":12},{"damage":0,"enemies":"3 Byrds","floor":18,"turns":4},{"damage":20,"enemies":"Spheric Guardian","floor":19,"turns":4},{"damage":27,"enemies":"Snake Plant","floor":20,"turns":5},{"damage":29,"enemies":"3 Cultists","floor":21,"turns":4}],"seed_played":"8364311428139188065","potions_obtained":[{"floor":3,"key":"DuplicationPotion"},{"floor":5,"key":"FairyPotion"},{"floor":14,"key":"GamblersBrew"},{"floor":16,"key":"Block Potion"},{"floor":19,"key":"Weak Potion"}],"is_trial":false,"path_per_floor":["M","M","M","M","M","R","E","?","T","M","M","M","R","E","R","B",null,"M","M","M","M"],"character_chosen":"THE_CHEF","items_purchased":[],"campfire_rested":1,"item_purchase_floors":[],"current_hp_per_floor":[76,76,76,76,64,64,55,52,52,52,45,34,34,13,35,15,76,76,56,29,0,0],"gold":462,"neow_bonus":"THREE_ENEMY_KILL","is_daily":false,"chose_seed":false,"campfire_upgraded":2,"win_rate":0.0,"timestamp":1611899636,"path_taken":["M","M","M","M","M","R","E","?","T","M","M","M","R","E","R","BOSS","M","M","M","M"],"items_purchased_type":[],"build_version":"2020-12-22","purchased_purges":0,"victory":false,"max_hp_per_floor":[76,76,76,76,76,76,76,76,76,76,76,76,76,76,76,76,76,76,76,76,76,76],"relic_stats":{"Nunchaku":[10],"counters":[15,64],"Tiny Chest":0,"obtain_stats":[{"chefmod:TrustyPot":0,"Nunchaku":7,"NeowsBlessing":0,"Tiny Chest":9,"chefmod:RollingPin":14,"Philosopher\u0027s Stone":17,"Bag of Marbles":8},{"chefmod:TrustyPot":0,"Nunchaku":6,"NeowsBlessing":0,"Tiny Chest":6,"chefmod:RollingPin":10,"Philosopher\u0027s Stone":11,"Bag of Marbles":6},{"chefmod:TrustyPot":0,"Nunchaku":19,"NeowsBlessing":0,"Tiny Chest":19,"chefmod:RollingPin":35,"Philosopher\u0027s Stone":47,"Bag of Marbles":19}]},"card_choices":[{"not_picked":["chefmod:OldCookbook","chefmod:QuickChop"],"picked":"chefmod:FryPan","floor":1},{"not_picked":["chefmod:SpaghettiCarbonara","chefmod:BaoBuns"],"picked":"chefmod:SliceAndDice","floor":2},{"not_picked":["chefmod:BaoBuns","chefmod:Chop","chefmod:IcePick"],"picked":"SKIP","floor":3},{"not_picked":["chefmod:Granita","chefmod:IcePick"],"picked":"chefmod:FryPan","floor":4},{"not_picked":["chefmod:Gelato","chefmod:ColdSteel"],"picked":"chefmod:SliceAndDice","floor":5},{"not_picked":["chefmod:ZaruSoba","chefmod:NoSoupForYou"],"picked":"chefmod:DinoKale","floor":7},{"not_picked":["chefmod:Defrost","chefmod:PotatoGratin"],"picked":"chefmod:Flambe","floor":10},{"not_picked":["chefmod:OldCookbook","chefmod:Fillet"],"picked":"chefmod:AllYouCanEat","floor":11},{"not_picked":["chefmod:TastyDistraction","chefmod:Chop"],"picked":"chefmod:CuttingBoard","floor":12},{"not_picked":["chefmod:ColdSteel","chefmod:Julienne","chefmod:NoSoupForYou"],"picked":"SKIP","floor":14},{"not_picked":["chefmod:FullCourseMeal","chefmod:CandyBowl"],"picked":"chefmod:Tenderizer","floor":16},{"not_picked":["chefmod:BaoBuns","chefmod:Chop"],"picked":"chefmod:FreshProduce","floor":18},{"not_picked":["chefmod:Fillet+1","chefmod:TonkotsuRamen+1","chefmod:Gelato"],"picked":"SKIP","floor":19},{"not_picked":["chefmod:SearedScallops","chefmod:HotSoup","chefmod:AlooGobi"],"picked":"SKIP","floor":20}],"player_experience":368555,"relics_obtained":[{"floor":7,"key":"Nunchaku"},{"floor":9,"key":"Tiny Chest"},{"floor":14,"key":"chefmod:RollingPin"}],"event_choices":[{"damage_healed":0,"gold_gain":0,"player_choice":"Relic ","damage_taken":3,"max_hp_gain":0,"max_hp_loss":0,"event_name":"betterThird:BetterScrap","floor":8,"gold_loss":0,"cards_obtained":["Tempest"]}],"is_beta":false,"boss_relics":[{"not_picked":["Busted Crown","Fusion Hammer"],"picked":"Philosopher\u0027s Stone"}],"items_purged_floors":[],"is_endless":false,"potions_floor_spawned":[3,5,14,16,19],"killed_by":"3 Cultists","ascension_level":0}}