{"host":"1tl36azeqm6yhdgj","time":1611944765,"event":{"mods":["AchievementEnabler","BaseMod","Minty Spire (QoL Compilation)","StSLib","The IronCluck","everything is the same but u backflip on backflip"],"gold_per_floor":[113,27,44,62,82,82,108,108,135,146,178,178,203,219,219,296,296,306,356,356,271,271,271,271,306,358,371,99,117,142,160,160,160,160],"floor_reached":33,"language":"ENG","playtime":1286,"items_purged":[],"score":650,"play_id":"f212526a-2abf-46ef-a903-083b67aaab1b","local_time":"20210129132605","is_ascension_mode":true,"campfire_choices":[{"data":"Inflame","floor":6.0,"key":"SMITH"},{"data":"Anger","floor":8.0,"key":"SMITH"},{"floor":15.0,"key":"REST"},{"floor":24.0,"key":"REST"},{"floor":32.0,"key":"REST"}],"circlet_count":0,"master_deck":["AscendersBane","Strike_R+1","Strike_R+1","Strike_R+1","Defend_R+1","Defend_R+1","Defend_R+1","Defend_R+1","Bash","Anger+1","Inflame+1","Flex","Seeing Red+1","Dark Embrace","Thunderclap","Bludgeon+1","Twin Strike+1","Juggernaut","Spot Weakness+1","Warcry+1","Inflame","Armaments+1","Heavy Blade+1","Feel No Pain"],"relics":["Burning Blood","NeowsBlessing","Orichalcum","Regal Pillow","Smiling Mask","CultistMask","Girya","Empty Cage","Incense Burner","The Courier","War Paint","Lee\u0027s Waffle","Toy Ornithopter","Whetstone"],"acts_visited":["Exordium","TheCity"],"potions_floor_usage":[33],"damage_taken":[{"damage":0.0,"enemies":"Jaw Worm","floor":1.0,"turns":1.0},{"damage":0.0,"enemies":"Cultist","floor":3.0,"turns":1.0},{"damage":2.0,"enemies":"2 Louse","floor":4.0,"turns":2.0},{"damage":11.0,"enemies":"2 Fungi Beasts","floor":5.0,"turns":4.0},{"damage":25.0,"enemies":"Lagavulin","floor":7.0,"turns":7.0},{"damage":0.0,"enemies":"Large Slime","floor":10.0,"turns":4.0},{"damage":32.0,"enemies":"Gremlin Nob","floor":11.0,"turns":5.0},{"damage":14.0,"enemies":"Lagavulin","floor":13.0,"turns":5.0},{"damage":14.0,"enemies":"Blue Slaver","floor":14.0,"turns":3.0},{"damage":2.0,"enemies":"Slime Boss","floor":16.0,"turns":6.0},{"damage":44.0,"enemies":"2 Thieves","floor":18.0,"turns":4.0},{"damage":0.0,"enemies":"Book of Stabbing","floor":23.0,"turns":1.0},{"damage":41.0,"enemies":"Gremlin Leader","floor":25.0,"turns":8.0},{"damage":12.0,"enemies":"3 Byrds","floor":27.0,"turns":5.0},{"damage":60.0,"enemies":"Shelled Parasite and Fungi","floor":29.0,"turns":5.0},{"damage":55.0,"enemies":"Book of Stabbing","floor":30.0,"turns":6.0},{"damage":24.0,"enemies":"Sentry and Sphere","floor":31.0,"turns":6.0},{"damage":83,"enemies":"Automaton","floor":33,"turns":6}],"seed_played":"-6963495418233902373","potions_obtained":[{"floor":4.0,"key":"FairyPotion"},{"floor":5.0,"key":"SpeedPotion"},{"floor":10.0,"key":"Block Potion"},{"floor":11.0,"key":"BlessingOfTheForge"},{"floor":14.0,"key":"DuplicationPotion"},{"floor":18.0,"key":"SmokeBomb"},{"floor":25.0,"key":"BlessingOfTheForge"},{"floor":29.0,"key":"BloodPotion"},{"floor":31.0,"key":"ColorlessPotion"}],"is_trial":false,"path_per_floor":["M","$","M","M","M","R","E","R","T","M","E","?","E","M","R","B",null,"M","?","?","?","?","E","R","E","T","M","$","M","E","M","R","B"],"character_chosen":"IRONCLAD","items_purchased":["Inflame","Lee\u0027s Waffle","Toy Ornithopter"],"campfire_rested":3,"item_purchase_floors":[2,28,28],"current_hp_per_floor":[74,74,75,75,70,70,51,51,51,57,31,31,23,15,52,56,70,32,32,32,32,32,38,75,40,40,34,82,49,30,12,51,0,0],"gold":160,"neow_bonus":"THREE_ENEMY_KILL","is_daily":false,"chose_seed":false,"campfire_upgraded":2,"win_rate":0.0,"timestamp":1611944765,"path_taken":["M","$","M","M","M","R","E","R","T","M","E","?","E","M","R","BOSS","M","?","?","?","?","E","R","E","T","M","$","?","E","M","R","BOSS"],"items_purchased_type":["Card","Relic","Relic"],"build_version":"2020-12-22","purchased_purges":0,"victory":false,"max_hp_per_floor":[75,75,75,75,75,75,75,75,75,75,75,75,75,75,75,75,75,75,75,75,75,75,75,75,75,75,75,82,82,82,82,82,82,82],"card_choices":[{"not_picked":["Clash","Iron Wave"],"picked":"Anger","floor":1.0},{"not_picked":["Sword Boomerang","Anger","Body Slam"],"picked":"SKIP","floor":3.0},{"not_picked":["Hemokinesis","Pommel Strike"],"picked":"Flex","floor":4.0},{"not_picked":["Armaments","Bloodletting","Perfected Strike"],"picked":"SKIP","floor":5.0},{"not_picked":["Sword Boomerang","Havoc"],"picked":"Seeing Red","floor":7.0},{"not_picked":["Warcry","True Grit"],"picked":"Dark Embrace","floor":10.0},{"not_picked":["True Grit","Hemokinesis"],"picked":"Thunderclap","floor":11.0},{"not_picked":["Inflame","Ghostly Armor"],"picked":"Bludgeon","floor":13.0},{"not_picked":["Body Slam","Perfected Strike"],"picked":"Twin Strike","floor":14.0},{"not_picked":["Berserk","Exhume"],"picked":"Juggernaut","floor":16.0},{"not_picked":["Anger","Clothesline"],"picked":"Spot Weakness","floor":18.0},{"not_picked":["True Grit","Second Wind+1"],"picked":"Warcry+1","floor":25.0},{"not_picked":["Iron Wave","Rampage"],"picked":"Inflame","floor":27.0},{"not_picked":["Flame Barrier","Anger"],"picked":"Armaments+1","floor":29.0},{"not_picked":["Flex","Twin Strike+1"],"picked":"Heavy Blade+1","floor":30.0},{"not_picked":["Clothesline","Havoc"],"picked":"Feel No Pain","floor":31.0}],"player_experience":2102173,"relics_obtained":[{"floor":7.0,"key":"Orichalcum"},{"floor":9.0,"key":"Regal Pillow"},{"floor":11.0,"key":"Smiling Mask"},{"floor":13.0,"key":"Girya"},{"floor":25.0,"key":"The Courier"},{"floor":26.0,"key":"War Paint"},{"floor":30.0,"key":"Whetstone"}],"event_choices":[{"damage_healed":0.0,"max_hp_gain":0.0,"max_hp_loss":0.0,"gold_gain":0.0,"event_name":"FaceTrader","player_choice":"Trade","floor":12.0,"gold_loss":0.0,"damage_taken":0.0,"relics_obtained":["CultistMask"]},{"damage_healed":0.0,"max_hp_gain":0.0,"max_hp_loss":0.0,"gold_gain":50.0,"event_name":"Nest","player_choice":"Stole From Cult","floor":19.0,"gold_loss":0.0,"damage_taken":0.0},{"damage_healed":0.0,"max_hp_gain":0.0,"max_hp_loss":0.0,"gold_gain":0.0,"event_name":"Back to Basics","player_choice":"Simplicity","floor":20.0,"gold_loss":0.0,"damage_taken":0.0,"cards_upgraded":["Strike_R","Strike_R","Strike_R","Defend_R","Defend_R","Defend_R","Defend_R"]},{"damage_healed":0.0,"max_hp_gain":0.0,"max_hp_loss":0.0,"gold_gain":0.0,"event_name":"Addict","player_choice":"Obtained Relic","floor":21.0,"gold_loss":85.0,"damage_taken":0.0,"relics_obtained":["Incense Burner"]},{"damage_healed":0.0,"max_hp_gain":0.0,"max_hp_loss":0.0,"gold_gain":0.0,"event_name":"Cursed Tome","player_choice":"Ignored","floor":22.0,"gold_loss":0.0,"damage_taken":0.0}],"is_beta":false,"boss_relics":[{"not_picked":["Sozu","Runic Cube"],"picked":"Empty Cage"}],"items_purged_floors":[],"is_endless":false,"potions_floor_spawned":[4,5,10,11,13,14,18,25,29,31],"killed_by":"Automaton","ascension_level":20}}