{"host":"ss2ocoam53r2lno0","time":1611962841,"event":{"mods":["Act Like it!","BaseMod","ChefMod","Clockwork Mod","Colored Powertips","Curses Come First","Displayed Cursed Tome","Downfall","Evolution","Googly Eyes","Hallownest","Highlight Path","Minty Spire (QoL Compilation)","Poor People Problems","Rare Cards Sparkle","Reliquary","Robot Space Explorer","Shade Mod","Shop Mod","Spicy Shops","StSLib","TheSurvivalist"],"gold_per_floor":[118,118,131,131,148,148,183,183,183,183,183,183],"floor_reached":11,"language":"ENG","playtime":640,"items_purged":[],"score":142,"play_id":"3dcac4c9-a976-45af-b271-8950e39af345","local_time":"20210130002721","is_ascension_mode":true,"campfire_choices":[{"data":"Clockwork:ChargingShield","floor":6.0,"key":"SMITH"},{"data":"Clockwork:CraftMomentumEngine","floor":8,"key":"SMITH"},{"floor":10,"key":"REST"}],"circlet_count":0,"master_deck":["AscendersBane","Clockwork:Strike","Clockwork:Strike","Clockwork:Strike","Clockwork:Strike","Clockwork:Shield","Clockwork:Shield","Clockwork:Shield","Clockwork:Shield","Clockwork:Tinker","Clockwork:WarmUp","Clockwork:Handicap","Clockwork:ChargingShield+1","Clockwork:RitualDaggerMk0","Clockwork:CraftMomentumEngine+1"],"relics":["Clockwork:MomentumEngine","EVO:Axolotl","NeowsBlessing","reliquary:Stiletto","Potion Belt","Ancient Tea Set","reliquary:BoilingFlask"],"acts_visited":["Exordium"],"potions_floor_usage":[11],"damage_taken":[{"damage":0.0,"enemies":"Jaw Worm","floor":1.0,"turns":3.0},{"damage":0.0,"enemies":"Cultist","floor":3.0,"turns":1.0},{"damage":0.0,"enemies":"Small Slimes","floor":5.0,"turns":11.0},{"damage":35,"enemies":"Lagavulin","floor":7,"turns":34},{"damage":75,"enemies":"Gremlin Nob","floor":11,"turns":6}],"seed_played":"-6817318205277057491","potions_obtained":[{"floor":1.0,"key":"champ:CounterPotion"},{"floor":3.0,"key":"Dexterity Potion"},{"floor":5.0,"key":"SteroidPotion"}],"is_trial":false,"path_per_floor":["M","?","M","?","M","R","E","R","T","R","E"],"character_chosen":"CLOCKWORK","items_purchased":[],"campfire_rested":1,"item_purchase_floors":[],"current_hp_per_floor":[71,71,71,60,60,60,25,25,25,48,0,0],"gold":183,"neow_bonus":"THREE_ENEMY_KILL","is_daily":false,"chose_seed":false,"campfire_upgraded":2,"win_rate":0.0,"timestamp":1611962841,"path_taken":["M","?","?","?","M","R","E","R","T","R","E"],"items_purchased_type":[],"build_version":"2020-12-22","purchased_purges":0,"victory":false,"max_hp_per_floor":[79,79,79,79,79,79,79,79,79,79,79,79],"card_choices":[{"not_picked":["Clockwork:CraftVarja","Clockwork:Redundancy","Clockwork:Improve"],"picked":"SKIP","floor":1.0},{"not_picked":["Clockwork:CogBarrier","Clockwork:CogShield"],"picked":"Clockwork:ChargingShield","floor":3.0},{"not_picked":["Clockwork:AdaptiveShield","Clockwork:TiltAWhirl"],"picked":"Clockwork:RitualDaggerMk0","floor":5.0},{"not_picked":["Clockwork:Pluck","Clockwork:CraftSomewhatSmoothStone"],"picked":"Clockwork:CraftMomentumEngine","floor":7}],"player_experience":844913,"relics_obtained":[{"floor":7,"key":"Ancient Tea Set"},{"floor":9,"key":"reliquary:BoilingFlask"}],"event_choices":[{"damage_healed":0.0,"max_hp_gain":0.0,"max_hp_loss":0.0,"gold_gain":0.0,"event_name":"WeMeetAgain","player_choice":"Gave Potion","floor":2.0,"gold_loss":0.0,"damage_taken":0.0,"relics_obtained":["reliquary:Stiletto"]},{"damage_healed":0.0,"max_hp_gain":0.0,"max_hp_loss":0.0,"gold_gain":0.0,"event_name":"Scrap Ooze","player_choice":"Success","floor":4.0,"gold_loss":0.0,"damage_taken":11.0,"relics_obtained":["Potion Belt"]}],"is_beta":false,"boss_relics":[],"items_purged_floors":[],"is_endless":false,"potions_floor_spawned":[1,3,5],"killed_by":"Gremlin Nob","ascension_level":20}}