{"host":"ki5kvxn974a96omm","time":1611947505,"event":{"mods":["BaseMod","Colored Map","Colored Powertips","Downfall","Highlight Path","Minty Spire (QoL Compilation)","Relic Sorter","Relic Stats","StSLib"],"gold_per_floor":[349,361,376,392,405,405,405,51,51,76,76,61,61,92,117,231,243,155,187,399,421,54,54,54,54,64,64,98,118,18,28,39,143,143,43,62,78,78,178,246,246,281,292,322,334,334,354,384,403,403,403,436,57,57,57,57],"floor_reached":57,"language":"ENG","playtime":6116,"items_purged":["downfall:Aged","Pain","Slimebound:Strike_Slimebound","Slimebound:Strike_Slimebound"],"score":1324,"play_id":"68e7df7c-c2c0-4d28-af9c-f302bf8f3bfe","local_time":"20210129141145","is_ascension_mode":false,"campfire_choices":[{"data":"Slimebound:Split","floor":1,"key":"SMITH"},{"data":"Slimebound:Gluttony","floor":9,"key":"SMITH"},{"data":"Slimebound:SpikyOuterGoop","floor":11,"key":"SMITH"},{"data":"Slimebound:LeechEnergy","floor":13,"key":"SMITH"},{"data":"Slimebound:TagTeam","floor":18,"key":"SMITH"},{"floor":23,"key":"RECALL"},{"data":"Slimebound:Prepare","floor":25,"key":"SMITH"},{"data":"Slimebound:Prepare","floor":30,"key":"SMITH"},{"data":"Slimebound:Teamwork","floor":35,"key":"SMITH"},{"data":"Slimebound:LevelUp","floor":54,"key":"SMITH"}],"circlet_count":0,"master_deck":["Slimebound:Tackle","Slimebound:Defend_Slimebound","Slimebound:Defend_Slimebound","Slimebound:Defend_Slimebound","Slimebound:Defend_Slimebound","Slimebound:Split+1","Slimebound:CorrosiveSpit","Slimebound:Prepare+1","Slimebound:TongueLash","Slimebound:SlimeSpikes","Slimebound:SpikyOuterGoop+1","Slimebound:LivingWall","Slimebound:Gluttony+1","Slimebound:OozeBath","Slimebound:LeechEnergy+1","Slimebound:Dissolve","Slimebound:Prepare+1","Slimebound:Recollect","Slimebound:TagTeam+1","Slimebound:HauntingLick+1","downfall:Haunted","Slimebound:LeechEnergy+1","Slimebound:GoopSpray","Slimebound:Nibble+1","Slimebound:Teamwork+1","CurseOfTheBell","Slimebound:LevelUp+1","Slimebound:SlimeBrawl+1","Slimebound:SamplingLick+1","Slimebound:Dissolve+1","Slimebound:SamplingLick+1","Slimebound:HauntingLick+1","Slimebound:RollThrough","Slimebound:Replication+1","Slimebound:SamplingLick+1"],"relics":["Slimebound:AbsorbEndCombat","WarpedTongs","Incense Burner","MawBank","SlaversCollar","downfall:HeartBlessingGreen","Bottled Flame","Slimebound:MaxSlimesRelic","Orichalcum","downfall:HeartBlessingRed","Calling Bell","Art of War","StrikeDummy","Slimebound:SlimedTailRelic","downfall:HeartBlessingBlue","downfall:GremlinWheel","Bag of Preparation","champ:DeflectingBracers","Juzu Bracelet","Peace Pipe","Nunchaku","Toy Ornithopter","hexamod:BolsterEngine"],"acts_visited":["Exordium","TheCity","TheBeyond","TheEnding"],"potions_floor_usage":[10,10,16,33,44,45,50,56,56],"damage_taken":[{"damage":10,"enemies":"Small Slimes","floor":2,"turns":3},{"damage":3,"enemies":"Cultist","floor":3,"turns":4},{"damage":4,"enemies":"Jaw Worm","floor":4,"turns":3},{"damage":9,"enemies":"3 Louse","floor":5,"turns":3},{"damage":5,"enemies":"downfall:FleeingMerchant","floor":8,"turns":4},{"damage":20,"enemies":"Gremlin Nob","floor":10,"turns":3},{"damage":9,"enemies":"downfall:FleeingMerchant","floor":12,"turns":4},{"damage":2,"enemies":"Lagavulin","floor":14,"turns":6},{"damage":14,"enemies":"Gremlin Gang","floor":15,"turns":5},{"damage":21,"enemies":"WA_ARCHETYPE_RETAIN","floor":16,"turns":7},{"damage":17,"enemies":"Shell Parasite","floor":19,"turns":5},{"damage":16,"enemies":"Centurion and Healer","floor":21,"turns":8},{"damage":11,"enemies":"downfall:FleeingMerchant","floor":22,"turns":4},{"damage":0,"enemies":"3 Cultists","floor":26,"turns":5},{"damage":4,"enemies":"Gremlin Leader","floor":28,"turns":4},{"damage":0,"enemies":"Sentry and Sphere","floor":29,"turns":6},{"damage":0,"enemies":"Snecko","floor":31,"turns":5},{"damage":0,"enemies":"Centurion and Healer","floor":32,"turns":4},{"damage":10,"enemies":"IC_MUSHROOM_ARCHETYPE","floor":33,"turns":6},{"damage":10,"enemies":"3 Darklings","floor":36,"turns":5},{"damage":3,"enemies":"Orb Walker","floor":37,"turns":3},{"damage":2,"enemies":"Orb Walker","floor":39,"turns":4},{"damage":0,"enemies":"downfall:FleeingMerchant","floor":40,"turns":3},{"damage":0,"enemies":"Reptomancer","floor":42,"turns":5},{"damage":16,"enemies":"Transient","floor":43,"turns":5},{"damage":2,"enemies":"Nemesis","floor":44,"turns":7},{"damage":4,"enemies":"Maw","floor":45,"turns":5},{"damage":18,"enemies":"Jaw Worm Horde","floor":47,"turns":5},{"damage":15,"enemies":"Reptomancer","floor":48,"turns":5},{"damage":6,"enemies":"Transient","floor":49,"turns":5},{"damage":28,"enemies":"DF_ARCHETYPE_ORBS","floor":50,"turns":9},{"damage":35,"enemies":"downfall:CharBossMerchant","floor":52,"turns":8},{"damage":3,"enemies":"downfall:NeowBoss","floor":55,"turns":9},{"damage":38,"enemies":"downfall:NeowBossFinal","floor":56,"turns":8}],"seed_played":"-1403808139162287352","potions_obtained":[{"floor":2,"key":"AttackPotion"},{"floor":5,"key":"FearPotion"},{"floor":10,"key":"Weak Potion"},{"floor":14,"key":"SneckoOil"},{"floor":15,"key":"FairyPotion"},{"floor":21,"key":"hexamod:SoulburnPotion"},{"floor":32,"key":"DistilledChaos"},{"floor":39,"key":"Strength Potion"},{"floor":44,"key":"champ:CounterPotion"},{"floor":47,"key":"SteroidPotion"},{"floor":52,"key":"SpeedPotion"}],"is_trial":false,"path_per_floor":["R","M","M","M","M","?","T","$","R","E","R","$","R","E","M","B",null,"R","M","?","M","$","R","T","R","M","?","E","M","R","M","M","B",null,"R","M","M","?","?","$","T","E","M","E","M","?","M","E","M","B",null,"E","$","R","B","B",null],"character_chosen":"SLIMEBOUND","items_purchased":["Slimebound:Gluttony","Slimebound:OozeBath","Slimebound:LeechEnergy","Bottled Flame","Slimebound:GoopSpray","Bag of Preparation","hexamod:BolsterEngine","Ancient Potion"],"campfire_rested":0,"item_purchase_floors":[8,8,8,22,22,40,53,53],"current_hp_per_floor":[65,59,64,65,62,62,62,63,63,49,49,48,48,54,48,35,65,65,56,56,48,45,45,45,45,53,53,57,65,65,65,65,60,65,75,67,72,72,75,75,75,75,63,65,69,69,59,52,54,34,75,48,48,48,53,33],"gold":57,"neow_bonus":"TWO_FIFTY_GOLD","is_daily":false,"chose_seed":false,"campfire_upgraded":9,"win_rate":0.0,"timestamp":1611947505,"path_taken":["R","M","M","M","M","?","T","$","R","E","R","$","R","E","M","BOSS","R","M","?","M","$","R","T","R","M","?","E","M","R","M","M","BOSS","R","M","M","?","?","$","T","E","M","E","M","?","M","E","M","BOSS","E","$","R","BOSS","BOSS"],"items_purchased_type":["Card","Card","Card","Relic","Card","Relic","Relic","Potion"],"build_version":"2020-12-22","purchased_purges":4,"victory":true,"max_hp_per_floor":[65,65,65,65,65,65,65,65,65,65,65,65,65,65,65,65,65,65,65,65,65,65,65,65,65,65,65,65,65,65,65,65,65,65,75,75,75,75,75,75,75,75,75,75,75,75,75,75,75,75,75,75,75,75,75,75],"relic_stats":{"Peace Pipe":0,"Nunchaku":[6],"counters":[34,172],"Art of War":[15],"Bag of Preparation":[22],"Juzu Bracelet":1,"Orichalcum":[48],"MawBank":96,"obtain_stats":[{"downfall:HeartBlessingRed":30,"downfall:HeartBlessingGreen":18,"champ:DeflectingBracers":41,"Incense Burner":10,"Bag of Preparation":40,"Juzu Bracelet":42,"Orichalcum":28,"MawBank":14,"WarpedTongs":6,"Calling Bell":34,"Peace Pipe":44,"SlaversCollar":17,"Bottled Flame":22,"Nunchaku":48,"Slimebound:MaxSlimesRelic":24,"downfall:GremlinWheel":39,"downfall:HeartBlessingBlue":35,"Slimebound:AbsorbEndCombat":0,"Art of War":34,"hexamod:BolsterEngine":53,"StrikeDummy":34,"Slimebound:SlimedTailRelic":34,"Toy Ornithopter":52},{"downfall:HeartBlessingRed":16,"downfall:HeartBlessingGreen":10,"champ:DeflectingBracers":23,"Incense Burner":6,"Bag of Preparation":23,"Juzu Bracelet":24,"Orichalcum":15,"MawBank":8,"WarpedTongs":4,"Calling Bell":19,"Peace Pipe":26,"SlaversCollar":10,"Bottled Flame":13,"Nunchaku":29,"Slimebound:MaxSlimesRelic":13,"downfall:GremlinWheel":22,"downfall:HeartBlessingBlue":19,"Slimebound:AbsorbEndCombat":0,"Art of War":19,"hexamod:BolsterEngine":32,"StrikeDummy":19,"Slimebound:SlimedTailRelic":19,"Toy Ornithopter":32},{"downfall:HeartBlessingRed":72,"downfall:HeartBlessingGreen":41,"champ:DeflectingBracers":102,"Incense Burner":20,"Bag of Preparation":102,"Juzu Bracelet":107,"Orichalcum":66,"MawBank":29,"WarpedTongs":13,"Calling Bell":87,"Peace Pipe":118,"SlaversCollar":41,"Bottled Flame":58,"Nunchaku":133,"Slimebound:MaxSlimesRelic":58,"downfall:GremlinWheel":99,"downfall:HeartBlessingBlue":87,"Slimebound:AbsorbEndCombat":0,"Art of War":87,"hexamod:BolsterEngine":155,"StrikeDummy":87,"Slimebound:SlimedTailRelic":87,"Toy Ornithopter":155}],"Toy Ornithopter":10,"WarpedTongs":[155]},"card_choices":[{"not_picked":["Slimebound:SplitAcid","Slimebound:SplitMire"],"picked":"Slimebound:Prepare","floor":2},{"not_picked":["Slimebound:GoopTackle","Slimebound:LeechingTouch"],"picked":"Slimebound:TongueLash","floor":3},{"not_picked":["Slimebound:SplitMire","Slimebound:LeechingTouch"],"picked":"Slimebound:SlimeSpikes","floor":4},{"not_picked":["Slimebound:SplitBruiser","Slimebound:LeadByExample"],"picked":"Slimebound:SpikyOuterGoop","floor":5},{"not_picked":["Slimebound:Prepare","Slimebound:PressTheAttack"],"picked":"Slimebound:LivingWall","floor":8},{"not_picked":["Slimebound:ComboTackle","Slimebound:LeechEnergy"],"picked":"Slimebound:Dissolve","floor":10},{"not_picked":["Slimebound:RainOfGoop","Slimebound:PressTheAttack"],"picked":"Slimebound:Prepare","floor":12},{"not_picked":["Slimebound:Grow","Slimebound:SlimeSpikes","Slimebound:CheckThePlaybook"],"picked":"SKIP","floor":14},{"not_picked":["Slimebound:LevelUp","Slimebound:SlimeBrawl"],"picked":"Slimebound:Recollect","floor":15},{"not_picked":["Slimebound:DuplicatedForm","Slimebound:PrepareCrush"],"picked":"Slimebound:TagTeam","floor":16},{"not_picked":["Slimebound:SplitAcid","Slimebound:PressTheAttack+1"],"picked":"Slimebound:HauntingLick+1","floor":19},{"not_picked":["Slimebound:SplitMire+1","Slimebound:PressTheAttack"],"picked":"Slimebound:LeechEnergy+1","floor":21},{"not_picked":["Slimebound:Grow+1","Slimebound:SplitLeeching","Slimebound:Schlurp"],"picked":"SKIP","floor":22},{"not_picked":["Slimebound:SamplingLick","Slimebound:AcidTongue"],"picked":"Slimebound:Nibble+1","floor":26},{"not_picked":["Slimebound:RollThrough+1","Slimebound:FlameTackle+1","Slimebound:LeechingTouch+1"],"picked":"SKIP","floor":28},{"not_picked":["Slimebound:RollThrough+1","Slimebound:Gluttony","Slimebound:SplitBruiser"],"picked":"SKIP","floor":29},{"not_picked":["Slimebound:Schlurp","Slimebound:SplitBruiser","Slimebound:ComboTackle"],"picked":"SKIP","floor":31},{"not_picked":["Slimebound:AcidTongue","Slimebound:Grow+1","Slimebound:ItLooksTasty+1"],"picked":"SKIP","floor":32},{"not_picked":["Slimebound:FirmFortitude","Slimebound:TagTeam"],"picked":"Slimebound:Teamwork","floor":33},{"not_picked":["Slimebound:ViciousTackle+1","Slimebound:GoopSpray+1"],"picked":"Slimebound:LevelUp","floor":36},{"not_picked":["Slimebound:PressTheAttack+1","Slimebound:GoopSpray","Slimebound:Recollect+1"],"picked":"SKIP","floor":37},{"not_picked":["Slimebound:ComboTackle","Slimebound:FormOfPuddle"],"picked":"Slimebound:SlimeBrawl+1","floor":40},{"not_picked":["Slimebound:ComboTackle+1","Slimebound:OneTwoCombo"],"picked":"Slimebound:SamplingLick+1","floor":42},{"not_picked":["Slimebound:SplitBruiser","Slimebound:HauntingLick"],"picked":"Slimebound:Dissolve+1","floor":43},{"not_picked":["Slimebound:SplitBruiser","Slimebound:ForwardTackle"],"picked":"Slimebound:SamplingLick+1","floor":44},{"not_picked":["Slimebound:SlimeSpikes","Slimebound:SplitBruiser+1"],"picked":"Slimebound:HauntingLick+1","floor":45},{"not_picked":["Slimebound:GoopSpray+1","Slimebound:HauntingLick","Slimebound:PressTheAttack"],"picked":"SKIP","floor":47},{"not_picked":["Slimebound:LeechEnergy+1","Slimebound:SplitBruiser+1"],"picked":"Slimebound:Replication+1","floor":48},{"not_picked":["Slimebound:ViciousTackle+1","Slimebound:SplitSpecialist"],"picked":"Slimebound:SamplingLick+1","floor":49},{"not_picked":["Slimebound:DivideAndConquer+1","Slimebound:FlameTackle","Slimebound:PressTheAttack"],"picked":"SKIP","floor":52}],"player_experience":1918122,"relics_obtained":[{"floor":10,"key":"Incense Burner"},{"floor":14,"key":"MawBank"},{"floor":24,"key":"Slimebound:MaxSlimesRelic"},{"floor":28,"key":"Orichalcum"},{"floor":34,"key":"Art of War"},{"floor":34,"key":"StrikeDummy"},{"floor":34,"key":"Slimebound:SlimedTailRelic"},{"floor":39,"key":"downfall:GremlinWheel"},{"floor":41,"key":"champ:DeflectingBracers"},{"floor":42,"key":"Juzu Bracelet"},{"floor":44,"key":"Peace Pipe"},{"floor":48,"key":"Nunchaku"},{"floor":52,"key":"Toy Ornithopter"}],"event_choices":[{"damage_healed":0,"gold_gain":0,"player_choice":"Rummage","damage_taken":0,"relics_obtained":["WarpedTongs"],"max_hp_gain":0,"max_hp_loss":0,"event_name":"Accursed Blacksmith","floor":6,"gold_loss":0,"cards_obtained":["Pain"]},{"damage_healed":0,"gold_gain":0,"player_choice":"Ignored","damage_taken":0,"max_hp_gain":0,"max_hp_loss":0,"event_name":"Vampires","floor":27,"gold_loss":0}],"is_beta":false,"boss_relics":[{"not_picked":["Cursed Key","Slimebound:TarBlob"],"picked":"SlaversCollar"},{"not_picked":["Black Star","Runic Dome"],"picked":"Calling Bell"}],"items_purged_floors":[8,22,40,53],"is_endless":false,"potions_floor_spawned":[2,5,10,14,15,21,26,29,32,39,42,44,47,52],"ascension_level":0}}