{"host":"6p0attdrtjqaih7v","time":1611903290,"event":{"mods":["2.2 Compatiblity","AchievementEnabler","Bard","BaseMod","Better Skull","Better Third Choice","Colored Powertips","Hermit","Highlight Path","Key Reminder","Mad Scientist","Minty Spire (QoL Compilation)","Permanent Neow","Quick Restart","Random Character Button","Relic Stats","Replay The Spire","Robot Space Explorer","Shade Mod","StSLib","The Gatherer","The Hayseed"],"gold_per_floor":[115,127,127,141,141,172,172,187,211,211,224,224,224,238,238,341,341,358,358,370,382,297,326,326,354,379,391,403,25,44,59,59,59,59],"floor_reached":33,"language":"ENG","playtime":1697,"items_purged":[],"score":312,"play_id":"f9de7523-08c0-4794-96e0-f5b331fa9ffb","local_time":"20210129015450","is_ascension_mode":false,"campfire_choices":[{"data":"Shade:AncientSpear","floor":7,"key":"SMITH"},{"data":"Shade:PressTheAttack","floor":10,"key":"SMITH"},{"data":"Shade:SkeletonArmy","floor":13,"key":"SMITH"},{"data":"Shade:Bonestorm","floor":15,"key":"SMITH"},{"data":"Shade:SpectralStrikes","floor":24,"key":"SMITH"},{"floor":27,"key":"REST"},{"floor":28,"key":"REST"},{"floor":32,"key":"REST"}],"circlet_count":0,"master_deck":["Shade:Strike_Shade","Shade:Strike_Shade","Shade:Strike_Shade","Shade:Strike_Shade","Shade:Defend_Shade+1","Shade:Defend_Shade","Shade:Defend_Shade+1","Shade:Defend_Shade","Shade:AnimateDead","Shade:CarefulCut","Shade:AncientSpear+1","Shade:PressTheAttack+1","Shade:Bonestorm+1","Shade:ClawBack","Pot Of Greed","Pot Of Greed","Shade:SkeletonArmy+1","Shade:Brains","Shade:Coordination","Shade:SpectralStrikes+1","J.A.X.","Shade:SkeletonArmy+1","Shade:Bonestorm","Shade:OpenGraves","Shade:TouchOfTheGrave+1","Shade:OneIsEnough","Pot Of Greed"],"relics":["Shade:YorickSkull","ReplayTheSpireMod:TigerMarble","Pet Ghost","Grinning Jar","Black Star","WingedGreaves","Bag of Marbles","Replay:Multitool","Dream Catcher","Quantum Egg","MawBank","Turnip"],"acts_visited":["Exordium","TheCity"],"potions_floor_usage":[6,18,20,23,25,25,25,25,33,33],"damage_taken":[{"damage":0,"enemies":"Jaw Worm","floor":1,"turns":3},{"damage":0,"enemies":"Small Slimes","floor":2,"turns":4},{"damage":0,"enemies":"2 Louse","floor":4,"turns":2},{"damage":2,"enemies":"Lagavulin","floor":6,"turns":5},{"damage":0,"enemies":"Looter","floor":8,"turns":2},{"damage":0,"enemies":"2 Fungi Beasts","floor":11,"turns":3},{"damage":2,"enemies":"Exordium Thugs","floor":14,"turns":3},{"damage":11,"enemies":"Hexaghost","floor":16,"turns":8},{"damage":2,"enemies":"3 Byrds","floor":18,"turns":5},{"damage":6,"enemies":"2 Thieves","floor":20,"turns":3},{"damage":3,"enemies":"Cultist and Chosen","floor":21,"turns":4},{"damage":3,"enemies":"Gremlin Leader","floor":23,"turns":5},{"damage":36,"enemies":"Book of Stabbing","floor":25,"turns":5},{"damage":23,"enemies":"Shelled Parasite and Fungi","floor":30,"turns":4},{"damage":13,"enemies":"Chosen and Byrds","floor":31,"turns":4},{"damage":45,"enemies":"Automaton","floor":33,"turns":6}],"seed_played":"-108872906063238152","potions_obtained":[{"floor":0,"key":"Fire Potion"},{"floor":0,"key":"Block Potion"},{"floor":1,"key":"Fire Potion"},{"floor":8,"key":"EntropicBrew"},{"floor":20,"key":"Fire Potion"},{"floor":23,"key":"Fire Potion"},{"floor":30,"key":"Ancient Potion"}],"is_trial":false,"path_per_floor":["M","M","?","M","?","E","R","M","T","R","M","?","R","M","R","B",null,"M","?","M","M","?","E","R","E","T","R","R","$","M","M","R","B"],"character_chosen":"SHADE","items_purchased":["Turnip","Shade:OpenGraves"],"campfire_rested":3,"item_purchase_floors":[29,29],"current_hp_per_floor":[65,65,62,62,49,47,47,47,47,47,47,47,47,45,45,34,65,63,63,57,54,54,51,51,15,15,34,53,53,30,17,36,0,0],"gold":59,"neow_bonus":"THREE_SMALL_POTIONS","is_daily":false,"chose_seed":false,"campfire_upgraded":5,"win_rate":0.0,"timestamp":1611903290,"path_taken":["M","M","?","M","?","E","R","M","T","R","M","?","R","?","R","BOSS","M","?","M","M","?","E","R","E","T","R","R","$","M","M","R","BOSS"],"items_purchased_type":["Relic","Card"],"build_version":"2020-12-22","purchased_purges":0,"victory":false,"max_hp_per_floor":[65,65,65,65,65,65,65,65,65,65,65,65,65,65,65,65,65,65,65,65,65,65,65,65,65,65,65,65,65,65,65,65,65,65],"relic_stats":{"Dream Catcher":3,"counters":[16,66],"Turnip":[2],"Black Star":2,"MawBank":36,"obtain_stats":[{"Dream Catcher":25,"Shade:YorickSkull":0,"Quantum Egg":25,"WingedGreaves":22,"Turnip":29,"ReplayTheSpireMod:TigerMarble":3,"Black Star":17,"Bag of Marbles":23,"Replay:Multitool":23,"Grinning Jar":9,"MawBank":26,"Pet Ghost":6},{"Dream Catcher":13,"Shade:YorickSkull":0,"Quantum Egg":13,"WingedGreaves":11,"Turnip":13,"ReplayTheSpireMod:TigerMarble":2,"Black Star":8,"Bag of Marbles":12,"Replay:Multitool":12,"Grinning Jar":5,"MawBank":13,"Pet Ghost":4},{"Dream Catcher":52,"Shade:YorickSkull":0,"Quantum Egg":52,"WingedGreaves":42,"Turnip":52,"ReplayTheSpireMod:TigerMarble":7,"Black Star":30,"Bag of Marbles":47,"Replay:Multitool":47,"Grinning Jar":16,"MawBank":52,"Pet Ghost":14}]},"card_choices":[{"not_picked":["Shade:GraveStillness","Shade:BoneShards"],"picked":"Shade:AncientSpear","floor":1},{"not_picked":["Shade:Frenzy","Shade:SoulToxin"],"picked":"Shade:PressTheAttack","floor":2},{"not_picked":["Shade:AuraOfUnlife","Shade:FeralStrike"],"picked":"Shade:Bonestorm","floor":4},{"not_picked":["Shade:Excise","Shade:Asphyxiate"],"picked":"Shade:ClawBack","floor":6},{"not_picked":["Shade:CoffinDance","Shade:CallOfTheGrave","Shade:BoneShards"],"picked":"SKIP","floor":8},{"not_picked":["Shade:PressTheAttack","Shade:BoneShards"],"picked":"Shade:SkeletonArmy","floor":11},{"not_picked":["Shade:StitchTogether","Shade:CommandSoldier"],"picked":"Shade:Brains","floor":14},{"not_picked":["Shade:OneIsEnough","Shade:GreaterAnimation"],"picked":"Shade:Coordination","floor":16},{"not_picked":["Shade:Bite_Shade","Shade:FuneraryArmor"],"picked":"Shade:SpectralStrikes","floor":18},{"not_picked":["Shade:ExtraLimbs","Shade:FreshBones","Shade:FeralStrike"],"picked":"SKIP","floor":20},{"not_picked":["Shade:GreyBargain","Shade:BoneShards","Shade:SkeletonHug"],"picked":"SKIP","floor":21},{"not_picked":["Shade:Premonition+1","Shade:CommandSoldier","Shade:PotionOfRestlessness+1"],"picked":"SKIP","floor":23},{"not_picked":["Shade:PressTheAttack","Shade:FleshOffering"],"picked":"Shade:SkeletonArmy+1","floor":25},{"not_picked":["Shade:Doomsay","Shade:FuneraryJewels"],"picked":"Shade:Bonestorm","floor":28},{"not_picked":["Shade:CallWraith","Shade:Brains"],"picked":"Shade:TouchOfTheGrave+1","floor":30},{"not_picked":["Shade:ExtraLimbs","Shade:CommandSoldier","Shade:FleshToFlesh"],"picked":"SKIP","floor":31},{"not_picked":["Shade:Trample","Shade:GraveStillness"],"picked":"Shade:OneIsEnough","floor":32}],"player_experience":928917,"relics_obtained":[{"floor":6,"key":"Pet Ghost"},{"floor":9,"key":"Grinning Jar"},{"floor":23,"key":"Bag of Marbles"},{"floor":23,"key":"Replay:Multitool"},{"floor":25,"key":"Dream Catcher"},{"floor":25,"key":"Quantum Egg"},{"floor":26,"key":"MawBank"}],"event_choices":[{"damage_healed":0,"gold_gain":0,"player_choice":"Relic ","damage_taken":3,"max_hp_gain":0,"max_hp_loss":0,"event_name":"betterThird:BetterScrap","floor":3,"gold_loss":0,"cards_obtained":["Devotion"]},{"damage_healed":0,"gold_gain":0,"player_choice":"Entered Light","damage_taken":13,"max_hp_gain":0,"max_hp_loss":0,"event_name":"Shining Light","floor":5,"gold_loss":0,"cards_upgraded":["Shade:Defend_Shade","Shade:Defend_Shade"]},{"damage_healed":0,"gold_gain":0,"player_choice":"Ignored","damage_taken":0,"max_hp_gain":0,"max_hp_loss":0,"event_name":"Liars Game","floor":12,"gold_loss":0},{"damage_healed":0,"gold_gain":0,"player_choice":"Obtain J.A.X.","damage_taken":0,"max_hp_gain":0,"max_hp_loss":0,"event_name":"Drug Dealer","floor":19,"gold_loss":0,"cards_obtained":["J.A.X."]},{"damage_healed":0,"gold_gain":0,"player_choice":"Obtained Relic","damage_taken":0,"relics_obtained":["WingedGreaves"],"max_hp_gain":0,"max_hp_loss":0,"event_name":"Addict","floor":22,"gold_loss":85}],"is_beta":false,"boss_relics":[{"not_picked":["Calling Bell","Abe\u0027s Treasure"],"picked":"Black Star"}],"items_purged_floors":[],"is_endless":false,"potions_floor_spawned":[1,4,8,20,23,30],"killed_by":"Automaton","ascension_level":0}}