{"host":"ar85q1708ucjvf51","time":1611958219,"event":{"mods":["BaseMod","Minty Spire (QoL Compilation)"],"gold_per_floor":[119,134,145,145,165,165,180,199,199,213,241,253,297,327,339,351,351],"floor_reached":16,"language":"ENG","playtime":3825,"items_purged":[],"score":116,"play_id":"2e9b6597-97d0-49cd-8946-166377c7569e","local_time":"20210129171019","is_ascension_mode":false,"campfire_choices":[{"data":"Zap","floor":6,"key":"SMITH"},{"floor":12,"key":"REST"},{"floor":15,"key":"REST"}],"circlet_count":0,"master_deck":["Strike_B","Strike_B","Strike_B","Defend_B","Defend_B","Defend_B","Defend_B","Zap+1","Dualcast","Skim","Ball Lightning","Rebound","Beam Cell","Fusion","Self Repair","BootSequence","Genetic Algorithm"],"relics":["Cracked Core","Question Card","MawBank","Girya"],"acts_visited":["Exordium"],"potions_floor_usage":[11,13],"damage_taken":[{"damage":0,"enemies":"2 Louse","floor":1,"turns":2},{"damage":2,"enemies":"Cultist","floor":2,"turns":5},{"damage":6,"enemies":"Jaw Worm","floor":3,"turns":3},{"damage":12,"enemies":"Gremlin Gang","floor":5,"turns":4},{"damage":6,"enemies":"3 Louse","floor":7,"turns":3},{"damage":5,"enemies":"Looter","floor":8,"turns":3},{"damage":10,"enemies":"Lots of Slimes","floor":10,"turns":4},{"damage":29,"enemies":"Lagavulin","floor":11,"turns":7},{"damage":41,"enemies":"Gremlin Nob","floor":13,"turns":4},{"damage":2,"enemies":"2 Fungi Beasts","floor":14,"turns":4},{"damage":63,"enemies":"The Guardian","floor":16,"turns":8}],"seed_played":"-8247183858537283605","potions_obtained":[{"floor":1,"key":"Energy Potion"},{"floor":2,"key":"FairyPotion"},{"floor":7,"key":"Weak Potion"}],"is_trial":false,"path_per_floor":["M","M","M","?","M","R","M","M","T","M","E","R","E","M","R","B"],"character_chosen":"DEFECT","items_purchased":[],"campfire_rested":2,"item_purchase_floors":[],"current_hp_per_floor":[82,80,74,74,62,62,56,51,51,41,12,36,31,36,60,0,0],"gold":351,"neow_bonus":"TEN_PERCENT_HP_BONUS","is_daily":false,"chose_seed":false,"campfire_upgraded":1,"win_rate":0.0,"timestamp":1611958219,"path_taken":["M","M","M","?","M","R","M","M","T","?","E","R","E","M","R","BOSS"],"items_purchased_type":[],"build_version":"2020-12-22","purchased_purges":0,"victory":false,"max_hp_per_floor":[82,82,82,82,82,82,82,82,82,82,82,82,82,82,82,82,82],"card_choices":[{"not_picked":["Go for the Eyes","Beam Cell"],"picked":"Skim","floor":1},{"not_picked":["Redo","Gash"],"picked":"Ball Lightning","floor":2},{"not_picked":["Hello World","Blizzard"],"picked":"Rebound","floor":3},{"not_picked":["Stack","Cold Snap","Rip and Tear"],"picked":"SKIP","floor":5},{"not_picked":["Gash","Auto Shields"],"picked":"Fusion","floor":7},{"not_picked":["Rebound","Hello World","Fission"],"picked":"SKIP","floor":8},{"not_picked":["Cold Snap","Chill","Beam Cell","Go for the Eyes"],"picked":"SKIP","floor":10},{"not_picked":["Go for the Eyes","Gash","White Noise"],"picked":"Self Repair","floor":11},{"not_picked":["Fusion","Conserve Battery","Barrage"],"picked":"BootSequence","floor":13},{"not_picked":["Cold Snap","Scrape","Conserve Battery"],"picked":"Genetic Algorithm","floor":14}],"player_experience":321503,"relics_obtained":[{"floor":9,"key":"Question Card"},{"floor":11,"key":"MawBank"},{"floor":13,"key":"Girya"}],"event_choices":[{"damage_healed":0,"gold_gain":0,"cards_transformed":["Strike_B"],"player_choice":"Transformed","damage_taken":0,"max_hp_gain":0,"max_hp_loss":0,"event_name":"Transmorgrifier","floor":4,"gold_loss":0,"cards_obtained":["Beam Cell"]}],"is_beta":false,"boss_relics":[],"items_purged_floors":[],"is_endless":false,"potions_floor_spawned":[1,2,7,8],"killed_by":"The Guardian","ascension_level":0}}