{"host":"mn5kbj4x7gv3jr0o","time":1611908415,"event":{"mods":["2.2 Compatiblity","A Magickal Journey","AchievementEnabler","Ascension Reborn","Ascension Unlocker","Aspiration","BaseMod","Bestiary","Better Altar","Better Note","Better Sensory Stone","Better Silent Start","Better Skull","Better Third Choice","Better Vampires","Better-Laid Plans","BetterRewards","Block Reminder","CCEM2","Colored Powertips","Colorless Booster Pack","Conspire","Curses Come First","Dota2Spire","Downfall","Emptier Cage","Energized Spire","Fox Events","GifTheSpireLib","Halation","HololiveMod","Hubris","Infinite Spire","Ironclad Rager","Jess\u0027s Bottle","Keyboard Shortcuts","Minty Spire (QoL Compilation)","Mirrors Mod","Poem Panic","Potion Indicator Mod","Potionbrewer","Puzzle Mod","Quarter Circle Forward PUNCH!","Quick Restart","Random Character Button","RatMod","Relic Sorter","Reliquary","Retaliation","Reworked Bosses","SCP261 Mod","SacredBarkPlus","Shop Mod","Small Relic Pack","Spicy Shops","Spikes Relics","StS++","StSLib","Stuff the Spire","The Blue Laboratory","Thieving Mod","Trackpad","Uncapped","UnlockEverythingMod","Useless Jewels Mod","Virulent Crown","Weighted Paths","Wide Potions"],"gold_per_floor":[15,31,31,31,44,70,70,100,100,116,116,134,168,168,168,264,264,278,59,59,109,120,139,164,164,164,179,179,179,204,223,223,324,324,337,337,337,337,337,362,362,394,419,419,431,448,328,340,340,340,340,340,3,30,30,30],"floor_reached":55,"language":"ENG","playtime":5091,"items_purged":["Clumsy"],"score":873,"play_id":"cc877805-7f5c-46dc-b702-bd01cd58ac16","local_time":"20210129032015","is_ascension_mode":true,"campfire_choices":[{"floor":7,"key":"REST"},{"data":"Eruption","floor":11,"key":"SMITH"},{"data":"PathToVictory","floor":15,"key":"SMITH"},{"data":"ICR:HungryGhost","floor":25,"key":"SMITH"},{"data":"PathToVictory","floor":29,"key":"SMITH"},{"data":"PathToVictory","floor":32,"key":"SMITH"},{"data":"StuffTheSpire:Perfection","floor":41,"key":"SMITH"},{"floor":44,"key":"RECALL"},{"data":"PathToVictory","floor":49,"key":"SMITH"},{"data":"infinitespire:DeathsTouch","floor":52,"key":"SMITH"}],"circlet_count":0,"master_deck":["Eruption+1","Vigilance","FollowUp+1","FollowUp","FollowUp","FollowUp","ThirdEye","ThirdEye+1","ThirdEye","ThirdEye","PathToVictory+1","Pray","Tantrum","PathToVictory+1","InnerPeace","WindmillStrike","StSpp:Faith+1","infinitespire:DeathsTouch+1","Prostrate+1","StSpp:LatentStrike+1","ICR:HungryGhost+1","PathToVictory+1","PathToVictory+1","PathToVictory+1","Weave+1","Thinking Ahead"],"relics":["PureWater","Dota2Spire:LinkenSphere","hubris:Towel","CCEMRelics:FiftyFTOfRope","Meat on the Bone","hubris:Spice","qcfpunch:Combat_Fatigues","aspiration:RitualStick","Shuriken","energizedSpire:CrystalSphere","CCEMRelics:Pendulum","aspiration:HiddenCompartment","infinitespire:PuzzleCube"],"acts_visited":["Exordium","TheCity","TheBeyond","TheEnding"],"potions_floor_usage":[13,30,42,55,55],"damage_taken":[{"damage":0,"enemies":"2 Louse","floor":1,"turns":2},{"damage":0,"enemies":"Jaw Worm","floor":2,"turns":4},{"damage":0,"enemies":"Cultist","floor":5,"turns":3},{"damage":9,"enemies":"Gremlin Nob","floor":6,"turns":3},{"damage":6,"enemies":"3 Sentries","floor":8,"turns":8},{"damage":1,"enemies":"Gremlin Gang","floor":10,"turns":4},{"damage":0,"enemies":"Looter","floor":12,"turns":2},{"damage":0,"enemies":"Gremlin Nob","floor":13,"turns":2},{"damage":23,"enemies":"Hexaghost","floor":16,"turns":4},{"damage":0,"enemies":"3 Byrds","floor":18,"turns":4},{"damage":12,"enemies":"conspire:FuzzyDice","floor":22,"turns":3},{"damage":0,"enemies":"Centurion and Healer","floor":23,"turns":2},{"damage":9,"enemies":"conspire:SneckoGhost","floor":24,"turns":3},{"damage":16,"enemies":"conspire:HollyBat","floor":27,"turns":5},{"damage":0,"enemies":"Book of Stabbing","floor":30,"turns":2},{"damage":0,"enemies":"3 Cultists","floor":31,"turns":2},{"damage":12,"enemies":"Automaton","floor":33,"turns":5},{"damage":0,"enemies":"Orb Walker","floor":35,"turns":1},{"damage":0,"enemies":"Giant Head","floor":40,"turns":4},{"damage":31,"enemies":"Nemesis","floor":42,"turns":5},{"damage":0,"enemies":"3 Shapes","floor":45,"turns":4},{"damage":5,"enemies":"Writhing Mass","floor":46,"turns":2},{"damage":0,"enemies":"3 Darklings","floor":48,"turns":2},{"damage":15,"enemies":"hubris:GrandSnecko","floor":50,"turns":4},{"damage":50,"enemies":"Shield and Spear","floor":54,"turns":4},{"damage":79,"enemies":"The Heart","floor":55,"turns":3}],"seed_played":"-2382163104937034730","potions_obtained":[{"floor":4,"key":"blueLaboratory:RecallPotion"},{"floor":4,"key":"blueLaboratory:EnragingPotion"},{"floor":4,"key":"Regen Potion"},{"floor":13,"key":"blueLaboratory:LouseDecoction"},{"floor":18,"key":"blueLaboratory:MidnightOil"},{"floor":23,"key":"SCP261:BlastolaColaPotion"},{"floor":31,"key":"blueLaboratory:FrostheartPotion"},{"floor":45,"key":"blueLaboratory:PhilterOfMotion"}],"is_trial":false,"path_per_floor":["M","M","?","?","M","E","R","E","T","M","R","M","E","?","R","B",null,"M","$","?","?","M","M","E","R","T","M","?","R","E","M","R","B",null,"M","?","?","?","AVR","E","R","E","T","R","M","M","$","M","R","B",null,"R","$","E","B"],"character_chosen":"WATCHER","items_purchased":["hubris:Spice","Dota2Spire:LinkenSphere","Thinking Ahead","qcfpunch:Wrestler\u0027s_Cloak"],"campfire_rested":1,"item_purchase_floors":[19,47,53,53],"current_hp_per_floor":[47,47,47,47,47,38,57,51,51,50,50,50,58,58,58,47,81,81,73,73,73,61,61,52,52,52,36,23,23,51,51,51,53,65,65,65,57,57,57,57,57,38,38,38,38,33,33,33,33,42,57,57,57,19,0,0],"gold":30,"neow_bonus":"WATCHER_SHAOLIN","is_daily":false,"chose_seed":false,"campfire_upgraded":8,"win_rate":0.0,"timestamp":1611908415,"path_taken":["M","M","?","?","?","E","R","E","T","?","R","M","E","?","R","BOSS","M","$","?","?","M","M","E","R","T","?","?","R","E","M","R","BOSS","M","?","?","?","AVR","E","R","E","T","R","M","M","$","M","R","BOSS","R","$","E","BOSS"],"items_purchased_type":["Relic","Relic","Card","Relic"],"build_version":"2020-12-22","purchased_purges":1,"victory":false,"max_hp_per_floor":[65,65,65,65,65,65,65,65,65,65,65,65,73,73,73,73,81,81,73,73,73,73,73,65,65,65,65,65,65,65,65,65,65,65,65,65,57,57,57,57,57,57,57,57,57,57,57,57,57,57,57,57,57,57,57,57],"card_choices":[{"not_picked":["Consecrate","Adaptation"],"picked":"PathToVictory","floor":1},{"not_picked":["FearNoEvil","FlurryOfBlows"],"picked":"Pray","floor":2},{"not_picked":["WreathOfFlame","EmptyBody"],"picked":"Tantrum","floor":5},{"not_picked":["Halt","JustLucky","CutThroughFate"],"picked":"SKIP","floor":6},{"not_picked":["EmptyFist","FlyingSleeves"],"picked":"PathToVictory","floor":8},{"not_picked":["CrushJoints","Crescendo"],"picked":"InnerPeace","floor":10},{"not_picked":["SignatureMove","Meditate"],"picked":"WindmillStrike","floor":12},{"not_picked":["BowlingBash","WheelKick","StSpp:Patience"],"picked":"SKIP","floor":13},{"not_picked":["Judgement","Establishment"],"picked":"StSpp:Faith","floor":16},{"not_picked":["Consecrate","Halt","ThirdEye"],"picked":"SKIP","floor":18},{"not_picked":["JustLucky+1","FearNoEvil+1"],"picked":"Prostrate+1","floor":22},{"not_picked":["Prostrate","BowlingBash+1"],"picked":"StSpp:LatentStrike+1","floor":23},{"not_picked":["hubris:SpiceAddiction","hubris:SpiceAddiction"],"picked":"ICR:HungryGhost","floor":24},{"not_picked":["DeceiveReality","EmptyFist"],"picked":"PathToVictory","floor":27},{"not_picked":["hubris:SpiceAddiction","CrushJoints"],"picked":"PathToVictory","floor":30},{"not_picked":["Evaluate","hubris:SpiceAddiction","DeceiveReality"],"picked":"SKIP","floor":31},{"not_picked":["FollowUp","SashWhip","Consecrate+1"],"picked":"SKIP","floor":35},{"not_picked":["StuffTheSpire:Brawn","StuffTheSpire:Ambrosia"],"picked":"StuffTheSpire:Perfection","floor":36},{"not_picked":["EmptyBody+1","Adaptation+1","Conclude+1"],"picked":"SKIP","floor":40},{"not_picked":["Collect+1","LikeWater+1"],"picked":"PathToVictory","floor":42},{"not_picked":["hubris:SpiceAddiction","MentalFortress","Protect"],"picked":"SKIP","floor":45},{"not_picked":["ClearTheMind","EmptyBody+1","StSpp:Purify"],"picked":"SKIP","floor":46},{"not_picked":["Fasting2+1","Prostrate"],"picked":"Weave+1","floor":48},{"not_picked":["CarveReality","Halt+1","ReachHeaven"],"picked":"SKIP","floor":54}],"player_experience":161473,"relics_obtained":[{"floor":6,"key":"CCEMRelics:FiftyFTOfRope"},{"floor":8,"key":"Meat on the Bone"},{"floor":9,"key":"Dota2Spire:EchoSabre"},{"floor":13,"key":"hubris:Spice"},{"floor":24,"key":"hubris:Spice"},{"floor":26,"key":"qcfpunch:Combat_Fatigues"},{"floor":30,"key":"Shuriken"},{"floor":42,"key":"aspiration:HiddenCompartment"},{"floor":54,"key":"infinitespire:PuzzleCube"}],"event_choices":[{"damage_healed":0,"gold_gain":0,"player_choice":"Got Potions","damage_taken":0,"max_hp_gain":0,"max_hp_loss":0,"event_name":"Lab","floor":4,"gold_loss":0},{"cards_removed":["Eruption"],"damage_healed":0,"gold_gain":0,"player_choice":"Take \u0026 Give","damage_taken":0,"max_hp_gain":0,"max_hp_loss":0,"event_name":"betterNote:BetterNote","floor":20,"gold_loss":0,"cards_obtained":["infinitespire:DeathsTouch"]},{"damage_healed":0,"gold_gain":100,"player_choice":"Bet on Murderer","damage_taken":0,"max_hp_gain":0,"max_hp_loss":0,"event_name":"The Joust","floor":21,"gold_loss":50},{"damage_healed":0,"gold_gain":0,"player_choice":"Ignored","damage_taken":0,"max_hp_gain":0,"max_hp_loss":0,"event_name":"Tomb of Lord Red Mask","floor":38,"gold_loss":0}],"is_beta":false,"boss_relics":[{"not_picked":["hubris:Spice","Tiny House"],"picked":"hubris:Spice"},{"not_picked":["reliquary:RedPaperclip","CCEMRelics:ReaperScythe"],"picked":"energizedSpire:CrystalSphere"}],"items_purged_floors":[19],"is_endless":false,"potions_floor_spawned":[8,13,16,18,23,31,35,45,46],"killed_by":"The Heart","ascension_level":1}}