{"host":"9tzam4717zt8ei1o","time":1611890635,"event":{"mods":["BaseMod","Colored Map","Keyboard Shortcuts","Minty Spire (QoL Compilation)","Quick Restart","StSLib","SuperFastMode"],"gold_per_floor":[119,130,130,55,130,130,30,62,62,62,74,86,16,43,43,116,116,129,129,4,23,40,40,56,155,178,28,28,56,56,84,84,157,157,173,198,23,23,36,36,48,78,104,104,114,129,154,171,171,171,171,171,74,101,101,101],"floor_reached":55,"language":"KOR","playtime":1782,"items_purged":["Defend_G","Strike_G","Strike_G","Strike_G","Strike_G"],"score":1325,"play_id":"82dbb691-8d29-4a77-8bda-80fc9beb4e4c","local_time":"20210129122355","is_ascension_mode":true,"campfire_choices":[{"data":"Neutralize","floor":6.0,"key":"SMITH"},{"data":"Predator","floor":10.0,"key":"SMITH"},{"floor":15.0,"key":"REST"},{"data":"Flechettes","floor":23.0,"key":"SMITH"},{"data":"Acrobatics","floor":28.0,"key":"SMITH"},{"data":"Acrobatics","floor":30.0,"key":"SMITH"},{"floor":32.0,"key":"REST"},{"data":"1","floor":40.0,"key":"LIFT"},{"floor":49,"key":"RECALL"},{"data":"2","floor":52,"key":"LIFT"}],"circlet_count":0,"master_deck":["AscendersBane","Defend_G","Defend_G","Defend_G","Defend_G","Survivor","Neutralize+1","Backstab+1","PiercingWail","Deadly Poison","Acrobatics+1","Flechettes+1","Acrobatics+1","Madness","Madness","Backflip+1","Reflex","Impatience","Bouncing Flask+1"],"relics":["Ring of the Snake","NeowsBlessing","Regal Pillow","Sundial","Pocketwatch","Busted Crown","Orichalcum","Meat on the Bone","Singing Bowl","Black Star","Girya","White Beast Statue","Whetstone","Blue Candle","Strawberry","Snake Skull","Lizard Tail"],"acts_visited":["Exordium","TheCity","TheBeyond","TheEnding"],"potions_floor_usage":[47,55,55],"damage_taken":[{"damage":0.0,"enemies":"Jaw Worm","floor":1.0,"turns":1.0},{"damage":0.0,"enemies":"2 Louse","floor":2.0,"turns":1.0},{"damage":0.0,"enemies":"Lagavulin","floor":8.0,"turns":1.0},{"damage":0.0,"enemies":"Cultist","floor":11.0,"turns":3.0},{"damage":1.0,"enemies":"Red Slaver","floor":12.0,"turns":4.0},{"damage":32.0,"enemies":"3 Sentries","floor":14.0,"turns":7.0},{"damage":10.0,"enemies":"Slime Boss","floor":16.0,"turns":6.0},{"damage":0.0,"enemies":"3 Byrds","floor":18.0,"turns":5.0},{"damage":4.0,"enemies":"Shell Parasite","floor":21.0,"turns":7.0},{"damage":12.0,"enemies":"Snake Plant","floor":22.0,"turns":4.0},{"damage":6.0,"enemies":"Centurion and Healer","floor":24.0,"turns":6.0},{"damage":1.0,"enemies":"Gremlin Leader","floor":29.0,"turns":5.0},{"damage":12.0,"enemies":"Slavers","floor":31.0,"turns":5.0},{"damage":60.0,"enemies":"Collector","floor":33.0,"turns":10.0},{"damage":1.0,"enemies":"Orb Walker","floor":35.0,"turns":2.0},{"damage":0.0,"enemies":"Mind Bloom Boss Battle","floor":36.0,"turns":6.0},{"damage":0.0,"enemies":"3 Shapes","floor":39.0,"turns":2.0},{"damage":1.0,"enemies":"Jaw Worm Horde","floor":41.0,"turns":3.0},{"damage":3.0,"enemies":"Giant Head","floor":42.0,"turns":3.0},{"damage":26.0,"enemies":"Maw","floor":45.0,"turns":7.0},{"damage":8.0,"enemies":"Writhing Mass","floor":46.0,"turns":5.0},{"damage":30,"enemies":"Nemesis","floor":47,"turns":3},{"damage":0,"enemies":"Transient","floor":48,"turns":5},{"damage":17,"enemies":"Time Eater","floor":50,"turns":4},{"damage":54,"enemies":"Shield and Spear","floor":54,"turns":4},{"damage":98,"enemies":"The Heart","floor":55,"turns":8}],"seed_played":"-4797857975217246961","potions_obtained":[{"floor":1.0,"key":"BlessingOfTheForge"},{"floor":2.0,"key":"DistilledChaos"},{"floor":31.0,"key":"SkillPotion"},{"floor":33.0,"key":"SmokeBomb"},{"floor":35.0,"key":"Strength Potion"},{"floor":45.0,"key":"LiquidMemories"},{"floor":47,"key":"Dexterity Potion"}],"is_trial":false,"path_per_floor":["M","M","?","$","?","R","$","E","T","R","M","M","$","E","R","B",null,"M","?","$","M","M","R","M","?","T","$","R","E","R","E","R","B",null,"M","?","$","?","M","R","M","E","T","?","M","M","E","M","R","B",null,"R","$","E","B"],"character_chosen":"THE_SILENT","items_purchased":["Flechettes","Impatience"],"campfire_rested":2,"item_purchase_floors":[13,53],"current_hp_per_floor":[63,63,56,56,45,45,45,45,45,45,45,44,44,12,48,38,62,62,49,49,45,33,33,27,27,27,27,27,26,26,28,66,20,64,65,67,67,67,69,69,70,69,69,58,44,48,39,53,53,48,87,87,87,45,0,0],"gold":101,"neow_bonus":"THREE_ENEMY_KILL","is_daily":false,"chose_seed":false,"campfire_upgraded":5,"win_rate":0.0,"timestamp":1611890635,"path_taken":["M","M","?","$","?","R","$","E","T","R","M","M","?","E","R","BOSS","M","?","$","M","M","R","M","?","T","$","R","E","R","E","R","BOSS","M","?","$","?","M","R","M","E","T","?","M","M","E","M","R","BOSS","R","$","E","BOSS"],"items_purchased_type":["Card","Card"],"build_version":"2020-12-22","purchased_purges":5,"victory":false,"max_hp_per_floor":[70,70,70,70,70,70,70,70,70,70,70,70,70,70,70,70,70,70,75,75,75,75,75,75,75,75,75,75,75,75,77,77,79,79,81,83,83,83,85,85,87,89,89,89,89,89,98,100,100,100,100,100,100,100,100,100],"card_choices":[{"not_picked":["All Out Attack","Underhanded Strike"],"picked":"Backstab","floor":1.0},{"not_picked":["Dagger Spray","Skewer"],"picked":"PiercingWail","floor":2.0},{"not_picked":["Cloak And Dagger","Escape Plan"],"picked":"Predator","floor":8.0},{"not_picked":["Poisoned Stab","PiercingWail"],"picked":"Deadly Poison","floor":11.0},{"not_picked":["Terror","Outmaneuver"],"picked":"Acrobatics","floor":12.0},{"not_picked":["Endless Agony","Bullet Time","Poisoned Stab"],"picked":"SKIP","floor":14.0},{"not_picked":["Sucker Punch"],"picked":"SKIP","floor":18.0},{"not_picked":[],"picked":"Acrobatics","floor":21.0},{"not_picked":["Slice"],"picked":"SKIP","floor":22.0},{"not_picked":["Blade Dance+1"],"picked":"SKIP","floor":24.0},{"not_picked":["Caltrops"],"picked":"SKIP","floor":29.0},{"not_picked":["Quick Slash"],"picked":"Singing Bowl","floor":31.0},{"not_picked":["Night Terror"],"picked":"Singing Bowl","floor":33.0},{"not_picked":["Poisoned Stab"],"picked":"Singing Bowl","floor":35.0},{"not_picked":["Blade Dance"],"picked":"Singing Bowl","floor":36.0},{"not_picked":["Dodge and Roll"],"picked":"Singing Bowl","floor":39.0},{"not_picked":["Infinite Blades"],"picked":"Singing Bowl","floor":41.0},{"not_picked":["PiercingWail"],"picked":"Singing Bowl","floor":42.0},{"not_picked":[],"picked":"Backflip+1","floor":45.0},{"not_picked":[],"picked":"Reflex","floor":46.0},{"not_picked":["Heel Hook"],"picked":"Singing Bowl","floor":47},{"not_picked":["Riddle With Holes"],"picked":"Singing Bowl","floor":48},{"not_picked":[],"picked":"Bouncing Flask+1","floor":54}],"player_experience":107025,"relics_obtained":[{"floor":8.0,"key":"Regal Pillow"},{"floor":9.0,"key":"Sundial"},{"floor":14.0,"key":"Pocketwatch"},{"floor":26.0,"key":"Orichalcum"},{"floor":29.0,"key":"Meat on the Bone"},{"floor":31.0,"key":"Singing Bowl"},{"floor":36.0,"key":"Girya"},{"floor":42.0,"key":"White Beast Statue"},{"floor":42.0,"key":"Whetstone"},{"floor":47,"key":"Blue Candle"},{"floor":47,"key":"Strawberry"},{"floor":54,"key":"Snake Skull"},{"floor":54,"key":"Lizard Tail"}],"event_choices":[{"cards_removed":["Strike_G"],"damage_healed":0.0,"max_hp_gain":0.0,"max_hp_loss":0.0,"gold_gain":0.0,"event_name":"Golden Wing","player_choice":"Card Removal","floor":3.0,"gold_loss":0.0,"damage_taken":7.0},{"damage_healed":0.0,"max_hp_gain":0.0,"max_hp_loss":0.0,"gold_gain":75.0,"event_name":"World of Goop","player_choice":"Gather Gold","floor":5.0,"gold_loss":0.0,"damage_taken":11.0},{"damage_healed":0.0,"max_hp_gain":5.0,"max_hp_loss":0.0,"gold_gain":0.0,"event_name":"Forgotten Altar","player_choice":"Shed Blood","floor":19.0,"gold_loss":0.0,"damage_taken":18.0},{"damage_healed":0.0,"max_hp_gain":0.0,"max_hp_loss":0.0,"gold_gain":99.0,"event_name":"Nest","player_choice":"Stole From Cult","floor":25.0,"gold_loss":0.0,"damage_taken":0.0},{"damage_healed":0.0,"max_hp_gain":0.0,"max_hp_loss":0.0,"gold_gain":0.0,"event_name":"MindBloom","player_choice":"Fight","floor":36.0,"gold_loss":0.0,"damage_taken":0.0},{"cards_removed":["Predator"],"damage_healed":0.0,"max_hp_gain":0.0,"max_hp_loss":0.0,"gold_gain":0.0,"event_name":"Falling","player_choice":"Removed Attack","floor":38.0,"gold_loss":0.0,"damage_taken":0.0},{"damage_healed":0.0,"max_hp_gain":0.0,"max_hp_loss":0.0,"gold_gain":0.0,"event_name":"Winding Halls","player_choice":"Embrace Madness","floor":44.0,"gold_loss":0.0,"damage_taken":11.0,"cards_obtained":["Madness","Madness"]}],"is_beta":false,"boss_relics":[{"not_picked":["SacredBark","Ring of the Serpent"],"picked":"Busted Crown"},{"not_picked":["Cursed Key","WristBlade"],"picked":"Black Star"}],"items_purged_floors":[4,7,20,27,37],"is_endless":false,"potions_floor_spawned":[1,2,8,31,33,35,36,45,46,47,48,54],"killed_by":"The Heart","ascension_level":13}}