{"host":"pdsyh71gl8fwuuoe","time":1611901056,"event":{"mods":["AchievementEnabler","Ascension Unlocker","BaseMod","Bestiary","Colored Powertips","Curses Come First","Custom Start","Highlight Path","Minty Spire (QoL Compilation)","Permanent Neow","Quick Restart","Relic Stats","StSLib"],"gold_per_floor":[119,135,135,148,148,148,181,181,207,221,20,20,43,74,74,195,195,214,237,123,123,123,123,123],"floor_reached":23,"language":"ENG","playtime":2119,"items_purged":["Stack"],"score":299,"play_id":"252a3cc5-27d5-4d3b-97e1-257d87c022e0","local_time":"20210129011736","is_ascension_mode":true,"campfire_choices":[{"data":"Self Repair","floor":6,"key":"SMITH"},{"data":"Coolheaded","floor":8,"key":"SMITH"},{"floor":12,"key":"REST"},{"data":"Sweeping Beam","floor":15,"key":"SMITH"}],"circlet_count":0,"master_deck":["AscendersBane","Zap","Dualcast","Core Surge","Cold Snap","Barrage","Self Repair+1","Coolheaded+1","Sweeping Beam+1","Conserve Battery","Rip and Tear","Echo Form","Echo Form","Blizzard","All For One","Core Surge","Auto Shields","White Noise","Sweeping Beam","Barrage+1","Coolheaded+1","Genetic Algorithm"],"relics":["Cracked Core","Golden Idol","Lantern","DataDisk","OrangePellets","Mercury Hourglass","Pandora\u0027s Box","Enchiridion"],"acts_visited":["Exordium","TheCity"],"potions_floor_usage":[10],"damage_taken":[{"damage":4,"enemies":"Jaw Worm","floor":1,"turns":3},{"damage":14,"enemies":"2 Louse","floor":2,"turns":3},{"damage":4,"enemies":"Cultist","floor":4,"turns":3},{"damage":22,"enemies":"3 Sentries","floor":7,"turns":8},{"damage":20,"enemies":"Lots of Slimes","floor":10,"turns":5},{"damage":6,"enemies":"Blue Slaver","floor":13,"turns":3},{"damage":28,"enemies":"Gremlin Nob","floor":14,"turns":4},{"damage":16,"enemies":"Slime Boss","floor":16,"turns":11},{"damage":27,"enemies":"2 Thieves","floor":18,"turns":4},{"damage":13,"enemies":"Shell Parasite","floor":19,"turns":6},{"damage":56,"enemies":"Book of Stabbing","floor":23,"turns":5}],"seed_played":"-1906021913675347165","potions_obtained":[{"floor":4,"key":"GamblersBrew"},{"floor":7,"key":"Regen Potion"},{"floor":10,"key":"Ancient Potion"},{"floor":19,"key":"LiquidBronze"}],"is_trial":false,"path_per_floor":["M","M","?","M","?","R","E","R","T","M","$","R","M","E","R","B",null,"M","M","$","?","?","E"],"character_chosen":"DEFECT","items_purchased":["OrangePellets","Conserve Battery","Genetic Algorithm"],"campfire_rested":1,"item_purchase_floors":[11,11,20],"current_hp_per_floor":[64,50,50,46,46,46,34,34,34,38,38,58,62,44,44,38,61,54,61,61,45,45,0,0],"gold":123,"neow_bonus":"ONE_RANDOM_RARE_CARD","is_daily":false,"chose_seed":false,"campfire_upgraded":3,"win_rate":0.0,"timestamp":1611901056,"path_taken":["M","M","?","M","?","R","E","R","T","?","$","R","M","E","R","BOSS","M","?","$","?","?","E"],"items_purchased_type":["Relic","Card","Card"],"build_version":"2020-12-22","purchased_purges":1,"victory":false,"max_hp_per_floor":[75,75,69,69,69,69,69,69,69,69,69,69,69,69,69,69,69,69,69,69,69,69,69,69],"relic_stats":{"OrangePellets":[0],"counters":[11,55],"Golden Idol":57,"Pandora\u0027s Box":["Streamline","Blizzard","All For One","Core Surge","Stack","Auto Shields","White Noise","Sweeping Beam"],"obtain_stats":[{"OrangePellets":11,"Lantern":5,"DataDisk":7,"Golden Idol":3,"Enchiridion":21,"Pandora\u0027s Box":17,"Cracked Core":0,"Mercury Hourglass":14},{"OrangePellets":5,"Lantern":3,"DataDisk":4,"Golden Idol":2,"Enchiridion":10,"Pandora\u0027s Box":8,"Cracked Core":0,"Mercury Hourglass":7},{"OrangePellets":22,"Lantern":9,"DataDisk":17,"Golden Idol":6,"Enchiridion":50,"Pandora\u0027s Box":40,"Cracked Core":0,"Mercury Hourglass":29}],"Mercury Hourglass":[106]},"card_choices":[{"not_picked":["Streamline","Sunder"],"picked":"Cold Snap","floor":1},{"not_picked":["Scrape","Redo"],"picked":"Barrage","floor":2},{"not_picked":["Undo","Tempest"],"picked":"Self Repair","floor":4},{"not_picked":["Go for the Eyes","Self Repair"],"picked":"Coolheaded","floor":7},{"not_picked":["Gash","Streamline"],"picked":"Sweeping Beam","floor":10},{"not_picked":["Redo","Rebound"],"picked":"Rip and Tear","floor":13},{"not_picked":["Sunder","Go for the Eyes"],"picked":"Echo Form","floor":14},{"not_picked":["Core Surge","Reboot"],"picked":"Echo Form","floor":16},{"not_picked":["Fusion","Conserve Battery"],"picked":"Barrage+1","floor":18},{"not_picked":["Rebound","Darkness"],"picked":"Coolheaded+1","floor":19}],"player_experience":408494,"relics_obtained":[{"floor":7,"key":"DataDisk"},{"floor":14,"key":"Mercury Hourglass"},{"floor":21,"key":"Enchiridion"}],"event_choices":[{"damage_healed":0,"gold_gain":0,"player_choice":"Lose Max HP","damage_taken":0,"relics_obtained":["Golden Idol"],"max_hp_gain":0,"max_hp_loss":6,"event_name":"Golden Idol","floor":3,"gold_loss":0},{"damage_healed":0,"gold_gain":0,"player_choice":"Gave Potion","damage_taken":0,"relics_obtained":["Lantern"],"max_hp_gain":0,"max_hp_loss":0,"event_name":"WeMeetAgain","floor":5,"gold_loss":0},{"damage_healed":0,"gold_gain":0,"player_choice":"Obtained Book","damage_taken":16,"max_hp_gain":0,"max_hp_loss":0,"event_name":"Cursed Tome","floor":21,"gold_loss":0},{"cards_removed":["Streamline"],"damage_healed":0,"gold_gain":0,"player_choice":"Elegance","damage_taken":0,"max_hp_gain":0,"max_hp_loss":0,"event_name":"Back to Basics","floor":22,"gold_loss":0}],"is_beta":false,"boss_relics":[{"not_picked":["Empty Cage","Calling Bell"],"picked":"Pandora\u0027s Box"}],"items_purged_floors":[20],"is_endless":false,"potions_floor_spawned":[4,7,10,19],"killed_by":"Book of Stabbing","ascension_level":10}}