{"host":"0azimyi6n3ugndj4","time":1611955777,"event":{"mods":["2.2 Compatiblity","BaseMod","Bestiary","Conspire","Curses Come First","Defuse TimeMaze Blight","Hermit","Hubris","Hyrulean Relics","Infinite Spire","Keyboard Shortcuts","Minty Spire (QoL Compilation)","Relic Filter Mod","Relic Stats","Reliquary","Replay The Spire","StSLib","SuperFastMode","The Cursed","The Hierophant","Uncapped","¡¼?Úª?ø«¡½REMEMod"],"gold_per_floor":[133,170,170,170,320,356,445,445,504,529,50,103,279,493,493,493,493],"floor_reached":18,"language":"KOR","playtime":383,"items_purged":[],"score":450,"play_id":"876d4557-bab1-4234-9dcb-aaa77661ece2","local_time":"20210130062937","daily_mods":["Draft","Hoarder","Insanity","Chimera","Specialized","Vintage","ControlledChaos","Allstar","Diverse","Colorless Cards","Heirloom","Time Dilation","Flight","Elite Swarm","Lethality","Midas","Binary"],"is_ascension_mode":true,"campfire_choices":[],"circlet_count":0,"master_deck":["Demon Form","Wraith Form v2","Echo Form","DevaForm","AscendersBane","Bash","Survivor","Zap","Eruption","Strike_R","Strike_G","Strike_B","Defend_R","Defend_G","Defend_P","hierophant:Chorus","hierophant:Purify","REME_GreenPollution","hierophant:OrnateJavelin","TheCursedMod:SpitefulPlan","Backflip","Outmaneuver","TheCursedMod:Torture","hubris:CleavingFinish","Rip and Tear","TheCursedMod:CircleOfFocus","REME_FearOfPain","Prostrate","hermit:Snipe","Turbo","Redo","Thunderclap","Anger","ReplayTheSpireMod:Calculation Training","hermit:Manifest","Cold Snap","Pommel Strike","TheCursedMod:CursedBlade","hierophant:Mercenaries","hermit:HoleUp","Barrage","TheCursedMod:Torture","hierophant:ThreeLashes","TheCursedMod:CursedArmor","hierophant:Smite","hierophant:RepressedViolence","Seeing Red","Double Energy","REME_GreenPollution","TheCursedMod:CursedAmulet","conspire:Rain","Life Link","hierophant:Refuge","BowlingBash","Armaments","Deep Breath","TheCursedMod:SoulReap","Slice","TheCursedMod:RapidMovement","Replay:Poison Smokescreen","TheCursedMod:CircleOfCorruption","EmptyMind","hermit:Desperado","Double Energy","ReplayTheSpireMod:Dual Polarity+1","ReplayTheSpireMod:Dual Polarity+1","ReplayTheSpireMod:Dual Polarity+1","ReplayTheSpireMod:Dual Polarity+1","ReplayTheSpireMod:Dual Polarity+1","ReplayTheSpireMod:Dual Polarity+1","ReplayTheSpireMod:Dual Polarity+1","ReplayTheSpireMod:Dual Polarity+1","ReplayTheSpireMod:Dual Polarity+1","ReplayTheSpireMod:Dual Polarity+1","ReplayTheSpireMod:Dual Polarity+1","ReplayTheSpireMod:Dual Polarity+1","ReplayTheSpireMod:Dual Polarity+1","ReplayTheSpireMod:Dual Polarity+1","ReplayTheSpireMod:Dual Polarity+1","Infernal Blade","Infernal Blade","Infernal Blade","Underhanded Strike","Underhanded Strike","Underhanded Strike","Redo","Redo","Redo","hermit:CalledShot","hermit:CalledShot","hermit:CalledShot","TheCursedMod:SmokeScreen","TheCursedMod:SmokeScreen","TheCursedMod:SmokeScreen","ThirdEye","ThirdEye","ThirdEye","hermit:Snipe","hermit:Snipe","hermit:Snipe","TheCursedMod:Wield","TheCursedMod:Wield","TheCursedMod:Wield","Ball Lightning","Ball Lightning","Ball Lightning","Wireheading","Wireheading","Wireheading","REME_Cut","REME_Cut","REME_Cut","PiercingWail","PiercingWail","PiercingWail","hermit:SprayPray","hermit:SprayPray","hermit:SprayPray","FearNoEvil","FearNoEvil","FearNoEvil","PiercingWail","PiercingWail","PiercingWail","REME_CRH","REME_CRH","REME_CRH","Doubt","Doubt","Doubt"],"relics":["hierophant:PropheticMaskRelic","Frozen Eye","Busted Crown","REME_ComplimentaryCards","hubris:Teleporter","infinitespire:Lychee Nut","Happy Flower","reliquary:Knoch","Golden Idol","Replay:Bottled Eggs","Pocketwatch","zeldaRelics:CouragePiece","Tiny Chest","reliquary:WeakTea","reliquary:BrokenClock","Orichalcum","hubris:Spice","REME_DemonsWealth"],"acts_visited":["Exordium","TheCity"],"potions_floor_usage":[16,18],"damage_taken":[{"damage":0.0,"enemies":"Cultist","floor":1.0,"turns":2.0},{"damage":0.0,"enemies":"2 Louse","floor":2.0,"turns":2.0},{"damage":3.0,"enemies":"Small Slimes","floor":7.0,"turns":3.0},{"damage":26.0,"enemies":"conspire:MimicChest","floor":8.0,"turns":4.0},{"damage":16.0,"enemies":"Exordium Wildlife","floor":11.0,"turns":4.0},{"damage":0.0,"enemies":"2 Fungi Beasts","floor":14.0,"turns":1.0},{"damage":15,"enemies":"3 Sentries","floor":15,"turns":4},{"damage":3,"enemies":"Fading Forest","floor":16,"turns":13},{"damage":60,"enemies":"3 Byrds","floor":18,"turns":2}],"seed_played":"6492462752174669398","potions_obtained":[{"floor":1.0,"key":"LiquidBronze"},{"floor":2.0,"key":"BlessingOfTheForge"},{"floor":15,"key":"Fire Potion"}],"is_trial":true,"path_per_floor":["M","M","?","?","?","M","?","?","M","T","$","M","R","B",null,"M"],"character_chosen":"HIEROPHANT","items_purchased":["Tiny Chest","reliquary:WeakTea","reliquary:BrokenClock"],"campfire_rested":0,"item_purchase_floors":[13,13,13],"current_hp_per_floor":[56,56,56,37,37,39,19,19,9,9,9,9,16,19,53,0,0],"gold":493,"neow_bonus":"","is_daily":false,"chose_seed":false,"campfire_upgraded":0,"win_rate":0.0,"timestamp":1611955777,"path_taken":["M","?","?","?","?","?","?","?","M","?","$","?","R","BOSS","M"],"items_purchased_type":["Relic","Relic","Relic"],"build_version":"2020-12-22","purchased_purges":0,"victory":false,"max_hp_per_floor":[56,56,56,56,56,56,56,56,56,56,56,56,64,64,64,64,64],"relic_stats":{"Busted Crown":22,"Happy Flower":[10],"counters":[9,35],"Golden Idol":59,"Tiny Chest":0,"Orichalcum":[30],"obtain_stats":[{"hubris:Teleporter":0,"Happy Flower":2,"Golden Idol":4,"hierophant:PropheticMaskRelic":0,"reliquary:WeakTea":13,"Orichalcum":14,"Frozen Eye":0,"REME_DemonsWealth":17,"Busted Crown":0,"infinitespire:Lychee Nut":1,"hubris:Spice":15,"Tiny Chest":13,"zeldaRelics:CouragePiece":12,"reliquary:BrokenClock":13,"reliquary:Knoch":3,"Replay:Bottled Eggs":7,"REME_ComplimentaryCards":0,"Pocketwatch":8},{"hubris:Teleporter":0,"Happy Flower":2,"Golden Idol":2,"hierophant:PropheticMaskRelic":0,"reliquary:WeakTea":5,"Orichalcum":6,"Frozen Eye":0,"REME_DemonsWealth":8,"Busted Crown":0,"infinitespire:Lychee Nut":1,"hubris:Spice":6,"Tiny Chest":5,"zeldaRelics:CouragePiece":5,"reliquary:BrokenClock":5,"reliquary:Knoch":2,"Replay:Bottled Eggs":3,"REME_ComplimentaryCards":0,"Pocketwatch":4},{"hubris:Teleporter":0,"Happy Flower":4,"Golden Idol":4,"hierophant:PropheticMaskRelic":0,"reliquary:WeakTea":15,"Orichalcum":16,"Frozen Eye":0,"REME_DemonsWealth":33,"Busted Crown":0,"infinitespire:Lychee Nut":2,"hubris:Spice":16,"Tiny Chest":15,"zeldaRelics:CouragePiece":15,"reliquary:BrokenClock":15,"reliquary:Knoch":4,"Replay:Bottled Eggs":7,"REME_ComplimentaryCards":0,"Pocketwatch":11}],"Pocketwatch":[8]},"card_choices":[{"not_picked":["Replay:Poison Smokescreen","Wild Strike"],"picked":"Infernal Blade","floor":0.0},{"not_picked":["hierophant:Remorse","ReplayTheSpireMod:Limb From Limb"],"picked":"Underhanded Strike","floor":0.0},{"not_picked":["Eviscerate","hermit:LowProfile"],"picked":"Redo","floor":0.0},{"not_picked":["Halt","TheCursedMod:CircleOfCorruption"],"picked":"hermit:CalledShot","floor":0.0},{"not_picked":["hermit:Shortfuse","EmptyFist"],"picked":"TheCursedMod:SmokeScreen","floor":0.0},{"not_picked":["Thunderclap","BowlingBash"],"picked":"ThirdEye","floor":0.0},{"not_picked":["TheCursedMod:TacticalStrike","hierophant:OrnateBuckler"],"picked":"hermit:Snipe","floor":0.0},{"not_picked":["Pommel Strike","TheCursedMod:CircleOfFlame"],"picked":"TheCursedMod:Wield","floor":0.0},{"not_picked":["ReplayTheSpireMod:GoodbyeWorld","Headbutt"],"picked":"Ball Lightning","floor":0.0},{"not_picked":["REME_Repentance","TheCursedMod:CircleOfWindfury"],"picked":"Wireheading","floor":0.0},{"not_picked":["Doom and Gloom","hermit:TrackingShot"],"picked":"REME_Cut","floor":0.0},{"not_picked":["hubris:PowerSurge","Turbo"],"picked":"PiercingWail","floor":0.0},{"not_picked":["Replay:AtTheReady","hierophant:FlamingChariot"],"picked":"hermit:SprayPray","floor":0.0},{"not_picked":["TheCursedMod:RapidMovement","Pommel Strike"],"picked":"FearNoEvil","floor":0.0},{"not_picked":["hermit:HighCaliber","BootSequence"],"picked":"PiercingWail","floor":0.0}],"player_experience":1575528,"relics_obtained":[{"floor":1.0,"key":"infinitespire:Lychee Nut"},{"floor":2.0,"key":"Happy Flower"},{"floor":3.0,"key":"reliquary:Knoch"},{"floor":7.0,"key":"Replay:Bottled Eggs"},{"floor":8.0,"key":"Pocketwatch"},{"floor":12.0,"key":"zeldaRelics:CouragePiece"},{"floor":14.0,"key":"Orichalcum"}],"event_choices":[{"damage_healed":0.0,"max_hp_gain":0.0,"max_hp_loss":0.0,"gold_gain":0.0,"event_name":"Golden Idol","player_choice":"Take Damage","floor":4.0,"gold_loss":0.0,"damage_taken":19.0,"relics_obtained":["Golden Idol"]},{"damage_healed":0.0,"max_hp_gain":0.0,"max_hp_loss":0.0,"gold_gain":150.0,"event_name":"Liars Game","player_choice":"AGREE","floor":5.0,"gold_loss":0.0,"damage_taken":0.0,"cards_obtained":["Doubt"]},{"damage_healed":0,"gold_gain":0,"player_choice":"Searched \u00273\u0027 times","damage_taken":0,"relics_obtained":["hubris:Spice"],"max_hp_gain":0,"max_hp_loss":0,"event_name":"Dead Adventurer","floor":15,"gold_loss":0}],"is_beta":false,"boss_relics":[{"not_picked":["Kintsugi","Replay:Ancient Bell"],"picked":"REME_DemonsWealth"}],"items_purged_floors":[],"is_endless":false,"potions_floor_spawned":[1,2,11,14,15],"killed_by":"3 Byrds","ascension_level":20}}