{"host":"juoup3p5tvzzktl5","time":1611885248,"event":{"mods":["ATMod(∞¢Ë™Mod)","Aspiration","BaseMod","Better Vampires","BetterRewards","Colored Map","Colored Powertips","Friendly Minions","GifTheSpireLib","Hermit","Hubris","Infinite Spire","KinomotoSakuraMod(ƒæ÷Æ±æ”£)","Koishi","KomeijiMod","Marisa£®ÏF”Í°°ƒß¿Ì…≥£©","Minty Spire (QoL Compilation)","Quick Restart","Reimu£®≤©¿ˆ¡È√Œ£©","Relic Filter Mod","Reliquary","Replay The Spire","Shop Mod","StSLib","The Administrix","The Alterego","The Bug Knight","The Construct","The Cursed","The Jungle","The Mystic","The Runesmith","The Senshi","Youmu£®ªÍ∆«—˝√Œ£©","Yuyuko"],"gold_per_floor":[114,114,128,178,193,222,222,254,281,291,15,15,40,51,51,51,51],"floor_reached":16,"language":"ZHS","playtime":1441,"items_purged":["Strike_R","Strike_R"],"score":220,"play_id":"60a33242-cd5d-41e6-8c6a-4e2ab99eafdd","local_time":"20210129105408","is_ascension_mode":true,"campfire_choices":[{"data":"Body Slam","floor":7.0,"key":"SMITH"},{"floor":12.0,"key":"REST"},{"data":"Jack Of All Trades","floor":15,"key":"SMITH"}],"circlet_count":0,"master_deck":["AscendersBane","Strike_R","Strike_R","Strike_R","Defend_R","Defend_R","Defend_R","Defend_R","Bash","Wild Strike","Flex","Pommel Strike","Body Slam+1","Feel No Pain","Havoc","Havoc","Master of Strategy","Jack Of All Trades+1","hubris:CleavingFinish"],"relics":["Burning Blood","AT_ATBox","Orichalcum","reliquary:BoilingFlask","Mastiff:ReiMu","hubris:ToyBattleship","ReplayTheSpireMod:ShopPack","hubris:SlimyHat"],"acts_visited":["Exordium"],"potions_floor_usage":[],"damage_taken":[{"damage":2.0,"enemies":"Cultist","floor":1.0,"turns":4.0},{"damage":4.0,"enemies":"Small Slimes","floor":3.0,"turns":4.0},{"damage":12.0,"enemies":"Jaw Worm","floor":5.0,"turns":4.0},{"damage":30.0,"enemies":"3 Sentries","floor":6.0,"turns":12.0},{"damage":24.0,"enemies":"Lagavulin","floor":8.0,"turns":6.0},{"damage":10.0,"enemies":"Blue Slaver","floor":10.0,"turns":3.0},{"damage":5,"enemies":"Looter","floor":14,"turns":3},{"damage":49,"enemies":"Fading Forest","floor":16,"turns":7}],"seed_played":"7818013188587908807","potions_obtained":[{"floor":3.0,"key":"Elixir"},{"floor":10.0,"key":"Elixir"},{"floor":14,"key":"BlessingOfTheForge"}],"is_trial":false,"path_per_floor":["M","?","M","?","M","E","R","E","T","M","$","R","T","M","R","B"],"character_chosen":"IRONCLAD","items_purchased":["ReplayTheSpireMod:ShopPack","Havoc"],"campfire_rested":1,"item_purchase_floors":[11,11],"current_hp_per_floor":[72,67,69,69,63,39,39,21,21,17,17,39,39,40,40,0,0],"gold":51,"neow_bonus":"","is_daily":false,"chose_seed":false,"campfire_upgraded":2,"win_rate":0.0,"timestamp":1611885248,"path_taken":["M","?","M","?","?","E","R","E","T","M","$","R","?","M","R","BOSS"],"items_purchased_type":["Relic","Card"],"build_version":"2020-12-22","purchased_purges":2,"victory":false,"max_hp_per_floor":[75,75,75,75,75,75,75,75,75,75,75,75,75,75,75,75,75],"card_choices":[{"not_picked":["Sentinel","Replay:Undeath\u0027s Touch"],"picked":"Wild Strike","floor":1.0},{"not_picked":["ReplayTheSpireMod:Corrosion Curse","ReplayTheSpireMod:Limb From Limb"],"picked":"Flex","floor":3.0},{"not_picked":["Cleave","True Grit"],"picked":"Pommel Strike","floor":5.0},{"not_picked":["Reckless Charge","Anger"],"picked":"Body Slam","floor":6.0},{"not_picked":["Intimidate","AT_BodySlamDance"],"picked":"Feel No Pain","floor":8.0},{"not_picked":["Clash","ReplayTheSpireMod:Corrosion Curse","Pommel Strike"],"picked":"SKIP","floor":10.0},{"not_picked":["Madness","Replay:Bootleg Shield Generator"],"picked":"Master of Strategy","floor":11.0},{"not_picked":["Forethought","Replay:Bootleg Shield Generator"],"picked":"Jack Of All Trades","floor":11.0},{"not_picked":["Uppercut","Replay:Undeath\u0027s Touch"],"picked":"hubris:CleavingFinish","floor":14}],"player_experience":1080483,"relics_obtained":[{"floor":6.0,"key":"reliquary:BoilingFlask"},{"floor":8.0,"key":"Mastiff:ReiMu"},{"floor":9.0,"key":"hubris:ToyBattleship"},{"floor":13.0,"key":"hubris:SlimyHat"}],"event_choices":[{"damage_healed":0.0,"max_hp_gain":0.0,"max_hp_loss":0.0,"gold_gain":0.0,"event_name":"Scrap Ooze","player_choice":"Success","floor":2.0,"gold_loss":0.0,"damage_taken":5.0,"relics_obtained":["Orichalcum"]},{"damage_healed":0.0,"max_hp_gain":0.0,"max_hp_loss":0.0,"gold_gain":50.0,"event_name":"Golden Shrine","player_choice":"Pray","floor":4.0,"gold_loss":0.0,"damage_taken":0.0}],"is_beta":false,"boss_relics":[],"items_purged_floors":[0,11],"is_endless":false,"potions_floor_spawned":[3,10,14],"killed_by":"Fading Forest","ascension_level":20}}