{"host":"k2mw1od0xoi9pcfj","time":1611889179,"event":{"mods":["100% Spire Juice","Act Like it!","Aspiration","BaseMod","Beaked The Cultist","Downfall","Energized Spire","Hermit","Highlight Path","Minty Spire (QoL Compilation)","Permanent Neow","Relic Stats","Replay The Spire","Retaliation","StSLib","TheHeartMod"],"gold_per_floor":[110,122,122,133,133,168,185,185,208,236,254,265,276,276,276,374,374,394,394,240,257,257,285,285,285,285],"floor_reached":25,"language":"ENG","playtime":1578,"items_purged":[],"score":233,"play_id":"9452548c-ab78-4373-a4ba-24fda9026eb3","local_time":"20210128205939","is_ascension_mode":false,"campfire_choices":[{"floor":8,"key":"RECALL"},{"data":"beaked:SacrificialScars","floor":24,"key":"SMITH"}],"circlet_count":0,"master_deck":["beaked:Strike_Y","beaked:Strike_Y","beaked:Strike_Y","beaked:Strike_Y","beaked:Strike_Y","beaked:Defend_Y","beaked:Defend_Y","beaked:Defend_Y","beaked:Defend_Y","beaked:Ceremony","beaked:Ceremony","beaked:Ceremony","Finesse+1","beaked:Evade","beaked:BraceForImpact","beaked:Recite","ReplayTheSpireMod:Prepare the Ceremony","beaked:TuckingFeathers","beaked:MimicMachine+1","beaked:Evade","beaked:SacrificialScars+1","Capacitor+1"],"relics":["beaked:MendingPlumage","Replay:Baseball","Potion Belt","aspiration:DefectSkillbook","ReplayTheSpireMod:Ring of Collecting","ReplayTheSpireMod:Ring of Addiction","SacredBark","Toy Ornithopter","Oddly Smooth Stone","Simple Rune"],"acts_visited":["Exordium","TheCity"],"potions_floor_usage":[10,21,23],"damage_taken":[{"damage":9,"enemies":"2 Louse","floor":1,"turns":4},{"damage":10,"enemies":"Cultist","floor":2,"turns":5},{"damage":7,"enemies":"Small Slimes","floor":4,"turns":5},{"damage":52,"enemies":"3 Sentries","floor":6,"turns":10},{"damage":13,"enemies":"Gremlin Gang","floor":7,"turns":5},{"damage":37,"enemies":"Gremlin Nob","floor":10,"turns":5},{"damage":1,"enemies":"Exordium Wildlife","floor":11,"turns":3},{"damage":13,"enemies":"3 Louse","floor":12,"turns":4},{"damage":17,"enemies":"2 Fungi Beasts","floor":13,"turns":6},{"damage":29,"enemies":"Slime Boss","floor":16,"turns":7},{"damage":26,"enemies":"Shell Parasite","floor":18,"turns":6},{"damage":39,"enemies":"3 Byrds","floor":21,"turns":5},{"damage":27,"enemies":"Replay:Snechameleon","floor":23,"turns":6},{"damage":34,"enemies":"Sentry and Sphere","floor":25,"turns":4}],"seed_played":"-4911892011621081229","potions_obtained":[{"floor":2,"key":"hexamod:SoulburnPotion"},{"floor":10,"key":"EssenceOfSteel"},{"floor":11,"key":"Languid Potion"},{"floor":13,"key":"FearPotion"},{"floor":18,"key":"Languid Potion"},{"floor":19,"key":"Reflective Coating"},{"floor":21,"key":"Strength Potion"}],"is_trial":false,"path_per_floor":["M","M","?","M","$","E","M","R","T","E","M","M","M","?","R","B",null,"M","?","$","M","?","E","R","M"],"character_chosen":"BEAKED_THE_CULTIST","items_purchased":["Oddly Smooth Stone"],"campfire_rested":0,"item_purchase_floors":[20],"current_hp_per_floor":[50,50,50,50,50,31,46,46,46,27,41,50,49,49,50,44,50,36,36,36,21,21,23,23,0,0],"gold":285,"neow_bonus":"RANDOM_COLORLESS","is_daily":false,"chose_seed":false,"campfire_upgraded":1,"win_rate":0.0,"timestamp":1611889179,"path_taken":["M","M","?","M","$","E","M","R","T","E","?","M","?","?","R","BOSS","M","?","$","M","?","E","R","M"],"items_purchased_type":["Relic"],"build_version":"2020-12-22","purchased_purges":0,"victory":false,"max_hp_per_floor":[50,50,50,50,50,50,50,50,50,50,50,50,50,50,50,50,50,52,52,52,54,54,56,56,59,59],"relic_stats":{"counters":[14,75],"obtain_stats":[{"Potion Belt":10,"Replay:Baseball":6,"aspiration:DefectSkillbook":17,"ReplayTheSpireMod:Ring of Collecting":19,"ReplayTheSpireMod:Ring of Addiction":19,"SacredBark":19,"Oddly Smooth Stone":20,"Simple Rune":23,"beaked:MendingPlumage":0,"Toy Ornithopter":19},{"Potion Belt":6,"Replay:Baseball":4,"aspiration:DefectSkillbook":10,"ReplayTheSpireMod:Ring of Collecting":11,"ReplayTheSpireMod:Ring of Addiction":11,"SacredBark":11,"Oddly Smooth Stone":11,"Simple Rune":13,"beaked:MendingPlumage":0,"Toy Ornithopter":11},{"Potion Belt":34,"Replay:Baseball":24,"aspiration:DefectSkillbook":54,"ReplayTheSpireMod:Ring of Collecting":60,"ReplayTheSpireMod:Ring of Addiction":60,"SacredBark":60,"Oddly Smooth Stone":60,"Simple Rune":71,"beaked:MendingPlumage":0,"Toy Ornithopter":60}],"Toy Ornithopter":10},"card_choices":[{"not_picked":["Replay:BasicMightCard","Survey Options"],"picked":"Finesse","floor":0},{"not_picked":["beaked:Tradeoff","beaked:Cower"],"picked":"beaked:Evade","floor":1},{"not_picked":["beaked:HuntressSpirit","beaked:Tweet"],"picked":"beaked:BraceForImpact","floor":2},{"not_picked":["beaked:DarkTribute","beaked:DigDeep"],"picked":"ReplayTheSpireMod:Prepare the Ceremony","floor":4},{"not_picked":["beaked:Cower","beaked:FeelMyPain","beaked:Evade"],"picked":"SKIP","floor":6},{"not_picked":["beaked:Redirect","beaked:Resilience","beaked:Poke"],"picked":"SKIP","floor":7},{"not_picked":["beaked:Redirect","beaked:Struggle","beaked:CursingBlood"],"picked":"SKIP","floor":10},{"not_picked":["beaked:Evade","beaked:FeelMyPain"],"picked":"beaked:TuckingFeathers","floor":11},{"not_picked":["beaked:Insight","beaked:Tweet"],"picked":"beaked:MimicMachine","floor":12},{"not_picked":["beaked:Redirect","beaked:Resilience"],"picked":"beaked:Evade","floor":13},{"not_picked":["beaked:Brainwash","beaked:Sacrifice"],"picked":"beaked:SacrificialScars","floor":16},{"not_picked":["Leap","Double Energy","BasicCrystalCard+1","beaked:Recite"],"picked":"SKIP","floor":18},{"not_picked":["beaked:FeelMyPain","Ball Lightning","beaked:Cower","beaked:Resilience"],"picked":"SKIP","floor":21},{"not_picked":["beaked:MimicWarrior+1","beaked:Brace","Sweeping Beam"],"picked":"Capacitor+1","floor":23}],"player_experience":871403,"relics_obtained":[{"floor":6,"key":"Replay:Baseball"},{"floor":10,"key":"Potion Belt"},{"floor":19,"key":"ReplayTheSpireMod:Ring of Collecting"},{"floor":19,"key":"ReplayTheSpireMod:Ring of Addiction"},{"floor":19,"key":"SacredBark"},{"floor":19,"key":"Toy Ornithopter"},{"floor":23,"key":"Simple Rune"}],"event_choices":[{"damage_healed":0,"gold_gain":0,"cards_transformed":["beaked:Strike_Y"],"player_choice":"Transformed","damage_taken":0,"max_hp_gain":0,"max_hp_loss":0,"event_name":"Transmorgrifier","floor":3,"gold_loss":0,"cards_obtained":["beaked:Recite"]},{"damage_healed":0,"gold_gain":0,"player_choice":"Simplicity","damage_taken":0,"max_hp_gain":0,"max_hp_loss":0,"event_name":"Back to Basics","floor":22,"gold_loss":0,"cards_upgraded":["beaked:Strike_Y","beaked:Strike_Y","beaked:Strike_Y","beaked:Strike_Y","beaked:Strike_Y","beaked:Defend_Y","beaked:Defend_Y","beaked:Defend_Y","beaked:Defend_Y"]}],"is_beta":false,"boss_relics":[{"not_picked":["Replay:Ancient Bell","Replay:Grab Bag"],"picked":"aspiration:DefectSkillbook"}],"items_purged_floors":[],"is_endless":false,"potions_floor_spawned":[2,10,11,13,18,21],"killed_by":"Sentry and Sphere","ascension_level":0}}