{"host":"a49aoqbkajnlmy9c","time":1611901106,"event":{"mods":["100% Spire Juice","2.2 Compatiblity","AchievementEnabler","Act Like it!","AlwaysNeverKeys","Arknights The Spire","BaseMod","Better Altar","Better Match","Better Note","Better Sensory Stone","Better Silent Start","Better Skull","Better Third Choice","BetterRewards","Block Reminder","CapriCore","Colored Map","Colored Powertips","Downfall","Emptier Cage","Friendly Minions","Gensokyo","GifTheSpireLib","Gremlin Skip","Halation","HololiveMod","Hubris","Hyrulean Relics","Infinite Spire","Ironclad Rager","Marisa????????","Minty Spire (QoL Compilation)","Prisma Mod","Quarter Circle Forward PUNCH!","Quick Restart","Random Character Button","Reimu??????","Relic Filter","Reorder Act Four","StSLib","The Alterego","The Animator","The Immortal","TheSwordswoman","Transform Curses","Treasure Hunter","Unceasing Turn Reminder","Useless Jewels Mod","Virulent Crown","Waifu the Spire","WarShipGirlsR/????R mod","Yohane!","Yuyuko"],"gold_per_floor":[118,138,138,98,98,124,140,140,140,160,83,100,118,129,129,232,232,248,248,248,261,278,278,290,290,290,309,309,309,309,325,325,428,428,439,454,454,508,525,525,557,266,266,276,276,289,303,340,340,346,346,5,5,37,154],"floor_reached":56,"language":"ENG","playtime":7100,"items_purged":["blazmod:Kyokasuigetsu"],"score":1413,"play_id":"c10575d2-3756-445e-8442-fdf06a1a5de8","local_time":"20210129011826","is_ascension_mode":false,"campfire_choices":[{"data":"blazmod:DanceOfTheGods","floor":8,"key":"SMITH"},{"floor":15,"key":"REST"},{"floor":23,"key":"REST"},{"data":"blazmod:StanceChange","floor":28,"key":"SMITH"},{"floor":32,"key":"REST"},{"data":"blazmod:NaturesBeauty","floor":40,"key":"SMITH"},{"floor":49,"key":"RECALL"},{"data":"blazmod:StanceChange","floor":53,"key":"SMITH"}],"circlet_count":0,"master_deck":["blazmod:Strike","blazmod:Strike","blazmod:Defend","blazmod:Defend","blazmod:ButterflyEffect+1","blazmod:MyEverything","blazmod:DanceOfTheGods+1","blazmod:CastAwayDew","blazmod:FleetOfFoot","blazmod:Trasient","blazmod:OpenSpirit","blazmod:KatanaStrike","blazmod:TravelJournal","blazmod:Crosscut","blazmod:ApexLegends","blazmod:FortifiedVigor","blazmod:Trasient","blazmod:Trasient","blazmod:CrescentMoon","blazmod:OneWithNature","blazmod:BladeOfEnlightenment","blazmod:Swordstorm+1","blazmod:MoonlightBlossoms+1","blazmod:Swordstorm+1","infinitespire:Collect","blazmod:Quickdraw","blazmod:ClearTheMind","blazmod:QuickBlade","blazmod:Swordstorm+1","blazmod:StanceChange+1","blazmod:StanceChange+1","blazmod:StanceChange+1","blazmod:TandenKatsu","blazmod:Trasient","blazmod:StanceChange+1","blazmod:RevolvingPhoenix+1","blazmod:NaturesBeauty+1","blazmod:FleetOfFoot+1","blazmod:PerennialBeauty","AscendersBane","Madness","blazmod:FleetOfFoot+1","blazmod:FlashRock","blazmod:FleetingDawn","blazmod:FortifiedVigor","blazmod:DrippingWaterHollowsStone","blazmod:PerennialBeauty","blazmod:FleetOfFoot+1","blazmod:FleetingDawn+1","blazmod:FleetOfFoot+1","blazmod:FlashRock+1","blazmod:Observant+1","blazmod:LoveAndHonor+1","blazmod:StanceChange+1","blazmod:ApexLegends+1"],"relics":["blazmod:Venustas","NeowsBlessing","PaintedHorse:ReiMu","hubris:Towel","Prayer Wheel","blazmod:EightLifeKatana","hubris:VirtuousBlindfold","Astrolabe","uselessJewelsMod:UselessJewelsRelic","Nilry\u0027s Codex","hubris:Icosahedron","Coffee Dripper","CatCart","Bag of Preparation","hubris:SlimyHat","halation:IllGainedPizza","infinitespire:FocusingShard","hubris:CuriousFeather","hubris:DisguiseKit"],"acts_visited":["Exordium","TheCity","TheBeyond","TheEnding"],"potions_floor_usage":[27],"damage_taken":[{"damage":0,"enemies":"Small Slimes","floor":1,"turns":1},{"damage":0,"enemies":"Jaw Worm","floor":2,"turns":1},{"damage":0,"enemies":"Gremlin Nob","floor":6,"turns":1},{"damage":0,"enemies":"2 Louse","floor":7,"turns":3},{"damage":9,"enemies":"Exordium Thugs","floor":10,"turns":4},{"damage":2,"enemies":"Looter","floor":12,"turns":3},{"damage":13,"enemies":"Lots of Slimes","floor":13,"turns":4},{"damage":11,"enemies":"Blue Slaver","floor":14,"turns":2},{"damage":11,"enemies":"Slime Boss","floor":16,"turns":8},{"damage":30,"enemies":"Shell Parasite","floor":18,"turns":6},{"damage":0,"enemies":"3 Byrds","floor":21,"turns":2},{"damage":18,"enemies":"Shelled Parasite and Fungi","floor":22,"turns":3},{"damage":6,"enemies":"3 Cultists","floor":24,"turns":3},{"damage":12,"enemies":"Centurion and Healer","floor":27,"turns":3},{"damage":15,"enemies":"Snake Plant","floor":31,"turns":3},{"damage":12,"enemies":"Collector","floor":33,"turns":7},{"damage":8,"enemies":"3 Shapes","floor":35,"turns":2},{"damage":7,"enemies":"Orb Walker","floor":36,"turns":2},{"damage":0,"enemies":"Orin","floor":38,"turns":6},{"damage":0,"enemies":"Maw","floor":39,"turns":3},{"damage":0,"enemies":"Giant Head","floor":41,"turns":5},{"damage":14,"enemies":"4 Shapes","floor":44,"turns":3},{"damage":23,"enemies":"Jaw Worm Horde","floor":46,"turns":3},{"damage":0,"enemies":"3 Darklings","floor":47,"turns":3},{"damage":0,"enemies":"Nemesis","floor":48,"turns":3},{"damage":23,"enemies":"Time Eater","floor":50,"turns":6},{"damage":12,"enemies":"Shield and Spear","floor":54,"turns":3},{"damage":5,"enemies":"The Heart","floor":55,"turns":4}],"seed_played":"3507557617553348074","potions_obtained":[{"floor":6,"key":"BlessingOfTheForge"},{"floor":16,"key":"Guardian:BlockOnCardUsePotion"},{"floor":22,"key":"PowerPotion"},{"floor":33,"key":"Strength Potion"},{"floor":35,"key":"DuplicationPotion"}],"is_trial":false,"path_per_floor":["M","M","?","?","?","E","M","R","T","M","$","M","M","M","R","B",null,"M","AVR","?","M","M","R","M","?","T","M","R","?","?","M","R","B",null,"M","M","?","?","M","R","E","$","T","M","T","M","M","E","R","B",null,"$","R","E","B",null],"character_chosen":"THE_SWORDSWOMAN","items_purchased":["blazmod:TravelJournal","hubris:SlimyHat","blazmod:DrippingWaterHollowsStone","hubris:CuriousFeather","blazmod:StanceChange"],"campfire_rested":3,"item_purchase_floors":[11,42,42,52,52],"current_hp_per_floor":[40,40,40,40,40,40,40,40,40,31,31,29,16,5,17,6,40,25,25,25,25,19,39,47,47,47,50,50,34,34,19,47,35,96,88,81,81,141,141,141,193,193,193,196,196,203,254,254,254,271,346,346,346,410,486],"gold":154,"neow_bonus":"THREE_ENEMY_KILL","is_daily":false,"chose_seed":false,"campfire_upgraded":4,"win_rate":0.0,"timestamp":1611901106,"path_taken":["M","M","?","?","?","E","M","R","T","M","$","M","M","M","R","BOSS","M","AVR","?","M","M","R","?","?","T","M","R","?","?","M","R","BOSS","M","M","?","?","M","R","E","$","T","M","?","M","M","E","R","BOSS","$","R","E","BOSS"],"items_purchased_type":["Card","Relic","Card","Relic","Card"],"build_version":"2020-12-22","purchased_purges":1,"victory":true,"max_hp_per_floor":[40,40,40,40,40,40,40,40,40,40,40,40,40,40,40,40,40,55,55,55,55,67,67,81,81,81,96,96,96,96,96,96,96,96,96,96,96,156,156,156,208,208,208,225,225,255,306,306,306,346,346,346,346,422,503],"card_choices":[{"not_picked":["blazmod:FlashRock","blazmod:OpenSpirit"],"picked":"blazmod:MyEverything","floor":1},{"not_picked":["blazmod:StanceChange","blazmod:Valiance"],"picked":"blazmod:DanceOfTheGods","floor":2},{"not_picked":["blazmod:MoonlightBlossoms","blazmod:FlashRock"],"picked":"blazmod:CastAwayDew","floor":6},{"not_picked":["TH:TreasureMap","TH:ArmorSpikes"],"picked":"SKIP","floor":6},{"not_picked":["blazmod:MoonlightBlossoms","blazmod:FocusThroughFalls"],"picked":"blazmod:FleetOfFoot","floor":7},{"not_picked":["blazmod:KatanaStrike","blazmod:MyEverything"],"picked":"blazmod:Trasient","floor":7},{"not_picked":["TH:BikiniMail","TH:TreasureMap"],"picked":"SKIP","floor":9},{"not_picked":["blazmod:PureOfSoul","blazmod:Valiance"],"picked":"blazmod:OpenSpirit","floor":10},{"not_picked":["blazmod:PhysicalEndurance","blazmod:FlashRock"],"picked":"blazmod:KatanaStrike","floor":10},{"not_picked":["blazmod:Contingency","blazmod:Quickdraw"],"picked":"blazmod:Crosscut","floor":12},{"not_picked":["blazmod:ButterFlutter","blazmod:BoulderFlash","blazmod:BlindBlade"],"picked":"SKIP","floor":12},{"not_picked":["blazmod:FleetingDawn","blazmod:Crosscut"],"picked":"blazmod:ApexLegends","floor":13},{"not_picked":["blazmod:MoonlightBlossoms","blazmod:Crosscut"],"picked":"blazmod:FortifiedVigor","floor":13},{"not_picked":["blazmod:FlashRock","blazmod:OpenSpirit"],"picked":"blazmod:Trasient","floor":14},{"not_picked":["blazmod:Quickdraw","blazmod:FlashRock"],"picked":"blazmod:Trasient","floor":14},{"not_picked":["blazmod:EightLifePilgrimage","blazmod:Setsuna"],"picked":"blazmod:CrescentMoon","floor":16},{"not_picked":["blazmod:HarmonyComplete","blazmod:Valiance"],"picked":"blazmod:OneWithNature","floor":18},{"not_picked":["blazmod:FancifulFlutter","blazmod:FlashRock"],"picked":"blazmod:BladeOfEnlightenment","floor":18},{"not_picked":["blazmod:MoonlightBlossoms","blazmod:MentalFocus"],"picked":"blazmod:ClearTheMind","floor":21},{"not_picked":["blazmod:SidewaySolace","blazmod:MentalFocus+1"],"picked":"blazmod:QuickBlade","floor":21},{"not_picked":["blazmod:BlindingFlash","blazmod:BoulderFlash"],"picked":"blazmod:Swordstorm+1","floor":22},{"not_picked":["blazmod:SidewaySolace","blazmod:FleetOfFoot"],"picked":"blazmod:StanceChange+1","floor":22},{"not_picked":["blazmod:MentalFocus+1","blazmod:MoonlightBlossoms"],"picked":"blazmod:StanceChange+1","floor":24},{"not_picked":["blazmod:BoulderFlash","blazmod:KatanaStrike"],"picked":"blazmod:StanceChange","floor":24},{"not_picked":["TH:DeckOfManyThings","TH:PixieDust"],"picked":"SKIP","floor":26},{"not_picked":["blazmod:StanceChange","blazmod:BoulderFlash+1"],"picked":"blazmod:TandenKatsu","floor":27},{"not_picked":["blazmod:ButterFlutter","blazmod:SecondSight"],"picked":"blazmod:Trasient","floor":27},{"not_picked":["blazmod:MentalFocus","blazmod:Crosscut"],"picked":"blazmod:StanceChange+1","floor":31},{"not_picked":["blazmod:DanceOfTheGods","blazmod:MentalFocus"],"picked":"blazmod:RevolvingPhoenix+1","floor":31},{"not_picked":["blazmod:MindAtPeace","blazmod:SeismicSlash"],"picked":"blazmod:NaturesBeauty","floor":33},{"not_picked":["blazmod:Contingency","blazmod:Quickdraw"],"picked":"blazmod:FleetOfFoot+1","floor":35},{"not_picked":["blazmod:Lockswords","blazmod:Trasient+1","blazmod:Unrestrained"],"picked":"SKIP","floor":35},{"not_picked":["blazmod:MentalFocus","blazmod:HarmonyComplete+1"],"picked":"blazmod:PerennialBeauty","floor":36},{"not_picked":["blazmod:Contingency","blazmod:TravelJournal","blazmod:PhysicalEndurance"],"picked":"SKIP","floor":36},{"not_picked":["blazmod:SureOfHand","blazmod:Observant"],"picked":"blazmod:FleetOfFoot+1","floor":38},{"not_picked":["blazmod:BoulderFlash+1","blazmod:PhysicalEndurance+1"],"picked":"blazmod:FlashRock","floor":39},{"not_picked":["blazmod:AlmightyPassage","blazmod:ButterFlutter+1"],"picked":"blazmod:FleetingDawn","floor":39},{"not_picked":["blazmod:ButterFlutter+1","blazmod:Trasient+1"],"picked":"blazmod:FortifiedVigor","floor":41},{"not_picked":["TH:ArmorSpikes","TH:CursedSword"],"picked":"SKIP","floor":41},{"not_picked":["TH:EnergyPotion","TH:ElvenBoots"],"picked":"SKIP","floor":43},{"not_picked":["blazmod:FortifiedVigor+1","blazmod:KatanaStrike"],"picked":"blazmod:PerennialBeauty","floor":44},{"not_picked":["blazmod:ButterFlutter+1","blazmod:Crosscut+1"],"picked":"blazmod:FleetOfFoot+1","floor":44},{"not_picked":["TH:PixieDust","TH:TreasureMap"],"picked":"SKIP","floor":45},{"not_picked":["blazmod:FlashRock+1","blazmod:GlasswingWaltz"],"picked":"blazmod:FleetingDawn+1","floor":46},{"not_picked":["blazmod:Unrestrained+1","blazmod:PhysicalEndurance"],"picked":"blazmod:FleetOfFoot+1","floor":46},{"not_picked":["blazmod:FortifiedVigor","blazmod:Unrestrained+1"],"picked":"blazmod:FlashRock+1","floor":47},{"not_picked":["blazmod:MoonlightBlossoms","blazmod:FlawlessDraw"],"picked":"blazmod:Observant+1","floor":47},{"not_picked":["blazmod:Swordstorm","blazmod:FlashRock+1"],"picked":"blazmod:LoveAndHonor+1","floor":48},{"not_picked":["TH:TreasureMap","TH:CopperCoins"],"picked":"SKIP","floor":48},{"not_picked":["blazmod:QuickBlade","blazmod:BladeOfEnlightenment+1"],"picked":"blazmod:ApexLegends+1","floor":54},{"not_picked":["TH:PixieDust","TH:CursedSword"],"picked":"SKIP","floor":54}],"player_experience":622756,"relics_obtained":[{"floor":6,"key":"Prayer Wheel"},{"floor":9,"key":"blazmod:EightLifeKatana"},{"floor":26,"key":"uselessJewelsMod:UselessJewelsRelic"},{"floor":29,"key":"Nilry\u0027s Codex"},{"floor":38,"key":"CatCart"},{"floor":41,"key":"Bag of Preparation"},{"floor":45,"key":"halation:IllGainedPizza"},{"floor":48,"key":"infinitespire:FocusingShard"},{"floor":54,"key":"hubris:DisguiseKit"}],"event_choices":[{"damage_healed":0,"gold_gain":0,"player_choice":"Donate","damage_taken":0,"relics_obtained":["PaintedHorse:ReiMu"],"max_hp_gain":0,"max_hp_loss":0,"event_name":"yidonshenshe","floor":4,"gold_loss":40},{"damage_healed":0,"gold_gain":0,"cards_transformed":["blazmod:Strike"],"player_choice":"Transformed","damage_taken":0,"max_hp_gain":0,"max_hp_loss":0,"event_name":"Transmorgrifier","floor":20,"gold_loss":0,"cards_obtained":["blazmod:Quickdraw"]},{"cards_removed":["blazmod:CrescentMoon"],"damage_healed":0,"gold_gain":0,"player_choice":"Give","damage_taken":0,"max_hp_gain":0,"max_hp_loss":0,"event_name":"betterNote:BetterNote","floor":25,"gold_loss":0,"cards_obtained":["animator:Eris"]},{"damage_healed":0,"gold_gain":0,"player_choice":"Obtained Book","damage_taken":16,"max_hp_gain":0,"max_hp_loss":0,"event_name":"Cursed Tome","floor":29,"gold_loss":0},{"damage_healed":0,"gold_gain":3,"player_choice":"3","damage_taken":0,"max_hp_gain":0,"max_hp_loss":0,"event_name":"betterStone:BetterStone","floor":37,"gold_loss":0,"cards_obtained":["Madness"]},{"damage_healed":0,"gold_gain":0,"player_choice":"Fight","damage_taken":0,"max_hp_gain":0,"max_hp_loss":0,"event_name":"OrinTheCat","floor":38,"gold_loss":0}],"is_beta":false,"boss_relics":[{"not_picked":["Hololive_ChaosS","hubris:Stopwatch"],"picked":"hubris:VirtuousBlindfold"},{"not_picked":["halation:SmartPhone","halation:PlatinumPhoenix"],"picked":"Coffee Dripper"}],"items_purged_floors":[42],"is_endless":false,"potions_floor_spawned":[6,7,16,22,33,35,36,39,47],"ascension_level":0}}