{"host":"mychigd5o98hbqtx","time":1611957915,"event":{"mods":["2.2 Compatiblity","Act Like it!","Aspiration","BaseMod","Better Sensory Stone","Better Third Choice","BetterRewards","Block Reminder","Dota2Spire","Friendly Minions","GifTheSpireLib","Minty Spire (QoL Compilation)","Pale of the Ancients","Reliquary","Replay The Spire","Say the Spire","Spire Arcade","StSLib","SuperFastMode","Thieving Mod","Wandering Minibosses"],"gold_per_floor":[111,286,286,18,18,50,50,50,76,108,458,469,379,389,389,484,484,498,498,498,498,508,508,524,551,551,579,579,24,41,51,62,62,62,158,158,176,51,51,51,61,78,78,105,105,105,123,152,172,205,205,205,224,235,319,343,343,360,360,210,210,210],"floor_reached":63,"language":"RUS","playtime":3814,"items_purged":["Doubt","Injury","Shame","Pain"],"score":2071,"play_id":"18640b35-e2f3-4507-806c-c37b08a27b4f","local_time":"20210130010515","is_ascension_mode":false,"campfire_choices":[{"data":"Armaments","floor":15,"key":"SMITH"},{"data":"Armaments","floor":26,"key":"SMITH"},{"floor":34,"key":"DIG"},{"data":"ReplayTheSpireMod:Faulty Equipment","floor":43,"key":"SMITH"},{"floor":51,"key":"RECALL"},{"data":"Barricade","floor":57,"key":"SMITH"},{"data":"Limit Break","floor":59,"key":"SMITH"}],"circlet_count":0,"master_deck":["Strike_R","Strike_R","Strike_R","Strike_R","Strike_R","Defend_R+1","Defend_R+2","Defend_R+2","Defend_R+2","Bash","Apotheosis+1","Inflame+1","Apotheosis+1","Armaments+1","Injury","Armaments+1","Shrug It Off","Uppercut","Hemogenesis+1","Intimidate","Infernal Blade+1","Body Slam","Reaper","Intimidate+1","AscendersBane","Strike_R","Hemogenesis","Parasite","Infernal Blade+1","Run Through","Barricade+1","ReplayTheSpireMod:Splinters","Armaments+1","Limit Break+1"],"relics":["Burning Blood","Dota2Spire:EchoSabre","Replay:Towering Pillar of Hats","Simple Rune","reliquary:MedicineBall","Replay:Ringing Soul","aspiration:Lifesprig","Another Sword","Ring of Greed","Old Coin","Blue Doll","Ring of Panic","Empty Cage","Torii","aspiration:HiddenCompartment","Dota2Spire:Dagon","Guide Book","Prayer Wheel","aspiration:SecretTechniqueScroll","WarpedTongs","Pocketwatch","Dota2Spire:ArcaneBoots","Calipers","paleoftheancients:Timepiece","paleoftheancients:KeyRelic","Sozu","Letter Opener","paleoftheancients:SoulOfTheWatcher","Pen Nib","Dota2Spire:ShadowBlade"],"acts_visited":["Exordium","TheCity","TheBeyond","TheBeyond"],"potions_floor_usage":[25,52],"damage_taken":[{"damage":4,"enemies":"Small Slimes","floor":1,"turns":4},{"damage":18,"enemies":"3 Sentries","floor":6,"turns":8},{"damage":2,"enemies":"Gremlin Nob","floor":10,"turns":3},{"damage":2,"enemies":"Jaw Worm","floor":12,"turns":2},{"damage":3,"enemies":"2 Louse","floor":13,"turns":2},{"damage":0,"enemies":"Blue Slaver","floor":14,"turns":2},{"damage":33,"enemies":"Fading Forest","floor":16,"turns":11},{"damage":0,"enemies":"Spheric Guardian","floor":18,"turns":4},{"damage":13,"enemies":"Shell Parasite","floor":22,"turns":3},{"damage":17,"enemies":"Sentry and Sphere","floor":24,"turns":5},{"damage":27,"enemies":"Gremlin Leader","floor":25,"turns":5},{"damage":39,"enemies":"Slavers","floor":27,"turns":7},{"damage":20,"enemies":"Centurion and Healer","floor":30,"turns":3},{"damage":0,"enemies":"Snake Plant","floor":31,"turns":2},{"damage":2,"enemies":"Cultist and Chosen","floor":32,"turns":3},{"damage":14,"enemies":"Pondfish","floor":35,"turns":7},{"damage":0,"enemies":"Orb Walker","floor":37,"turns":2},{"damage":11,"enemies":"3 Shapes","floor":41,"turns":3},{"damage":84,"enemies":"Sphere and 2 Shapes","floor":42,"turns":6},{"damage":15,"enemies":"Giant Head","floor":44,"turns":6},{"damage":0,"enemies":"4 Shapes","floor":47,"turns":4},{"damage":31,"enemies":"Nemesis","floor":48,"turns":7},{"damage":20,"enemies":"Spire Growth","floor":49,"turns":5},{"damage":52,"enemies":"R_Hoarder","floor":50,"turns":5},{"damage":36,"enemies":"Donu and Deca","floor":52,"turns":10},{"damage":66,"enemies":"Donu and Deca","floor":53,"turns":7},{"damage":19,"enemies":"Donu and Deca","floor":54,"turns":10},{"damage":11,"enemies":"Donu and Deca","floor":58,"turns":6},{"damage":70,"enemies":"paleoftheancients:N","floor":62,"turns":12}],"seed_played":"7533071517472075078","potions_obtained":[{"floor":6,"key":"Elixir"},{"floor":10,"key":"Swift Potion"},{"floor":14,"key":"Ancient Potion"},{"floor":16,"key":"AttackPotion"},{"floor":25,"key":"Ancient Potion"},{"floor":27,"key":"Languid Potion"}],"is_trial":false,"path_per_floor":["M","?","?","$","?","E","$","?","T","E","?","M","M","M","R","B",null,"M","?","PTL","PTL","M","?","M","E","R","E","T","$","M","M","M","$","R","B",null,"M","$","?","?","M","M","R","E","T","?","M","E","M","E","R","B","M","M","?","T","R","M","R","$","?","B",null],"character_chosen":"IRONCLAD","items_purchased":["Dota2Spire:EchoSabre","Apotheosis","Inflame","Apotheosis","Guide Book"],"campfire_rested":0,"item_purchase_floors":[0,0,0,4,29],"current_hp_per_floor":[46,46,46,46,46,34,34,37,37,41,44,51,57,66,66,52,98,98,101,101,101,94,94,92,89,89,68,68,68,57,71,75,75,75,81,110,113,113,116,119,120,54,54,82,82,85,119,131,118,81,81,131,114,126,97,97,97,137,137,137,137,113],"gold":210,"neow_bonus":"","is_daily":false,"chose_seed":false,"campfire_upgraded":5,"win_rate":0.0,"timestamp":1611957915,"path_taken":["M","?","?","$","?","E","$","?","T","E","?","M","M","M","R","BOSS","M","?","PTL","PTL","M","?","M","E","R","E","T","$","M","M","?","?","R","BOSS","M","$","?","?","?","M","R","E","T","?","M","E","?","E","R","BOSS","M","M","?","T","R","M","R","$","?","BOSS"],"items_purchased_type":["Relic","Card","Card","Card","Relic"],"build_version":"2020-12-22","purchased_purges":4,"victory":true,"max_hp_per_floor":[80,80,80,80,80,80,80,83,83,83,86,89,92,95,95,98,98,98,101,101,101,101,101,101,101,101,104,104,104,107,107,107,107,107,110,110,113,113,116,119,122,122,122,125,125,128,131,131,131,131,131,131,131,131,134,134,134,137,137,137,137,137],"card_choices":[{"not_picked":["Shrug It Off","Second Wind"],"picked":"Heavy Blade","floor":1},{"not_picked":["Replay:Many Hands","ReplayTheSpireMod:Muscle Training"],"picked":"Armaments","floor":6},{"not_picked":["Intimidate","Uppercut","Twin Strike"],"picked":"SKIP","floor":10},{"not_picked":["Headbutt","Feel No Pain"],"picked":"Armaments","floor":12},{"not_picked":["Uppercut","Twin Strike"],"picked":"Shrug It Off","floor":13},{"not_picked":["Life Link","Thunderclap"],"picked":"Uppercut","floor":14},{"not_picked":["Bludgeon","Fiend Fire"],"picked":"Hemogenesis","floor":16},{"not_picked":["Pummel","Seeing Red","Intimidate"],"picked":"SKIP","floor":18},{"not_picked":["Wild Strike","Havoc","Rupture"],"picked":"SKIP","floor":22},{"not_picked":["Iron Wave+1","ReplayTheSpireMod:Stacked+1","Thunderclap+1"],"picked":"SKIP","floor":24},{"not_picked":["Iron Wave","Dual Wield","Clash"],"picked":"SKIP","floor":25},{"not_picked":["Seeing Red","ReplayTheSpireMod:Corrosion Curse"],"picked":"Infernal Blade+1","floor":27},{"not_picked":["Sword Boomerang","Ghostly Armor"],"picked":"Body Slam","floor":30},{"not_picked":["Clothesline","Sword Boomerang","Twin Strike+1"],"picked":"SKIP","floor":31},{"not_picked":["ReplayTheSpireMod:LeadingStrike","Replay:Undeath\u0027s Touch","Eclipse"],"picked":"SKIP","floor":32},{"not_picked":["Juggernaut","Corruption"],"picked":"Reaper","floor":35},{"not_picked":["Havoc+1","Iron Wave+1"],"picked":"Intimidate+1","floor":37},{"not_picked":["Perfected Strike+1","ReplayReversal","Warcry+1"],"picked":"SKIP","floor":37},{"not_picked":["ReplayTheSpireMod:Muscle Training","Wild Strike+1"],"picked":"Hemogenesis","floor":41},{"not_picked":["Flex+1","Infernal Blade","Pommel Strike+1"],"picked":"SKIP","floor":41},{"not_picked":["Headbutt+1","Blood for Blood","Pommel Strike"],"picked":"SKIP","floor":42},{"not_picked":["ReplayReversal+1","Dropkick+1","Perfected Strike+1"],"picked":"SKIP","floor":42},{"not_picked":["Headbutt+1","Sword Boomerang+1"],"picked":"Infernal Blade+1","floor":44},{"not_picked":["Sword Boomerang+1","Run Through"],"picked":"Barricade","floor":47},{"not_picked":["Seeing Red","ReplayTheSpireMod:Muscle Training+1","Entrench+1"],"picked":"SKIP","floor":47},{"not_picked":["ReplayTheSpireMod:Strike From Hell+1","Warcry","Headbutt"],"picked":"SKIP","floor":48},{"not_picked":["Abandon","Body Slam+1","Rage+1"],"picked":"SKIP","floor":49},{"not_picked":["Sword Boomerang","ReplayTheSpireMod:Stacked","Twin Strike"],"picked":"SKIP","floor":49},{"not_picked":["Clash+1","ReplayReversal","ReplayTheSpireMod:Muscle Training"],"picked":"SKIP","floor":50},{"not_picked":["Wild Strike+1","Inflame","Massacre"],"picked":"SKIP","floor":53},{"not_picked":["ReplayTheSpireMod:Muscle Training","Iron Wave","Anger+1"],"picked":"SKIP","floor":53},{"not_picked":["Iron Wave","Twin Strike","Pommel Strike+1"],"picked":"SKIP","floor":54},{"not_picked":["Sword Boomerang+1","Limit Break","Rage"],"picked":"SKIP","floor":54},{"not_picked":["Rage+1","Clothesline+1"],"picked":"Armaments+1","floor":55},{"not_picked":["Perfected Strike+1","Clothesline"],"picked":"Limit Break","floor":58},{"not_picked":["Thunderclap+1","Sword Boomerang","Run Through"],"picked":"SKIP","floor":58}],"player_experience":167404,"relics_obtained":[{"floor":6,"key":"reliquary:MedicineBall"},{"floor":9,"key":"aspiration:Lifesprig"},{"floor":10,"key":"Another Sword"},{"floor":11,"key":"Ring of Greed"},{"floor":11,"key":"Old Coin"},{"floor":11,"key":"Blue Doll"},{"floor":11,"key":"Ring of Panic"},{"floor":25,"key":"Torii"},{"floor":27,"key":"aspiration:HiddenCompartment"},{"floor":28,"key":"Dota2Spire:Dagon"},{"floor":34,"key":"Prayer Wheel"},{"floor":44,"key":"Pocketwatch"},{"floor":48,"key":"Dota2Spire:ArcaneBoots"},{"floor":50,"key":"Calipers"},{"floor":54,"key":"paleoftheancients:SoulOfTheWatcher"},{"floor":55,"key":"Pen Nib"},{"floor":56,"key":"Dota2Spire:ShadowBlade"}],"event_choices":[{"damage_healed":0,"gold_gain":175,"player_choice":"AGREE","damage_taken":111,"max_hp_gain":0,"max_hp_loss":0,"event_name":"betterThird:BetterSerpent","floor":2,"gold_loss":0},{"damage_healed":0,"gold_gain":0,"player_choice":"Box","damage_taken":0,"relics_obtained":["Replay:Ringing Soul"],"max_hp_gain":0,"max_hp_loss":0,"event_name":"Big Fish","floor":8,"gold_loss":0,"cards_obtained":["Regret"]},{"damage_healed":0,"gold_gain":0,"player_choice":"Read","damage_taken":0,"max_hp_gain":0,"max_hp_loss":0,"event_name":"The Library","floor":19,"gold_loss":0,"cards_obtained":["Intimidate"]},{"damage_healed":0,"gold_gain":3,"player_choice":"3","damage_taken":0,"max_hp_gain":0,"max_hp_loss":0,"event_name":"betterStone:BetterStone","floor":39,"gold_loss":0,"cards_obtained":["Strike_R"]},{"damage_healed":0,"gold_gain":0,"player_choice":"Rummage","damage_taken":0,"relics_obtained":["WarpedTongs"],"max_hp_gain":0,"max_hp_loss":0,"event_name":"Accursed Blacksmith","floor":40,"gold_loss":0,"cards_obtained":["Pain"]},{"damage_healed":0,"gold_gain":0,"cards_transformed":["Heavy Blade"],"player_choice":"Transformed","damage_taken":0,"max_hp_gain":0,"max_hp_loss":0,"event_name":"Transmorgrifier","floor":46,"gold_loss":0,"cards_obtained":["Run Through"]}],"is_beta":false,"boss_relics":[{"not_picked":["ChewingGum","Ooze Armor"],"picked":"Empty Cage"},{"not_picked":["Honey Jar","Runic Cube"],"picked":"aspiration:SecretTechniqueScroll"}],"items_purged_floors":[4,29,38,60],"is_endless":false,"potions_floor_spawned":[6,10,14,16,24,25,27,30,35,37,42,44,53],"ascension_level":0}}