{"host":"8o45mh5p3pp1o2mi","time":1611879111,"event":{"mods":["BaseMod","Bestiary","Better Match","Better Third Choice","BetterRewards","Dark Map","Downfall","Fox Events","Minty Spire (QoL Compilation)","Rare Cards Sparkle","Relic Stats","Replay The Spire","Shop Mod","StSLib","everything is the same but u backflip on backflip"],"gold_per_floor":[99,99,99,99,274,374,374,391,424,574,589,589,589,589],"floor_reached":12,"language":"ENG","playtime":678,"items_purged":[],"score":74,"play_id":"0c4cd6ea-f4fc-4a1e-acd2-3296aa28d4be","local_time":"20210129001151","is_ascension_mode":false,"campfire_choices":[{"floor":1.0,"key":"DIG"}],"circlet_count":0,"master_deck":["champ:Strike","champ:Strike","champ:Strike","champ:Strike","champ:Defend","champ:Defend","champ:Defend","champ:Defend","champ:Execute","champ:Taunt","champ:BerserkersShout","champ:FaceSlap","champ:RisingSlash","Doubt","champ:DefensiveShout","champ:Devastate","downfall:Icky","champ:AdrenalArmor"],"relics":["champ:ChampionCrown","downfall:HeartsMalice","HornCleat","CaptainsWheel","Mummified Hand"],"acts_visited":["Exordium"],"potions_floor_usage":[],"damage_taken":[{"damage":0.0,"enemies":"Jaw Worm","floor":2.0,"turns":1.0},{"damage":0.0,"enemies":"2 Louse","floor":3.0,"turns":1.0},{"damage":0.0,"enemies":"Cultist","floor":4.0,"turns":1.0},{"damage":34.0,"enemies":"Exordium Wildlife","floor":8.0,"turns":4.0},{"damage":72.0,"enemies":"3 Sentries","floor":9.0,"turns":10.0},{"damage":21.0,"enemies":"3 Louse","floor":11.0,"turns":4.0},{"damage":58,"enemies":"Gremlin Nob","floor":12,"turns":4}],"seed_played":"-7529322822260877265","potions_obtained":[{"floor":9.0,"key":"Venom Potion"}],"is_trial":false,"path_per_floor":["R","M","M","M","?","?","T","M","E","?","M","E"],"character_chosen":"THE_CHAMP","items_purchased":[],"campfire_rested":0,"item_purchase_floors":[],"current_hp_per_floor":[90,90,90,90,90,90,90,86,59,59,58,0,0,0],"gold":589,"neow_bonus":"THREE_ENEMY_KILL","is_daily":false,"chose_seed":false,"campfire_upgraded":0,"win_rate":0.0,"timestamp":1611879111,"path_taken":["R","M","M","M","?","?","T","M","E","?","M","E"],"items_purchased_type":[],"build_version":"2020-12-22","purchased_purges":0,"victory":false,"max_hp_per_floor":[90,90,90,90,90,90,90,90,90,90,90,90,90,90],"relic_stats":{"counters":[7,22],"Mummified Hand":[0],"obtain_stats":[{"CaptainsWheel":7,"HornCleat":1,"Mummified Hand":9,"champ:ChampionCrown":0,"downfall:HeartsMalice":0},{"CaptainsWheel":3,"HornCleat":0,"Mummified Hand":5,"champ:ChampionCrown":0,"downfall:HeartsMalice":0},{"CaptainsWheel":0,"HornCleat":0,"Mummified Hand":14,"champ:ChampionCrown":0,"downfall:HeartsMalice":0}]},"card_choices":[{"not_picked":["champ:CrownThrow","champ:CalledShot"],"picked":"champ:BerserkersShout","floor":2.0},{"not_picked":["champ:FanOfKnives","champ:GutPunch"],"picked":"champ:FaceSlap","floor":3.0},{"not_picked":["champ:FocusedBerserking","champ:EnragedBash"],"picked":"champ:RisingSlash","floor":4.0},{"not_picked":["champ:PerfectedStrike","champ:CrownThrow"],"picked":"champ:DefensiveShout","floor":8.0},{"not_picked":["champ:FlashCut","champ:FalseCounter"],"picked":"champ:Devastate","floor":9.0},{"not_picked":["champ:Backstep","champ:Haymaker"],"picked":"champ:AdrenalArmor","floor":11.0}],"player_experience":139054,"relics_obtained":[{"floor":1.0,"key":"HornCleat"},{"floor":7.0,"key":"CaptainsWheel"},{"floor":9.0,"key":"Mummified Hand"}],"event_choices":[],"is_beta":false,"boss_relics":[],"items_purged_floors":[],"is_endless":false,"potions_floor_spawned":[9],"killed_by":"Gremlin Nob","ascension_level":0}}