{"host":"8is2j71l4wmybkoi","time":1611927771,"event":{"mods":["AchievementEnabler","BaseMod","Colored Map","Minty Spire (QoL Compilation)","Rare Cards Sparkle","StSLib","SuperFastMode"],"gold_per_floor":[109,109,41,6,18,47,47,77,128,143,143,154,171,181,181,277,277,291,241,256,59,73,73,98,117,117,136,136,136,155,175,175,274,274,287,300,70,87,105,139,139,168,168,19,47,47,47,59,59,59,59],"floor_reached":50,"language":"KOR","playtime":1893,"items_purged":["Ball Lightning","Ball Lightning","Ball Lightning"],"score":887,"play_id":"67a45dc2-50e7-441f-8aef-e560a95f3783","local_time":"20210129224251","is_ascension_mode":true,"campfire_choices":[{"data":"Sweeping Beam","floor":7,"key":"SMITH"},{"data":"Aggregate","floor":11,"key":"SMITH"},{"data":"Fission","floor":15,"key":"SMITH"},{"data":"Buffer","floor":23,"key":"SMITH"},{"data":"Reboot","floor":29,"key":"SMITH"},{"floor":32,"key":"RECALL"},{"floor":41,"key":"REST"},{"data":"Hello World","floor":46,"key":"SMITH"},{"data":"Defragment","floor":49,"key":"SMITH"}],"circlet_count":0,"master_deck":["AscendersBane","Zap+1","Dualcast","BootSequence","Aggregate+1","Ball Lightning","Cold Snap","Conserve Battery","Fission+1","Hello World+1","Core Surge","Buffer+1","Reboot+1","Hyperbeam","Static Discharge","Electrodynamics","Self Repair+1","Turbo","Compile Driver","Conserve Battery+1","Conserve Battery+1","Glacier+1","Rainbow+1","Capacitor+1","Undo+1","Recycle+1","Gash+1","Heatsinks+1","Glacier+1","Decay","Creative AI","Stack+1","Defragment+1"],"relics":["Cracked Core","NeowsBlessing","Dream Catcher","Smiling Mask","Strawberry","Pandora\u0027s Box","OrangePellets","Darkstone Periapt","Toxic Egg 2","Cursed Key","Membership Card","Shuriken","Anchor","Runic Capacitor","Mercury Hourglass"],"acts_visited":["Exordium","TheCity","TheBeyond"],"potions_floor_usage":[13,16,18,20,24,33,40,40,48,50],"damage_taken":[{"damage":0,"enemies":"Small Slimes","floor":1,"turns":1},{"damage":0,"enemies":"Cultist","floor":5,"turns":1},{"damage":0,"enemies":"3 Sentries","floor":6,"turns":2},{"damage":26,"enemies":"Lagavulin","floor":8,"turns":6},{"damage":0,"enemies":"2 Louse","floor":10,"turns":2},{"damage":0,"enemies":"Blue Slaver","floor":12,"turns":2},{"damage":0,"enemies":"3 Louse","floor":13,"turns":2},{"damage":0,"enemies":"Large Slime","floor":14,"turns":3},{"damage":7,"enemies":"The Guardian","floor":16,"turns":11},{"damage":14,"enemies":"Shell Parasite","floor":18,"turns":4},{"damage":0,"enemies":"Chosen","floor":20,"turns":3},{"damage":4,"enemies":"Centurion and Healer","floor":22,"turns":4},{"damage":10,"enemies":"Slavers","floor":24,"turns":3},{"damage":0,"enemies":"Snecko","floor":25,"turns":4},{"damage":16,"enemies":"Chosen and Byrds","floor":27,"turns":5},{"damage":15,"enemies":"Snake Plant","floor":30,"turns":4},{"damage":4,"enemies":"Sentry and Sphere","floor":31,"turns":3},{"damage":18,"enemies":"Collector","floor":33,"turns":12},{"damage":0,"enemies":"Orb Walker","floor":35,"turns":3},{"damage":4,"enemies":"3 Darklings","floor":36,"turns":4},{"damage":0,"enemies":"Sphere and 2 Shapes","floor":38,"turns":6},{"damage":12,"enemies":"Spire Growth","floor":39,"turns":6},{"damage":41,"enemies":"Nemesis","floor":40,"turns":11},{"damage":34,"enemies":"Reptomancer","floor":42,"turns":7},{"damage":1,"enemies":"Nemesis","floor":45,"turns":7},{"damage":5,"enemies":"Jaw Worm Horde","floor":48,"turns":3},{"damage":68,"enemies":"Awakened One","floor":50,"turns":3}],"seed_played":"3259793916402611429","potions_obtained":[{"floor":1,"key":"LiquidBronze"},{"floor":8,"key":"SkillPotion"},{"floor":10,"key":"LiquidBronze"},{"floor":14,"key":"SkillPotion"},{"floor":16,"key":"DuplicationPotion"},{"floor":18,"key":"Regen Potion"},{"floor":20,"key":"LiquidMemories"},{"floor":30,"key":"Explosive Potion"},{"floor":38,"key":"PotionOfCapacity"},{"floor":39,"key":"Block Potion"},{"floor":40,"key":"Energy Potion"},{"floor":42,"key":"BlessingOfTheForge"}],"is_trial":false,"path_per_floor":["M","?","$","$","M","E","R","E","T","M","R","M","M","M","R","B",null,"M","$","M","$","M","R","E","M","T","M","?","R","M","M","R","B",null,"M","M","$","M","M","E","R","E","T","$","E","R","?","M","R","B"],"character_chosen":"DEFECT","items_purchased":["BootSequence","Aggregate","OrangePellets","Membership Card","DuplicationPotion","Runic Capacitor","Creative AI"],"campfire_rested":1,"item_purchase_floors":[3,4,21,37,37,44,44],"current_hp_per_floor":[68,68,68,68,68,68,68,42,49,49,49,49,49,49,49,42,72,58,58,78,78,82,82,72,72,72,66,66,66,61,67,67,74,80,82,82,82,82,80,49,73,49,55,55,64,64,64,59,59,0,0],"gold":59,"neow_bonus":"THREE_ENEMY_KILL","is_daily":false,"chose_seed":false,"campfire_upgraded":7,"win_rate":0.0,"timestamp":1611927771,"path_taken":["M","?","?","$","M","E","R","E","T","M","R","?","M","M","R","BOSS","M","$","M","$","M","R","E","M","T","M","?","R","M","M","R","BOSS","M","M","$","M","M","E","R","E","T","$","E","R","?","M","R","BOSS"],"items_purchased_type":["Card","Card","Relic","Relic","Potion","Relic","Card"],"build_version":"2020-12-22","purchased_purges":3,"victory":false,"max_hp_per_floor":[75,75,75,75,75,75,75,75,82,82,82,82,82,82,82,82,82,82,82,82,82,82,82,82,82,82,82,82,82,82,82,82,82,82,82,82,82,82,82,82,82,82,88,88,88,88,88,88,88,88,88],"card_choices":[{"not_picked":["Aggregate","Barrage"],"picked":"Sweeping Beam","floor":1},{"not_picked":["Melter","Hologram"],"picked":"Ball Lightning","floor":5},{"not_picked":["Compile Driver","Barrage"],"picked":"Cold Snap","floor":6},{"not_picked":["Fission","Rebound"],"picked":"Ball Lightning","floor":8},{"not_picked":["Consume","Go for the Eyes","Redo"],"picked":"SKIP","floor":10},{"not_picked":["Steam Power","Go for the Eyes"],"picked":"Conserve Battery","floor":12},{"not_picked":["Barrage","Go for the Eyes"],"picked":"Fission","floor":13},{"not_picked":["Streamline","Cold Snap"],"picked":"Hello World","floor":14},{"not_picked":["Seek","Buffer"],"picked":"Core Surge","floor":16},{"not_picked":["Consume","Turbo+1"],"picked":"Self Repair+1","floor":18},{"not_picked":["Ball Lightning","Rebound"],"picked":"Turbo","floor":20},{"not_picked":["Machine Learning","Conserve Battery"],"picked":"Compile Driver","floor":22},{"not_picked":["Cold Snap","Hello World","Rebound"],"picked":"SKIP","floor":24},{"not_picked":["Beam Cell","Melter","Sweeping Beam"],"picked":"SKIP","floor":25},{"not_picked":["Go for the Eyes","Steam+1"],"picked":"Conserve Battery+1","floor":27},{"not_picked":["Steam+1","Ball Lightning+1"],"picked":"Conserve Battery+1","floor":30},{"not_picked":["Hello World","Redo+1"],"picked":"Glacier+1","floor":31},{"not_picked":["Thunder Strike","Reboot+1"],"picked":"Rainbow+1","floor":33},{"not_picked":["Coolheaded+1","BootSequence+1"],"picked":"Capacitor+1","floor":35},{"not_picked":["Ball Lightning","Steam+1"],"picked":"Undo+1","floor":36},{"not_picked":["Stack+1","Static Discharge"],"picked":"Recycle+1","floor":38},{"not_picked":["Leap+1","Cold Snap","Scrape"],"picked":"SKIP","floor":39},{"not_picked":["Hello World+1","Redo+1"],"picked":"Gash+1","floor":40},{"not_picked":["Doom and Gloom+1","Hologram+1"],"picked":"Heatsinks+1","floor":41},{"not_picked":["Sweeping Beam","Reprogram+1"],"picked":"Glacier+1","floor":42},{"not_picked":["Gash","Electrodynamics"],"picked":"Stack+1","floor":45},{"not_picked":["Force Field+1","Steam+1"],"picked":"Defragment","floor":48}],"player_experience":840417,"relics_obtained":[{"floor":6,"key":"Dream Catcher"},{"floor":8,"key":"Smiling Mask"},{"floor":9,"key":"Strawberry"},{"floor":24,"key":"Darkstone Periapt"},{"floor":26,"key":"Toxic Egg 2"},{"floor":40,"key":"Shuriken"},{"floor":42,"key":"Anchor"},{"floor":45,"key":"Mercury Hourglass"}],"event_choices":[{"damage_healed":0,"gold_gain":0,"player_choice":"Upgraded","damage_taken":0,"max_hp_gain":0,"max_hp_loss":0,"event_name":"Upgrade Shrine","floor":2,"gold_loss":0,"cards_upgraded":["Zap"]},{"cards_removed":["Scrape"],"damage_healed":0,"gold_gain":0,"player_choice":"Elegance","damage_taken":0,"max_hp_gain":0,"max_hp_loss":0,"event_name":"Back to Basics","floor":28,"gold_loss":0},{"cards_removed":["Sweeping Beam"],"damage_healed":0,"gold_gain":0,"player_choice":"Removed Attack","damage_taken":0,"max_hp_gain":0,"max_hp_loss":0,"event_name":"Falling","floor":47,"gold_loss":0}],"is_beta":false,"boss_relics":[{"not_picked":["Runic Pyramid","Ectoplasm"],"picked":"Pandora\u0027s Box"},{"not_picked":["SlaversCollar","Calling Bell"],"picked":"Cursed Key"}],"items_purged_floors":[19,21,37],"is_endless":false,"potions_floor_spawned":[1,8,10,14,16,18,20,30,38,39,40,42],"killed_by":"Awakened One","ascension_level":10}}