{"host":"t9zjxed0utvsfjwc","time":1611893380,"event":{"mods":["2.2 Compatiblity","Aspiration","BaseMod","Better Altar","Better Match","Better Note","Better Sensory Stone","Better Skull","Better Third Choice","Block Reminder","Colored Map","Colored Powertips","Custom Start","Downfall","Hermit","Highlight Path","Hubris","Infinite Spire","Marisa????????","Minty Spire (QoL Compilation)","Quick Restart","Rare Cards Sparkle","Reliquary","Replay The Spire","StSLib","The Cursed","The Marked","The Runesmith","Unceasing Turn Reminder","everything is the same but u backflip on backflip"],"gold_per_floor":[99,118,134,152,170,11,37,37,66,66,51,51,51,64,80,80,80,80],"floor_reached":16,"language":"ENG","playtime":617,"items_purged":[],"score":107,"play_id":"45b90d60-ec8d-4566-b848-3eccb0be2fd0","local_time":"20210129040940","is_ascension_mode":true,"campfire_choices":[{"floor":1,"key":"DIG"},{"data":"bronze:Replicate","floor":8,"key":"SMITH"},{"floor":10,"key":"REST"},{"floor":13,"key":"REST"}],"circlet_count":0,"master_deck":["bronze:Strike","bronze:Strike","bronze:Strike","bronze:Strike","bronze:Defend","bronze:Defend","bronze:Defend","bronze:Defend","bronze:Replicate+1","bronze:Goto","bronze:Terminator","bronze:Constructor"],"relics":["bronze:BronzeCore","Replay:Rubber Ducky","infinitespire:Golems Mask","ClockworkSouvenir","reliquary:SharkskinSheath","Oddly Smooth Stone"],"acts_visited":["Exordium"],"potions_floor_usage":[5,5,15,16],"damage_taken":[{"damage":0,"enemies":"Cultist","floor":2,"turns":4},{"damage":2,"enemies":"Jaw Worm","floor":3,"turns":5},{"damage":0,"enemies":"Small Slimes","floor":4,"turns":2},{"damage":13,"enemies":"Exordium Thugs","floor":5,"turns":4},{"damage":0,"enemies":"downfall:FleeingMerchant","floor":6,"turns":4},{"damage":32,"enemies":"Gremlin Nob","floor":9,"turns":4},{"damage":3,"enemies":"downfall:FleeingMerchant","floor":11,"turns":4},{"damage":5,"enemies":"Exordium Wildlife","floor":14,"turns":3},{"damage":0,"enemies":"3 Louse","floor":15,"turns":3},{"damage":72,"enemies":"IC_STATUS_ARCHETYPE","floor":16,"turns":13}],"seed_played":"1979333821866874133","potions_obtained":[{"floor":3,"key":"SteroidPotion"},{"floor":4,"key":"BlessingOfTheForge"},{"floor":9,"key":"sneckomod:MuddlingPotion"},{"floor":15,"key":"SpeedPotion"}],"is_trial":false,"path_per_floor":["R_BF","M","M","M","M","$","T","R","E","R","$","?","R","M","M","B"],"character_chosen":"THE_AUTOMATON","items_purchased":["ClockworkSouvenir"],"campfire_rested":2,"item_purchase_floors":[6],"current_hp_per_floor":[70,70,68,68,55,55,55,55,23,44,41,45,66,61,61,0,0,0],"gold":80,"neow_bonus":"RANDOM_COMMON_RELIC","is_daily":false,"chose_seed":false,"campfire_upgraded":1,"win_rate":0.0,"timestamp":1611893380,"path_taken":["R_BF","M","M","M","M","?","T","R","E","R","$","?","R","M","M","BOSS"],"items_purchased_type":["Relic"],"build_version":"2020-12-22","purchased_purges":0,"victory":false,"max_hp_per_floor":[70,70,70,70,70,70,70,70,70,70,70,70,70,70,70,70,70,70],"card_choices":[{"not_picked":["bronze:CutThrough","bronze:Allocate","bronze:Overheat"],"picked":"SKIP","floor":2},{"not_picked":["bronze:BitShift","bronze:Return","bronze:Overheat"],"picked":"SKIP","floor":3},{"not_picked":["bronze:DelayedSlice","bronze:BronzeArmor","bronze:Fortify"],"picked":"SKIP","floor":4},{"not_picked":["bronze:Iterate","bronze:Virus","bronze:Return"],"picked":"SKIP","floor":5},{"not_picked":["bronze:Backtrace","bronze:Frontload","bronze:Boost"],"picked":"SKIP","floor":6},{"not_picked":["bronze:FineTuning","bronze:Iterate","bronze:RecursiveStrike"],"picked":"SKIP","floor":9},{"not_picked":["bronze:FineTuning","bronze:Return"],"picked":"bronze:Terminator","floor":11},{"not_picked":["bronze:NullPointer","bronze:Iterate","bronze:OilSpill"],"picked":"SKIP","floor":14},{"not_picked":["bronze:ItsAFeature","bronze:OilSpill"],"picked":"bronze:Constructor","floor":15}],"player_experience":458967,"relics_obtained":[{"floor":1,"key":"infinitespire:Golems Mask"},{"floor":7,"key":"reliquary:SharkskinSheath"},{"floor":9,"key":"Oddly Smooth Stone"}],"event_choices":[{"damage_healed":4,"gold_gain":0,"player_choice":"LEAVE ","damage_taken":0,"relics_obtained":[],"max_hp_gain":0,"max_hp_loss":0,"event_name":"betterSkull:BetterSkull","floor":12,"gold_loss":0,"cards_upgraded":[]}],"is_beta":false,"boss_relics":[],"items_purged_floors":[],"is_endless":false,"potions_floor_spawned":[3,4,9,15],"killed_by":"IC_STATUS_ARCHETYPE","ascension_level":1}}