{"host":"drjz7zl15rqtgg20","time":1611943341,"event":{"mods":["BaseMod","Colored Map","Downfall","Minty Spire (QoL Compilation)","StSLib"],"gold_per_floor":[99,119,33,33,50,50,50,65,65,91,103,3,22,39,49,153,153,53,63,75,75,85,99,124,24,24,49,49,34,34,19,39,135,135,135,153,165,184,184,219,219,250,250,260,260,455,468,468,479,479,479,479],"floor_reached":50,"language":"ENG","playtime":3155,"items_purged":["downfall:Malfunctioning"],"score":576,"play_id":"f622ba1d-0694-48a8-89cb-208e2525db82","local_time":"20210129130221","is_ascension_mode":false,"campfire_choices":[{"floor":1,"key":"RECALL"},{"data":"hexamod:TimeWarp","floor":6,"key":"SMITH"},{"data":"hexamod:ShieldOfDarkness","floor":9,"key":"SMITH"},{"data":"hexamod:SwordOfDarkness","floor":12,"key":"SMITH"},{"data":"hexamod:VolcanoVisage","floor":18,"key":"SMITH"},{"data":"hexamod:FastForward","floor":25,"key":"SMITH"},{"data":"hexamod:FastForward","floor":28,"key":"SMITH"},{"data":"hexamod:FlamesFromBeyond","floor":30,"key":"SMITH"},{"data":"hexamod:Sear","floor":35,"key":"SMITH"},{"floor":45,"key":"REST"}],"circlet_count":0,"master_deck":["hexamod:Strike","hexamod:Strike","hexamod:Strike+1","hexamod:Strike+1","hexamod:Defend","hexamod:Defend","hexamod:Defend","hexamod:Defend","hexamod:Sear+1","hexamod:Float","hexamod:ForkedFlame+1","hexamod:FastForward+1","hexamod:TimeWarp+1","hexamod:ShieldOfDarkness+1","hexamod:FastForward+1","hexamod:FirstSeal","hexamod:SwordOfDarkness+1","hexamod:FlamesFromBeyond+1","hexamod:VolcanoVisage+1","hexamod:FastForward+1","hexamod:CatchUp+1","hexamod:FlamesFromBeyond","hexamod:SwordOfDarkness+1","hexamod:RadiantFlame+1","hexamod:StepThrough+1"],"relics":["hexamod:SpiritBrand","FossilizedHelix","downfall:HeartBlessingRed","Busted Crown","downfall:HeartBlessingGreen","Toy Ornithopter","downfall:HeartBlessingBlue","Happy Flower","hexamod:IceCube","Molten Egg 2","Gambling Chip","Letter Opener"],"acts_visited":["Exordium","TheCity","TheBeyond"],"potions_floor_usage":[15,27,27,33,40,44,49],"damage_taken":[{"damage":0,"enemies":"2 Louse","floor":2,"turns":1},{"damage":0,"enemies":"downfall:FleeingMerchant","floor":3,"turns":4},{"damage":2,"enemies":"Small Slimes","floor":5,"turns":2},{"damage":0,"enemies":"Jaw Worm","floor":8,"turns":1},{"damage":13,"enemies":"3 Sentries","floor":10,"turns":7},{"damage":0,"enemies":"Exordium Wildlife","floor":11,"turns":4},{"damage":0,"enemies":"2 Fungi Beasts","floor":13,"turns":3},{"damage":0,"enemies":"Large Slime","floor":14,"turns":4},{"damage":7,"enemies":"Gremlin Gang","floor":15,"turns":4},{"damage":22,"enemies":"WA_ARCHETYPE_RETAIN","floor":16,"turns":6},{"damage":0,"enemies":"Chosen","floor":19,"turns":4},{"damage":10,"enemies":"3 Byrds","floor":20,"turns":4},{"damage":7,"enemies":"Snake Plant","floor":22,"turns":3},{"damage":0,"enemies":"Snecko","floor":23,"turns":3},{"damage":6,"enemies":"Book of Stabbing","floor":27,"turns":5},{"damage":0,"enemies":"downfall:FleeingMerchant","floor":29,"turns":4},{"damage":4,"enemies":"downfall:FleeingMerchant","floor":31,"turns":4},{"damage":15,"enemies":"Cultist and Chosen","floor":32,"turns":6},{"damage":47,"enemies":"IC_MUSHROOM_ARCHETYPE","floor":33,"turns":7},{"damage":0,"enemies":"3 Shapes","floor":36,"turns":4},{"damage":5,"enemies":"Orb Walker","floor":37,"turns":4},{"damage":0,"enemies":"Spire Growth","floor":38,"turns":4},{"damage":58,"enemies":"Nemesis","floor":40,"turns":9},{"damage":42,"enemies":"Giant Head","floor":42,"turns":8},{"damage":0,"enemies":"Transient","floor":44,"turns":5},{"damage":10,"enemies":"downfall:FleeingMerchant","floor":46,"turns":3},{"damage":2,"enemies":"Jaw Worm Horde","floor":47,"turns":4},{"damage":0,"enemies":"Maw","floor":49,"turns":5},{"damage":62,"enemies":"SI_POISON_ARCHETYPE","floor":50,"turns":7}],"seed_played":"-8275551582251170476","potions_obtained":[{"floor":10,"key":"BlessingOfTheForge"},{"floor":11,"key":"DistilledChaos"},{"floor":13,"key":"Energy Potion"},{"floor":22,"key":"Energy Potion"},{"floor":27,"key":"PowerPotion"},{"floor":32,"key":"GamblersBrew"},{"floor":33,"key":"Fruit Juice"},{"floor":36,"key":"ColorlessPotion"},{"floor":47,"key":"DistilledChaos"}],"is_trial":false,"path_per_floor":["R","M","$","?","M","R","T","M","R","E","M","R","M","M","M","B",null,"R","M","M","?","M","M","T","R","?","E","R","$","R","$","M","B",null,"R","M","M","M","?","E","T","E","?","M","R","$","M","?","M","B"],"character_chosen":"THE_SPIRIT","items_purchased":["hexamod:TimeWarp","hexamod:StepThrough+1"],"campfire_rested":1,"item_purchase_floors":[3,46],"current_hp_per_floor":[70,70,70,70,68,68,68,68,68,55,62,62,62,69,69,54,70,70,70,67,67,60,60,60,70,55,66,66,73,73,76,68,38,90,90,90,90,90,90,44,44,9,9,21,48,45,43,43,48,0,0,0],"gold":479,"neow_bonus":"ONE_RANDOM_RARE_CARD","is_daily":false,"chose_seed":false,"campfire_upgraded":8,"win_rate":0.0,"timestamp":1611943341,"path_taken":["R","M","$","?","M","R","T","M","R","E","M","R","M","M","M","BOSS","R","M","M","?","M","M","T","R","?","E","R","?","R","$","M","BOSS","R","M","M","M","?","E","T","E","?","M","R","$","M","?","M","BOSS"],"items_purchased_type":["Card","Card"],"build_version":"2020-12-22","purchased_purges":1,"victory":false,"max_hp_per_floor":[70,70,70,70,70,70,70,70,70,70,70,70,70,70,70,70,70,70,70,70,70,70,70,70,80,85,85,85,85,85,85,85,90,90,90,90,90,90,90,90,90,90,90,90,90,90,90,90,90,90,90,90],"card_choices":[{"not_picked":["hexamod:BacktrackSmack","hexamod:ThermalTransfer"],"picked":"hexamod:FastForward","floor":2},{"not_picked":["hexamod:HeatMetal","hexamod:SpectersWail","hexamod:SpectralAdrenaline"],"picked":"SKIP","floor":3},{"not_picked":["hexamod:ThermalTransfer","hexamod:SpectralAdrenaline"],"picked":"hexamod:ShieldOfDarkness","floor":5},{"not_picked":["hexamod:EmpoweredFlame","hexamod:GhostLash"],"picked":"hexamod:FastForward","floor":8},{"not_picked":["hexamod:SearingWound","hexamod:GhostShield"],"picked":"hexamod:FirstSeal","floor":10},{"not_picked":["hexamod:HeatMetal","hexamod:AdvancingGuard"],"picked":"hexamod:SwordOfDarkness","floor":11},{"not_picked":["hexamod:GhostOfSpirePast","hexamod:BacktrackSmack","hexamod:ShieldOfDarkness"],"picked":"SKIP","floor":13},{"not_picked":["hexamod:FirstSeal","hexamod:FourthSeal"],"picked":"hexamod:FlamesFromBeyond","floor":14},{"not_picked":["hexamod:RecurringNightmare","hexamod:Incineration","hexamod:FastForward"],"picked":"SKIP","floor":15},{"not_picked":["hexamod:SixthSeal","hexamod:UnlimitedPower"],"picked":"hexamod:VolcanoVisage","floor":16},{"not_picked":["hexamod:NecessarySacrifice"],"picked":"SKIP","floor":19},{"not_picked":["hexamod:GhostLash"],"picked":"SKIP","floor":20},{"not_picked":["hexamod:Rewind"],"picked":"SKIP","floor":22},{"not_picked":["hexamod:ShieldOfDarkness"],"picked":"SKIP","floor":23},{"not_picked":[],"picked":"hexamod:FastForward+1","floor":27},{"not_picked":["hexamod:NightmareStrike+1"],"picked":"SKIP","floor":29},{"not_picked":[],"picked":"hexamod:CatchUp+1","floor":31},{"not_picked":["hexamod:AdvancingGuard"],"picked":"SKIP","floor":32},{"not_picked":[],"picked":"hexamod:FlamesFromBeyond","floor":36},{"not_picked":[],"picked":"hexamod:SwordOfDarkness+1","floor":37},{"not_picked":[],"picked":"hexamod:RadiantFlame+1","floor":38},{"not_picked":["hexamod:BurningTouch"],"picked":"SKIP","floor":40},{"not_picked":["hexamod:Firestarter+1"],"picked":"SKIP","floor":42},{"not_picked":["hexamod:Toasty+1"],"picked":"SKIP","floor":44},{"not_picked":["hexamod:FlamesFromBeyond"],"picked":"SKIP","floor":46},{"not_picked":["hexamod:InspiringFlames+1"],"picked":"SKIP","floor":47},{"not_picked":["hexamod:GhostShield"],"picked":"SKIP","floor":49}],"player_experience":630271,"relics_obtained":[{"floor":10,"key":"FossilizedHelix"},{"floor":24,"key":"Toy Ornithopter"},{"floor":27,"key":"Happy Flower"},{"floor":40,"key":"Molten Egg 2"},{"floor":41,"key":"Gambling Chip"},{"floor":42,"key":"Letter Opener"}],"event_choices":[{"damage_healed":0,"gold_gain":0,"player_choice":"Ignored","damage_taken":0,"max_hp_gain":0,"max_hp_loss":0,"event_name":"NoteForYourself","floor":48,"gold_loss":0}],"is_beta":false,"boss_relics":[{"not_picked":["SlaversCollar","Runic Pyramid"],"picked":"Busted Crown"},{"not_picked":["Empty Cage","Pandora\u0027s Box"],"picked":"hexamod:IceCube"}],"items_purged_floors":[46],"is_endless":false,"potions_floor_spawned":[10,11,13,22,27,32,33,36,47],"killed_by":"SI_POISON_ARCHETYPE","ascension_level":0}}