{"host":"w3znmyy6nqoc7418","time":1611909475,"event":{"mods":["BaseMod","Minty Spire (QoL Compilation)","Replay The Spire","Shop Mod","StSLib"],"gold_per_floor":[114,64,64,64,83,110,110,110,40,73,97,97,113,144,144,72,72,169,169,185,33,33,53,129,129,155,155,182,182,139,154,190,47,47,158,158,170,184,193,51,73,107,107,125,125,140,180,190,190,229,229,229,229,229,57,85,85],"floor_reached":58,"language":"ZHS","playtime":2346,"items_purged":["Delirium","Clash"],"score":1481,"play_id":"4ea62120-7384-4289-87df-dfff21e59058","local_time":"20210129163755","is_ascension_mode":true,"campfire_choices":[{"data":"Juggernaut","floor":12.0,"key":"SMITH"},{"data":"Second Wind","floor":15.0,"key":"SMITH"},{"data":"Strike_R","floor":17.0,"key":"PURGE"},{"data":"Barricade","floor":25.0,"key":"SMITH"},{"data":"Body Slam","floor":27.0,"key":"SMITH"},{"data":"Feel No Pain","floor":29.0,"key":"SMITH"},{"data":"Body Slam","floor":34.0,"key":"SMITH"},{"data":"Night Terror","floor":43,"key":"SMITH"},{"floor":51,"key":"RECALL"},{"data":"Dark Embrace","floor":54,"key":"SMITH"}],"circlet_count":0,"master_deck":["Defend_R+1","Defend_R","Defend_R","Defend_R","Bash","Juggernaut+1","Second Wind+1","Fiend Fire","Feel No Pain+1","Hemokinesis","Intimidate","Wild Strike","Rupture","Barricade+1","Disarm+1","ReplayReversal+1","True Grit+1","Body Slam+1","Good Instincts","Body Slam+1","Leap+1","Night Terror+1","Dark Embrace+1","Devotion","Master of Strategy","Second Wind","Evolve"],"relics":["Burning Blood","NeowsBlessing","Pet Ghost","Juzu Bracelet","Pen Nib","ReplayTheSpireMod:TigerMarble","Astrolabe","PrismaticShard","Bag of Marbles","CeramicFish","Counterbalance","Anchor","Sozu","ReplayTheSpireMod:Ring of Exchange","Replay:Baseball","Nunchaku","Paper Frog","Kunai","Vajra","ReplayTheSpireMod:Lightbulb"],"acts_visited":["Exordium","TheCity","TheBeyond","TheEnding"],"potions_floor_usage":[50,52],"damage_taken":[{"damage":0.0,"enemies":"Small Slimes","floor":1.0,"turns":1.0},{"damage":0.0,"enemies":"Jaw Worm","floor":5.0,"turns":1.0},{"damage":0.0,"enemies":"3 Sentries","floor":6.0,"turns":2.0},{"damage":5.0,"enemies":"Lagavulin","floor":10.0,"turns":5.0},{"damage":2.0,"enemies":"Cultist","floor":13.0,"turns":3.0},{"damage":19.0,"enemies":"3 Sentries","floor":14.0,"turns":5.0},{"damage":22.0,"enemies":"Fading Forest","floor":18.0,"turns":11.0},{"damage":19.0,"enemies":"2 Thieves","floor":20.0,"turns":4.0},{"damage":21.0,"enemies":"Spheric Guardian","floor":23.0,"turns":4.0},{"damage":29.0,"enemies":"Slavers","floor":26.0,"turns":5.0},{"damage":10.0,"enemies":"Cultist and Chosen","floor":31.0,"turns":6.0},{"damage":2.0,"enemies":"Book of Stabbing","floor":32.0,"turns":5.0},{"damage":11.0,"enemies":"Pondfish","floor":35.0,"turns":9.0},{"damage":18.0,"enemies":"3 Darklings","floor":37.0,"turns":6.0},{"damage":12.0,"enemies":"3 Shapes","floor":38.0,"turns":3.0},{"damage":4,"enemies":"Jaw Worm Horde","floor":41,"turns":3},{"damage":8,"enemies":"R_Hoarder","floor":42,"turns":6},{"damage":8,"enemies":"4 Shapes","floor":44,"turns":4},{"damage":6,"enemies":"Sphere and 2 Shapes","floor":46,"turns":5},{"damage":61,"enemies":"Reptomancer","floor":47,"turns":6},{"damage":0,"enemies":"Maw","floor":48,"turns":5},{"damage":5,"enemies":"R_Hoarder","floor":50,"turns":5},{"damage":0,"enemies":"Replay:Hell Engine","floor":52,"turns":8},{"damage":8,"enemies":"Shield and Spear","floor":56,"turns":5},{"damage":10,"enemies":"The Heart","floor":57,"turns":7}],"seed_played":"8723825815892564769","potions_obtained":[{"floor":5.0,"key":"Regen Potion"},{"floor":10.0,"key":"Fruit Juice"},{"floor":13.0,"key":"ColorlessPotion"},{"floor":18.0,"key":"Energy Potion"},{"floor":20.0,"key":"Milkshake"},{"floor":22.0,"key":"DistilledChaos"},{"floor":23.0,"key":"FairyPotion"},{"floor":31.0,"key":"SkillPotion"}],"is_trial":false,"path_per_floor":["M","?","?","?","M","E","PTL","PTL","$","E","T","R","M","E","R","$","R","B",null,"M","$","?","M","T","R","E","R","T","R","$","M","E","$","R","B",null,"M","M","?","$","M","E","R","M","T","M","E","M","T","E","R","B",null,"R","$","E","B",null],"character_chosen":"IRONCLAD","items_purchased":["Feel No Pain","Rupture","PrismaticShard","Body Slam","Anchor","Dark Embrace","Evolve"],"campfire_rested":0,"item_purchase_floors":[9,16,21,30,33,40,55],"current_hp_per_floor":[80,80,80,80,80,80,80,80,80,85,85,85,85,72,72,72,72,60,85,72,72,72,57,57,57,48,48,48,48,48,44,48,48,48,43,85,73,67,67,67,69,67,67,65,65,65,10,16,16,17,17,23,85,85,85,83,79],"gold":85,"neow_bonus":"THREE_ENEMY_KILL","is_daily":false,"chose_seed":false,"campfire_upgraded":8,"win_rate":0.0,"timestamp":1611909475,"path_taken":["M","?","?","?","M","E","PTL","PTL","$","E","T","R","M","E","R","$","R","BOSS","M","$","?","M","?","R","E","R","T","R","?","M","E","?","R","BOSS","M","M","?","$","M","E","R","M","T","M","E","M","?","E","R","BOSS","R","$","E","BOSS"],"items_purchased_type":["Card","Card","Relic","Card","Relic","Card","Card"],"build_version":"2020-12-22","purchased_purges":2,"victory":true,"max_hp_per_floor":[80,80,80,80,80,80,80,80,80,85,85,85,85,85,85,85,85,85,85,85,85,85,85,85,85,85,85,85,85,85,85,85,85,85,85,85,85,85,85,85,85,85,85,85,85,85,85,85,85,85,85,85,85,85,85,85,85],"card_choices":[{"not_picked":["Clothesline","Warcry"],"picked":"Clash","floor":1.0},{"not_picked":["Clothesline","Seeing Red"],"picked":"Second Wind","floor":5.0},{"not_picked":["Reaper","Inflame"],"picked":"Fiend Fire","floor":6.0},{"not_picked":["Rupture","Flex"],"picked":"Hemokinesis","floor":10.0},{"not_picked":["Iron Wave","Dropkick"],"picked":"Intimidate","floor":13.0},{"not_picked":["Thunderclap","Iron Wave"],"picked":"Wild Strike","floor":14.0},{"not_picked":["Brutality","Bludgeon"],"picked":"Barricade","floor":18.0},{"not_picked":["Pommel Strike","Twin Strike+1"],"picked":"Body Slam","floor":20.0},{"not_picked":["Replay:Poison Smokescreen","Protect+1","Pommel Strike"],"picked":"SKIP","floor":23.0},{"not_picked":["Heatsinks","Replay:Undeath\u0027s Touch"],"picked":"Good Instincts","floor":26.0},{"not_picked":["Worship+1","ForeignInfluence","Flash of Steel"],"picked":"SKIP","floor":31.0},{"not_picked":["Reboot","Apotheosis"],"picked":"Leap+1","floor":32.0},{"not_picked":["Transmutation","Multi-Cast"],"picked":"Night Terror","floor":35.0},{"not_picked":["Clash","Halt","Go for the Eyes"],"picked":"SKIP","floor":37.0},{"not_picked":["Coolheaded+1","Perfected Strike","Replay:AtTheReady+1"],"picked":"SKIP","floor":38.0},{"not_picked":["Conclude","Body Slam"],"picked":"Devotion","floor":41},{"not_picked":["Shrug It Off+1","Consecrate","Replay:Hum"],"picked":"SKIP","floor":42},{"not_picked":["Gash+1","Compile Driver","Perfected Strike"],"picked":"SKIP","floor":44},{"not_picked":["Deep Breath","BowlingBash","Quick Slash+1"],"picked":"SKIP","floor":46},{"not_picked":["CutThroughFate","Consecrate"],"picked":"Master of Strategy","floor":47},{"not_picked":["Perfected Strike","Shockwave+1","Underhanded Strike"],"picked":"SKIP","floor":48},{"not_picked":["Steam","Terror"],"picked":"Second Wind","floor":50},{"not_picked":["Defragment","Wild Strike+1","FlyingSleeves+1"],"picked":"SKIP","floor":56}],"player_experience":58600,"relics_obtained":[{"floor":6.0,"key":"Pet Ghost"},{"floor":10.0,"key":"Juzu Bracelet"},{"floor":11.0,"key":"Pen Nib"},{"floor":14.0,"key":"ReplayTheSpireMod:TigerMarble"},{"floor":26.0,"key":"Bag of Marbles"},{"floor":28.0,"key":"CeramicFish"},{"floor":32.0,"key":"Counterbalance"},{"floor":39,"key":"ReplayTheSpireMod:Ring of Exchange"},{"floor":42,"key":"Replay:Baseball"},{"floor":45,"key":"Nunchaku"},{"floor":47,"key":"Paper Frog"},{"floor":49,"key":"Kunai"},{"floor":50,"key":"Vajra"},{"floor":56,"key":"ReplayTheSpireMod:Lightbulb"}],"event_choices":[{"cards_removed":["Strike_R"],"damage_healed":0.0,"max_hp_gain":0.0,"max_hp_loss":0.0,"gold_gain":0.0,"event_name":"The Cleric","player_choice":"Card Removal","floor":2.0,"gold_loss":50.0,"damage_taken":0.0},{"damage_healed":0.0,"max_hp_gain":0.0,"max_hp_loss":0.0,"gold_gain":0.0,"event_name":"Match and Keep!","player_choice":"1 cards matched","floor":4.0,"gold_loss":0.0,"damage_taken":0.0,"cards_obtained":["Juggernaut"]},{"damage_healed":0.0,"max_hp_gain":0.0,"max_hp_loss":0.0,"gold_gain":0.0,"event_name":"Lab","player_choice":"Got Potions","floor":22.0,"gold_loss":0.0,"damage_taken":0.0}],"is_beta":false,"boss_relics":[{"not_picked":["Busted Crown","Replay:Grab Bag"],"picked":"Astrolabe"},{"not_picked":["Replay:Bronze Core","Fusion Hammer"],"picked":"Sozu"}],"items_purged_floors":[40,55],"is_endless":false,"potions_floor_spawned":[5,10,13,18,20,23,31,42,44,46],"ascension_level":2}}