{"host":"sum4dy402bbv9y4o","time":1611952340,"event":{"mods":["Aspiration","BaseMod","Conspire","Highlight Path","Minty Spire (QoL Compilation)","StSLib"],"gold_per_floor":[115,115,56,75,0,0,30,48,48,11,11,40,40,69,69,69,69],"floor_reached":16,"language":"ENG","playtime":378,"items_purged":["Strike_P"],"score":237,"play_id":"e436d7d2-576a-4a82-bff9-3d97086ad5c7","local_time":"20210129233220","is_ascension_mode":true,"campfire_choices":[{"data":"Eruption","floor":6,"key":"SMITH"},{"floor":11,"key":"REST"},{"floor":15,"key":"REST"}],"circlet_count":0,"master_deck":["AscendersBane","conspire:GhostlyStrike","conspire:GhostlyStrike","conspire:GhostlyStrike","conspire:GhostlyDefend","conspire:GhostlyDefend","conspire:GhostlyDefend+1","conspire:GhostlyDefend","Eruption+1","Vigilance+1","BowlingBash","Halt","Weave","FlurryOfBlows","CutThroughFate","Weave","Prostrate"],"relics":["Velvet Choker","Ornamental Fan","Nunchaku","conspire:DecoderRing","Odd Mushroom"],"acts_visited":["Exordium"],"potions_floor_usage":[7,12,14],"damage_taken":[{"damage":2,"enemies":"Small Slimes","floor":1,"turns":3},{"damage":0,"enemies":"2 Louse","floor":4,"turns":4},{"damage":35,"enemies":"Lagavulin","floor":7,"turns":7},{"damage":0,"enemies":"Cultist","floor":8,"turns":2},{"damage":6,"enemies":"3 Sentries","floor":12,"turns":3},{"damage":2,"enemies":"The Mushroom Lair","floor":14,"turns":3},{"damage":36,"enemies":"Hexaghost","floor":16,"turns":7}],"seed_played":"-2537960248493052414","potions_obtained":[{"floor":4,"key":"Dexterity Potion"},{"floor":7,"key":"AttackPotion"},{"floor":12,"key":"Block Potion"}],"is_trial":false,"path_per_floor":["M","?","$","M","$","R","E","M","T","$","R","E","?","?","R","B"],"character_chosen":"WATCHER","items_purchased":["Halt","Weave"],"campfire_rested":2,"item_purchase_floors":[3,10],"current_hp_per_floor":[59,39,39,39,39,39,4,4,4,4,24,18,18,16,36,0,0],"gold":69,"neow_bonus":"BOSS_RELIC","is_daily":false,"chose_seed":false,"campfire_upgraded":1,"win_rate":0.0,"timestamp":1611952340,"path_taken":["M","?","$","M","$","R","E","M","T","$","R","E","?","?","R","BOSS"],"items_purchased_type":["Card","Card"],"build_version":"2020-12-22","purchased_purges":1,"victory":false,"max_hp_per_floor":[68,68,68,68,68,68,68,68,68,68,68,68,68,68,68,68,68],"card_choices":[{"not_picked":["EmptyBody","Indignation"],"picked":"BowlingBash","floor":1},{"not_picked":["BattleHymn","PathToVictory"],"picked":"Weave","floor":4},{"not_picked":["JustLucky","Wireheading"],"picked":"FlurryOfBlows","floor":7},{"not_picked":["FollowUp","Vengeance"],"picked":"CutThroughFate","floor":8},{"not_picked":["Judgement","Vengeance","CarveReality"],"picked":"SKIP","floor":12},{"not_picked":["BowlingBash","Swivel"],"picked":"Prostrate","floor":14}],"player_experience":3024163,"relics_obtained":[{"floor":7,"key":"Ornamental Fan"},{"floor":9,"key":"Nunchaku"},{"floor":12,"key":"conspire:DecoderRing"},{"floor":14,"key":"Odd Mushroom"}],"event_choices":[{"damage_healed":0,"gold_gain":0,"player_choice":"Entered Light","damage_taken":20,"max_hp_gain":0,"max_hp_loss":0,"event_name":"Shining Light","floor":2,"gold_loss":0,"cards_upgraded":["Vigilance","Defend_P"]},{"damage_healed":0,"gold_gain":0,"player_choice":"Agree","damage_taken":0,"max_hp_gain":0,"max_hp_loss":0,"event_name":"conspire:LoneGhost","floor":13,"gold_loss":0},{"damage_healed":0,"gold_gain":0,"player_choice":"Fought Mushrooms","damage_taken":0,"max_hp_gain":0,"max_hp_loss":0,"event_name":"Mushrooms","floor":14,"gold_loss":0}],"is_beta":false,"boss_relics":[],"items_purged_floors":[5],"is_endless":false,"potions_floor_spawned":[4,7,12],"killed_by":"Hexaghost","ascension_level":20}}