{"host":"mku5fdaoqz3qihec","time":1611961218,"event":{"mods":["100% Spire Juice","2.2 Compatiblity","AchievementEnabler","Arknights The Spire","BaseMod","CapriCore","Colored Map","Colored Powertips","Hermit","Koishi","Minty Spire (QoL Compilation)","Rare Cards Sparkle","StSLib","SuperFastMode","The Cursed","The Dragon Tamer","The Gatherer","The Immortal","The Servant 0.9.3"],"gold_per_floor":[119,28,28,48,48,74,91,107,133,160,179,179,209,223,223,321,321,341,341,359,359,378,378,378],"floor_reached":23,"language":"KOR","playtime":573,"items_purged":["ats:Strike V"],"score":298,"play_id":"b065ff08-4023-4681-8e88-d14c8da10ebf","local_time":"20210130080018","is_ascension_mode":true,"campfire_choices":[{"data":"ats:Emotion Absorption","floor":12,"key":"SMITH"},{"data":"ats:Thermite Blade","floor":15,"key":"SMITH"}],"circlet_count":0,"master_deck":["ats:Armor Crushing Shot","ats:Defend","ats:Defend","ats:Emotion Absorption+1","ats:Powerful Strike","ats:Phantom","ats:Apocalypse","ats:Thermite Blade+1","ats:Apocalypse","ats:Literary Storm","ats:Disruption Kick","ats:Assault Order+1","ats:Sunburst+1","ats:Soul Rend+1","ats:Mental Burst","J.A.X.","ats:Overload"],"relics":["ats:Omniscience","Membership Card","ats:Originium","Potion Belt","Art of War","Orichalcum","Gambling Chip","Astrolabe"],"acts_visited":["Exordium","TheCity"],"potions_floor_usage":[6,13,16,18],"damage_taken":[{"damage":0,"enemies":"2 Louse","floor":1,"turns":3},{"damage":0,"enemies":"Small Slimes","floor":4,"turns":2},{"damage":12,"enemies":"Lagavulin","floor":6,"turns":6},{"damage":0,"enemies":"Cultist","floor":7,"turns":4},{"damage":0,"enemies":"3 Louse","floor":8,"turns":3},{"damage":20,"enemies":"3 Sentries","floor":10,"turns":9},{"damage":0,"enemies":"Looter","floor":11,"turns":3},{"damage":0,"enemies":"Gremlin Nob","floor":13,"turns":4},{"damage":0,"enemies":"Large Slime","floor":14,"turns":4},{"damage":35,"enemies":"The Guardian","floor":16,"turns":12},{"damage":5,"enemies":"3 Byrds","floor":18,"turns":4},{"damage":9,"enemies":"2 Thieves","floor":20,"turns":3},{"damage":29,"enemies":"Snake Plant","floor":22,"turns":3},{"damage":21,"enemies":"Slavers","floor":23,"turns":1}],"seed_played":"2900881453950494262","potions_obtained":[{"floor":4,"key":"FearPotion"},{"floor":8,"key":"GamblersBrew"},{"floor":11,"key":"EssenceOfSteel"},{"floor":16,"key":"PowerPotion"}],"is_trial":false,"path_per_floor":["M","$","?","M","?","E","M","M","T","E","M","R","E","M","R","B",null,"M","?","M","?","M","E"],"character_chosen":"DOCTOR_CLASS","items_purchased":["Membership Card"],"campfire_rested":0,"item_purchase_floors":[2],"current_hp_per_floor":[72,72,65,65,65,53,63,68,68,67,72,72,72,72,72,52,67,72,72,63,50,21,0,0],"gold":378,"neow_bonus":"BOSS_RELIC","is_daily":false,"chose_seed":false,"campfire_upgraded":2,"win_rate":0.0,"timestamp":1611961218,"path_taken":["M","$","?","M","?","E","?","M","T","E","M","R","E","M","R","BOSS","M","?","M","?","M","E"],"items_purchased_type":["Relic"],"build_version":"2020-12-22","purchased_purges":1,"victory":false,"max_hp_per_floor":[72,72,72,72,72,72,72,72,72,72,72,72,72,72,72,72,72,72,72,72,77,77,77,77],"card_choices":[{"not_picked":["ats:Spore Proliferation","ats:Guardian Obelisk"],"picked":"ats:Powerful Strike","floor":1},{"not_picked":["ats:Curse Doll","ats:Shell Defense"],"picked":"ats:Phantom","floor":4},{"not_picked":["ats:Beaten Up","ats:Ignite"],"picked":"ats:Apocalypse","floor":6},{"not_picked":["ats:Automatic Cover","ats:Steam Pump"],"picked":"ats:Thermite Blade","floor":7},{"not_picked":["ats:Assault Order","ats:Directed Diagnosis"],"picked":"ats:Apocalypse","floor":8},{"not_picked":["ats:Part Time Job","ats:Collapsing Strike"],"picked":"ats:Literary Storm","floor":10},{"not_picked":["ats:Curse Doll","ats:Sunburst","ats:Consecutive Shot Auto"],"picked":"SKIP","floor":11},{"not_picked":["ats:Encircling Forest","ats:Blood Oath","ats:Support Order"],"picked":"SKIP","floor":13},{"not_picked":["ats:Guard Mode","ats:Very Hot Blade","ats:Cat Scratch"],"picked":"SKIP","floor":14},{"not_picked":["ats:Calcification","ats:Echo Reverb"],"picked":"ats:Disruption Kick","floor":16},{"not_picked":["ats:Explosion Area Strengthen","ats:Automatic Cover"],"picked":"ats:Mental Burst","floor":18},{"not_picked":["ats:Sword Rain","ats:Beaten Up","ats:Consecutive Shot Auto"],"picked":"SKIP","floor":20},{"not_picked":["ats:Soul Absorption","ats:Guardian Obelisk"],"picked":"ats:Overload","floor":22}],"player_experience":309573,"relics_obtained":[{"floor":6,"key":"ats:Originium"},{"floor":6,"key":"Potion Belt"},{"floor":9,"key":"Art of War"},{"floor":10,"key":"ats:Originium"},{"floor":10,"key":"Orichalcum"},{"floor":13,"key":"ats:Originium"},{"floor":13,"key":"Gambling Chip"}],"event_choices":[{"cards_removed":["ats:Defend"],"damage_healed":0,"gold_gain":0,"player_choice":"Card Removal","damage_taken":7,"max_hp_gain":0,"max_hp_loss":0,"event_name":"Golden Wing","floor":3,"gold_loss":0},{"cards_removed":["ats:Strike C"],"damage_healed":0,"gold_gain":0,"player_choice":"Offered Basic","damage_taken":0,"max_hp_gain":0,"max_hp_loss":0,"event_name":"Bonfire Elementals","floor":5,"gold_loss":0},{"damage_healed":0,"gold_gain":0,"player_choice":"Obtain J.A.X.","damage_taken":0,"max_hp_gain":0,"max_hp_loss":0,"event_name":"Drug Dealer","floor":19,"gold_loss":0,"cards_obtained":["J.A.X."]},{"damage_healed":0,"gold_gain":0,"player_choice":"Shed Blood","damage_taken":18,"max_hp_gain":5,"max_hp_loss":0,"event_name":"Forgotten Altar","floor":21,"gold_loss":0}],"is_beta":false,"boss_relics":[{"not_picked":["Ectoplasm","Busted Crown"],"picked":"Astrolabe"}],"items_purged_floors":[2],"is_endless":false,"potions_floor_spawned":[4,8,11,16],"killed_by":"Slavers","ascension_level":5}}