{"host":"5h6e4l6hpn0p5lap","time":1611945663,"event":{"mods":["AchievementEnabler","BaseMod","Better Altar","Better Match","Better Sensory Stone","Better Skull","Better Third Choice","Filter the Spire","Highlight Path","Minty Spire (QoL Compilation)","StSLib"],"gold_per_floor":[117,137,137,148,148,173,173,199,251,251,271,271,271,296,296,296,296],"floor_reached":16,"language":"ENG","playtime":606,"items_purged":[],"score":110,"play_id":"b565d1ea-f115-4f56-871f-d99887e60ef0","local_time":"20210129134103","is_ascension_mode":false,"campfire_choices":[{"data":"Pommel Strike","floor":7,"key":"SMITH"},{"data":"Flex","floor":12,"key":"SMITH"},{"data":"Pummel","floor":15,"key":"SMITH"}],"circlet_count":0,"master_deck":["Strike_R","Strike_R","Strike_R","Strike_R","Strike_R","Defend_R","Defend_R","Defend_R","Defend_R","Bash","Shrug It Off","Pommel Strike+1","Clothesline","Ghostly Armor","Cleave","Flex+1","Pummel+1"],"relics":["Burning Blood","Blood Vial","Self Forming Clay","PreservedInsect","Golden Idol"],"acts_visited":["Exordium"],"potions_floor_usage":[6,6,14],"damage_taken":[{"damage":5,"enemies":"Jaw Worm","floor":1,"turns":4},{"damage":0,"enemies":"2 Louse","floor":2,"turns":3},{"damage":2,"enemies":"Small Slimes","floor":4,"turns":3},{"damage":9,"enemies":"3 Sentries","floor":6,"turns":11},{"damage":32,"enemies":"Lagavulin","floor":8,"turns":9},{"damage":2,"enemies":"Blue Slaver","floor":11,"turns":4},{"damage":2,"enemies":"Large Slime","floor":14,"turns":3},{"damage":60,"enemies":"Hexaghost","floor":16,"turns":14}],"seed_played":"4351802072131997451","potions_obtained":[{"floor":1,"key":"GamblersBrew"},{"floor":4,"key":"EssenceOfSteel"},{"floor":11,"key":"Explosive Potion"},{"floor":14,"key":"GamblersBrew"}],"is_trial":false,"path_per_floor":["M","M","?","M","?","E","R","E","T","?","M","R","?","M","R","B"],"character_chosen":"IRONCLAD","items_purchased":[],"campfire_rested":0,"item_purchase_floors":[],"current_hp_per_floor":[80,80,85,85,85,82,82,58,58,58,64,64,64,70,70,12,12],"gold":296,"neow_bonus":"RANDOM_COMMON_RELIC","is_daily":false,"chose_seed":false,"campfire_upgraded":3,"win_rate":0.0,"timestamp":1611945663,"path_taken":["M","M","?","M","?","E","R","E","T","?","M","R","?","M","R","BOSS"],"items_purchased_type":[],"build_version":"2020-12-22","purchased_purges":0,"victory":false,"max_hp_per_floor":[80,80,85,85,85,85,85,85,85,85,85,85,79,79,79,79,79],"card_choices":[{"not_picked":["Rupture","Burning Pact"],"picked":"Shrug It Off","floor":1},{"not_picked":["Evolve","Sever Soul"],"picked":"Pommel Strike","floor":2},{"not_picked":["Searing Blow","Uppercut"],"picked":"Clothesline","floor":4},{"not_picked":["Carnage","Power Through"],"picked":"Ghostly Armor","floor":6},{"not_picked":["Twin Strike","Exhume"],"picked":"Cleave","floor":8},{"not_picked":["Body Slam","Clothesline"],"picked":"Flex","floor":11},{"not_picked":["Armaments","Cleave"],"picked":"Pummel","floor":14}],"player_experience":1017611,"relics_obtained":[{"floor":6,"key":"Self Forming Clay"},{"floor":8,"key":"PreservedInsect"}],"event_choices":[{"damage_healed":0,"gold_gain":0,"player_choice":"Donut","damage_taken":0,"max_hp_gain":5,"max_hp_loss":0,"event_name":"Big Fish","floor":3,"gold_loss":0},{"damage_healed":0,"gold_gain":0,"player_choice":"Ignored","damage_taken":148,"max_hp_gain":0,"max_hp_loss":0,"event_name":"betterThird:BetterSerpent","floor":5,"gold_loss":0},{"damage_healed":58,"gold_gain":0,"player_choice":"Leave","damage_taken":0,"max_hp_gain":0,"max_hp_loss":85,"event_name":"betterThird:BetterShining","floor":10,"gold_loss":0},{"damage_healed":0,"gold_gain":0,"player_choice":"Lose Max HP","damage_taken":0,"relics_obtained":["Golden Idol"],"max_hp_gain":0,"max_hp_loss":6,"event_name":"Golden Idol","floor":13,"gold_loss":0}],"is_beta":false,"boss_relics":[],"items_purged_floors":[],"is_endless":false,"potions_floor_spawned":[1,4,11,14],"killed_by":"Hexaghost","ascension_level":0}}