{"host":"gp3usc0dpezjueuv","time":1611899793,"event":{"mods":["100% Spire Juice","Act Like it!","Arknights The Spire","BaseMod","BetterRewards","CapriCore","Colored Powertips","Dota2Spire","HololiveMod","Jedi Mod","Minty Spire (QoL Compilation)","Quick Restart","Remove Card Discount Mod","Replay The Spire","Spicy Shops","StSLib","Swap Starting Deck Mod","The Alterego","TheWitcher","WarShipGirlsR/??少女R mod","Yakumo Yukari mod","Youmu（魂魄妖?）","[GremlinLeader]The Maniac"],"gold_per_floor":[113,124,144,161,179,179,205,380,432,120,120,42,42,62,62,166,166,210,105,147,186,232,317,416,341,341,413,141,174,174,235,235,376,476,532,578,625,693,406,441,441,465,515,578,578,622,687,735,735,823],"floor_reached":51,"language":"ZHS","playtime":3264,"items_purged":["alterego_mod:Defend","Doubt","alterego_mod:BrynhildrsRune","alterego_mod:Defend","Doubt","alterego_mod:Strike","alterego_mod:Strike","alterego_mod:Strike","alterego_mod:Strike","alterego_mod:Crossover+1","alterego_mod:Cycle","SnafuTest:CurseImprisonment","Regret","alterego_mod:DeftHands","alterego_mod:HighServant","Writhe","alterego_mod:Complex+1","alterego_mod:BrynhildrRomantia+1"],"score":1156,"play_id":"9ed83c09-7116-4871-86b9-3686c7e77a9c","local_time":"20210129135633","is_ascension_mode":false,"campfire_choices":[{"data":"alterego_mod:BigMeatyClaws","floor":6,"key":"SMITH"},{"floor":13,"key":"DIG"},{"floor":15,"key":"DIG"},{"data":"alterego_mod:TrashNCrash","floor":32,"key":"SMITH"},{"data":"alterego_mod:BreastValley","floor":41,"key":"SMITH"},{"data":"alterego_mod:Nekomimi","floor":49,"key":"SMITH"}],"circlet_count":0,"master_deck":["alterego_mod:Defend","alterego_mod:Defend+1","alterego_mod:BigMeatyClaws+1","alterego_mod:Undulate+1","alterego_mod:Undulate","alterego_mod:Birthday","alterego_mod:IdEs+1","alterego_mod:DiscoLights","alterego_mod:Exercise+1","alterego_mod:TrashNCrash+1","alterego_mod:Support+1","alterego_mod:Rip","alterego_mod:IndependentAction","alterego_mod:BiFurious","alterego_mod:Nekomimi+1","alterego_mod:RingBreak","alterego_mod:Pet+1","alterego_mod:BigMeatyClaws+1","alterego_mod:BreastValley+1","alterego_mod:Rip+1","alterego_mod:Schoolgirl"],"relics":["alterego_mod:MasochisticConstitution","Iron Hammer","Mercury Hourglass","jedi:shrinkray","TheAbacus","Shovel","Dota2Spire:PhaseBoots","jedi:fakemustache","Replay:Bandana","Membership Card","jedi:HeartOfTheCards","Replay:Rubber Ducky","Dota2Spire:RefresherOrb","War Paint","jedi:windupbox","Meat on the Bone","jedi:angrymask","Sundial","Guide Book","Dota2Spire:Butterfly","alterego_mod:SomeoneToFightFor","Replay:Wanted Poster","ReplayTheSpireMod:CursedCoin","Toy Ornithopter","jedi:gremlinknob","Dota2Spire:ShivaGuard","ReplayTheSpireMod:Ninjato","Dota2Spire:BladeMail","DollysMirror","Snack Pack","Dota2Spire:ArcaneBoots","Mirror"],"acts_visited":["Exordium","TheCity","TheBeyond"],"potions_floor_usage":[4,16,33,33,38,40,40],"damage_taken":[{"damage":0,"enemies":"2 Louse","floor":1,"turns":1},{"damage":1,"enemies":"Jaw Worm","floor":2,"turns":2},{"damage":2,"enemies":"Cultist","floor":3,"turns":3},{"damage":4,"enemies":"Looter","floor":4,"turns":3},{"damage":10,"enemies":"Large Slime","floor":5,"turns":7},{"damage":8,"enemies":"3 Sentries","floor":7,"turns":5},{"damage":6,"enemies":"3 Louse","floor":14,"turns":3},{"damage":34,"enemies":"The Guardian","floor":16,"turns":14},{"damage":6,"enemies":"Shell Parasite","floor":18,"turns":4},{"damage":0,"enemies":"3 Byrds","floor":20,"turns":4},{"damage":5,"enemies":"Centurion and Healer","floor":21,"turns":5},{"damage":19,"enemies":"Snecko","floor":22,"turns":4},{"damage":0,"enemies":"Gremlin Leader","floor":23,"turns":3},{"damage":13,"enemies":"Sentry and Sphere","floor":27,"turns":4},{"damage":2,"enemies":"Centurion and Healer","floor":31,"turns":3},{"damage":26,"enemies":"Pondfish","floor":33,"turns":8},{"damage":0,"enemies":"Orb Walker","floor":35,"turns":3},{"damage":13,"enemies":"3 Darklings","floor":36,"turns":5},{"damage":0,"enemies":"Mind Bloom Boss Battle","floor":38,"turns":7},{"damage":2,"enemies":"R_Hoarder","floor":40,"turns":6},{"damage":0,"enemies":"Maw","floor":42,"turns":4},{"damage":3,"enemies":"4 Shapes","floor":44,"turns":2},{"damage":0,"enemies":"Jaw Worm Horde","floor":46,"turns":3},{"damage":0,"enemies":"Nemesis","floor":47,"turns":3},{"damage":0,"enemies":"3 Darklings","floor":48,"turns":1},{"damage":5,"enemies":"Awakened One","floor":50,"turns":4}],"seed_played":"7808105399386735596","potions_obtained":[{"floor":1,"key":"Energy Potion"},{"floor":3,"key":"Venom Potion"},{"floor":14,"key":"Languid Potion"},{"floor":16,"key":"Elixir"},{"floor":22,"key":"Strength Potion"},{"floor":23,"key":"EssenceOfSteel"},{"floor":31,"key":"SkillPotion"},{"floor":38,"key":"EssenceOfSteel"},{"floor":42,"key":"SteroidPotion"},{"floor":44,"key":"Fire Potion"}],"is_trial":false,"path_per_floor":["M","M","M","M","M","R","E","?","T","$","?","$","R","M","R","B",null,"M","$","M","M","M","E","?","?","T","M","$","?","?","M","R","B",null,"M","M","$","?","$","E","R","M","T","M","?","M","E","M","R","B",null],"character_chosen":"The_Alterego","items_purchased":["Iron Hammer","Mercury Hourglass","jedi:shrinkray","TheAbacus","alterego_mod:Undulate","jedi:fakemustache","Replay:Bandana","Membership Card","War Paint","jedi:windupbox","Sundial","alterego_mod:IndependentAction","alterego_mod:BiFurious","Guide Book","ReplayTheSpireMod:CursedCoin","Toy Ornithopter","jedi:gremlinknob","ReplayTheSpireMod:Ninjato","Dota2Spire:BladeMail","DollysMirror","alterego_mod:BreastValley","Strength Potion","EssenceOfSteel"],"campfire_rested":0,"item_purchase_floors":[0,0,0,0,0,10,10,12,19,19,28,28,28,28,37,37,37,39,39,39,39,39,39],"current_hp_per_floor":[38,38,37,34,32,32,36,36,36,56,40,45,45,65,65,45,89,88,90,90,99,81,85,85,85,85,75,101,101,101,106,106,86,107,107,95,108,108,108,107,107,109,109,110,110,110,110,110,110,111],"gold":823,"neow_bonus":"","is_daily":false,"chose_seed":false,"campfire_upgraded":4,"win_rate":0.0,"timestamp":1611899793,"path_taken":["M","M","M","M","M","R","E","?","T","$","?","$","R","M","R","BOSS","M","$","M","M","M","E","?","?","T","?","$","?","?","M","R","BOSS","M","M","$","?","?","E","R","M","T","M","?","M","E","?","R","BOSS"],"items_purchased_type":["Relic","Relic","Relic","Relic","Card","Relic","Relic","Relic","Relic","Relic","Relic","Card","Card","Relic","Relic","Relic","Relic","Relic","Relic","Relic","Card","Potion","Potion"],"build_version":"2020-12-22","purchased_purges":18,"victory":true,"max_hp_per_floor":[70,71,72,73,74,74,79,79,79,79,79,79,79,84,84,89,89,90,90,90,99,100,100,100,100,100,101,101,101,101,106,106,107,107,107,108,108,108,108,109,109,109,109,110,110,110,110,110,110,111],"card_choices":[{"not_picked":["alterego_mod:Skirt","alterego_mod:SakuraFive"],"picked":"alterego_mod:DeftHands","floor":1},{"not_picked":["alterego_mod:Swimsuit","alterego_mod:RocketPunch"],"picked":"alterego_mod:Undulate","floor":2},{"not_picked":["alterego_mod:Belts","alterego_mod:Jiggle"],"picked":"alterego_mod:Cycle","floor":3},{"not_picked":["alterego_mod:DiscoLights","alterego_mod:1TonWallop"],"picked":"alterego_mod:HighServant","floor":4},{"not_picked":["alterego_mod:MaintainEyeContact","alterego_mod:Swimsuit"],"picked":"alterego_mod:BrynhildrRomantia","floor":5},{"not_picked":["alterego_mod:Cushion","alterego_mod:RidiculouslyBig"],"picked":"alterego_mod:Crossover","floor":7},{"not_picked":["alterego_mod:Punishment","alterego_mod:RidiculouslyBig"],"picked":"alterego_mod:Birthday","floor":14},{"not_picked":["alterego_mod:Venus","alterego_mod:Valkyrie"],"picked":"alterego_mod:IdEs","floor":16},{"not_picked":["alterego_mod:Complex","alterego_mod:Skirt","alterego_mod:1TonWallop+1"],"picked":"SKIP","floor":18},{"not_picked":["alterego_mod:Maid","alterego_mod:Punishment"],"picked":"alterego_mod:DiscoLights","floor":20},{"not_picked":["alterego_mod:Undulate","alterego_mod:MagicResistance"],"picked":"alterego_mod:Exercise","floor":21},{"not_picked":["alterego_mod:Undulate+1","alterego_mod:DeftHands"],"picked":"alterego_mod:TrashNCrash","floor":22},{"not_picked":["alterego_mod:Alter","alterego_mod:DeftHands+1"],"picked":"alterego_mod:Support+1","floor":23},{"not_picked":["alterego_mod:Cycle","alterego_mod:Complex"],"picked":"alterego_mod:Rip","floor":27},{"not_picked":["alterego_mod:HighServant","alterego_mod:DeftHands"],"picked":"alterego_mod:Complex+1","floor":29},{"not_picked":["alterego_mod:Maid","alterego_mod:BoobPocket"],"picked":"alterego_mod:Nekomimi","floor":31},{"not_picked":["alterego_mod:TrickOrTreatment","alterego_mod:VirginLaserPalladion"],"picked":"alterego_mod:RingBreak","floor":33},{"not_picked":["alterego_mod:Complex+1","alterego_mod:Valentines+1","alterego_mod:Maid"],"picked":"SKIP","floor":35},{"not_picked":["alterego_mod:BreastValley+1","alterego_mod:TrashNCrash","alterego_mod:DestructionOfProperty"],"picked":"SKIP","floor":36},{"not_picked":["alterego_mod:Cycle","alterego_mod:Mirror"],"picked":"alterego_mod:Pet+1","floor":38},{"not_picked":["alterego_mod:Crossover","alterego_mod:Clap"],"picked":"alterego_mod:Rip+1","floor":40},{"not_picked":["alterego_mod:Collar+1","alterego_mod:MagicResistance+1"],"picked":"alterego_mod:Belle","floor":42},{"not_picked":["alterego_mod:Cooking+1","alterego_mod:Santa","alterego_mod:DeftHands+1"],"picked":"SKIP","floor":44},{"not_picked":["alterego_mod:SakuraPetals+1","alterego_mod:Crossover","alterego_mod:PerceptionDisorder+1"],"picked":"SKIP","floor":46},{"not_picked":["alterego_mod:VirginLaserPalladion","alterego_mod:Complex+1"],"picked":"alterego_mod:Schoolgirl","floor":47},{"not_picked":["alterego_mod:Skirt","alterego_mod:Swimsuit","alterego_mod:SakuraPetals"],"picked":"SKIP","floor":48}],"player_experience":503770,"relics_obtained":[{"floor":7,"key":"Shovel"},{"floor":9,"key":"Dota2Spire:PhaseBoots"},{"floor":13,"key":"jedi:HeartOfTheCards"},{"floor":15,"key":"Replay:Rubber Ducky"},{"floor":23,"key":"Meat on the Bone"},{"floor":26,"key":"jedi:angrymask"},{"floor":29,"key":"Dota2Spire:Butterfly"},{"floor":38,"key":"Dota2Spire:ShivaGuard"},{"floor":40,"key":"Snack Pack"},{"floor":43,"key":"Dota2Spire:ArcaneBoots"},{"floor":47,"key":"Mirror"}],"event_choices":[{"damage_healed":0,"gold_gain":175,"player_choice":"AGREE","damage_taken":0,"max_hp_gain":0,"max_hp_loss":0,"event_name":"Liars Game","floor":8,"gold_loss":0,"cards_obtained":["Doubt"]},{"damage_healed":0,"gold_gain":0,"player_choice":"Entered Light","damage_taken":16,"max_hp_gain":0,"max_hp_loss":0,"event_name":"Shining Light","floor":11,"gold_loss":0,"cards_upgraded":["alterego_mod:Defend","alterego_mod:BrynhildrRomantia"]},{"damage_healed":0,"gold_gain":99,"player_choice":"Stole From Cult","damage_taken":0,"max_hp_gain":0,"max_hp_loss":0,"event_name":"Nest","floor":24,"gold_loss":0},{"cards_removed":["alterego_mod:Impale"],"damage_healed":0,"gold_gain":0,"player_choice":"Gave Gold","damage_taken":0,"max_hp_gain":0,"max_hp_loss":0,"event_name":"Beggar","floor":25,"gold_loss":75},{"damage_healed":0,"gold_gain":0,"player_choice":"Choice 2","damage_taken":0,"relics_obtained":["alterego_mod:SomeoneToFightFor"],"max_hp_gain":0,"max_hp_loss":0,"event_name":"?的神圣花?","floor":30,"gold_loss":0},{"damage_healed":0,"gold_gain":0,"player_choice":"Fight","damage_taken":0,"max_hp_gain":0,"max_hp_loss":0,"event_name":"MindBloom","floor":38,"gold_loss":0},{"damage_healed":0,"gold_gain":0,"player_choice":"0 cards matched","damage_taken":0,"max_hp_gain":0,"max_hp_loss":0,"event_name":"Match and Keep!","floor":45,"gold_loss":0,"cards_obtained":[]}],"is_beta":false,"boss_relics":[{"not_picked":["jedi:hotpepper","SacredBark"],"picked":"Dota2Spire:RefresherOrb"},{"not_picked":["Astrolabe","Replay:Drink Me"],"picked":"Replay:Wanted Poster"}],"items_purged_floors":[0,10,10,10,19,28,28,28,28,28,28,37,37,39,39,39,39,39],"is_endless":false,"potions_floor_spawned":[1,3,14,16,21,22,23,31,38,42,44,47],"ascension_level":0}}