{"host":"t9zjxed0utvsfjwc","time":1611886129,"event":{"mods":["2.2 Compatiblity","Aspiration","BaseMod","Better Altar","Better Match","Better Note","Better Sensory Stone","Better Skull","Better Third Choice","Block Reminder","Colored Map","Colored Powertips","Custom Start","Downfall","Hermit","Highlight Path","Hubris","Infinite Spire","Marisa????????","Minty Spire (QoL Compilation)","Quick Restart","Rare Cards Sparkle","Reliquary","Replay The Spire","StSLib","The Cursed","The Marked","The Runesmith","Unceasing Turn Reminder","everything is the same but u backflip on backflip"],"gold_per_floor":[99,99,99,147,147,180,180,180,180,180],"floor_reached":8,"language":"ENG","playtime":144,"items_purged":[],"score":79,"play_id":"e7d34487-5b18-4d7c-855d-c2127b48a6ce","local_time":"20210129020849","is_ascension_mode":true,"campfire_choices":[{"floor":1,"key":"DIG"}],"circlet_count":0,"master_deck":["bronze:Strike","bronze:Strike","bronze:Strike","bronze:Strike","bronze:Defend","bronze:Defend","bronze:Defend","bronze:Defend","bronze:Replicate","bronze:Goto","Sickly"],"relics":["bronze:BronzeCore","downfall:HeartsMalice","hubris:CrystalStatue","Ring of Fangs","Tiny Chest","ReplayTheSpireMod:TigerMarble","reliquary:JackalopeAntler"],"acts_visited":["Exordium"],"potions_floor_usage":[],"damage_taken":[{"damage":0,"enemies":"Jaw Worm","floor":2,"turns":1},{"damage":0,"enemies":"Cultist","floor":5,"turns":1},{"damage":0,"enemies":"Lagavulin","floor":6,"turns":1},{"damage":14,"enemies":"Gremlin Nob","floor":8,"turns":4}],"seed_played":"-5999481602606395613","potions_obtained":[],"is_trial":false,"path_per_floor":["R_BF","M","?","T","M","E","T","E"],"character_chosen":"THE_AUTOMATON","items_purchased":[],"campfire_rested":0,"item_purchase_floors":[],"current_hp_per_floor":[70,70,70,70,70,70,70,56,56,56],"gold":180,"neow_bonus":"THREE_ENEMY_KILL","is_daily":false,"chose_seed":false,"campfire_upgraded":0,"win_rate":0.0,"timestamp":1611886129,"path_taken":["R_BF","M","?","?","M","E","T","E"],"items_purchased_type":[],"build_version":"2020-12-22","purchased_purges":0,"victory":false,"max_hp_per_floor":[70,70,70,70,70,70,70,70,70,70],"card_choices":[{"not_picked":["bronze:FineTuning","bronze:BronzeArmor","bronze:BuggyMess"],"picked":"SKIP","floor":2},{"not_picked":["bronze:Iterate","bronze:Deprecate","bronze:Refactor"],"picked":"SKIP","floor":5},{"not_picked":["bronze:Philosophize","bronze:ForLoop","bronze:Deprecate"],"picked":"SKIP","floor":6}],"player_experience":458967,"relics_obtained":[{"floor":1,"key":"hubris:CrystalStatue"},{"floor":3,"key":"Ring of Fangs"},{"floor":4,"key":"Tiny Chest"},{"floor":6,"key":"ReplayTheSpireMod:TigerMarble"},{"floor":7,"key":"reliquary:JackalopeAntler"}],"event_choices":[],"is_beta":false,"boss_relics":[],"items_purged_floors":[],"is_endless":false,"potions_floor_spawned":[],"killed_by":"Gremlin Nob","ascension_level":1}}