{"host":"roto7j7840a50pxh","time":1611906608,"event":{"mods":["Act Like it!","BaseMod","Better Altar","Better Note","Better Sensory Stone","Better Skull","Better Third Choice","BetterRewards","Colored Map","Colored Powertips","Downfall","Hermit","Highlight Path","Hubris","Infinite Spire","Minty Spire (QoL Compilation)","Replay The Spire","Robot Space Explorer","Shade Mod","Spicy Shops","StSLib","The Construct","The Cursed","The Dragon Tamer","The Hierophant","The Necromancer","The Runesmith","The Servant 0.9.4","TheVacant"],"gold_per_floor":[114,130,145,157,169,203,203,203,203,23,37,48,62,95,95,199,199,216,216,226,237,287,287,301,301,301,334,334,384,403,418,418,436,436],"floor_reached":33,"language":"ENG","playtime":5565,"items_purged":[],"score":333,"play_id":"14937171-adc0-4a5a-8ea0-313e2d4de003","local_time":"20210129025008","is_ascension_mode":false,"campfire_choices":[{"floor":7.0,"key":"REST"},{"data":"construct:GuardCore","floor":15.0,"key":"SMITH"},{"data":"construct:LaserCore","floor":23.0,"key":"SMITH"},{"data":"construct:ModeShift","floor":25.0,"key":"SMITH"},{"data":"construct:PointDefense","floor":32,"key":"SMITH"}],"circlet_count":0,"master_deck":["construct:Strike_Gold","construct:Strike_Gold","construct:Strike_Gold","construct:Strike_Gold","construct:Strike_Gold","construct:Defend_Gold","construct:Defend_Gold","construct:Defend_Gold","construct:Defend_Gold","construct:Defend_Gold","construct:AttackMode","construct:DefenseMode","construct:SuppressiveFire","construct:SuppressiveFire","construct:Versatility","construct:ModeShift+1","construct:Electrocute","construct:ForceCore","construct:CripplingShot","construct:GuardCore+1","construct:CriticalHit","construct:Boost","construct:QuickAttack","construct:Backfire","construct:Missile","construct:GuardCore+1","construct:SweepLaser","construct:Impenetrable","construct:HammerDown","construct:OneWayMirror","construct:MetalShell","construct:VentSteam","construct:LongRangeLance","construct:HeavyBolt","construct:BatteryAcid","construct:LaserCore+1","construct:Anticipate+1","construct:PointDefense","construct:PointDefense+1","construct:LaserCore"],"relics":["construct:Cogwheel","hubris:GlazedTorus","ReplayTheSpireMod:TigerMarble","ClockworkSouvenir","hubris:SlimyHat","infinitespire:ShieldingShard","Mirror","Counterbalance","hubris:Stopwatch","SsserpentHead","Replay:Ringing Soul","Ancient Tea Set","Cursed Key","infinitespire:Midas Blood"],"acts_visited":["Exordium","TheCity"],"potions_floor_usage":[33],"damage_taken":[{"damage":0.0,"enemies":"Small Slimes","floor":1.0,"turns":2.0},{"damage":0.0,"enemies":"Cultist","floor":2.0,"turns":3.0},{"damage":2.0,"enemies":"2 Louse","floor":3.0,"turns":3.0},{"damage":0.0,"enemies":"Red Slaver","floor":4.0,"turns":3.0},{"damage":10.0,"enemies":"Exordium Thugs","floor":5.0,"turns":5.0},{"damage":9.0,"enemies":"Gremlin Nob","floor":6.0,"turns":5.0},{"damage":8.0,"enemies":"Looter","floor":11.0,"turns":3.0},{"damage":0.0,"enemies":"Blue Slaver","floor":12.0,"turns":4.0},{"damage":1.0,"enemies":"2 Fungi Beasts","floor":13.0,"turns":5.0},{"damage":0.0,"enemies":"Replay:BlueRogue","floor":14.0,"turns":6.0},{"damage":17.0,"enemies":"Fading Forest","floor":16.0,"turns":11.0},{"damage":0.0,"enemies":"Shell Parasite","floor":18.0,"turns":6.0},{"damage":10.0,"enemies":"Spheric Guardian","floor":20.0,"turns":6.0},{"damage":0.0,"enemies":"Snake Plant","floor":21.0,"turns":5.0},{"damage":0.0,"enemies":"3 Cultists","floor":24.0,"turns":6.0},{"damage":8.0,"enemies":"Gremlin Leader","floor":27.0,"turns":8.0},{"damage":0,"enemies":"Centurion and Healer","floor":30,"turns":8},{"damage":0,"enemies":"Snecko","floor":31,"turns":4},{"damage":79,"enemies":"Automaton","floor":33,"turns":12}],"seed_played":"-6841036272632863478","potions_obtained":[{"floor":1.0,"key":"Weak Potion"},{"floor":4.0,"key":"Swift Potion"},{"floor":11.0,"key":"Elixir"},{"floor":14.0,"key":"hexamod:SoulburnPotion"},{"floor":16.0,"key":"AttackPotion"},{"floor":18.0,"key":"Explosive Potion"},{"floor":21.0,"key":"Energy Potion"},{"floor":22.0,"key":"DuplicationPotion"},{"floor":24.0,"key":"SkillPotion"},{"floor":27.0,"key":"Weak Potion"},{"floor":31,"key":"Flashbang"}],"is_trial":false,"path_per_floor":["M","M","M","M","M","E","R","?","T","$","M","M","M","E","R","B",null,"M","?","M","M","?","R","M","R","T","E","AVR","?","M","M","R","B"],"character_chosen":"THE_CONSTRUCT_MOD","items_purchased":["construct:SuppressiveFire","construct:Versatility","construct:ModeShift","hubris:GlazedTorus","ReplayTheSpireMod:TigerMarble","construct:Electrocute","construct:ForceCore","construct:CripplingShot","ClockworkSouvenir","construct:GuardCore","construct:SweepLaser","construct:Impenetrable"],"campfire_rested":1,"item_purchase_floors":[0,0,0,0,0,0,0,0,0,10,10,10],"current_hp_per_floor":[45,45,43,43,33,24,49,49,49,49,41,41,40,40,40,33,85,85,85,75,75,75,75,75,75,75,70,70,70,73,76,76,0,0],"gold":436,"neow_bonus":"","is_daily":false,"chose_seed":false,"campfire_upgraded":4,"win_rate":0.0,"timestamp":1611906608,"path_taken":["M","M","M","M","M","E","R","?","T","?","?","M","M","E","R","BOSS","M","?","M","M","?","R","M","R","T","E","AVR","?","M","M","R","BOSS"],"items_purchased_type":["Card","Card","Card","Relic","Relic","Card","Card","Card","Relic","Card","Card","Card"],"build_version":"2020-12-22","purchased_purges":0,"victory":false,"max_hp_per_floor":[85,85,85,85,85,85,85,85,85,85,85,85,85,85,85,85,85,85,85,85,85,85,85,85,85,85,88,88,88,91,94,94,94,94],"card_choices":[{"not_picked":["construct:Backfire","construct:Analyze"],"picked":"construct:GuardCore","floor":1.0},{"not_picked":["construct:Forcefield","construct:OmegaCannon"],"picked":"construct:CriticalHit","floor":2.0},{"not_picked":["construct:SyphonStrike","construct:HardReboot"],"picked":"construct:Boost","floor":3.0},{"not_picked":["construct:Accumulate","construct:Tumble"],"picked":"construct:QuickAttack","floor":4.0},{"not_picked":["construct:Anticipate","construct:CriticalHit"],"picked":"construct:Backfire","floor":5.0},{"not_picked":["construct:ReactiveShield","construct:Anticipate"],"picked":"construct:Missile","floor":6.0},{"not_picked":["construct:ScrapCannon","construct:Analyze"],"picked":"construct:HammerDown","floor":11.0},{"not_picked":["construct:Reinforce","construct:UnbalancingBlast"],"picked":"construct:OneWayMirror","floor":12.0},{"not_picked":["construct:ModeShift","construct:ScrapCannon"],"picked":"construct:MetalShell","floor":13.0},{"not_picked":["construct:OneWayMirror","construct:SaveState"],"picked":"construct:VentSteam","floor":14.0},{"not_picked":["construct:HammerDown","construct:HastyRepair"],"picked":"construct:LongRangeLance","floor":16.0},{"not_picked":["construct:VentSteam+1","construct:QuickAttack"],"picked":"construct:HeavyBolt","floor":18.0},{"not_picked":["construct:SuppressiveFire","construct:ModeShift"],"picked":"construct:BatteryAcid","floor":20.0},{"not_picked":["construct:ShiftStrike","construct:ElectricArmor+1"],"picked":"construct:LaserCore","floor":21.0},{"not_picked":["construct:Enhance","construct:FierceBash"],"picked":"construct:Anticipate+1","floor":24.0},{"not_picked":["construct:Backup","construct:Zapper"],"picked":"construct:PointDefense","floor":27.0},{"not_picked":["construct:Reinforce","construct:Zapper"],"picked":"construct:PointDefense","floor":30},{"not_picked":["construct:VentSteam","construct:Zapper"],"picked":"construct:LaserCore","floor":31}],"player_experience":1704593,"relics_obtained":[{"floor":6.0,"key":"hubris:SlimyHat"},{"floor":9.0,"key":"Mirror"},{"floor":14.0,"key":"Counterbalance"},{"floor":26.0,"key":"Replay:Ringing Soul"},{"floor":27.0,"key":"Ancient Tea Set"}],"event_choices":[{"damage_healed":0.0,"max_hp_gain":0.0,"max_hp_loss":0.0,"gold_gain":0.0,"event_name":"WeMeetAgain","player_choice":"Gave Potion","floor":8.0,"gold_loss":0.0,"damage_taken":0.0,"relics_obtained":["infinitespire:ShieldingShard"]},{"damage_healed":0.0,"max_hp_gain":0.0,"max_hp_loss":0.0,"gold_gain":0.0,"event_name":"FaceTrader","player_choice":"Trade","floor":19.0,"gold_loss":0.0,"damage_taken":0.0,"relics_obtained":["SsserpentHead"]},{"damage_healed":0.0,"max_hp_gain":0.0,"max_hp_loss":0.0,"gold_gain":0.0,"event_name":"Lab","player_choice":"Got Potions","floor":22.0,"gold_loss":0.0,"damage_taken":0.0},{"damage_healed":0,"gold_gain":0,"player_choice":"Upgraded","damage_taken":0,"max_hp_gain":0,"max_hp_loss":0,"event_name":"Upgrade Shrine","floor":29,"gold_loss":0,"cards_upgraded":["construct:GuardCore"]}],"is_beta":false,"boss_relics":[{"not_picked":["Runic Dome","Velvet Choker"],"picked":"hubris:Stopwatch"}],"items_purged_floors":[],"is_endless":false,"potions_floor_spawned":[1,4,5,11,14,16,18,21,24,27,31],"killed_by":"Automaton","ascension_level":0}}