{"host":"sygfylmorsvdndbx","time":1611890509,"event":{"mods":["AchievementEnabler","BaseMod","Highlight Path","Minty Spire (QoL Compilation)","Permanent Neow","Quick Restart","Relic Stats"],"gold_per_floor":[117,131,131,131,142,142,172,183,210,220,54,90,90,102,102,210,210,239,261,271,271,280,317,346,102,102,102,118,152,152,191,191,300,300,321,370,402,412,412,445,234,262,262,262,278,308,334,356,356,356,356,356,14,56,56],"floor_reached":56,"language":"ENG","playtime":6805,"items_purged":["Strike_G","Shame","Venomology"],"score":1744,"play_id":"206cbb7d-1fb6-46d3-95fb-ef91ce2511ba","local_time":"20210128222149","is_ascension_mode":true,"campfire_choices":[{"data":"Masterful Stab","floor":6,"key":"SMITH"},{"data":"Well Laid Plans","floor":13,"key":"SMITH"},{"data":"Underhanded Strike","floor":15,"key":"SMITH"},{"data":"Adrenaline","floor":27,"key":"SMITH"},{"data":"Tools of the Trade","floor":30,"key":"SMITH"},{"data":"Neutralize","floor":32,"key":"SMITH"},{"floor":44,"key":"REST"},{"floor":49,"key":"RECALL"},{"data":"Footwork","floor":52,"key":"SMITH"}],"circlet_count":0,"master_deck":["Strike_G","Strike_G","Strike_G","Defend_G","Defend_G","Defend_G","Defend_G","Survivor","Neutralize+1","Masterful Stab+1","Dagger Throw","Eviscerate+1","Adrenaline+1","Deflect","Underhanded Strike+1","Well Laid Plans+1","PiercingWail","Die Die Die","Doppelganger+1","Noxious Fumes","Acrobatics+1","Tools of the Trade+1","Backflip","Underhanded Strike+1","Terror","Corpse Explosion","PiercingWail+1","Underhanded Strike+1","Deflect+1","Footwork+1","Adrenaline","Dagger Throw+1","Eviscerate+1","PanicButton","Blur+1"],"relics":["Ring of the Snake","Snake Skull","Potion Belt","CeramicFish","Black Star","Regal Pillow","Bottled Lightning","Ornamental Fan","Lee\u0027s Waffle","Mango","Singing Bowl","Red Mask","Sozu","Prayer Wheel","Pantograph","Ancient Tea Set","Frozen Eye","Lantern","Pear","Letter Opener","Toy Ornithopter","Du-Vu Doll","War Paint","Oddly Smooth Stone","Akabeko"],"acts_visited":["Exordium","TheCity","TheBeyond","TheEnding"],"potions_floor_usage":[7,12,14,16,20,23,24,28,29,29,31,33,33,36,40,50,55],"damage_taken":[{"damage":0,"enemies":"2 Louse","floor":1,"turns":2},{"damage":2,"enemies":"Jaw Worm","floor":2,"turns":4},{"damage":0,"enemies":"Cultist","floor":5,"turns":2},{"damage":2,"enemies":"3 Sentries","floor":7,"turns":7},{"damage":0,"enemies":"2 Fungi Beasts","floor":8,"turns":2},{"damage":0,"enemies":"Blue Slaver","floor":10,"turns":2},{"damage":10,"enemies":"Lagavulin","floor":12,"turns":5},{"damage":0,"enemies":"Looter","floor":14,"turns":1},{"damage":7,"enemies":"Hexaghost","floor":16,"turns":9},{"damage":3,"enemies":"3 Byrds","floor":18,"turns":5},{"damage":0,"enemies":"Chosen","floor":19,"turns":3},{"damage":14,"enemies":"Shelled Parasite and Fungi","floor":20,"turns":4},{"damage":19,"enemies":"Gremlin Leader","floor":23,"turns":5},{"damage":12,"enemies":"Snake Plant","floor":24,"turns":4},{"damage":2,"enemies":"3 Cultists","floor":28,"turns":4},{"damage":15,"enemies":"Book of Stabbing","floor":29,"turns":5},{"damage":29,"enemies":"Masked Bandits","floor":31,"turns":4},{"damage":22,"enemies":"Automaton","floor":33,"turns":7},{"damage":11,"enemies":"Orb Walker","floor":35,"turns":3},{"damage":0,"enemies":"2 Orb Walkers","floor":36,"turns":2},{"damage":0,"enemies":"3 Shapes","floor":37,"turns":4},{"damage":7,"enemies":"Writhing Mass","floor":38,"turns":5},{"damage":12,"enemies":"Giant Head","floor":40,"turns":7},{"damage":51,"enemies":"Reptomancer","floor":42,"turns":5},{"damage":0,"enemies":"4 Shapes","floor":45,"turns":2},{"damage":27,"enemies":"Transient","floor":46,"turns":5},{"damage":8,"enemies":"Giant Head","floor":47,"turns":7},{"damage":0,"enemies":"Sphere and 2 Shapes","floor":48,"turns":2},{"damage":42,"enemies":"Donu and Deca","floor":50,"turns":5},{"damage":0,"enemies":"Shield and Spear","floor":54,"turns":2},{"damage":89,"enemies":"The Heart","floor":55,"turns":11}],"seed_played":"8017770524666886148","potions_obtained":[{"floor":12,"key":"GhostInAJar"},{"floor":16,"key":"BlessingOfTheForge"},{"floor":23,"key":"SteroidPotion"},{"floor":28,"key":"Poison Potion"},{"floor":31,"key":"ColorlessPotion"},{"floor":33,"key":"DuplicationPotion"}],"is_trial":false,"path_per_floor":["M","M","?","?","M","R","E","M","T","M","$","E","R","M","R","B",null,"M","M","M","?","?","E","M","$","T","R","M","E","R","?","R","B",null,"M","?","M","M","?","E","$","E","T","R","M","M","E","M","R","B",null,"R","$","E","B",null],"character_chosen":"THE_SILENT","items_purchased":["Well Laid Plans","PiercingWail","Lee\u0027s Waffle","Footwork","Frozen Eye","PanicButton","War Paint"],"campfire_rested":1,"item_purchase_floors":[11,11,25,41,41,53,53],"current_hp_per_floor":[63,61,54,54,54,54,52,52,52,52,52,42,42,42,42,35,61,58,58,44,44,44,25,13,77,77,77,75,74,74,45,45,38,78,67,69,69,66,66,56,56,17,17,63,67,40,34,36,36,38,95,95,95,95,25],"gold":56,"neow_bonus":"TRANSFORM_TWO_CARDS","is_daily":false,"chose_seed":false,"campfire_upgraded":7,"win_rate":0.0,"timestamp":1611890509,"path_taken":["M","M","?","?","?","R","E","M","T","M","$","E","R","M","R","BOSS","M","M","M","?","?","E","M","$","T","R","M","E","R","?","R","BOSS","M","?","M","M","?","E","$","E","T","R","M","M","E","M","R","BOSS","R","$","E","BOSS"],"items_purchased_type":["Card","Card","Relic","Card","Relic","Card","Relic"],"build_version":"2020-12-22","purchased_purges":3,"victory":true,"max_hp_per_floor":[70,70,70,70,70,70,70,70,70,70,70,70,70,70,70,70,70,70,70,70,70,70,70,70,77,77,77,77,91,91,91,91,91,91,91,93,93,97,92,94,94,106,106,106,110,110,112,114,114,114,114,114,114,114,114],"relic_stats":{"Regal Pillow":15,"Lee\u0027s Waffle":64,"Singing Bowl":18,"counters":[31,135],"CeramicFish":171,"Snake Skull":[85],"Letter Opener":[148],"War Paint":["Acrobatics","Doppelganger"],"Sozu":8,"Ornamental Fan":[152],"Pantograph":44,"Prayer Wheel":5,"Black Star":6,"obtain_stats":[{"Regal Pillow":22,"Lantern":42,"Singing Bowl":29,"CeramicFish":12,"Mango":29,"Snake Skull":7,"Ancient Tea Set":40,"Sozu":34,"Frozen Eye":41,"Pantograph":40,"Prayer Wheel":36,"Red Mask":31,"Ring of the Snake":0,"Potion Belt":9,"Lee\u0027s Waffle":25,"Pear":42,"Oddly Smooth Stone":54,"Letter Opener":43,"War Paint":53,"Akabeko":54,"Du-Vu Doll":47,"Ornamental Fan":23,"Black Star":17,"Bottled Lightning":23,"Toy Ornithopter":47},{"Regal Pillow":12,"Lantern":24,"Singing Bowl":16,"CeramicFish":7,"Mango":16,"Snake Skull":4,"Ancient Tea Set":23,"Sozu":18,"Frozen Eye":23,"Pantograph":23,"Prayer Wheel":20,"Red Mask":17,"Ring of the Snake":0,"Potion Belt":5,"Lee\u0027s Waffle":14,"Pear":24,"Oddly Smooth Stone":30,"Letter Opener":24,"War Paint":29,"Akabeko":30,"Du-Vu Doll":27,"Ornamental Fan":13,"Black Star":9,"Bottled Lightning":13,"Toy Ornithopter":27},{"Regal Pillow":46,"Lantern":101,"Singing Bowl":64,"CeramicFish":24,"Mango":64,"Snake Skull":15,"Ancient Tea Set":96,"Sozu":75,"Frozen Eye":96,"Pantograph":96,"Prayer Wheel":80,"Red Mask":68,"Ring of the Snake":0,"Potion Belt":17,"Lee\u0027s Waffle":55,"Pear":101,"Oddly Smooth Stone":124,"Letter Opener":101,"War Paint":122,"Akabeko":124,"Du-Vu Doll":115,"Ornamental Fan":51,"Black Star":34,"Bottled Lightning":51,"Toy Ornithopter":115}],"Toy Ornithopter":5,"Ring of the Snake":[62]},"card_choices":[{"not_picked":["Dodge and Roll","Underhanded Strike"],"picked":"Dagger Throw","floor":1},{"not_picked":["Poisoned Stab","Dodge and Roll"],"picked":"Eviscerate","floor":2},{"not_picked":["Crippling Poison","Finisher"],"picked":"Adrenaline","floor":5},{"not_picked":["Slice","Cloak And Dagger","Heel Hook"],"picked":"SKIP","floor":7},{"not_picked":["Catalyst","Prepared"],"picked":"Deflect","floor":8},{"not_picked":["Sucker Punch","Bane"],"picked":"Underhanded Strike","floor":10},{"not_picked":["Prepared","All Out Attack"],"picked":"Die Die Die","floor":12},{"not_picked":["Dagger Spray","Escape Plan","Reflex"],"picked":"SKIP","floor":14},{"not_picked":["Storm of Steel","Grand Finale"],"picked":"Doppelganger","floor":16},{"not_picked":["PiercingWail","Slice"],"picked":"Noxious Fumes","floor":18},{"not_picked":["PiercingWail+1","Dodge and Roll"],"picked":"Acrobatics","floor":19},{"not_picked":["Bane+1","Deadly Poison","Acrobatics"],"picked":"SKIP","floor":20},{"not_picked":["Acrobatics","Predator+1"],"picked":"Tools of the Trade","floor":23},{"not_picked":["Quick Slash","Bouncing Flask"],"picked":"Backflip","floor":24},{"not_picked":["Outmaneuver","Dagger Spray","Deadly Poison"],"picked":"SKIP","floor":28},{"not_picked":["Finisher","Prepared"],"picked":"Underhanded Strike+1","floor":29},{"not_picked":["Backflip","Dash"],"picked":"Terror","floor":31},{"not_picked":["Malaise","Adrenaline"],"picked":"Corpse Explosion","floor":33},{"not_picked":["Caltrops","Dodge and Roll"],"picked":"PiercingWail+1","floor":35},{"not_picked":["Blade Dance+1","Blur","Dagger Throw"],"picked":"Singing Bowl","floor":36},{"not_picked":["Tactician","Distraction+1"],"picked":"Underhanded Strike+1","floor":37},{"not_picked":["Bane+1","Dagger Throw"],"picked":"Deflect+1","floor":37},{"not_picked":["Catalyst","Blade Dance","Cloak And Dagger"],"picked":"Singing Bowl","floor":38},{"not_picked":["Backflip+1","Deflect+1","Bane"],"picked":"Singing Bowl","floor":38},{"not_picked":["Acrobatics","Setup","Infinite Blades"],"picked":"Singing Bowl","floor":40},{"not_picked":["Bane+1","Grand Finale","Blade Dance+1"],"picked":"Singing Bowl","floor":42},{"not_picked":["Quick Slash+1","Bane","Dagger Throw"],"picked":"Singing Bowl","floor":45},{"not_picked":["Bouncing Flask","Slice","Deadly Poison"],"picked":"Singing Bowl","floor":45},{"not_picked":["Underhanded Strike","Quick Slash"],"picked":"Adrenaline","floor":46},{"not_picked":["Backflip+1","Poisoned Stab"],"picked":"Dagger Throw+1","floor":46},{"not_picked":["Dagger Spray","Poisoned Stab+1","Corpse Explosion"],"picked":"Singing Bowl","floor":47},{"not_picked":["Quick Slash+1","Escape Plan","Deflect"],"picked":"Singing Bowl","floor":48},{"not_picked":["Acrobatics+1","Adrenaline"],"picked":"Eviscerate+1","floor":48},{"not_picked":["Flying Knee","Skewer+1"],"picked":"Blur+1","floor":54}],"player_experience":328678,"relics_obtained":[{"floor":7,"key":"Snake Skull"},{"floor":9,"key":"Potion Belt"},{"floor":12,"key":"CeramicFish"},{"floor":23,"key":"Bottled Lightning"},{"floor":23,"key":"Ornamental Fan"},{"floor":29,"key":"Mango"},{"floor":29,"key":"Singing Bowl"},{"floor":31,"key":"Red Mask"},{"floor":36,"key":"Prayer Wheel"},{"floor":40,"key":"Pantograph"},{"floor":40,"key":"Ancient Tea Set"},{"floor":42,"key":"Lantern"},{"floor":42,"key":"Pear"},{"floor":43,"key":"Letter Opener"},{"floor":47,"key":"Toy Ornithopter"},{"floor":47,"key":"Du-Vu Doll"},{"floor":54,"key":"Oddly Smooth Stone"},{"floor":54,"key":"Akabeko"}],"event_choices":[{"cards_removed":["Injury"],"damage_healed":0,"gold_gain":0,"player_choice":"Card Removal","damage_taken":7,"max_hp_gain":0,"max_hp_loss":0,"event_name":"Golden Wing","floor":3,"gold_loss":0},{"damage_healed":0,"gold_gain":0,"player_choice":"Upgraded","damage_taken":0,"max_hp_gain":0,"max_hp_loss":0,"event_name":"Upgrade Shrine","floor":4,"gold_loss":0,"cards_upgraded":["Eviscerate"]},{"damage_healed":0,"gold_gain":0,"player_choice":"Ignored","damage_taken":0,"max_hp_gain":0,"max_hp_loss":0,"event_name":"Vampires","floor":21,"gold_loss":0},{"damage_healed":0,"gold_gain":0,"player_choice":"Stole Relic","damage_taken":0,"relics_obtained":["Regal Pillow"],"max_hp_gain":0,"max_hp_loss":0,"event_name":"Addict","floor":22,"gold_loss":0,"cards_obtained":["Shame"]},{"damage_healed":0,"gold_gain":0,"player_choice":"Fought Bandits","damage_taken":0,"max_hp_gain":0,"max_hp_loss":0,"event_name":"Masked Bandits","floor":31,"gold_loss":0},{"damage_healed":0,"gold_gain":0,"player_choice":"Fight","damage_taken":0,"max_hp_gain":0,"max_hp_loss":0,"event_name":"Mysterious Sphere","floor":36,"gold_loss":0},{"damage_healed":0,"gold_gain":0,"player_choice":"Max HP","damage_taken":0,"max_hp_gain":0,"max_hp_loss":5,"event_name":"Winding Halls","floor":39,"gold_loss":0}],"is_beta":false,"boss_relics":[{"not_picked":["Astrolabe","Fusion Hammer"],"picked":"Black Star"},{"not_picked":["Tiny House","Calling Bell"],"picked":"Sozu"}],"items_purged_floors":[11,25,53],"is_endless":false,"potions_floor_spawned":[5,8,12,16,23,28,31,33,37,38,42,46],"ascension_level":7}}