{"host":"Tonhão","time":1611928678,"event":{"mods":["Aspiration","BaseMod","Conspire","Downfall","Friendly Minions","Halation","Hermit","Highlight Path","Hubris","Infinite Spire","Jedi Mod","Minty Spire (QoL Compilation)","Relic Sorter","Replay The Spire","Spicy Shops","StSLib","The Animator","The Construct","The Cursed","The Jester","The Senshi","The Servant 0.9.4"],"gold_per_floor":[110,72,87,10,10,10,43,43,70,70,70,70],"floor_reached":11,"language":"ENG","playtime":489,"items_purged":[],"score":72,"play_id":"9ce6212b-bb61-4275-94a5-5e0836b7df71","local_time":"20210129105758","is_ascension_mode":true,"campfire_choices":[{"floor":6,"key":"REST"},{"floor":10,"key":"REST"}],"circlet_count":0,"master_deck":["Strike_B","Strike_B","Strike_B","Strike_B","Defend_B","Defend_B","Defend_B","Defend_B","Zap","Dualcast","TheCursedMod:Dregs","animator:Curse_Nutcracker","CurseOfTheBell","Capacitor","Time Bomb"],"relics":["Cracked Core","Replay:Accelerometer","hubris:Icosahedron","Calling Bell","infinitespire:Freezer","conspire:Flyswatter","conspire:GiftBox","Prayer Wheel","hubris:HerbalPaste","halation:LettersToHer"],"acts_visited":["Exordium"],"potions_floor_usage":[7,7,11,11],"damage_taken":[{"damage":11,"enemies":"Cultist","floor":1,"turns":5},{"damage":6,"enemies":"2 Louse","floor":3,"turns":2},{"damage":40,"enemies":"3 Sentries","floor":7,"turns":9},{"damage":94,"enemies":"Gremlin Nob","floor":11,"turns":6}],"seed_played":"5886009402794569878","potions_obtained":[{"floor":1,"key":"SneckoOil"},{"floor":3,"key":"Toxic Potion"},{"floor":7,"key":"Elixir"}],"is_trial":false,"path_per_floor":["M","$","M","$","?","R","E","?","T","R","E"],"character_chosen":"DEFECT","items_purchased":["Capacitor","hubris:HerbalPaste"],"campfire_rested":2,"item_purchase_floors":[2,4],"current_hp_per_floor":[64,64,58,58,58,75,38,38,38,60,0,0],"gold":70,"neow_bonus":"CURSED_BOSS_RELIC","is_daily":false,"chose_seed":false,"campfire_upgraded":0,"win_rate":0.0,"timestamp":1611928678,"path_taken":["M","$","M","$","?","R","E","?","T","R","E"],"items_purchased_type":["Card","Relic"],"build_version":"2020-11-17","purchased_purges":0,"victory":false,"max_hp_per_floor":[75,75,75,75,75,75,75,75,75,75,75,75],"card_choices":[{"not_picked":["hubris:Prefetch","jedi:studyfrost"],"picked":"ReplayTheSpireMod:Fabricate Wheel","floor":0},{"not_picked":["Steam","conspire:Rain","Coolheaded"],"picked":"SKIP","floor":1},{"not_picked":["Reprogram","Hologram","Sweeping Beam"],"picked":"SKIP","floor":1},{"not_picked":["Redo","jedi:BurstFrost","Coolheaded"],"picked":"SKIP","floor":3},{"not_picked":["Redo","Fusion","Beam Cell"],"picked":"SKIP","floor":3},{"not_picked":["jedi:BurstLightning","Stack"],"picked":"Time Bomb","floor":7}],"player_experience":107575,"relics_obtained":[{"floor":0,"key":"infinitespire:Freezer"},{"floor":0,"key":"conspire:Flyswatter"},{"floor":0,"key":"conspire:GiftBox"},{"floor":7,"key":"Replay:Accelerometer"},{"floor":9,"key":"halation:LettersToHer"}],"event_choices":[],"is_beta":true,"boss_relics":[],"items_purged_floors":[],"is_endless":false,"potions_floor_spawned":[1,3,7],"killed_by":"Gremlin Nob","ascension_level":1}}