{"host":"lq2h7q9ca6uwu60x","time":1611917716,"event":{"mods":["Act Like it!","BaseMod","Gensokyo","Marisa£®ÏF”Í°°ƒß¿Ì…≥£©","Minty Spire (QoL Compilation)","SIMod","StSLib"],"gold_per_floor":[115,215,233,250,266,291,291,326,350,382,382,382,382,382,382,454,454,471,484,4,4,4,4],"floor_reached":22,"language":"ZHS","playtime":799,"items_purged":[],"score":331,"play_id":"fc07a41e-bf30-4f2d-a1f3-8b1c4bd9db4c","local_time":"20210129185516","is_ascension_mode":true,"campfire_choices":[{"data":"CheerUp","floor":7,"key":"SMITH"},{"data":"AlloutStrike","floor":12,"key":"SMITH"},{"data":"ConcertedEfforts","floor":15,"key":"SMITH"}],"circlet_count":0,"master_deck":["AscendersBane","Strike_AJ","Strike_TS+1","Strike_RR","Strike_RD+1","Defend_TS","Defend_PP","Defend_FS","Defend_AJ","ConcertedEfforts+1","HarmonyShield","AlloutStrike+1","GemstoneDetection","CheerUp+1","LadiesDemeanor","Gensokyo:TarnishedGold","Gensokyo:Apocalypse"],"relics":["Velvet Choker","Bird Faced Urn","Whetstone","Happy Flower","Omamori","Tiny Chest","Gensokyo:NagashiBinaDoll","Black Star","TheAbacus","ClockworkSouvenir","OrangePellets"],"acts_visited":["Exordium","Gensokyo:Gensokyo"],"potions_floor_usage":[5,8,8,18],"damage_taken":[{"damage":2,"enemies":"Gensokyo:Python","floor":1,"turns":3},{"damage":0,"enemies":"Gensokyo:3_Fairies","floor":3,"turns":4},{"damage":0,"enemies":"Gensokyo:2_Kodama","floor":4,"turns":4},{"damage":5,"enemies":"Gensokyo:Gryphon_and_Rabbit","floor":5,"turns":3},{"damage":5,"enemies":"Gensokyo:Mamizou","floor":6,"turns":7},{"damage":12,"enemies":"Gensokyo:Cirno","floor":8,"turns":7},{"damage":3,"enemies":"Gensokyo:Mamizou","floor":10,"turns":5},{"damage":21,"enemies":"Gensokyo:Reimu","floor":16,"turns":9},{"damage":4,"enemies":"Gensokyo:AngelMirror","floor":18,"turns":4},{"damage":7,"enemies":"Gensokyo:Chomper","floor":19,"turns":4},{"damage":10,"enemies":"Gensokyo:Slime_Group","floor":22,"turns":1}],"seed_played":"3344713908967706886","potions_obtained":[{"floor":1,"key":"Block Potion"},{"floor":3,"key":"ColorlessPotion"},{"floor":6,"key":"Explosive Potion"},{"floor":16,"key":"Block Potion"}],"is_trial":false,"path_per_floor":["M","?","M","M","M","E","R","E","T","E","?","R","?","T","R","B",null,"M","M","COS","?","M"],"character_chosen":"TWI_CLASS","items_purchased":[],"campfire_rested":0,"item_purchase_floors":[],"current_hp_per_floor":[67,67,67,67,62,57,57,45,45,42,42,42,42,42,42,21,63,59,54,54,54,44,44],"gold":4,"neow_bonus":"BOSS_RELIC","is_daily":false,"chose_seed":false,"campfire_upgraded":3,"win_rate":0.0,"timestamp":1611917716,"path_taken":["M","?","?","M","?","E","R","E","T","E","?","R","?","?","R","BOSS","M","M","COS","?","M"],"items_purchased_type":[],"build_version":"2020-12-22","purchased_purges":0,"victory":false,"max_hp_per_floor":[77,77,77,77,77,77,77,77,77,77,77,77,77,77,77,77,77,77,77,77,68,68,68],"card_choices":[{"not_picked":["TenInstruments","Yay"],"picked":"AlloutStrike","floor":1},{"not_picked":["RunningOfTheLeaves","RushToSky"],"picked":"GemstoneDetection","floor":3},{"not_picked":["AppleFever","SwiftKick"],"picked":"CheerUp","floor":4},{"not_picked":["SwiftKick","FarmExpert","ThrowingApples"],"picked":"SKIP","floor":5},{"not_picked":["Overwhelming","SwiftKick","BehindTheScene"],"picked":"SKIP","floor":6},{"not_picked":["Overwhelming","SwiftKick","BehindTheScene"],"picked":"SKIP","floor":6},{"not_picked":["Overwhelming","SwiftKick","BehindTheScene"],"picked":"SKIP","floor":6},{"not_picked":["Magic","ISayNo","HideCarefully"],"picked":"SKIP","floor":8},{"not_picked":["Celebrities","ThunderCloud","Yay"],"picked":"SKIP","floor":10},{"not_picked":["Harmanyblast","Stare"],"picked":"LadiesDemeanor","floor":16},{"not_picked":["TwentyPercentcooler","AlloutStrike","ThunderCloud"],"picked":"SKIP","floor":18},{"not_picked":["GemstoneDetection","FriendOfNature","FarmExpert"],"picked":"SKIP","floor":19},{"not_picked":["Gensokyo:RedCapeBlueCape","Gensokyo:Kunekune"],"picked":"Gensokyo:Apocalypse","floor":21}],"player_experience":870635,"relics_obtained":[{"floor":6,"key":"Bird Faced Urn"},{"floor":8,"key":"Whetstone"},{"floor":9,"key":"Happy Flower"},{"floor":10,"key":"Omamori"}],"event_choices":[],"is_beta":false,"boss_relics":[{"not_picked":["SacredBark","Pandora\u0027s Box"],"picked":"Black Star"}],"items_purged_floors":[],"is_endless":false,"potions_floor_spawned":[1,3,6,16],"killed_by":"Gensokyo:Slime_Group","ascension_level":15}}