{"host":"6xsbn6ynqlzwllfm","time":1611945265,"event":{"mods":["2.2 Compatiblity","BaseMod","Bestiary","Colored Map","Colored Powertips","Curses Come First","Downfall","Highlight Path","Keyboard Shortcuts","Minty Spire (QoL Compilation)","Relic Stats","Slay the Relics Exporter","StSLib","SuperFastMode"],"gold_per_floor":[99,99,199,199,272,305,305,322,353,364,364,364,364,377,377,453,453,472,482,496,69,81,114,160,189,201,201,221,253,153,38,38,112,112,126,111,211,225,225,225,225,236,95,126,26,57,57,107,107,107],"floor_reached":51,"language":"ENG","playtime":3983,"items_purged":["downfall:Haunted","Guardian:Strike_Guardian"],"score":1579,"play_id":"6eff056b-9fa5-4cd1-bca8-9f478dd8ce86","local_time":"20210129133425","is_ascension_mode":true,"campfire_choices":[{"data":"Guardian:DecasProtection","floor":11,"key":"SMITH"},{"data":"Guardian:DonusPower","floor":13,"key":"SMITH"},{"data":"Guardian:PiercingHide","floor":15,"key":"SMITH"},{"floor":30,"key":"RECALL"},{"data":"Guardian:ExploitGems","floor":32,"key":"SMITH"}],"circlet_count":0,"master_deck":["AscendersBane","Guardian:Defend_Guardian","Guardian:Defend_Guardian","Guardian:Defend_Guardian","Guardian:Defend_Guardian","Guardian:CurlUp","Guardian:TwinSlam","Guardian:PrimingBeam","Guardian:DonusPower+1","Guardian:DecasProtection+1","Guardian:PiercingHide+1","Guardian:BronzeArmor","Guardian:Incinerate","Guardian:ShieldCharger+1","Guardian:GemFinder","Guardian:BodySlam","Guardian:ChargeUp","Guardian:ExploitGems+1","Guardian:SphericShield","CurseOfTheBell","downfall:Haunted","downfall:Haunted","Clumsy","downfall:Malfunctioning","Guardian:StasisField","downfall:Aged","Guardian:ChargeUp+1","expansioncontent:Chronoboost","expansioncontent:Hexaburn","expansioncontent:DecaShield","Guardian:VentSteam","Guardian:GemFire","Guardian:Gem_Lightblue","Guardian:Gem_Yellow","Guardian:Gem_Cyan","Guardian:Gem_Crimson","Guardian:Gem_Cyan","Guardian:Gem_White","Guardian:Repulse+1","Guardian:Gem_Yellow","Guardian:Gem_Crimson"],"relics":["Guardian:ModeShifter","downfall:HeartsMalice","Guardian:StasisCodex","Meat on the Bone","Bottled Flame","Art of War","Runic Dome","Guardian:StasisUpgradeRelic","Akabeko","FossilizedHelix","Bronze Scales","Calipers","InkBottle","downfall:HeartBlessingGreen","Calling Bell","Ornamental Fan","Ginger","Guardian:PickAxe","Darkstone Periapt","The Courier","Frozen Egg 2","downfall:HeartBlessingRed","Omamori","Lizard Tail"],"acts_visited":["Exordium","TheCity","TheBeyond"],"potions_floor_usage":[10,23,25,25],"damage_taken":[{"damage":0,"enemies":"Jaw Worm","floor":1,"turns":1},{"damage":0,"enemies":"Small Slimes","floor":2,"turns":1},{"damage":0,"enemies":"Gremlin Nob","floor":6,"turns":1},{"damage":15,"enemies":"2 Louse","floor":8,"turns":3},{"damage":15,"enemies":"3 Sentries","floor":9,"turns":8},{"damage":24,"enemies":"Gremlin Gang","floor":10,"turns":4},{"damage":18,"enemies":"Exordium Thugs","floor":14,"turns":5},{"damage":17,"enemies":"IC_STATUS_ARCHETYPE","floor":16,"turns":10},{"damage":8,"enemies":"Chosen","floor":18,"turns":4},{"damage":9,"enemies":"Snecko","floor":19,"turns":7},{"damage":2,"enemies":"Snake Plant","floor":20,"turns":4},{"damage":4,"enemies":"downfall:FleeingMerchant","floor":21,"turns":4},{"damage":4,"enemies":"3 Cultists","floor":22,"turns":7},{"damage":26,"enemies":"Gremlin Leader","floor":23,"turns":8},{"damage":6,"enemies":"Book of Stabbing","floor":25,"turns":4},{"damage":0,"enemies":"Cultist and Chosen","floor":26,"turns":6},{"damage":0,"enemies":"Snake Plant","floor":28,"turns":4},{"damage":15,"enemies":"Gremlin Leader","floor":29,"turns":7},{"damage":0,"enemies":"downfall:FleeingMerchant","floor":31,"turns":4},{"damage":7,"enemies":"SI_MIRROR_ARCHETYPE","floor":33,"turns":7},{"damage":0,"enemies":"Orb Walker","floor":35,"turns":4},{"damage":0,"enemies":"downfall:FleeingMerchant","floor":36,"turns":4},{"damage":18,"enemies":"3 Shapes","floor":38,"turns":5},{"damage":23,"enemies":"Jaw Worm Horde","floor":42,"turns":6},{"damage":0,"enemies":"downfall:FleeingMerchant","floor":43,"turns":4},{"damage":0,"enemies":"Giant Head","floor":44,"turns":7},{"damage":34,"enemies":"Reptomancer","floor":46,"turns":4},{"damage":9,"enemies":"2 Orb Walkers","floor":48,"turns":2},{"damage":9,"enemies":"WA_ARCHETYPE_DIVINITY","floor":50,"turns":12}],"seed_played":"-6349038919424991441","potions_obtained":[{"floor":8,"key":"bronze:BurnAndBuffPotion"},{"floor":10,"key":"sneckomod:MuddlingPotion"},{"floor":14,"key":"ColorlessPotion"},{"floor":16,"key":"Block Potion"},{"floor":19,"key":"BlessingOfTheForge"},{"floor":23,"key":"Slimebound:ThreeZeroPotion"},{"floor":26,"key":"hexamod:SoulburnPotion"},{"floor":29,"key":"Weak Potion"},{"floor":33,"key":"SpeedPotion"},{"floor":35,"key":"Guardian:DefensiveModePotion"},{"floor":38,"key":"SteroidPotion"}],"is_trial":false,"path_per_floor":["M","M","?","?","T","E","T","M","E","M","R","?","R","M","R","B",null,"M","M","M","$","M","E","T","E","M","?","M","E","R","$","R","B",null,"M","$","?","M","?","?","T","M","$","E","R","E","R","?","R","B",null],"character_chosen":"GUARDIAN","items_purchased":["Guardian:StasisUpgradeRelic","Akabeko","Guardian:GemFire"],"campfire_rested":0,"item_purchase_floors":[21,21,43],"current_hp_per_floor":[65,65,65,65,65,65,65,50,47,35,35,35,35,29,29,24,60,52,43,41,37,45,31,31,37,37,37,37,34,34,46,46,39,64,64,64,99,81,71,71,71,60,60,60,60,38,38,41,41,44],"gold":107,"neow_bonus":"THREE_ENEMY_KILL","is_daily":false,"chose_seed":false,"campfire_upgraded":4,"win_rate":0.0,"timestamp":1611945265,"path_taken":["M","M","?","?","?","E","T","M","E","M","R","?","R","?","R","BOSS","M","M","M","$","M","E","T","E","M","?","?","E","R","$","R","BOSS","M","$","?","M","?","?","T","M","$","E","R","E","R","?","R","BOSS"],"items_purchased_type":["Relic","Relic","Card"],"build_version":"2020-12-22","purchased_purges":2,"victory":true,"max_hp_per_floor":[72,72,72,72,72,72,72,72,72,72,72,72,72,72,72,72,72,72,72,72,72,72,72,72,72,72,72,72,72,72,72,72,72,72,72,72,107,107,107,107,107,107,107,107,107,107,107,107,107,107],"relic_stats":{"Darkstone Periapt":30,"Lizard Tail":0,"counters":[29,142],"Ornamental Fan":[8],"Bronze Scales":[257],"Art of War":[27],"Ginger":[11],"obtain_stats":[{"Darkstone Periapt":37,"Calipers":25,"downfall:HeartBlessingRed":45,"Guardian:ModeShifter":0,"downfall:HeartsMalice":0,"Guardian:StasisCodex":5,"downfall:HeartBlessingGreen":30,"The Courier":41,"Omamori":46,"Ginger":34,"Frozen Egg 2":44,"Akabeko":21,"Calling Bell":34,"Guardian:PickAxe":34,"Runic Dome":17,"Guardian:StasisUpgradeRelic":21,"Bottled Flame":7,"Lizard Tail":48,"Ornamental Fan":34,"Bronze Scales":24,"Art of War":9,"FossilizedHelix":23,"InkBottle":29,"Meat on the Bone":6},{"Darkstone Periapt":22,"Calipers":15,"downfall:HeartBlessingRed":26,"Guardian:ModeShifter":0,"downfall:HeartsMalice":0,"Guardian:StasisCodex":2,"downfall:HeartBlessingGreen":18,"The Courier":23,"Omamori":27,"Ginger":20,"Frozen Egg 2":26,"Akabeko":12,"Calling Bell":20,"Guardian:PickAxe":20,"Runic Dome":8,"Guardian:StasisUpgradeRelic":12,"Bottled Flame":3,"Lizard Tail":28,"Ornamental Fan":20,"Bronze Scales":14,"Art of War":5,"FossilizedHelix":14,"InkBottle":18,"Meat on the Bone":3},{"Darkstone Periapt":102,"Calipers":66,"downfall:HeartBlessingRed":124,"Guardian:ModeShifter":0,"downfall:HeartsMalice":0,"Guardian:StasisCodex":0,"downfall:HeartBlessingGreen":83,"The Courier":107,"Omamori":128,"Ginger":94,"Frozen Egg 2":124,"Akabeko":47,"Calling Bell":94,"Guardian:PickAxe":94,"Runic Dome":29,"Guardian:StasisUpgradeRelic":47,"Bottled Flame":0,"Lizard Tail":130,"Ornamental Fan":94,"Bronze Scales":62,"Art of War":11,"FossilizedHelix":62,"InkBottle":83,"Meat on the Bone":0}],"InkBottle":[27],"Meat on the Bone":156},"card_choices":[{"not_picked":["Guardian:Gem_Red","Guardian:Incinerate"],"picked":"Guardian:PrimingBeam","floor":1},{"not_picked":["Guardian:TemporalStrike","Guardian:Incinerate"],"picked":"Guardian:DonusPower","floor":2},{"not_picked":["Guardian:Gem_Cyan","Guardian:WalkerClaw"],"picked":"Guardian:DecasProtection","floor":6},{"not_picked":["Guardian:Gem_Lightblue","Guardian:Emergency"],"picked":"Guardian:Gem_Purple","floor":8},{"not_picked":["Guardian:Suspension","Guardian:WalkerClaw"],"picked":"Guardian:PiercingHide","floor":9},{"not_picked":["Guardian:Gem_Fragmented","Guardian:TimeBomb"],"picked":"Guardian:Gem_Green","floor":10},{"not_picked":["Guardian:Reroute","Guardian:Incinerate"],"picked":"Guardian:Gem_Cyan","floor":14},{"not_picked":["Guardian:GemFire","Guardian:FastForward"],"picked":"Guardian:Gem_Orange","floor":16},{"not_picked":["Guardian:RefractedBeam","Guardian:Reroute+1","Guardian:Planning"],"picked":"SKIP","floor":18},{"not_picked":["Guardian:WalkerClaw","Guardian:DonusPower"],"picked":"Guardian:BronzeArmor","floor":19},{"not_picked":["Guardian:Gem_Red","Guardian:TemporalStrike"],"picked":"Guardian:Gem_Cyan","floor":20},{"not_picked":["Guardian:BaubleBeam","Guardian:WalkerClaw"],"picked":"Guardian:Incinerate","floor":21},{"not_picked":["Guardian:Recover","Guardian:Gem_Lightblue"],"picked":"Guardian:Gem_Green","floor":22},{"not_picked":["Guardian:PrimingBeam","Guardian:Gem_Red","Guardian:Clone"],"picked":"SKIP","floor":23},{"not_picked":["Guardian:WalkerClaw","Guardian:FuturePlans+1"],"picked":"Guardian:ShieldCharger+1","floor":25},{"not_picked":["Guardian:Reroute","Guardian:Suspension"],"picked":"Guardian:GemFinder","floor":26},{"not_picked":["Guardian:Gem_Red","Guardian:Gem_Lightblue"],"picked":"Guardian:Gem_Green","floor":28},{"not_picked":["Guardian:WalkerClaw","Guardian:Incinerate"],"picked":"Guardian:BodySlam","floor":28},{"not_picked":["Guardian:Orbwalk","Guardian:Reroute"],"picked":"Guardian:ChargeUp","floor":29},{"not_picked":["Guardian:ShieldCharger","Guardian:VentSteam"],"picked":"Guardian:ExploitGems","floor":31},{"not_picked":["Guardian:Gem_Green","Guardian:Gem_Red"],"picked":"Guardian:Gem_Cyan","floor":33},{"not_picked":["Guardian:FierceBash","Guardian:StasisField"],"picked":"Guardian:SphericShield","floor":33},{"not_picked":["Guardian:TimeCapacitor","Guardian:Gem_Red","Guardian:TemporalShield+1"],"picked":"SKIP","floor":35},{"not_picked":["Guardian:VentSteam","Guardian:Gem_Fragmented"],"picked":"Guardian:ChargeUp+1","floor":38},{"not_picked":["expansioncontent:DecaShield","expansioncontent:HyperBeam"],"picked":"expansioncontent:Chronoboost","floor":39},{"not_picked":["expansioncontent:PrepareCrush","expansioncontent:InvincibleStrength"],"picked":"expansioncontent:Hexaburn","floor":39},{"not_picked":["expansioncontent:PrepareCrush","expansioncontent:PolyBeam"],"picked":"expansioncontent:DecaShield","floor":39},{"not_picked":["Guardian:PrimingBeam+1","Guardian:CrystalBeam","Guardian:Harden"],"picked":"SKIP","floor":42},{"not_picked":["Guardian:Gem_Green","Guardian:FloatingOrbs"],"picked":"Guardian:VentSteam","floor":43},{"not_picked":["Guardian:Gem_Red","Guardian:Gem_Green"],"picked":"Guardian:Gem_Cyan","floor":43},{"not_picked":["Guardian:Gem_Lightblue","Guardian:Gem_Green"],"picked":"Guardian:Gem_Cyan","floor":44},{"not_picked":["Guardian:Recover+1","Guardian:TemporalStrike"],"picked":"Guardian:Gem_Lightblue","floor":44},{"not_picked":["Guardian:FierceBash","Guardian:TemporalShield"],"picked":"Guardian:Gem_Crimson","floor":46},{"not_picked":["Guardian:BodySlam","Guardian:Reroute+1"],"picked":"Guardian:Repulse+1","floor":48}],"player_experience":1437382,"relics_obtained":[{"floor":5,"key":"Guardian:StasisCodex"},{"floor":6,"key":"Meat on the Bone"},{"floor":7,"key":"Bottled Flame"},{"floor":9,"key":"Art of War"},{"floor":23,"key":"FossilizedHelix"},{"floor":24,"key":"Bronze Scales"},{"floor":25,"key":"Calipers"},{"floor":29,"key":"InkBottle"},{"floor":34,"key":"Ornamental Fan"},{"floor":34,"key":"Ginger"},{"floor":34,"key":"Guardian:PickAxe"},{"floor":41,"key":"The Courier"},{"floor":44,"key":"Frozen Egg 2"},{"floor":46,"key":"Omamori"},{"floor":48,"key":"Lizard Tail"}],"event_choices":[{"cards_removed":["Guardian:Strike_Guardian"],"damage_healed":0,"gold_gain":0,"player_choice":"Offered Basic","damage_taken":0,"max_hp_gain":0,"max_hp_loss":0,"event_name":"Bonfire Elementals","floor":27,"gold_loss":0},{"damage_healed":0,"gold_gain":0,"player_choice":"Fight","damage_taken":0,"max_hp_gain":0,"max_hp_loss":0,"event_name":"Mysterious Sphere","floor":48,"gold_loss":0}],"is_beta":false,"boss_relics":[{"not_picked":["Pandora\u0027s Box","Black Star"],"picked":"Runic Dome"},{"not_picked":["Busted Crown","SacredBark"],"picked":"Calling Bell"}],"items_purged_floors":[21,31],"is_endless":false,"potions_floor_spawned":[8,10,14,16,19,23,26,29,33,35,38],"ascension_level":16}}