{"host":"p9jk0mlyvhgdzcz4","time":1611896108,"event":{"mods":["BaseMod","Colored Map","Minty Spire (QoL Compilation)","Quick Restart","Slay the Streamer","SuperFastMode"],"gold_per_floor":[116,116,116,136,154,154,183,199,248,248,248,278,278,308,321,321,426,426,438,438,175,101,281,281,307,307,382,382,176,190,190,36,0,0,95,95,112,138,16,16,36,36,55,65,65,65,65,65,65,65,83,83,83],"floor_reached":54,"language":"ENG","playtime":2536,"items_purged":[],"score":784,"play_id":"f8b945f2-918f-40de-b2d9-a16112268770","local_time":"20210128225508","is_ascension_mode":false,"campfire_choices":[{"floor":6,"key":"REST"},{"floor":13,"key":"REST"},{"data":"Armaments","floor":16,"key":"SMITH"},{"data":"Heavy Blade","floor":24,"key":"SMITH"},{"floor":26,"key":"REST"},{"floor":34,"key":"REST"},{"floor":42,"key":"REST"},{"data":"Dual Wield","floor":47,"key":"SMITH"},{"data":"Shrug It Off","floor":50,"key":"SMITH"},{"floor":52,"key":"REST"}],"circlet_count":0,"master_deck":["Perfected Strike","Perfected Strike","Perfected Strike","Cleave","Spot Weakness","Barricade","Flame Barrier","Flex","Thunderclap","Heavy Blade+1","Twin Strike","Dark Embrace","Perfected Strike","Iron Wave","Anger","Clothesline","Armaments+1","Bludgeon","Shrug It Off+1","Armaments+1","Rage","Inflame","Inflame","Intimidate+1","Flex","Second Wind","Double Tap+1","Flex","Dual Wield+1","Rage","Perfected Strike","Bloodletting","Intimidate"],"relics":["Sozu","FaceOfCleric","Blue Candle","Art of War","Omamori","Regal Pillow","Lizard Tail","Runic Pyramid","HandDrill","Tiny Chest","Darkstone Periapt","ClockworkSouvenir","Pen Nib","SlaversCollar","Oddly Smooth Stone","Bottled Tornado","Sundial"],"acts_visited":["Exordium","TheCity","TheBeyond"],"potions_floor_usage":[],"damage_taken":[{"damage":12,"enemies":"2 Louse","floor":1,"turns":2},{"damage":0,"enemies":"Cultist","floor":4,"turns":2},{"damage":11,"enemies":"Jaw Worm","floor":5,"turns":2},{"damage":24,"enemies":"3 Sentries","floor":7,"turns":5},{"damage":0,"enemies":"Large Slime","floor":8,"turns":3},{"damage":11,"enemies":"Gremlin Nob","floor":12,"turns":3},{"damage":5,"enemies":"Exordium Thugs","floor":15,"turns":2},{"damage":52,"enemies":"Slime Boss","floor":17,"turns":8},{"damage":10,"enemies":"Shell Parasite","floor":19,"turns":3},{"damage":39,"enemies":"Book of Stabbing","floor":25,"turns":5},{"damage":24,"enemies":"3 Byrds","floor":30,"turns":5},{"damage":40,"enemies":"Champ","floor":35,"turns":7},{"damage":12,"enemies":"Orb Walker","floor":37,"turns":4},{"damage":26,"enemies":"3 Darklings","floor":41,"turns":6},{"damage":17,"enemies":"4 Shapes","floor":43,"turns":5},{"damage":16,"enemies":"Transient","floor":44,"turns":5},{"damage":3,"enemies":"Maw","floor":51,"turns":6},{"damage":84,"enemies":"Time Eater","floor":53,"turns":10}],"seed_played":"-4257127755106092580","potions_obtained":[],"is_trial":false,"path_per_floor":["M","?","$","M","M","R","E","M","T","T","?","E","R","?","M","R","B",null,"M","?","$","$","?","R","E","R","T","T","$","M","?","$","?","R","B",null,"M","T","$","?","M","R","M","M","T","T","R","?","T","R","M","R","B",null],"character_chosen":"IRONCLAD","items_purchased":["Rage","HandDrill","Inflame","Inflame","ClockworkSouvenir","Flex","Pen Nib","Flex","Dual Wield"],"campfire_rested":6,"item_purchase_floors":[21,21,21,22,29,29,32,39,39],"current_hp_per_floor":[68,68,68,69,59,82,59,60,60,60,42,32,72,72,68,68,17,87,78,78,78,78,59,59,21,62,62,62,62,39,39,39,39,81,42,91,80,80,80,80,55,93,77,62,62,62,62,62,62,62,60,96,13],"gold":83,"neow_bonus":"BOSS_RELIC","is_daily":false,"chose_seed":false,"campfire_upgraded":4,"win_rate":0.0,"timestamp":1611896108,"path_taken":["M","?","?","?","M","R","E","M","T","?","E","R","?","M","R","BOSS","M","?","?","$","?","R","E","R","T","$","?","?","$","?","R","BOSS","M","?","$","?","?","R","M","M","T","R","?","?","R","M","R","BOSS"],"items_purchased_type":["Card","Relic","Card","Card","Relic","Card","Relic","Card","Card"],"build_version":"2020-12-22","purchased_purges":0,"victory":true,"max_hp_per_floor":[80,80,80,81,82,82,83,84,84,84,84,85,85,85,86,86,87,87,88,88,88,88,88,88,89,89,89,89,89,90,90,90,90,90,91,91,92,92,92,92,93,93,94,95,95,95,95,95,95,95,96,96,97],"card_choices":[{"not_picked":["Reckless Charge","Wild Strike"],"picked":"Twin Strike","floor":1},{"not_picked":["Shrug It Off","Thunderclap"],"picked":"Dark Embrace","floor":4},{"not_picked":["Fire Breathing","Second Wind"],"picked":"Perfected Strike","floor":5},{"not_picked":["Headbutt","Sword Boomerang"],"picked":"Iron Wave","floor":7},{"not_picked":["Seeing Red","Intimidate"],"picked":"Anger","floor":8},{"not_picked":["Spot Weakness","Combust"],"picked":"Clothesline","floor":12},{"not_picked":["Warcry","Burning Pact"],"picked":"Armaments","floor":15},{"not_picked":["Berserk","Juggernaut"],"picked":"Bludgeon","floor":17},{"not_picked":["Inflame","Anger"],"picked":"Shrug It Off","floor":19},{"not_picked":["Shockwave","Searing Blow+1"],"picked":"Intimidate+1","floor":25},{"not_picked":["Perfected Strike+1","Thunderclap"],"picked":"Second Wind","floor":30},{"not_picked":["Berserk","Exhume"],"picked":"Double Tap","floor":35},{"not_picked":["Shockwave","Thunderclap"],"picked":"Disarm","floor":37},{"not_picked":["Dual Wield","Cleave"],"picked":"Rage","floor":41},{"not_picked":["Body Slam+1","Twin Strike+1"],"picked":"Perfected Strike","floor":43},{"not_picked":["Warcry","Fire Breathing"],"picked":"Intimidate","floor":51}],"player_experience":31878,"relics_obtained":[{"floor":7,"key":"Blue Candle"},{"floor":9,"key":"Art of War"},{"floor":12,"key":"Regal Pillow"},{"floor":25,"key":"Tiny Chest"},{"floor":27,"key":"Darkstone Periapt"},{"floor":38,"key":"Oddly Smooth Stone"},{"floor":45,"key":"Bottled Tornado"},{"floor":49,"key":"Sundial"}],"event_choices":[{"damage_healed":0,"gold_gain":0,"player_choice":"Trade","damage_taken":0,"relics_obtained":["FaceOfCleric"],"max_hp_gain":0,"max_hp_loss":0,"event_name":"FaceTrader","floor":2,"gold_loss":0},{"damage_healed":0,"gold_gain":0,"player_choice":"Success","damage_taken":18,"relics_obtained":["Omamori"],"max_hp_gain":0,"max_hp_loss":0,"event_name":"Scrap Ooze","floor":11,"gold_loss":0},{"damage_healed":0,"gold_gain":30,"player_choice":"Searched \u00273\u0027 times","damage_taken":0,"relics_obtained":["Lizard Tail"],"max_hp_gain":0,"max_hp_loss":0,"event_name":"Dead Adventurer","floor":14,"gold_loss":0},{"damage_healed":0,"gold_gain":0,"player_choice":"Copied","damage_taken":0,"max_hp_gain":0,"max_hp_loss":0,"event_name":"Duplicator","floor":20,"gold_loss":0,"cards_obtained":["Armaments"]},{"damage_healed":0,"gold_gain":180,"player_choice":"GOLD GOLD ","damage_taken":19,"max_hp_gain":0,"max_hp_loss":0,"event_name":"Knowing Skull","floor":23,"potions_obtained":[],"gold_loss":0,"cards_obtained":[]},{"damage_healed":0,"gold_gain":0,"player_choice":"Ignored","damage_taken":0,"max_hp_gain":0,"max_hp_loss":0,"event_name":"Vampires","floor":31,"gold_loss":0},{"damage_healed":0,"gold_gain":0,"player_choice":"Paid Fearfully","damage_taken":0,"max_hp_gain":0,"max_hp_loss":0,"event_name":"Masked Bandits","floor":33,"gold_loss":36},{"damage_healed":0,"gold_gain":0,"player_choice":"Forge","damage_taken":0,"max_hp_gain":0,"max_hp_loss":0,"event_name":"Accursed Blacksmith","floor":40,"gold_loss":0,"cards_upgraded":["Double Tap"]},{"damage_healed":0,"gold_gain":0,"cards_transformed":["Disarm"],"player_choice":"Transformed","damage_taken":0,"max_hp_gain":0,"max_hp_loss":0,"event_name":"Transmorgrifier","floor":48,"gold_loss":0,"cards_obtained":["Bloodletting"]}],"is_beta":false,"boss_relics":[{"not_picked":["Runic Dome","Busted Crown"],"picked":"Runic Pyramid"},{"not_picked":["Astrolabe","Philosopher\u0027s Stone"],"picked":"SlaversCollar"}],"items_purged_floors":[],"is_endless":false,"potions_floor_spawned":[5,7,8,15,17,30,35,51],"ascension_level":0}}