{"host":"ishme5wb80o83upk","time":1611890423,"event":{"mods":["BaseMod","Minty Spire (QoL Compilation)","StSLib","The Runesmith"],"gold_per_floor":[118,218,229,243,258,258,285,285,285,301,317,317,348,273,273,273,273],"floor_reached":16,"language":"KOR","playtime":672,"items_purged":[],"score":213,"play_id":"e578b432-dcb0-4ac6-9d19-a5244cfc87b0","local_time":"20210129122023","is_ascension_mode":true,"campfire_choices":[{"data":"Runesmith:HammerThrow","floor":6,"key":"SMITH"},{"data":"Runesmith:BackupBattery","floor":8,"key":"SMITH"},{"data":"Runesmith:LithiumIon","floor":12,"key":"SMITH"},{"floor":15,"key":"REST"}],"circlet_count":0,"master_deck":["AscendersBane","Runesmith:Strike_RS","Runesmith:Strike_RS","Runesmith:Strike_RS","Runesmith:Defend_RS","Runesmith:Defend_RS","Runesmith:Defend_RS","Runesmith:CraftFirestone","Runesmith:Fortify","Runesmith:BackupBattery+1","Runesmith:LithiumIon+1","Runesmith:HammerThrow+1","Runesmith:Accelerate","Runesmith:ChaoticBlast","Runesmith:Repurpose"],"relics":["Runesmith:BrokenRuby","Smiling Mask","Frozen Egg 2","Du-Vu Doll"],"acts_visited":["Exordium"],"potions_floor_usage":[7,7,16,16],"damage_taken":[{"damage":3,"enemies":"Small Slimes","floor":1,"turns":3},{"damage":0,"enemies":"Cultist","floor":3,"turns":3},{"damage":10,"enemies":"2 Louse","floor":4,"turns":4},{"damage":8,"enemies":"Blue Slaver","floor":5,"turns":4},{"damage":3,"enemies":"Lagavulin","floor":7,"turns":6},{"damage":7,"enemies":"Large Slime","floor":10,"turns":6},{"damage":2,"enemies":"Looter","floor":11,"turns":4},{"damage":21,"enemies":"3 Sentries","floor":13,"turns":6},{"damage":15,"enemies":"Hexaghost","floor":16,"turns":7}],"seed_played":"5822954096158579395","potions_obtained":[{"floor":1,"key":"BlessingOfTheForge"},{"floor":3,"key":"Energy Potion"},{"floor":7,"key":"FearPotion"},{"floor":10,"key":"GamblersBrew"}],"is_trial":false,"path_per_floor":["M","?","M","M","M","R","E","R","T","M","M","R","E","?","R","B"],"character_chosen":"RUNESMITH_CLASS","items_purchased":[],"campfire_rested":1,"item_purchase_floors":[],"current_hp_per_floor":[56,56,56,46,38,38,35,35,35,28,26,26,5,5,24,9,9],"gold":273,"neow_bonus":"REMOVE_CARD","is_daily":false,"chose_seed":false,"campfire_upgraded":3,"win_rate":0.0,"timestamp":1611890423,"path_taken":["M","?","M","?","?","R","E","R","T","?","M","R","E","?","R","BOSS"],"items_purchased_type":[],"build_version":"2020-12-22","purchased_purges":0,"victory":false,"max_hp_per_floor":[66,66,66,66,66,66,66,66,66,66,66,66,66,66,66,66,66],"card_choices":[{"not_picked":["Runesmith:Superposition","Runesmith:DoubleUp"],"picked":"Runesmith:BackupBattery","floor":1},{"not_picked":["Runesmith:Malloc","Runesmith:CraftProtectio"],"picked":"Runesmith:LithiumIon","floor":3},{"not_picked":["Runesmith:GoWithTheFlow","Runesmith:Attraction"],"picked":"Runesmith:HammerThrow","floor":4},{"not_picked":["Runesmith:NanitesCloud","Runesmith:Grindstone"],"picked":"Runesmith:Accelerate","floor":5},{"not_picked":["Runesmith:MakeshiftArmor","Runesmith:HeatedChisel","Runesmith:Augment"],"picked":"SKIP","floor":7},{"not_picked":["Runesmith:RuneHurl","Runesmith:Empowerment"],"picked":"Runesmith:ChaoticBlast","floor":10},{"not_picked":["Runesmith:ShiftingStrike","Runesmith:ElementalConversion","Runesmith:StaticCage"],"picked":"SKIP","floor":11},{"not_picked":["Runesmith:CraftIncendium","Runesmith:Permafrost+1"],"picked":"Runesmith:Repurpose","floor":13}],"player_experience":1167469,"relics_obtained":[{"floor":7,"key":"Smiling Mask"},{"floor":9,"key":"Frozen Egg 2"},{"floor":13,"key":"Du-Vu Doll"}],"event_choices":[{"damage_healed":0,"gold_gain":100,"player_choice":"Gold","damage_taken":0,"max_hp_gain":0,"max_hp_loss":0,"event_name":"Wheel of Change","floor":2,"gold_loss":0},{"cards_removed":["Runesmith:Strike_RS"],"damage_healed":0,"gold_gain":0,"player_choice":"Card Removal","damage_taken":0,"max_hp_gain":0,"max_hp_loss":0,"event_name":"The Cleric","floor":14,"gold_loss":75}],"is_beta":false,"boss_relics":[],"items_purged_floors":[],"is_endless":false,"potions_floor_spawned":[1,3,7,10],"killed_by":"Hexaghost","ascension_level":18}}