{"host":"2se5dq1do2gp0x9k","time":1611893675,"event":{"mods":["AchievementEnabler","BaseMod","Block Reminder","Colored Map","Colored Powertips","Minty Spire (QoL Compilation)","Relic Stats","StSLib","SuperFastMode"],"gold_per_floor":[109,109,128,142,153,153,166,166,166,179,179,196,207,221,221,294,294,307,307,181,231,249,249,260,260,260,308,38,38,52,52,52],"floor_reached":31,"language":"ENG","playtime":823,"items_purged":["Dualcast","Decay"],"score":487,"play_id":"056018f8-c4c3-4bea-bc4a-24f6655b1b9b","local_time":"20210128201435","is_ascension_mode":true,"campfire_choices":[{"data":"Reprogram","floor":6.0,"key":"SMITH"},{"floor":8.0,"key":"REST"},{"floor":11.0,"key":"REST"},{"floor":15,"key":"REST"},{"floor":23,"key":"REST"},{"floor":29,"key":"REST"}],"circlet_count":0,"master_deck":["AscendersBane","Strike_B","Strike_B","Strike_B","Defend_B","Defend_B","Defend_B","Reprogram","Reprogram+1","Gash","Gash","Hyperbeam","Hologram","Gash","Sunder","All For One","Gash","Steam","Reinforced Body","Self Repair","Skim"],"relics":["Empty Cage","Pantograph","Sozu","Nilry\u0027s Codex","Shuriken","Pen Nib","Membership Card"],"acts_visited":["Exordium","TheCity"],"potions_floor_usage":[14,16],"damage_taken":[{"damage":9.0,"enemies":"Jaw Worm","floor":1.0,"turns":4.0},{"damage":16.0,"enemies":"Cultist","floor":3.0,"turns":5.0},{"damage":3.0,"enemies":"Small Slimes","floor":4.0,"turns":5.0},{"damage":9.0,"enemies":"Looter","floor":5.0,"turns":5.0},{"damage":22.0,"enemies":"3 Louse","floor":7.0,"turns":4.0},{"damage":24.0,"enemies":"Lots of Slimes","floor":10.0,"turns":5.0},{"damage":12.0,"enemies":"Exordium Thugs","floor":12.0,"turns":4.0},{"damage":0.0,"enemies":"2 Fungi Beasts","floor":13.0,"turns":1.0},{"damage":8,"enemies":"Large Slime","floor":14,"turns":3},{"damage":32,"enemies":"The Guardian","floor":16,"turns":11},{"damage":3,"enemies":"Spheric Guardian","floor":18,"turns":3},{"damage":23,"enemies":"Shell Parasite","floor":22,"turns":3},{"damage":23,"enemies":"Snecko","floor":24,"turns":5},{"damage":24,"enemies":"Snake Plant","floor":30,"turns":4},{"damage":15,"enemies":"Shelled Parasite and Fungi","floor":31,"turns":1}],"seed_played":"-7740090789388318577","potions_obtained":[{"floor":1.0,"key":"Dexterity Potion"},{"floor":4.0,"key":"BlessingOfTheForge"},{"floor":12.0,"key":"Strength Potion"},{"floor":14,"key":"Block Potion"}],"is_trial":false,"path_per_floor":["M","?","M","M","M","R","M","R","T","M","R","M","M","M","R","B",null,"M","?","$","?","M","R","M","?","T","T","$","R","M","M"],"character_chosen":"DEFECT","items_purchased":["Gash","Membership Card","Self Repair","Skim"],"campfire_rested":5,"item_purchase_floors":[20,28,28,28],"current_hp_per_floor":[55,55,39,36,27,27,5,26,26,2,23,11,11,3,24,17,58,55,34,34,34,11,32,9,9,9,9,9,30,6,0,0],"gold":52,"neow_bonus":"BOSS_RELIC","is_daily":false,"chose_seed":false,"campfire_upgraded":1,"win_rate":0.0,"timestamp":1611893675,"path_taken":["M","?","?","M","M","R","?","R","T","M","R","M","M","M","R","BOSS","M","?","$","?","M","R","M","?","T","?","?","R","M","M"],"items_purchased_type":["Card","Relic","Card","Card"],"build_version":"2020-12-22","purchased_purges":2,"victory":false,"max_hp_per_floor":[71,71,71,71,71,71,71,71,71,71,71,71,71,71,71,71,71,71,71,71,71,71,71,71,71,71,71,71,71,71,71,71],"relic_stats":{"Sozu":2,"counters":[15,63],"Shuriken":[2],"Pantograph":25,"Pen Nib":[1],"obtain_stats":[{"Sozu":17,"Nilry\u0027s Codex":19,"Shuriken":26,"Pantograph":9,"Pen Nib":27,"Membership Card":28,"Cracked Core":0,"Empty Cage":0},{"Sozu":10,"Nilry\u0027s Codex":11,"Shuriken":13,"Pantograph":5,"Pen Nib":13,"Membership Card":13,"Cracked Core":0,"Empty Cage":0},{"Sozu":47,"Nilry\u0027s Codex":50,"Shuriken":58,"Pantograph":23,"Pen Nib":58,"Membership Card":58,"Cracked Core":0,"Empty Cage":0}]},"card_choices":[{"not_picked":["Blizzard","Stack"],"picked":"Reprogram","floor":1.0},{"not_picked":["Coolheaded","Glacier","Compile Driver"],"picked":"SKIP","floor":3.0},{"not_picked":["Rebound","Cold Snap"],"picked":"Reprogram","floor":4.0},{"not_picked":["Stack","Heatsinks"],"picked":"Gash","floor":5.0},{"not_picked":["Auto Shields","Sweeping Beam"],"picked":"Gash","floor":7.0},{"not_picked":["Barrage","Reprogram"],"picked":"Hyperbeam","floor":10.0},{"not_picked":["Turbo","Cold Snap"],"picked":"Hologram","floor":12.0},{"not_picked":["Barrage","Static Discharge"],"picked":"Gash","floor":13.0},{"not_picked":["Stack","Rebound"],"picked":"Sunder","floor":14},{"not_picked":["Machine Learning","Meteor Strike"],"picked":"All For One","floor":16},{"not_picked":["Capacitor","Chaos","Force Field"],"picked":"SKIP","floor":18},{"not_picked":["Turbo","Rebound"],"picked":"Steam","floor":22},{"not_picked":["Darkness","Reprogram"],"picked":"Reinforced Body","floor":24},{"not_picked":["Sweeping Beam","Rebound","Ball Lightning"],"picked":"SKIP","floor":30}],"player_experience":3966002,"relics_obtained":[{"floor":9.0,"key":"Pantograph"},{"floor":19,"key":"Nilry\u0027s Codex"},{"floor":26,"key":"Shuriken"},{"floor":27,"key":"Pen Nib"}],"event_choices":[{"cards_removed":["Zap"],"damage_healed":0.0,"max_hp_gain":0.0,"max_hp_loss":0.0,"gold_gain":0.0,"event_name":"Bonfire Elementals","player_choice":"Offered Basic","floor":2.0,"gold_loss":0.0,"damage_taken":0.0},{"damage_healed":0,"gold_gain":0,"player_choice":"Obtained Book","damage_taken":21,"max_hp_gain":0,"max_hp_loss":0,"event_name":"Cursed Tome","floor":19,"gold_loss":0},{"damage_healed":0,"gold_gain":50,"player_choice":"Stole From Cult","damage_taken":0,"max_hp_gain":0,"max_hp_loss":0,"event_name":"Nest","floor":21,"gold_loss":0},{"damage_healed":0,"gold_gain":0,"player_choice":"Smashed Altar","damage_taken":0,"max_hp_gain":0,"max_hp_loss":0,"event_name":"Forgotten Altar","floor":25,"gold_loss":0,"cards_obtained":["Decay"]}],"is_beta":false,"boss_relics":[{"not_picked":["Philosopher\u0027s Stone","Black Star"],"picked":"Sozu"}],"items_purged_floors":[20,28],"is_endless":false,"potions_floor_spawned":[1,4,5,12,14,22,24],"killed_by":"Shelled Parasite and Fungi","ascension_level":20}}