{"host":"vyjryxuuuxkt43k4","time":1611936162,"event":{"mods":["AchievementEnabler","BaseMod","Colored Map","DeckTracker","Keyboard Shortcuts","Minty Spire (QoL Compilation)","Permanent Neow","Quick Restart","Rare Cards Sparkle","StSLib","SuperFastMode","everything is the same but u backflip on backflip"],"gold_per_floor":[112,124,142,26,38,38,38,7,78,139,139,165,215,276,276,352,352,372,422,57,20,36,36,62,62,89,157,184,184,204,254,254,327,327,343,393,408,21,71,71,137,112,112,112,35,110,137,204,204,204,204,204,204,38,73,73,73],"floor_reached":56,"language":"KOR","playtime":2379,"items_purged":["Strike_R","Strike_R","Strike_R"],"score":2126,"play_id":"21ed1524-738f-4cd3-963b-1e8c54dd91ee","local_time":"20210130010242","is_ascension_mode":true,"campfire_choices":[{"data":"Body Slam","floor":6.0,"key":"SMITH"},{"data":"Carnage","floor":11.0,"key":"SMITH"},{"data":"Fire Breathing","floor":15.0,"key":"SMITH"},{"data":"Immolate","floor":23.0,"key":"SMITH"},{"data":"Uppercut","floor":25.0,"key":"SMITH"},{"data":"Fiend Fire","floor":29.0,"key":"SMITH"},{"data":"Shockwave","floor":32.0,"key":"SMITH"},{"data":"Demon Form","floor":40.0,"key":"SMITH"},{"data":"Power Through","floor":44.0,"key":"SMITH"},{"floor":49.0,"key":"RECALL"},{"data":"Dual Wield","floor":53.0,"key":"SMITH"}],"circlet_count":0,"master_deck":["AscendersBane","Strike_R","Defend_R","Defend_R","Defend_R","Defend_R","Bash","Pommel Strike","Power Through","Headbutt","Uppercut+1","Body Slam+1","Fire Breathing+1","Carnage+1","Shockwave+1","Fiend Fire+1","Shrug It Off","Exhume","Immolate+1","Power Through+1","Dropkick","Immolate","Dark Embrace","Demon Form+1","Feel No Pain+1","Second Wind+1","Corruption","Dual Wield+1","Dropkick","Warcry+1","Double Tap"],"relics":["Burning Blood","SsserpentHead","Matryoshka","Pen Nib","Snecko Eye","Medical Kit","InkBottle","Centennial Puzzle","Oddly Smooth Stone","MutagenicStrength","Mark of Pain","Kunai","Bronze Scales","Bottled Lightning","Meat on the Bone","StoneCalendar","Paper Frog","Strange Spoon","Orichalcum"],"acts_visited":["Exordium","TheCity","TheBeyond","TheEnding"],"potions_floor_usage":[],"damage_taken":[{"damage":14.0,"enemies":"Jaw Worm","floor":1.0,"turns":5.0},{"damage":1.0,"enemies":"Cultist","floor":2.0,"turns":3.0},{"damage":9.0,"enemies":"2 Louse","floor":3.0,"turns":3.0},{"damage":27.0,"enemies":"Gremlin Gang","floor":5.0,"turns":6.0},{"damage":8.0,"enemies":"Looter","floor":10.0,"turns":2.0},{"damage":0.0,"enemies":"3 Sentries","floor":12.0,"turns":5.0},{"damage":6.0,"enemies":"Exordium Thugs","floor":14.0,"turns":4.0},{"damage":0.0,"enemies":"Slime Boss","floor":16.0,"turns":6.0},{"damage":0.0,"enemies":"Shell Parasite","floor":18.0,"turns":1.0},{"damage":16.0,"enemies":"2 Thieves","floor":22.0,"turns":3.0},{"damage":0.0,"enemies":"Gremlin Leader","floor":24.0,"turns":4.0},{"damage":0.0,"enemies":"Chosen and Byrds","floor":27.0,"turns":2.0},{"damage":26.0,"enemies":"Slavers","floor":28.0,"turns":2.0},{"damage":0.0,"enemies":"Snake Plant","floor":30.0,"turns":2.0},{"damage":48.0,"enemies":"Champ","floor":33.0,"turns":10.0},{"damage":6.0,"enemies":"3 Darklings","floor":35.0,"turns":3.0},{"damage":0.0,"enemies":"3 Shapes","floor":37.0,"turns":3.0},{"damage":0.0,"enemies":"Transient","floor":41.0,"turns":6.0},{"damage":0.0,"enemies":"Mind Bloom Boss Battle","floor":46.0,"turns":3.0},{"damage":0.0,"enemies":"Giant Head","floor":47.0,"turns":4.0},{"damage":0.0,"enemies":"Spire Growth","floor":48.0,"turns":4.0},{"damage":60.0,"enemies":"Awakened One","floor":50.0,"turns":8.0},{"damage":24.0,"enemies":"Donu and Deca","floor":51.0,"turns":4.0},{"damage":40.0,"enemies":"Shield and Spear","floor":55.0,"turns":5.0},{"damage":42,"enemies":"The Heart","floor":56,"turns":3}],"seed_played":"7807917550840216613","potions_obtained":[{"floor":3.0,"key":"ElixirPotion"},{"floor":10.0,"key":"FearPotion"},{"floor":16.0,"key":"PowerPotion"},{"floor":30.0,"key":"Fire Potion"},{"floor":33.0,"key":"Fire Potion"},{"floor":46.0,"key":"AttackPotion"},{"floor":48.0,"key":"Strength Potion"}],"is_trial":false,"path_per_floor":["M","M","M","$","M","R","?","$","T","M","R","E","?","M","R","B",null,"M","?","$","$","M","R","E","R","T","M","E","R","M","?","R","B",null,"M","?","M","$","?","R","M","$","T","R","$","?","E","M","R","B","B",null,"R","$","E","B"],"character_chosen":"IRONCLAD","items_purchased":["Uppercut","Fire Breathing","Medical Kit","Immolate","Power Through","Kunai","Corruption","Dual Wield","Strange Spoon"],"campfire_rested":0,"item_purchase_floors":[4,8,20,20,21,38,42,45,54],"current_hp_per_floor":[60,65,62,62,41,41,41,41,41,39,39,45,34,34,34,40,66,72,72,72,72,62,62,68,68,68,74,54,54,60,60,60,18,61,61,61,67,67,67,67,73,73,73,73,73,75,75,75,75,33,27,63,63,63,41,0,0],"gold":73,"neow_bonus":"REMOVE_CARD","is_daily":false,"chose_seed":false,"campfire_upgraded":10,"win_rate":0.0,"timestamp":1611936162,"path_taken":["M","M","M","$","M","R","?","?","T","?","R","E","?","?","R","BOSS","M","?","?","$","M","R","E","R","T","?","E","R","M","?","R","BOSS","M","?","M","$","?","R","?","?","T","R","$","?","E","?","R","BOSS","BOSS","R","$","E","BOSS"],"items_purchased_type":["Card","Card","Relic","Card","Card","Relic","Card","Card","Relic"],"build_version":"2020-12-22","purchased_purges":3,"victory":false,"max_hp_per_floor":[75,75,75,75,75,75,75,75,75,75,75,75,75,75,75,75,75,75,75,75,75,75,75,75,75,75,75,75,75,75,75,75,75,75,75,75,75,75,75,75,75,75,75,75,75,75,75,75,75,75,75,75,75,75,75,75,75],"card_choices":[{"not_picked":["Armaments","Evolve"],"picked":"Pommel Strike","floor":1.0},{"not_picked":["Intimidate","Cleave"],"picked":"Power Through","floor":2.0},{"not_picked":["Warcry","Twin Strike"],"picked":"Headbutt","floor":3.0},{"not_picked":["Clothesline","Hemokinesis"],"picked":"Body Slam","floor":5.0},{"not_picked":["Sword Boomerang","Twin Strike"],"picked":"Carnage","floor":10.0},{"not_picked":["Pummel","Intimidate"],"picked":"Shockwave","floor":12.0},{"not_picked":["Flex","Hemokinesis","Anger"],"picked":"SKIP","floor":14.0},{"not_picked":["Demon Form","Exhume"],"picked":"Fiend Fire","floor":16.0},{"not_picked":["Metallicize","Shockwave+1"],"picked":"Shrug It Off","floor":18.0},{"not_picked":["Iron Wave","Wild Strike","Pommel Strike"],"picked":"SKIP","floor":22.0},{"not_picked":["Twin Strike","Hemokinesis"],"picked":"Dropkick","floor":24.0},{"not_picked":["Anger","Iron Wave","Clash"],"picked":"SKIP","floor":27.0},{"not_picked":["Berserk","Reckless Charge"],"picked":"Immolate","floor":28.0},{"not_picked":["Thunderclap","Clash"],"picked":"Dark Embrace","floor":30.0},{"not_picked":["Feed","Offering"],"picked":"Demon Form","floor":33.0},{"not_picked":["Headbutt","Thunderclap"],"picked":"Feel No Pain+1","floor":35.0},{"not_picked":["Flex","True Grit","Wild Strike"],"picked":"SKIP","floor":37.0},{"not_picked":["Armaments","Burning Pact+1"],"picked":"Second Wind+1","floor":41.0},{"not_picked":["Twin Strike","Anger"],"picked":"Dropkick","floor":46.0},{"not_picked":["Searing Blow","Metallicize","Sword Boomerang+1"],"picked":"SKIP","floor":47.0},{"not_picked":["Wild Strike","Sword Boomerang+1"],"picked":"Warcry+1","floor":48.0},{"not_picked":["Perfected Strike+1","Sever Soul"],"picked":"Double Tap","floor":55.0}],"player_experience":506165,"relics_obtained":[{"floor":9.0,"key":"Matryoshka"},{"floor":12.0,"key":"Pen Nib"},{"floor":24.0,"key":"InkBottle"},{"floor":26.0,"key":"Centennial Puzzle"},{"floor":28.0,"key":"Oddly Smooth Stone"},{"floor":43.0,"key":"Bottled Lightning"},{"floor":43.0,"key":"Meat on the Bone"},{"floor":46.0,"key":"StoneCalendar"},{"floor":47.0,"key":"Paper Frog"},{"floor":55.0,"key":"Orichalcum"}],"event_choices":[{"damage_healed":0.0,"max_hp_gain":0.0,"max_hp_loss":0.0,"gold_gain":0.0,"event_name":"FaceTrader","player_choice":"Trade","floor":7.0,"gold_loss":0.0,"damage_taken":0.0,"relics_obtained":["SsserpentHead"]},{"damage_healed":0.0,"max_hp_gain":0.0,"max_hp_loss":0.0,"gold_gain":0.0,"event_name":"Wheel of Change","player_choice":"Damaged","floor":13.0,"gold_loss":0.0,"damage_taken":11.0},{"damage_healed":0.0,"max_hp_gain":0.0,"max_hp_loss":0.0,"gold_gain":0.0,"event_name":"Match and Keep!","player_choice":"1 cards matched","floor":19.0,"gold_loss":0.0,"damage_taken":0.0,"cards_obtained":["Exhume"]},{"damage_healed":0.0,"max_hp_gain":0.0,"max_hp_loss":0.0,"gold_gain":0.0,"event_name":"Match and Keep!","player_choice":"1 cards matched","floor":19.0,"gold_loss":0.0,"damage_taken":0.0,"cards_obtained":["Exhume"]},{"damage_healed":0.0,"max_hp_gain":0.0,"max_hp_loss":0.0,"gold_gain":0.0,"event_name":"Drug Dealer","player_choice":"Inject Mutagens","floor":31.0,"gold_loss":0.0,"damage_taken":0.0,"relics_obtained":["MutagenicStrength"]},{"damage_healed":0.0,"max_hp_gain":0.0,"max_hp_loss":0.0,"gold_gain":0.0,"event_name":"Tomb of Lord Red Mask","player_choice":"Ignored","floor":36.0,"gold_loss":0.0,"damage_taken":0.0},{"damage_healed":0.0,"max_hp_gain":0.0,"max_hp_loss":0.0,"gold_gain":0.0,"event_name":"WeMeetAgain","player_choice":"Gave Potion","floor":39.0,"gold_loss":0.0,"damage_taken":0.0,"relics_obtained":["Bronze Scales"]},{"damage_healed":0.0,"max_hp_gain":0.0,"max_hp_loss":0.0,"gold_gain":0.0,"event_name":"MindBloom","player_choice":"Fight","floor":46.0,"gold_loss":0.0,"damage_taken":0.0}],"is_beta":false,"boss_relics":[{"not_picked":["Pandora\u0027s Box","Philosopher\u0027s Stone"],"picked":"Snecko Eye"},{"not_picked":["SlaversCollar","Empty Cage"],"picked":"Mark of Pain"}],"items_purged_floors":[4,20,38],"is_endless":false,"potions_floor_spawned":[3,10,12,14,16,22,30,33,46,48],"killed_by":"The Heart","ascension_level":20}}