{"host":"oqvelqkxh74plq6q","time":1611889105,"event":{"mods":["ATMod(°¢èªMod)","AchievementEnabler","BaseMod","Better Match","Better-Laid Plans","BetterRewards","BshForSts","Conspire","Good Game Mod","Jedi Mod","Minty Spire (QoL Compilation)","MostiFishMod","Poor People Problems","Quick Restart","Relic Stats","Remilia£¨ÀÙÃ×ÀòÑÇ£©","Shop Mod","Spicy Shops","StSLib","TestMod","Youmu£¨»êÆÇÑýÃÎ£©","óô»ðÖ¸ÄÏ"],"gold_per_floor":[119,129,144,156,156,156,175,205,230,230,93,93,168,188,188,289,289,303,303,303,303],"floor_reached":20,"language":"ZHS","playtime":1138,"items_purged":["Defend_G"],"score":209,"play_id":"bc68b589-8b89-4375-b92f-89ad01b4eb13","local_time":"20210129105825","is_ascension_mode":true,"campfire_choices":[{"data":"Adrenaline","floor":6.0,"key":"SMITH"},{"data":"Terror","floor":10,"key":"SMITH"},{"data":"Neutralize","floor":12,"key":"SMITH"},{"data":"jedi:pocketpoison","floor":15,"key":"SMITH"}],"circlet_count":0,"master_deck":["Strike_G","Strike_G","Strike_G","Defend_G","Defend_G","Defend_G","Survivor","Neutralize+1","Adrenaline+1","PiercingWail","Blur","Dagger Spray","Terror+1","jedi:pocketpoison+1","MostiFishMod:Wind","Poisoned Stab","Envenom","Deadly Poison"],"relics":["Ring of the Snake","REME:ComplimentaryCards","DaveBox","AT_ATBox","testmod-TestBox","testmod-Temperance","GreenFoldingFan","SynthV:TestCard","Eternal Feather","testmod-Antiphasic","SynthV","Busted Crown","MutagenicStrength"],"acts_visited":["Exordium","TheCity"],"potions_floor_usage":[7],"damage_taken":[{"damage":8.0,"enemies":"Jaw Worm","floor":1.0,"turns":4.0},{"damage":10.0,"enemies":"Small Slimes","floor":2.0,"turns":4.0},{"damage":10.0,"enemies":"Cultist","floor":3.0,"turns":5.0},{"damage":8.0,"enemies":"2 Fungi Beasts","floor":4.0,"turns":4.0},{"damage":2,"enemies":"Lots of Slimes","floor":7,"turns":1},{"damage":24,"enemies":"3 Sentries","floor":8,"turns":7},{"damage":6,"enemies":"Blue Slaver","floor":14,"turns":3},{"damage":36,"enemies":"The Guardian","floor":16,"turns":7},{"damage":6,"enemies":"Chosen","floor":18,"turns":3}],"seed_played":"6426790659205245849","potions_obtained":[{"floor":4.0,"key":"SteroidPotion"},{"floor":7,"key":"SkillPotion"},{"floor":16,"key":"Strength Potion"}],"is_trial":false,"path_per_floor":["M","M","M","M","?","R","M","E","T","R","$","R","?","M","R","B",null,"M","?","?"],"character_chosen":"THE_SILENT","items_purchased":["SynthV"],"campfire_rested":0,"item_purchase_floors":[11],"current_hp_per_floor":[70,70,70,70,70,70,70,56,56,65,65,70,63,67,70,44,70,70,70,0,0],"gold":303,"neow_bonus":"ONE_RANDOM_RARE_CARD","is_daily":false,"chose_seed":false,"campfire_upgraded":4,"win_rate":0.0,"timestamp":1611889105,"path_taken":["M","M","M","M","?","R","M","E","T","R","$","R","?","M","R","BOSS","M","?","?"],"items_purchased_type":["Relic"],"build_version":"2020-12-22","purchased_purges":1,"victory":false,"max_hp_per_floor":[70,70,70,70,70,70,70,70,70,70,70,70,70,70,70,70,70,70,70,70,70],"relic_stats":{"Busted Crown":2,"counters":[9,38],"Eternal Feather":17,"obtain_stats":[{"AT_ATBox":0,"testmod-TestBox":0,"DaveBox":0,"testmod-Temperance":0,"SynthV":11,"Eternal Feather":8,"GreenFoldingFan":0,"testmod-Antiphasic":9,"REME:ComplimentaryCards":0,"SynthV:TestCard":1,"Busted Crown":17,"MutagenicStrength":19,"Ring of the Snake":0},{"AT_ATBox":0,"testmod-TestBox":0,"DaveBox":0,"testmod-Temperance":0,"SynthV":6,"Eternal Feather":6,"GreenFoldingFan":0,"testmod-Antiphasic":6,"REME:ComplimentaryCards":0,"SynthV:TestCard":1,"Busted Crown":8,"MutagenicStrength":9,"Ring of the Snake":0},{"AT_ATBox":0,"testmod-TestBox":0,"DaveBox":0,"testmod-Temperance":0,"SynthV":25,"Eternal Feather":25,"GreenFoldingFan":0,"testmod-Antiphasic":25,"REME:ComplimentaryCards":0,"SynthV:TestCard":4,"Busted Crown":35,"MutagenicStrength":38,"Ring of the Snake":0}],"Ring of the Snake":[18]},"card_choices":[{"not_picked":["Prepared","Tactician"],"picked":"PiercingWail","floor":1.0},{"not_picked":["AT_TwilightShroud","Cloak And Dagger","Underhanded Strike","Outmaneuver"],"picked":"Blur","floor":2.0},{"not_picked":["Prepared","Slice","Sucker Punch","AT_KneejerkReflex"],"picked":"Dagger Spray","floor":3.0},{"not_picked":["Sucker Punch","AT_FocusSwordFire","Dodge and Roll","Infinite Blades"],"picked":"Terror","floor":4.0},{"not_picked":["MostiFishMod:ShivMaster","Prepared","Underhanded Strike","Flechettes"],"picked":"jedi:pocketpoison","floor":7},{"not_picked":["Acrobatics","MostiFishMod:PerfectParry","Flying Knee","Sucker Punch"],"picked":"MostiFishMod:Wind","floor":8},{"not_picked":["Outmaneuver","conspire:DoublingDagger","AT_ShadowStep","Slice"],"picked":"Poisoned Stab","floor":14},{"not_picked":["jedi:brewingpoison","MostiFishMod:Confrontation","MostiFishMod:Opportunism","Night Terror"],"picked":"Envenom","floor":16},{"not_picked":["Outmaneuver","AT_ThistleTea+1"],"picked":"Deadly Poison","floor":18}],"player_experience":121949,"relics_obtained":[{"floor":1.0,"key":"SynthV:TestCard"},{"floor":8,"key":"Eternal Feather"},{"floor":9,"key":"testmod-Antiphasic"}],"event_choices":[{"cards_removed":["Strike_G"],"damage_healed":0.0,"max_hp_gain":0.0,"max_hp_loss":0.0,"gold_gain":0.0,"event_name":"Living Wall","player_choice":"Forget","floor":5.0,"gold_loss":0.0,"damage_taken":0.0},{"damage_healed":0,"gold_gain":75,"player_choice":"Touch","damage_taken":7,"max_hp_gain":0,"max_hp_loss":0,"event_name":"FaceTrader","floor":13,"gold_loss":0},{"damage_healed":0,"gold_gain":0,"player_choice":"Inject Mutagens","damage_taken":0,"relics_obtained":["MutagenicStrength"],"max_hp_gain":0,"max_hp_loss":0,"event_name":"Drug Dealer","floor":19,"gold_loss":0}],"is_beta":false,"boss_relics":[{"not_picked":["OneHitWonderSystem","EE1DDrone"],"picked":"Busted Crown"}],"items_purged_floors":[11],"is_endless":false,"potions_floor_spawned":[4,7,16],"ascension_level":4}}