{"host":"545ma68kbj6ggddn","time":1611891643,"event":{"mods":["BaseMod","Colored Map","Colored Powertips","Downfall","Minty Spire (QoL Compilation)","Permanent Neow","Quick Restart","Robot Space Explorer","StSLib","The Marked"],"gold_per_floor":[99,117,132,146,146,161,161,175,12,162,176,189,189,213,226,330,330,230,245,262,280,40,52,99,99,116,149,163,182,198,21,39,136,136,36,46,59,59,73,90,90,90,104,117,145,45,58,90,104,104,104,138,10,10,10,10],"floor_reached":57,"language":"ENG","playtime":4762,"items_purged":["RobotSpaceExplorer:Strike","RobotSpaceExplorer:Defend","downfall:Icky"],"score":1490,"play_id":"f83aca28-a917-423d-a6f3-25defcf120e3","local_time":"20210128214043","is_ascension_mode":false,"campfire_choices":[{"floor":1.0,"key":"RECALL"},{"data":"RobotSpaceExplorer:Blaster","floor":18.0,"key":"SMITH"},{"data":"RobotSpaceExplorer:PowerCollector","floor":25.0,"key":"SMITH"},{"data":"RobotSpaceExplorer:Accelerator","floor":35.0,"key":"SMITH"},{"data":"RobotSpaceExplorer:Counterblock","floor":42.0,"key":"SMITH"},{"data":"RobotSpaceExplorer:DoubleFind","floor":46.0,"key":"SMITH"},{"data":"RobotSpaceExplorer:TrailblazerForm","floor":54.0,"key":"SMITH"}],"circlet_count":0,"master_deck":["RobotSpaceExplorer:Defend","RobotSpaceExplorer:Scan","RobotSpaceExplorer:MiniLasers","RobotSpaceExplorer:Smokescreen","RobotSpaceExplorer:ImprovisedAttack","RobotSpaceExplorer:Probe","RobotSpaceExplorer:Probe","RobotSpaceExplorer:DualCore","RobotSpaceExplorer:MiniDrones","RobotSpaceExplorer:DoubleFind+1","RobotSpaceExplorer:ScrapMissile","RobotSpaceExplorer:Probe","RobotSpaceExplorer:Counterblock+1","RobotSpaceExplorer:FranticSearch","RobotSpaceExplorer:Fix","RobotSpaceExplorer:LuckyStrike","RobotSpaceExplorer:Blaster+1","RobotSpaceExplorer:SelfCleaning+1","RobotSpaceExplorer:ExhaustFan+1","RobotSpaceExplorer:BigMissile+1","RobotSpaceExplorer:MiniBoosters+1","RobotSpaceExplorer:ScrapMissile","RobotSpaceExplorer:Accelerator+1","Flash of Steel","RobotSpaceExplorer:PowerCollector+1","RobotSpaceExplorer:FreezeRay","RobotSpaceExplorer:PowerGlove","RobotSpaceExplorer:FreezeRay","RobotSpaceExplorer:Reload","RobotSpaceExplorer:GlueShot","RobotSpaceExplorer:ScrapToss","RobotSpaceExplorer:FreezeRay","Forethought","RobotSpaceExplorer:ChargingLaser","RobotSpaceExplorer:Reload+1","RobotSpaceExplorer:Probe+1","RobotSpaceExplorer:LuckyStrike","RobotSpaceExplorer:FreezeRay","RobotSpaceExplorer:ScrapToss+1","RobotSpaceExplorer:ExhaustFan+1","RobotSpaceExplorer:TrailblazerForm+1","RobotSpaceExplorer:MiniDrones","RobotSpaceExplorer:ExhaustFan"],"relics":["RobotSpaceExplorer:RoboCore","Matryoshka","Bag of Preparation","Smiling Mask","Odd Mushroom","Astrolabe","downfall:HeartBlessingRed","Vajra","RobotSpaceExplorer:ClockworkSextant","Bottled Tornado","RobotSpaceExplorer:Reprocessor","downfall:HeartBlessingBlue","Mummified Hand","Blue Candle","downfall:HeartBlessingGreen","Nunchaku","Gremlin Horn"],"acts_visited":["Exordium","TheCity","TheBeyond","TheEnding"],"potions_floor_usage":[],"damage_taken":[{"damage":0.0,"enemies":"2 Louse","floor":2.0,"turns":4.0},{"damage":8.0,"enemies":"Jaw Worm","floor":3.0,"turns":6.0},{"damage":0.0,"enemies":"Small Slimes","floor":4.0,"turns":4.0},{"damage":0.0,"enemies":"3 Louse","floor":6.0,"turns":3.0},{"damage":5.0,"enemies":"Exordium Thugs","floor":8.0,"turns":7.0},{"damage":0.0,"enemies":"downfall:FleeingMerchant","floor":9.0,"turns":4.0},{"damage":0.0,"enemies":"Large Slime","floor":11.0,"turns":6.0},{"damage":0.0,"enemies":"Blue Slaver","floor":12.0,"turns":1.0},{"damage":0.0,"enemies":"The Mushroom Lair","floor":14.0,"turns":2.0},{"damage":0.0,"enemies":"2 Fungi Beasts","floor":15.0,"turns":2.0},{"damage":8.0,"enemies":"IC_STATUS_ARCHETYPE","floor":16.0,"turns":8.0},{"damage":0.0,"enemies":"Shell Parasite","floor":19.0,"turns":4.0},{"damage":0.0,"enemies":"Snake Plant","floor":20.0,"turns":5.0},{"damage":0.0,"enemies":"Centurion and Healer","floor":21.0,"turns":5.0},{"damage":0.0,"enemies":"downfall:FleeingMerchant","floor":22.0,"turns":4.0},{"damage":0.0,"enemies":"Shelled Parasite and Fungi","floor":23.0,"turns":3.0},{"damage":0.0,"enemies":"Sentry and Sphere","floor":26.0,"turns":3.0},{"damage":0.0,"enemies":"Gremlin Leader","floor":27.0,"turns":3.0},{"damage":0.0,"enemies":"Cultist and Chosen","floor":28.0,"turns":4.0},{"damage":15.0,"enemies":"Snake Plant","floor":29.0,"turns":2.0},{"damage":0.0,"enemies":"Snecko","floor":30.0,"turns":4.0},{"damage":0.0,"enemies":"downfall:FleeingMerchant","floor":31.0,"turns":3.0},{"damage":0.0,"enemies":"Cultist and Chosen","floor":32.0,"turns":2.0},{"damage":1.0,"enemies":"DF_ARCHETYPE_CLAW","floor":33.0,"turns":4.0},{"damage":0.0,"enemies":"Orb Walker","floor":36.0,"turns":1.0},{"damage":15.0,"enemies":"3 Darklings","floor":37.0,"turns":3.0},{"damage":11.0,"enemies":"Writhing Mass","floor":39.0,"turns":4.0},{"damage":2.0,"enemies":"Sphere and 2 Shapes","floor":40.0,"turns":3.0},{"damage":0.0,"enemies":"Transient","floor":43.0,"turns":5.0},{"damage":0.0,"enemies":"Jaw Worm Horde","floor":44.0,"turns":3.0},{"damage":0.0,"enemies":"Reptomancer","floor":45.0,"turns":2.0},{"damage":0.0,"enemies":"Spire Growth","floor":47.0,"turns":2.0},{"damage":0.0,"enemies":"Giant Head","floor":48.0,"turns":3.0},{"damage":0.0,"enemies":"Transient","floor":49.0,"turns":5.0},{"damage":11.0,"enemies":"SI_POISON_ARCHETYPE","floor":50.0,"turns":4.0},{"damage":0.0,"enemies":"downfall:CharBossMerchant","floor":52.0,"turns":4.0},{"damage":8.0,"enemies":"downfall:NeowBoss","floor":55.0,"turns":7.0},{"damage":33,"enemies":"downfall:NeowBossFinal","floor":56,"turns":4}],"seed_played":"2762332639917294783","potions_obtained":[{"floor":3.0,"key":"LiquidBronze"},{"floor":6.0,"key":"AttackPotion"},{"floor":8.0,"key":"EssenceOfSteel"},{"floor":12.0,"key":"Explosive Potion"},{"floor":16.0,"key":"Fire Potion"},{"floor":21.0,"key":"SkillPotion"},{"floor":26.0,"key":"champ:CounterPotion"},{"floor":32.0,"key":"SkillPotion"},{"floor":33.0,"key":"sneckomod:MuddlingPotion"},{"floor":36.0,"key":"SteroidPotion"},{"floor":37.0,"key":"SteroidPotion"},{"floor":49.0,"key":"FairyPotion"}],"is_trial":false,"path_per_floor":["R","M","M","M","?","M","T","M","$","?","M","M","?","?","M","B",null,"R","M","M","M","$","M","T","R","M","E","M","M","M","$","M","B",null,"R","M","M","$","M","M","T","R","M","M","E","R","M","E","M","B",null,"E","$","R","B","B",null],"character_chosen":"RobotSpaceExplorer","items_purchased":["RobotSpaceExplorer:ScrapMissile","RobotSpaceExplorer:Probe","Flash of Steel","RobotSpaceExplorer:PowerCollector","RobotSpaceExplorer:ScrapToss","RobotSpaceExplorer:FreezeRay","Bottled Tornado","Forethought","RobotSpaceExplorer:MiniDrones","RobotSpaceExplorer:ExhaustFan"],"campfire_rested":0,"item_purchase_floors":[9,9,22,22,31,31,31,31,53,53],"current_hp_per_floor":[75,75,67,67,60,60,60,55,55,55,55,55,55,55,55,51,75,75,75,75,75,75,75,75,75,75,75,75,60,64,64,64,67,75,85,85,70,70,63,61,61,61,61,65,65,65,65,69,73,66,85,85,85,85,78,49],"gold":10,"neow_bonus":"TRANSFORM_CARD","is_daily":false,"chose_seed":false,"campfire_upgraded":6,"win_rate":0.0,"timestamp":1611891643,"path_taken":["R","M","M","M","?","M","T","M","$","?","M","M","?","?","M","BOSS","R","M","M","M","$","M","T","R","M","E","M","M","M","$","M","BOSS","R","M","M","$","M","M","T","R","M","M","E","R","M","E","M","BOSS","E","$","R","BOSS","BOSS"],"items_purchased_type":["Card","Card","Card","Card","Card","Card","Relic","Card","Card","Card"],"build_version":"2020-12-22","purchased_purges":3,"victory":true,"max_hp_per_floor":[75,75,75,75,75,75,75,75,75,75,75,75,75,75,75,75,75,75,75,75,75,75,75,75,75,75,75,75,75,75,75,75,75,75,85,85,85,85,85,85,85,85,85,85,85,85,85,85,85,85,85,85,85,85,85,85],"card_choices":[{"not_picked":["RobotSpaceExplorer:SwiftStep","RobotSpaceExplorer:Blitz"],"picked":"RobotSpaceExplorer:ImprovisedAttack","floor":2.0},{"not_picked":["RobotSpaceExplorer:ImprovisedAttack","RobotSpaceExplorer:BigMissile"],"picked":"RobotSpaceExplorer:Probe","floor":3.0},{"not_picked":["RobotSpaceExplorer:SlimeMissile","RobotSpaceExplorer:Smokescreen"],"picked":"RobotSpaceExplorer:Probe","floor":4.0},{"not_picked":["RobotSpaceExplorer:GlueShot","RobotSpaceExplorer:Electroshield"],"picked":"RobotSpaceExplorer:DualCore","floor":6.0},{"not_picked":["RobotSpaceExplorer:SurgingShield","RobotSpaceExplorer:TrailblazerForm"],"picked":"RobotSpaceExplorer:MiniDrones","floor":8.0},{"not_picked":["RobotSpaceExplorer:LuckyStrike","RobotSpaceExplorer:Electropulse"],"picked":"RobotSpaceExplorer:DoubleFind","floor":9.0},{"not_picked":["RobotSpaceExplorer:Probe","RobotSpaceExplorer:PlasmaMissile"],"picked":"RobotSpaceExplorer:Counterblock","floor":11.0},{"not_picked":["RobotSpaceExplorer:SwiftStep","RobotSpaceExplorer:MakeshiftVolley"],"picked":"RobotSpaceExplorer:FranticSearch","floor":12.0},{"not_picked":["RobotSpaceExplorer:ShockKick","RobotSpaceExplorer:ScrapMissile"],"picked":"RobotSpaceExplorer:Fix","floor":14.0},{"not_picked":["RobotSpaceExplorer:SurgingStrike","RobotSpaceExplorer:ScrapMissile"],"picked":"RobotSpaceExplorer:LuckyStrike","floor":15.0},{"not_picked":["RobotSpaceExplorer:Scanner","RobotSpaceExplorer:BlastShield"],"picked":"RobotSpaceExplorer:Blaster","floor":16.0},{"not_picked":["RobotSpaceExplorer:DualCore+1","RobotSpaceExplorer:MetalStrike"],"picked":"RobotSpaceExplorer:MiniBoosters+1","floor":19.0},{"not_picked":["RobotSpaceExplorer:BigMissile","RobotSpaceExplorer:ShockKick"],"picked":"RobotSpaceExplorer:ScrapMissile","floor":20.0},{"not_picked":["RobotSpaceExplorer:MiniDrones","RobotSpaceExplorer:SwiftStep+1"],"picked":"RobotSpaceExplorer:Accelerator","floor":21.0},{"not_picked":["RobotSpaceExplorer:FreezingShield","RobotSpaceExplorer:MetalStrike","RobotSpaceExplorer:ShockKick+1"],"picked":"SKIP","floor":22.0},{"not_picked":["RobotSpaceExplorer:PlasmaMissile","RobotSpaceExplorer:ImprovisedAttack","RobotSpaceExplorer:SurgingShield"],"picked":"SKIP","floor":23.0},{"not_picked":["RobotSpaceExplorer:Blitz","RobotSpaceExplorer:FrostMissile"],"picked":"RobotSpaceExplorer:FreezeRay","floor":26.0},{"not_picked":["RobotSpaceExplorer:Pulsar","RobotSpaceExplorer:StunGrenade"],"picked":"RobotSpaceExplorer:PowerGlove","floor":27.0},{"not_picked":["RobotSpaceExplorer:Exploration","RobotSpaceExplorer:Electropulse","RobotSpaceExplorer:SurgingStrike"],"picked":"SKIP","floor":28.0},{"not_picked":["RobotSpaceExplorer:Exploration","RobotSpaceExplorer:Electropulse","RobotSpaceExplorer:SurgingStrike"],"picked":"SKIP","floor":28.0},{"not_picked":["RobotSpaceExplorer:Exploration","RobotSpaceExplorer:Electropulse","RobotSpaceExplorer:SurgingStrike"],"picked":"SKIP","floor":28.0},{"not_picked":["RobotSpaceExplorer:ScrapMissile","RobotSpaceExplorer:SlimeMissile"],"picked":"RobotSpaceExplorer:FreezeRay","floor":29.0},{"not_picked":["RobotSpaceExplorer:Counterblock","RobotSpaceExplorer:GlueShot"],"picked":"RobotSpaceExplorer:Reload","floor":30.0},{"not_picked":["RobotSpaceExplorer:BigMissile","RobotSpaceExplorer:StunGrenade+1"],"picked":"RobotSpaceExplorer:GlueShot","floor":31.0},{"not_picked":["RobotSpaceExplorer:BlastShield","RobotSpaceExplorer:SurgingShield+1","RobotSpaceExplorer:FrostMissile"],"picked":"SKIP","floor":32.0},{"not_picked":["RobotSpaceExplorer:TrailblazerForm","RobotSpaceExplorer:Exploration"],"picked":"RobotSpaceExplorer:ChargingLaser","floor":33.0},{"not_picked":["RobotSpaceExplorer:Reload+1","RobotSpaceExplorer:MetalStrike+1","RobotSpaceExplorer:SlimeMissile+1"],"picked":"SKIP","floor":36.0},{"not_picked":["RobotSpaceExplorer:MetalStrike+1","RobotSpaceExplorer:SwiftStep"],"picked":"RobotSpaceExplorer:Reload+1","floor":37.0},{"not_picked":["RobotSpaceExplorer:FreezingShield+1","RobotSpaceExplorer:FranticSearch"],"picked":"RobotSpaceExplorer:Probe+1","floor":39.0},{"not_picked":["RobotSpaceExplorer:SwiftStep","RobotSpaceExplorer:TurboDodge+1","RobotSpaceExplorer:StunGrenade+1"],"picked":"SKIP","floor":40.0},{"not_picked":["RobotSpaceExplorer:Counterblock+1","RobotSpaceExplorer:Blitz"],"picked":"RobotSpaceExplorer:LuckyStrike","floor":43.0},{"not_picked":["RobotSpaceExplorer:Electroshield+1","RobotSpaceExplorer:Calculate+1"],"picked":"RobotSpaceExplorer:FreezeRay","floor":44.0},{"not_picked":["RobotSpaceExplorer:Arsenal","RobotSpaceExplorer:Ammunition","RobotSpaceExplorer:Calculate"],"picked":"SKIP","floor":45.0},{"not_picked":["RobotSpaceExplorer:SwiftStep+1","RobotSpaceExplorer:Counterblock","RobotSpaceExplorer:MetalStrike"],"picked":"SKIP","floor":47.0},{"not_picked":["RobotSpaceExplorer:Fix+1","RobotSpaceExplorer:SelfCleaning+1"],"picked":"RobotSpaceExplorer:ScrapToss+1","floor":48.0},{"not_picked":["RobotSpaceExplorer:SurgingShield","RobotSpaceExplorer:ShockKick+1"],"picked":"RobotSpaceExplorer:ExhaustFan+1","floor":49.0},{"not_picked":["RobotSpaceExplorer:ImprovisedAttack+1","RobotSpaceExplorer:FranticSearch"],"picked":"RobotSpaceExplorer:TrailblazerForm","floor":52.0}],"player_experience":231326,"relics_obtained":[{"floor":7.0,"key":"Bag of Preparation"},{"floor":7.0,"key":"Smiling Mask"},{"floor":14.0,"key":"Odd Mushroom"},{"floor":24.0,"key":"Vajra"},{"floor":27.0,"key":"RobotSpaceExplorer:ClockworkSextant"},{"floor":41.0,"key":"Mummified Hand"},{"floor":45.0,"key":"Blue Candle"},{"floor":48.0,"key":"Nunchaku"},{"floor":52.0,"key":"Gremlin Horn"}],"event_choices":[{"damage_healed":0.0,"max_hp_gain":0.0,"max_hp_loss":0.0,"gold_gain":0.0,"event_name":"Scrap Ooze","player_choice":"Success","floor":5.0,"gold_loss":0.0,"damage_taken":7.0,"relics_obtained":["Matryoshka"]},{"cards_removed":["RobotSpaceExplorer:Defend"],"damage_healed":0.0,"max_hp_gain":0.0,"max_hp_loss":0.0,"gold_gain":0.0,"event_name":"The Cleric","player_choice":"Card Removal","floor":13.0,"gold_loss":0.0,"damage_taken":0.0},{"damage_healed":0.0,"max_hp_gain":0.0,"max_hp_loss":0.0,"gold_gain":0.0,"event_name":"Mushrooms","player_choice":"Fought Mushrooms","floor":14.0,"gold_loss":0.0,"damage_taken":0.0}],"is_beta":false,"boss_relics":[{"not_picked":["Calling Bell","Tiny House"],"picked":"Astrolabe"},{"not_picked":["SacredBark","Philosopher\u0027s Stone"],"picked":"RobotSpaceExplorer:Reprocessor"}],"items_purged_floors":[9,22,31],"is_endless":false,"potions_floor_spawned":[3,6,8,12,16,21,23,26,32,33,36,37,44,45,48,49],"ascension_level":0}}