{"host":"3fsg94jzvcky9b5u","time":1611905844,"event":{"mods":["2.2 Compatiblity","AchievementEnabler","BaseMod","Better Third Choice","Colored Powertips","Downfall","Hermit","MarisaÅiñ∂âJÅ@ñÇóùçπÅj","Minty Spire (QoL Compilation)","Rare Cards Sparkle","Shop Mod","StSLib","The Cursed","The Disciple","The Hierophant","The Servant 0.9.4"],"gold_per_floor":[99,99,99,199,100000,100033,100033,100043,100063,99863,99881,99897,98603,98620,98640,98743,98743,98743,98761,98861,98878,97731,97681,97681,97695,97724,97734,97749,97649,97749,97599,97617,97713,97713,97713,97723,97734,96867,96887,96554,96554,96584,96370,96370,96383,96383,96397,96397,96397,96397,96397,96397],"floor_reached":50,"language":"ENG","playtime":3489,"items_purged":["bronze:Defend","bronze:Strike","bronze:Strike"],"score":894,"play_id":"b4e46953-9228-4c4c-82c7-544454eadf94","local_time":"20210129153724","is_ascension_mode":false,"campfire_choices":[{"floor":1,"key":"RECALL"},{"data":"bronze:Allocate","floor":10,"key":"SMITH"},{"data":"bronze:ItsAFeature","floor":18,"key":"SMITH"},{"floor":29,"key":"REST"},{"data":"Ghostly","floor":35,"key":"SMITH"},{"data":"bronze:ClassDefault","floor":44,"key":"SMITH"}],"circlet_count":0,"master_deck":["bronze:Strike","bronze:Strike","bronze:Defend","bronze:Defend","bronze:Defend","bronze:Goto","bronze:WildBeam","bronze:Allocate+1","bronze:Branch+1","bronze:WhirlingStrike+1","bronze:BugBarrage+1","bronze:CutThrough+1","bronze:Iterate+1","expansioncontent:DashGenerateEvil+1","bronze:ItsAFeature+1","bronze:Allocate+1","bronze:BronzeOrb+1","bronze:Branch+1","bronze:Overheat+1","bronze:Frontload+1","bronze:HyperBeam+1","CurseOfTheBell","bronze:FineTuning+1","bronze:FineTuning+1","bronze:DelayedSlice+1","bronze:ShipIt+1","expansioncontent:StudyTheSpire","bronze:Turbo","bronze:DigitalCarnage+1","bronze:BugBarrage+1","Jack Of All Trades","bronze:DelayedSlice+1","bronze:GetLatest","bronze:Flail+1","bronze:Flail+1","bronze:DonuBeam+1","bronze:DecaBeam","bronze:ClassDefault+1","Ghostly+1","bronze:Safeguard+1","bronze:AlphaBuild+1","bronze:ForceShield+1","bronze:ChosenStrike+1","bronze:Repair","bronze:RecursiveStrike+1","bronze:Backtrace+1","bronze:Repulsor+1","bronze:Format","bronze:ClassDefault","bronze:DarkDash+1","bronze:Overload","bronze:Turbo+1"],"relics":["bronze:BronzeCore","downfall:HeartsMalice","Molten Egg 2","downfall:HeartBlessingRed","downfall:HeartBlessingBlue","Incense Burner","Regal Pillow","Medical Kit","MerchantsRug","Calling Bell","Happy Flower","Letter Opener","Ice Cream","Peace Pipe","Question Card","bronze:ProtectiveGoggles","CaptainsWheel","ClockworkSouvenir","War Paint","Toy Ornithopter","downfall:HeartBlessingGreen","Empty Cage","Mango","Bag of Preparation","Lee\u0027s Waffle","Lantern","Bottled Lightning","Ancient Tea Set","OrangePellets","Anchor","downfall:TeleportStone"],"acts_visited":["Exordium","TheCity","TheBeyond","TheEnding"],"potions_floor_usage":[28,28],"damage_taken":[{"damage":0,"enemies":"2 Louse","floor":2,"turns":1},{"damage":0,"enemies":"Jaw Worm","floor":3,"turns":1},{"damage":0,"enemies":"Gremlin Nob","floor":6,"turns":1},{"damage":0,"enemies":"Cultist","floor":8,"turns":3},{"damage":4,"enemies":"Large Slime","floor":9,"turns":6},{"damage":15,"enemies":"Exordium Thugs","floor":11,"turns":3},{"damage":1,"enemies":"2 Fungi Beasts","floor":12,"turns":2},{"damage":0,"enemies":"downfall:FleeingMerchant","floor":13,"turns":4},{"damage":0,"enemies":"Blue Slaver","floor":14,"turns":2},{"damage":4,"enemies":"Red Slaver","floor":15,"turns":2},{"damage":2,"enemies":"IC_STATUS_ARCHETYPE","floor":16,"turns":5},{"damage":2,"enemies":"Shell Parasite","floor":19,"turns":3},{"damage":21,"enemies":"Colosseum Nobs","floor":20,"turns":4},{"damage":24,"enemies":"Snake Plant","floor":21,"turns":5},{"damage":0,"enemies":"downfall:FleeingMerchant","floor":22,"turns":4},{"damage":11,"enemies":"Chosen and Byrds","floor":25,"turns":4},{"damage":34,"enemies":"Slavers","floor":26,"turns":5},{"damage":0,"enemies":"Snecko","floor":27,"turns":4},{"damage":6,"enemies":"3 Cultists","floor":28,"turns":3},{"damage":15,"enemies":"3 Cultists","floor":30,"turns":6},{"damage":0,"enemies":"Cultist and Chosen","floor":32,"turns":3},{"damage":17,"enemies":"DF_ARCHETYPE_CLAW","floor":33,"turns":6},{"damage":8,"enemies":"Orb Walker","floor":36,"turns":3},{"damage":9,"enemies":"3 Darklings","floor":37,"turns":5},{"damage":0,"enemies":"downfall:FleeingMerchant","floor":38,"turns":4},{"damage":0,"enemies":"Jaw Worm Horde","floor":39,"turns":2},{"damage":3,"enemies":"Reptomancer","floor":42,"turns":5},{"damage":0,"enemies":"downfall:FleeingMerchant","floor":43,"turns":1},{"damage":1,"enemies":"Spire Growth","floor":45,"turns":4},{"damage":33,"enemies":"Transient","floor":47,"turns":5},{"damage":65,"enemies":"SI_POISON_ARCHETYPE","floor":48,"turns":13},{"damage":120,"enemies":"downfall:CharBossMerchant","floor":50,"turns":8}],"seed_played":"-4104316249316646493","potions_obtained":[{"floor":8,"key":"Block Potion"},{"floor":11,"key":"bronze:FreeFunctionsPotion"},{"floor":14,"key":"Weak Potion"},{"floor":15,"key":"LiquidBronze"},{"floor":20,"key":"bronze:CleanCodePotion"},{"floor":32,"key":"Energy Potion"}],"is_trial":false,"path_per_floor":["R","M","M","?","?","E","T","M","M","R","M","M","$","M","M","B",null,"R","M","?","M","$","?","T","M","E","M","M","R","?","?","M","B",null,"R","M","M","$","M","?","T","E","$","R","M","?","M","B",null,"E"],"character_chosen":"THE_AUTOMATON","items_purchased":["Incense Burner","Regal Pillow","Medical Kit","expansioncontent:DashGenerateEvil","bronze:ItsAFeature","bronze:Allocate","bronze:BronzeOrb+1","bronze:Branch+1","bronze:DelayedGuard","MerchantsRug","expansioncontent:StudyTheSpire","bronze:ProtectiveGoggles","CaptainsWheel","ClockworkSouvenir","bronze:Turbo","bronze:DigitalCarnage+1","bronze:BugBarrage+1","Jack Of All Trades","Mango","Bag of Preparation","Lee\u0027s Waffle","bronze:RecursiveStrike+1","ColorlessPotion","Ancient Tea Set","OrangePellets","Anchor","bronze:ClassDefault","bronze:DarkDash+1"],"campfire_rested":1,"item_purchase_floors":[13,13,13,13,13,13,13,13,13,13,22,22,22,22,22,22,22,22,38,38,38,38,38,43,43,43,43,43],"current_hp_per_floor":[70,70,70,70,70,70,70,70,66,76,61,60,60,60,56,54,80,80,78,57,33,33,63,63,52,18,18,22,61,46,46,46,29,80,80,72,63,101,101,114,114,111,111,111,110,110,77,19,114,0,0,0],"gold":96397,"neow_bonus":"THREE_ENEMY_KILL","is_daily":false,"chose_seed":false,"campfire_upgraded":4,"win_rate":0.0,"timestamp":1611905844,"path_taken":["R","M","M","?","?","E","T","M","M","R","?","M","$","M","M","BOSS","R","M","?","M","$","?","T","M","E","M","?","R","?","?","M","BOSS","R","M","M","$","M","?","T","E","$","R","M","?","M","BOSS","E"],"items_purchased_type":["Relic","Relic","Relic","Card","Card","Card","Card","Card","Card","Relic","Card","Relic","Relic","Relic","Card","Card","Card","Card","Relic","Relic","Relic","Card","Potion","Relic","Relic","Relic","Card","Card"],"build_version":"2020-12-22","purchased_purges":3,"victory":false,"max_hp_per_floor":[70,70,70,70,70,70,70,70,70,80,80,80,80,80,80,80,80,80,80,80,80,80,80,80,80,80,80,80,80,80,80,80,80,80,80,80,80,101,101,114,114,114,114,114,114,114,114,114,114,114,114,114],"card_choices":[{"not_picked":["bronze:Optimize","bronze:DarkDash"],"picked":"bronze:WildBeam","floor":2},{"not_picked":["bronze:NullPointer","bronze:BitShift"],"picked":"bronze:Allocate","floor":3},{"not_picked":["bronze:DarkDash+1","bronze:OilSpill+1"],"picked":"bronze:Branch+1","floor":6},{"not_picked":["bronze:DelayedGuard","bronze:Overload"],"picked":"bronze:WhirlingStrike+1","floor":8},{"not_picked":["bronze:Safeguard","bronze:MaxOutput"],"picked":"bronze:BugBarrage+1","floor":9},{"not_picked":["bronze:Format","bronze:BuggyMess"],"picked":"bronze:CutThrough+1","floor":11},{"not_picked":["bronze:BugBarrage+1","bronze:OilSpill+1"],"picked":"bronze:Iterate+1","floor":12},{"not_picked":["bronze:FindAndReplace","bronze:Invalidate","bronze:HardenedForm"],"picked":"SKIP","floor":13},{"not_picked":["bronze:CloningBeam+1","bronze:Flail+1"],"picked":"bronze:Overheat+1","floor":14},{"not_picked":["bronze:Branch+1","bronze:Shield"],"picked":"bronze:Frontload","floor":15},{"not_picked":["bronze:Break+1","bronze:CleanCode"],"picked":"bronze:HyperBeam+1","floor":16},{"not_picked":["bronze:Backtrace+1","bronze:NullPointer+1"],"picked":"bronze:FineTuning+1","floor":19},{"not_picked":["bronze:Shell+1","bronze:Fortify+1"],"picked":"bronze:FineTuning+1","floor":20},{"not_picked":["bronze:Frontload","bronze:DarkDash+1","bronze:BuggyMess"],"picked":"bronze:DelayedSlice+1","floor":21},{"not_picked":["bronze:Allocate+1","bronze:DarkDash+1","bronze:ForLoop"],"picked":"bronze:ShipIt+1","floor":22},{"not_picked":["bronze:DarkDash+1","bronze:ForLoop+1","bronze:Overheat+1"],"picked":"bronze:DelayedSlice+1","floor":25},{"not_picked":["bronze:Frontload","bronze:ItsAFeature","bronze:ForLoop"],"picked":"bronze:GetLatest","floor":26},{"not_picked":["bronze:DarkDash+1","bronze:ChildClass","bronze:WhirlingStrike+1"],"picked":"bronze:Flail+1","floor":27},{"not_picked":["bronze:OilSpill+1","bronze:Branch+1","bronze:Shield+1"],"picked":"bronze:Flail+1","floor":28},{"not_picked":[],"picked":"bronze:DonuBeam","floor":30},{"not_picked":[],"picked":"bronze:DecaBeam","floor":30},{"not_picked":["bronze:Return","bronze:Optimize","bronze:Branch+1"],"picked":"bronze:ClassDefault","floor":30},{"not_picked":["bronze:DigitalCarnage+1","bronze:Invalidate","bronze:BuggyMess"],"picked":"bronze:Safeguard+1","floor":32},{"not_picked":["bronze:HyperBeam+1","bronze:FindAndReplace","bronze:Virus+1"],"picked":"bronze:AlphaBuild+1","floor":33},{"not_picked":["bronze:BugBarrage+1","bronze:Branch+1","bronze:BuggyMess+1"],"picked":"bronze:ForceShield+1","floor":36},{"not_picked":["bronze:WhirlingStrike+1","bronze:BugBarrage+1","bronze:OilSpill+1"],"picked":"bronze:ChosenStrike+1","floor":37},{"not_picked":["bronze:WildBeam+1","bronze:DelayedGuard+1","bronze:Shield+1"],"picked":"bronze:Repair","floor":38},{"not_picked":["bronze:ItsAFeature","bronze:BuggyMess","bronze:Boost"],"picked":"bronze:Backtrace+1","floor":39},{"not_picked":["bronze:ChosenStrike+1","bronze:Repair+1","bronze:BugBarrage+1"],"picked":"bronze:Repulsor+1","floor":42},{"not_picked":["bronze:WhirlingStrike+1","bronze:Deprecate+1","bronze:MaxOutput"],"picked":"bronze:Format","floor":43},{"not_picked":["bronze:Overheat+1","bronze:Shield","bronze:ChildClass+1"],"picked":"bronze:Overload","floor":45},{"not_picked":["bronze:BronzeOrb+1","bronze:WildBeam+1","bronze:Invalidate+1"],"picked":"bronze:Turbo+1","floor":47}],"player_experience":90835,"relics_obtained":[{"floor":6,"key":"Molten Egg 2"},{"floor":17,"key":"Happy Flower"},{"floor":17,"key":"Letter Opener"},{"floor":17,"key":"Ice Cream"},{"floor":20,"key":"Peace Pipe"},{"floor":20,"key":"Question Card"},{"floor":24,"key":"War Paint"},{"floor":26,"key":"Toy Ornithopter"},{"floor":41,"key":"Lantern"},{"floor":42,"key":"Bottled Lightning"}],"event_choices":[],"is_beta":false,"boss_relics":[{"not_picked":["SacredBark","Tiny House"],"picked":"Calling Bell"},{"not_picked":["Snecko Eye","Runic Pyramid"],"picked":"Empty Cage"}],"items_purged_floors":[13,22,38],"is_endless":false,"potions_floor_spawned":[8,11,14,15,20,21,26,32,39,42,45],"killed_by":"downfall:CharBossMerchant","ascension_level":0}}