{"host":"zv753xhrtese558r","time":1611896051,"event":{"mods":["2.2 Compatiblity","AchievementEnabler","BaseMod","Bestiary","Better Altar","Better Match","Better Note","Better Skull","Better Third Choice","BetterRewards","Colored Map","Colored Powertips","Infinite Spire","Minty Spire (QoL Compilation)","Reliquary","Replay The Spire","Spicy Shops","StSLib"],"gold_per_floor":[115,115,126,57,57,84,84,109,109,121,73,83,83,103,103,198,198,216,42,0,18,28,28,120,133,159,159,195,222,34,50,50,152,152,178,178,204,204,204,204],"floor_reached":39,"language":"ENG","playtime":4015,"items_purged":["Strike_P","Strike_P"],"score":862,"play_id":"faf5638a-4f45-432d-bb3d-788136b7af27","local_time":"20210128205411","is_ascension_mode":true,"campfire_choices":[{"floor":13,"key":"REST"},{"data":"ForeignInfluence","floor":15,"key":"SMITH"},{"data":"Alpha","floor":23,"key":"SMITH"},{"floor":27,"key":"REST"},{"floor":32,"key":"REST"}],"circlet_count":0,"master_deck":["Eruption+1","Vigilance","FearNoEvil","CrushJoints","EmptyFist","BattleHymn+1","ForeignInfluence+1","Omniscience+1","Conclude","Evaluate","EmptyBody","PathToVictory","Replay:Hum","Judgement","Decay","Neutralize","Alpha+1","Good Instincts","infinitespire:Starlight","Wish","ReachHeaven","BowlingBash+1","ReplayTheSpireMod:Splinters","Perseverance","Replay:Battleflow","ForeignInfluence","TalkToTheHand+1","Prostrate","Blasphemy","Study","SandsOfTime","Wallop","FlyingSleeves","Replay:AtTheReady","Halt","ForeignInfluence+1"],"relics":["PureWater","BargainBundle","Lee\u0027s Waffle","infinitespire:Lucky Rock","Ancient Tea Set","Matryoshka","Simple Rune","infinitespire:Eraser","ReplayTheSpireMod:SealedPack","infinitespire:Bottled Soul","ReplayTheSpireMod:TigerMarble","reliquary:Stiletto","reliquary:SharkskinSheath","infinitespire:EvilPickle","Pandora\u0027s Box"],"acts_visited":["Exordium","TheCity","TheBeyond"],"potions_floor_usage":[18,21,22,28,29,30,31,31,33],"damage_taken":[{"damage":15,"enemies":"Small Slimes","floor":1,"turns":2},{"damage":0,"enemies":"Cultist","floor":3,"turns":3},{"damage":8,"enemies":"Lagavulin","floor":6,"turns":4},{"damage":13,"enemies":"3 Sentries","floor":8,"turns":5},{"damage":0,"enemies":"2 Louse","floor":10,"turns":1},{"damage":7,"enemies":"Blue Slaver","floor":12,"turns":3},{"damage":0,"enemies":"2 Fungi Beasts","floor":14,"turns":2},{"damage":10,"enemies":"Fading Forest","floor":16,"turns":11},{"damage":0,"enemies":"Chosen","floor":18,"turns":6},{"damage":26,"enemies":"3 Byrds","floor":21,"turns":5},{"damage":5,"enemies":"Snecko","floor":22,"turns":5},{"damage":19,"enemies":"Centurion and Healer","floor":25,"turns":5},{"damage":4,"enemies":"3 Cultists","floor":28,"turns":3},{"damage":47,"enemies":"Replay:Snechameleon","floor":29,"turns":5},{"damage":4,"enemies":"Snake Plant","floor":31,"turns":4},{"damage":44,"enemies":"Pondfish","floor":33,"turns":9},{"damage":22,"enemies":"Orb Walker","floor":35,"turns":3},{"damage":53,"enemies":"3 Darklings","floor":37,"turns":5},{"damage":16,"enemies":"4 Shapes","floor":39,"turns":1}],"seed_played":"-7050266259133557868","potions_obtained":[{"floor":1,"key":"FearPotion"},{"floor":6,"key":"EssenceOfSteel"},{"floor":10,"key":"BottledMiracle"},{"floor":18,"key":"BottledMiracle"},{"floor":22,"key":"LifebloodPotion"},{"floor":24,"key":"PowerPotion"},{"floor":28,"key":"Weak Potion"},{"floor":35,"key":"FearPotion"}],"is_trial":false,"path_per_floor":["M","?","M","$","?","E","?","E","T","M","$","M","R","M","R","B",null,"M","$","?","M","M","R","?","M","T","R","M","E","$","M","R","B",null,"M","?","M","?","M"],"character_chosen":"WATCHER","items_purchased":["BargainBundle","PathToVictory","Lee\u0027s Waffle","infinitespire:Lucky Rock","FearNoEvil","SkillPotion","SkillPotion","BattleHymn","EmptyBody","ReachHeaven","Fruit Juice","Prostrate","PowerPotion"],"campfire_rested":3,"item_purchase_floors":[0,0,0,0,0,0,0,4,11,19,30,30,30],"current_hp_per_floor":[64,64,64,64,64,56,56,43,43,43,43,36,59,59,59,69,79,79,79,79,63,58,58,58,49,49,72,68,31,36,32,57,23,84,62,62,9,9,0,0],"gold":204,"neow_bonus":"","is_daily":false,"chose_seed":false,"campfire_upgraded":2,"win_rate":0.0,"timestamp":1611896051,"path_taken":["M","?","?","?","?","E","?","E","T","M","$","M","R","M","R","BOSS","M","$","?","M","M","R","?","M","T","R","M","E","$","M","R","BOSS","M","?","M","?","?"],"items_purchased_type":["Relic","Card","Relic","Relic","Card","Potion","Potion","Card","Card","Card","Potion","Card","Potion"],"build_version":"2020-12-22","purchased_purges":2,"victory":false,"max_hp_per_floor":[79,79,79,79,79,79,79,79,79,79,79,79,79,79,79,79,79,79,79,79,79,79,79,79,79,79,79,79,79,84,84,84,84,84,84,84,84,84,84,84],"card_choices":[{"not_picked":["Replay:AtTheReady","JustLucky"],"picked":"CrushJoints","floor":1},{"not_picked":["Weave","TalkToTheHand"],"picked":"EmptyFist","floor":3},{"not_picked":["EmptyFist","LessonLearned"],"picked":"ForeignInfluence","floor":6},{"not_picked":["ThirdEye","Replay:BluntJabs"],"picked":"Conclude","floor":8},{"not_picked":["WaveOfTheHand","Wallop"],"picked":"Evaluate","floor":10},{"not_picked":["Ragnarok","SashWhip"],"picked":"PathToVictory","floor":12},{"not_picked":["FlurryOfBlows","Crescendo"],"picked":"Replay:Hum","floor":14},{"not_picked":["Replay:AllIn","LessonLearned"],"picked":"Judgement","floor":16},{"not_picked":["Bash","Zap"],"picked":"Neutralize","floor":17},{"not_picked":["SpiritShield","Brilliance"],"picked":"Alpha","floor":17},{"not_picked":["Replay:Bootleg Shield Generator","Forethought"],"picked":"Good Instincts","floor":17},{"not_picked":["infinitespire:Menacing","ReplayTheSpireMod:Echoes of Time"],"picked":"infinitespire:Starlight","floor":17},{"not_picked":["CrushJoints","PathToVictory"],"picked":"Wish","floor":18},{"not_picked":["CrushJoints","Meditate"],"picked":"BowlingBash+1","floor":21},{"not_picked":["Swivel","Collect","Consecrate"],"picked":"SKIP","floor":22},{"not_picked":["FlyingSleeves","Wallop+1"],"picked":"Perseverance","floor":24},{"not_picked":["FlyingSleeves","Halt"],"picked":"Replay:Battleflow","floor":25},{"not_picked":["Replay:BluntJabs","ThirdEye"],"picked":"ForeignInfluence","floor":28},{"not_picked":["Wireheading","ThirdEye"],"picked":"TalkToTheHand+1","floor":29},{"not_picked":["Pray+1","EmptyMind","EmptyBody+1"],"picked":"SKIP","floor":31},{"not_picked":["Replay:AllIn","DevaForm"],"picked":"Blasphemy","floor":33},{"not_picked":["Replay:Battleflow+1","BowlingBash+1","ForeignInfluence"],"picked":"SKIP","floor":35},{"not_picked":["Protect","Halt","Crescendo+1"],"picked":"SKIP","floor":37}],"player_experience":332042,"relics_obtained":[{"floor":6,"key":"Ancient Tea Set"},{"floor":8,"key":"Matryoshka"},{"floor":9,"key":"Simple Rune"},{"floor":9,"key":"infinitespire:Eraser"},{"floor":24,"key":"infinitespire:Bottled Soul"},{"floor":24,"key":"ReplayTheSpireMod:TigerMarble"},{"floor":26,"key":"reliquary:Stiletto"},{"floor":29,"key":"reliquary:SharkskinSheath"}],"event_choices":[{"damage_healed":0,"gold_gain":0,"player_choice":"Forge","damage_taken":0,"max_hp_gain":0,"max_hp_loss":0,"event_name":"Accursed Blacksmith","floor":2,"gold_loss":0,"cards_upgraded":["Eruption"]},{"damage_healed":0,"gold_gain":0,"player_choice":"Paid Fearfully","damage_taken":0,"max_hp_gain":0,"max_hp_loss":0,"event_name":"Masked Bandits","floor":20,"gold_loss":42},{"damage_healed":0,"gold_gain":0,"player_choice":"Ignored","damage_taken":0,"max_hp_gain":0,"max_hp_loss":0,"event_name":"Tomb of Lord Red Mask","floor":36,"gold_loss":0},{"damage_healed":0,"gold_gain":0,"player_choice":"Copied","damage_taken":0,"max_hp_gain":0,"max_hp_loss":0,"event_name":"Duplicator","floor":38,"gold_loss":0,"cards_obtained":["ForeignInfluence"]}],"is_beta":false,"boss_relics":[{"not_picked":["Fusion Hammer","Replay:Ancient Bell"],"picked":"ReplayTheSpireMod:SealedPack"},{"not_picked":["Empty Cage","ChewingGum"],"picked":"Pandora\u0027s Box"}],"items_purged_floors":[0,19],"is_endless":false,"potions_floor_spawned":[1,6,10,14,18,22,25,28,35],"killed_by":"4 Shapes","ascension_level":2}}