{"host":"9slw7l0ws16384qq","time":1611914910,"event":{"mods":["A Penny For Your Troubles","BaseMod","Colored Map","Downfall","Evolution","Hubris","Minty Spire (QoL Compilation)","Replay The Spire","StS++","StSLib"],"gold_per_floor":[99,119,136,136,154,164,187,187,187,205,205,115,115,126,145,145,145,145],"floor_reached":16,"language":"FRA","playtime":984,"items_purged":["bronze:Strike"],"score":94,"play_id":"c6d2abee-591b-4519-915a-c5abd17573cc","local_time":"20210129110830","is_ascension_mode":false,"campfire_choices":[{"data":"bronze:Replicate","floor":1,"key":"SMITH"},{"data":"bronze:Branch","floor":9,"key":"SMITH"},{"data":"bronze:Repair","floor":11,"key":"SMITH"}],"circlet_count":0,"master_deck":["bronze:Strike","bronze:Strike","bronze:Strike","bronze:Defend","bronze:Defend","bronze:Defend","bronze:Defend","bronze:Replicate+1","bronze:Branch+1","bronze:Repair+1","bronze:Backtrace","bronze:ClassDefault"],"relics":["bronze:BronzeCore","EVO:Axolotl","Juzu Bracelet"],"acts_visited":["Exordium"],"potions_floor_usage":[],"damage_taken":[{"damage":0,"enemies":"Small Slimes","floor":2,"turns":3},{"damage":1,"enemies":"Cultist","floor":3,"turns":3},{"damage":3,"enemies":"2 Louse","floor":5,"turns":2},{"damage":6,"enemies":"Red Slaver","floor":6,"turns":5},{"damage":0,"enemies":"Blue Slaver","floor":10,"turns":3},{"damage":0,"enemies":"downfall:FleeingMerchant","floor":12,"turns":4},{"damage":8,"enemies":"Exordium Wildlife","floor":14,"turns":5},{"damage":3,"enemies":"Red Slaver","floor":15,"turns":3},{"damage":28,"enemies":"IC_STATUS_ARCHETYPE","floor":16,"turns":7}],"seed_played":"-6157583933550894921","potions_obtained":[{"floor":3,"key":"PowerPotion"},{"floor":5,"key":"FearPotion"},{"floor":6,"key":"SkillPotion"}],"is_trial":false,"path_per_floor":["R","M","M","?","M","M","T","?","R","M","R","$","?","M","M","B"],"character_chosen":"THE_AUTOMATON","items_purchased":[],"campfire_rested":0,"item_purchase_floors":[],"current_hp_per_floor":[77,77,76,76,73,67,67,67,67,74,74,77,77,77,77,52,52,52],"gold":145,"neow_bonus":"TEN_PERCENT_HP_BONUS","is_daily":false,"chose_seed":false,"campfire_upgraded":3,"win_rate":0.0,"timestamp":1611914910,"path_taken":["R","M","M","?","M","M","T","?","R","M","R","?","?","M","M","BOSS"],"items_purchased_type":[],"build_version":"2020-12-22","purchased_purges":1,"victory":false,"max_hp_per_floor":[77,77,77,77,77,77,77,77,77,77,77,77,77,77,77,77,77,77],"card_choices":[{"not_picked":["bronze:BugBarrage","bronze:WildBeam","bronze:Boost"],"picked":"SKIP","floor":2},{"not_picked":["bronze:DelayedSlice","bronze:ChildClass"],"picked":"bronze:Branch","floor":3},{"not_picked":["bronze:BugBarrage","bronze:GetLatest","bronze:BitShift"],"picked":"SKIP","floor":5},{"not_picked":["bronze:Branch","bronze:BronzeOrb"],"picked":"bronze:Repair","floor":6},{"not_picked":["bronze:Assembly","bronze:Iterate"],"picked":"bronze:Backtrace","floor":10},{"not_picked":["bronze:BronzeArmor","bronze:Overheat"],"picked":"bronze:ClassDefault","floor":12},{"not_picked":["bronze:Shield","bronze:ChildClass","bronze:BitShift"],"picked":"SKIP","floor":14},{"not_picked":["bronze:WildBeam","bronze:FineTuning","bronze:FollowUp"],"picked":"SKIP","floor":15}],"player_experience":1534893,"relics_obtained":[{"floor":7,"key":"Juzu Bracelet"}],"event_choices":[{"cards_removed":["bronze:Goto"],"damage_healed":0,"gold_gain":0,"player_choice":"Offered Basic","damage_taken":0,"max_hp_gain":0,"max_hp_loss":0,"event_name":"Bonfire Elementals","floor":8,"gold_loss":0}],"is_beta":false,"boss_relics":[],"items_purged_floors":[12],"is_endless":false,"potions_floor_spawned":[3,5,6,15],"killed_by":"IC_STATUS_ARCHETYPE","ascension_level":0}}