{"host":"6bsan6hkua32tfq7","time":1611901529,"event":{"mods":["BaseMod","Better Third Choice","Colored Map","Highlight Path","Minty Spire (QoL Compilation)","StSLib"],"gold_per_floor":[16,16,31,0,15,15,35,35,35,68,68,94,114,147,147,225,225,235,235,246,260,272,307,319,347,374,374,299,299,299,319,319,393,393,413,424,424,440,440,440,465,465,542,542,553,121,152,152,152,152,152,152,152,23,23,23],"floor_reached":55,"language":"ENG","playtime":1889,"items_purged":["Writhe"],"score":1960,"play_id":"7f7b2b28-28c9-4bee-b91d-ff16a2d31401","local_time":"20210129072529","is_ascension_mode":true,"campfire_choices":[{"data":"Eruption","floor":6,"key":"SMITH"},{"data":"SandsOfTime","floor":8,"key":"SMITH"},{"data":"Strike_P","floor":11,"key":"PURGE"},{"data":"Strike_P","floor":15,"key":"PURGE"},{"floor":27,"key":"REST"},{"data":"Defend_P","floor":30,"key":"PURGE"},{"floor":32,"key":"REST"},{"floor":40,"key":"REST"},{"floor":42,"key":"RECALL"},{"data":"Defend_P","floor":44,"key":"PURGE"},{"floor":49,"key":"REST"},{"data":"TalkToTheHand","floor":53,"key":"SMITH"}],"circlet_count":0,"master_deck":["AscendersBane","Eruption+1","Vigilance","EmptyBody","SandsOfTime+1","Swivel","SandsOfTime","SandsOfTime","WindmillStrike","Vault","CrushJoints+1","RitualDagger","Crescendo","WaveOfTheHand","Prostrate","Consecrate","Scrawl","TalkToTheHand+1"],"relics":["PureWater","betterThird:SlimedRelic","Lizard Tail","Peace Pipe","Bag of Preparation","Torii","Velvet Choker","Yang","Potion Belt","Blood Vial","SlaversCollar","GoldenEye","HornCleat","StrikeDummy"],"acts_visited":["Exordium","TheCity","TheBeyond","TheEnding"],"potions_floor_usage":[20,23,33,36,47,50,51],"damage_taken":[{"damage":3,"enemies":"2 Louse","floor":1,"turns":2},{"damage":0,"enemies":"Small Slimes","floor":3,"turns":3},{"damage":0,"enemies":"Cultist","floor":5,"turns":4},{"damage":3,"enemies":"3 Louse","floor":7,"turns":6},{"damage":7,"enemies":"Lagavulin","floor":10,"turns":7},{"damage":16,"enemies":"Gremlin Nob","floor":12,"turns":3},{"damage":0,"enemies":"Looter","floor":13,"turns":2},{"damage":0,"enemies":"Lagavulin","floor":14,"turns":4},{"damage":1,"enemies":"The Guardian","floor":16,"turns":8},{"damage":1,"enemies":"Shell Parasite","floor":18,"turns":2},{"damage":1,"enemies":"3 Byrds","floor":20,"turns":5},{"damage":15,"enemies":"Centurion and Healer","floor":21,"turns":4},{"damage":0,"enemies":"Cultist and Chosen","floor":22,"turns":4},{"damage":7,"enemies":"Slavers","floor":23,"turns":5},{"damage":22,"enemies":"Shelled Parasite and Fungi","floor":24,"turns":4},{"damage":0,"enemies":"Gremlin Leader","floor":25,"turns":5},{"damage":0,"enemies":"Snecko","floor":31,"turns":2},{"damage":87,"enemies":"Champ","floor":33,"turns":8},{"damage":1,"enemies":"3 Darklings","floor":35,"turns":4},{"damage":18,"enemies":"3 Shapes","floor":36,"turns":7},{"damage":11,"enemies":"Writhing Mass","floor":38,"turns":6},{"damage":0,"enemies":"Mind Bloom Boss Battle","floor":41,"turns":4},{"damage":25,"enemies":"Jaw Worm Horde","floor":45,"turns":3},{"damage":15,"enemies":"Nemesis","floor":47,"turns":4},{"damage":56,"enemies":"Time Eater","floor":50,"turns":11},{"damage":13,"enemies":"Awakened One","floor":51,"turns":12},{"damage":76,"enemies":"Shield and Spear","floor":55,"turns":2}],"seed_played":"-1674318993718876164","potions_obtained":[{"floor":3,"key":"Weak Potion"},{"floor":10,"key":"FairyPotion"},{"floor":16,"key":"DuplicationPotion"},{"floor":20,"key":"Fire Potion"},{"floor":24,"key":"Regen Potion"},{"floor":31,"key":"SpeedPotion"},{"floor":33,"key":"Energy Potion"},{"floor":35,"key":"AttackPotion"},{"floor":47,"key":"BottledMiracle"}],"is_trial":false,"path_per_floor":["M","?","M","?","M","R","M","R","T","E","R","E","M","E","R","B",null,"M","?","M","M","M","E","M","E","T","R","?","?","R","M","R","B",null,"M","M","?","M","?","R","?","R","T","R","M","$","E","?","R","B","B",null,"R","$","E"],"character_chosen":"WATCHER","items_purchased":["HornCleat","TalkToTheHand","DuplicationPotion","Fire Potion"],"campfire_rested":4,"item_purchase_floors":[46,46,46,54],"current_hp_per_floor":[58,58,58,47,47,47,44,44,44,37,37,21,21,21,21,20,56,55,49,48,33,33,26,4,4,4,24,24,24,24,26,46,20,56,57,41,41,32,32,52,54,54,54,54,31,31,18,32,52,34,23,57,57,57,0,0],"gold":23,"neow_bonus":"REMOVE_TWO","is_daily":false,"chose_seed":false,"campfire_upgraded":3,"win_rate":0.0,"timestamp":1611901529,"path_taken":["M","?","M","?","M","R","M","R","T","E","R","E","M","E","R","BOSS","M","?","M","M","M","E","M","E","T","R","?","?","R","M","R","BOSS","M","M","?","M","?","R","?","R","T","R","M","$","E","?","R","BOSS","BOSS","R","$","E"],"items_purchased_type":["Relic","Card","Potion","Potion"],"build_version":"2020-12-22","purchased_purges":1,"victory":false,"max_hp_per_floor":[68,68,68,68,68,68,68,68,68,68,68,68,68,68,68,68,68,68,68,68,68,68,68,68,68,68,68,68,68,68,68,68,68,68,68,68,68,68,68,68,68,68,68,68,68,68,68,68,68,68,68,68,68,68,68,68],"card_choices":[{"not_picked":["JustLucky","EmptyMind"],"picked":"EmptyBody","floor":1},{"not_picked":["CutThroughFate","Evaluate"],"picked":"SandsOfTime","floor":3},{"not_picked":["EmptyMind","CrushJoints","SashWhip"],"picked":"SKIP","floor":5},{"not_picked":["ThirdEye","EmptyFist"],"picked":"Swivel","floor":7},{"not_picked":["EmptyFist","Tantrum"],"picked":"SandsOfTime","floor":10},{"not_picked":["FlurryOfBlows","Evaluate","JustLucky"],"picked":"SKIP","floor":12},{"not_picked":["Halt","Worship"],"picked":"SandsOfTime","floor":13},{"not_picked":["BattleHymn","CutThroughFate"],"picked":"WindmillStrike","floor":14},{"not_picked":["Omniscience","Wish"],"picked":"Vault","floor":16},{"not_picked":["FlurryOfBlows","BowlingBash"],"picked":"CrushJoints+1","floor":18},{"not_picked":["PathToVictory+1","CutThroughFate","EmptyFist+1"],"picked":"SKIP","floor":20},{"not_picked":["ReachHeaven","Alpha","Crescendo"],"picked":"SKIP","floor":21},{"not_picked":["ReachHeaven","Alpha"],"picked":"Crescendo","floor":21},{"not_picked":["CutThroughFate","InnerPeace","PathToVictory"],"picked":"SKIP","floor":22},{"not_picked":["PathToVictory","Protect","Crescendo"],"picked":"SKIP","floor":23},{"not_picked":["BowlingBash","Evaluate"],"picked":"WaveOfTheHand","floor":24},{"not_picked":["Brilliance","Meditate+1"],"picked":"Prostrate","floor":25},{"not_picked":["FearNoEvil","FlyingSleeves","CrushJoints"],"picked":"SKIP","floor":31},{"not_picked":["MasterReality","Brilliance"],"picked":"Scrawl","floor":33},{"not_picked":["ClearTheMind","Halt","Evaluate"],"picked":"SKIP","floor":35},{"not_picked":["FollowUp","Meditate","Evaluate"],"picked":"SKIP","floor":36},{"not_picked":["Conclude","SashWhip","Study"],"picked":"SKIP","floor":38},{"not_picked":["SashWhip","Crescendo","Wireheading"],"picked":"SKIP","floor":45},{"not_picked":["DevaForm","FlurryOfBlows","BattleHymn"],"picked":"SKIP","floor":47}],"player_experience":5353992,"relics_obtained":[{"floor":9,"key":"Lizard Tail"},{"floor":10,"key":"Peace Pipe"},{"floor":12,"key":"Bag of Preparation"},{"floor":14,"key":"Torii"},{"floor":23,"key":"Yang"},{"floor":25,"key":"Potion Belt"},{"floor":26,"key":"Blood Vial"},{"floor":41,"key":"GoldenEye"},{"floor":47,"key":"StrikeDummy"}],"event_choices":[{"cards_removed":["Defend_P"],"damage_healed":0,"gold_gain":0,"player_choice":"Forget","damage_taken":0,"max_hp_gain":0,"max_hp_loss":0,"event_name":"Living Wall","floor":2,"gold_loss":0},{"damage_healed":0,"gold_gain":0,"player_choice":"Slimed","damage_taken":11,"max_hp_gain":0,"max_hp_loss":0,"event_name":"betterThird:BetterGoop","floor":4,"gold_loss":31},{"damage_healed":0,"gold_gain":0,"player_choice":"Dagger","damage_taken":6,"max_hp_gain":0,"max_hp_loss":0,"event_name":"betterThird:BetterNest","floor":19,"gold_loss":0,"cards_obtained":["RitualDagger"]},{"cards_removed":["Strike_P"],"damage_healed":0,"gold_gain":0,"player_choice":"Gave Gold","damage_taken":0,"max_hp_gain":0,"max_hp_loss":0,"event_name":"Beggar","floor":28,"gold_loss":75},{"damage_healed":0,"gold_gain":0,"player_choice":"1 cards matched","damage_taken":0,"max_hp_gain":0,"max_hp_loss":0,"event_name":"Match and Keep!","floor":29,"gold_loss":0,"cards_obtained":["Consecrate"]},{"damage_healed":0,"gold_gain":0,"player_choice":"Memory 1","damage_taken":0,"max_hp_gain":0,"max_hp_loss":0,"event_name":"SensoryStone","floor":37,"gold_loss":0},{"damage_healed":0,"gold_gain":0,"player_choice":"Ignored","damage_taken":0,"max_hp_gain":0,"max_hp_loss":0,"event_name":"Mysterious Sphere","floor":39,"gold_loss":0},{"damage_healed":0,"gold_gain":0,"player_choice":"Fight","damage_taken":0,"max_hp_gain":0,"max_hp_loss":0,"event_name":"MindBloom","floor":41,"gold_loss":0},{"damage_healed":14,"gold_gain":0,"player_choice":"Writhe","damage_taken":0,"max_hp_gain":0,"max_hp_loss":0,"event_name":"Winding Halls","floor":48,"gold_loss":0,"cards_obtained":["Writhe"]}],"is_beta":false,"boss_relics":[{"not_picked":["Black Star","Runic Dome"],"picked":"Velvet Choker"},{"not_picked":["HolyWater","Pandora\u0027s Box"],"picked":"SlaversCollar"}],"items_purged_floors":[54],"is_endless":false,"potions_floor_spawned":[3,10,16,20,24,31,33,35,47],"killed_by":"Shield and Spear","ascension_level":20}}