{"host":"gfxjwtol062e9znw","time":1611910211,"event":{"mods":["BaseMod","Colored Map","Minty Spire (QoL Compilation)"],"gold_per_floor":[111,125,125,125,125,164,115,115,115,115,14,33,57,96,96,220,220,244,169,169,269,293,293,326,341,341,365,365,365],"floor_reached":28,"language":"ENG","playtime":1156,"items_purged":["Defend_P"],"score":325,"play_id":"f83ec3a7-9884-42fb-aa8c-2e19a5115918","local_time":"20210129195011","is_ascension_mode":true,"campfire_choices":[{"data":"DevaForm","floor":8,"key":"SMITH"},{"data":"Eruption","floor":10,"key":"SMITH"},{"data":"Crescendo","floor":15,"key":"SMITH"},{"floor":23,"key":"REST"}],"circlet_count":0,"master_deck":["Strike_P","Strike_P","Strike_P","Strike_P","Defend_P","Defend_P","Defend_P","Eruption+1","Vigilance+1","ClearTheMind+1","ReachHeaven","DevaForm+1","Consecrate","Fasting2","Crescendo+1","BowlingBash","Evaluate","Blasphemy+1","FearNoEvil","WheelKick+1","SandsOfTime","Evaluate","WheelKick+1"],"relics":["PureWater","NeowsBlessing","Golden Idol","Omamori","Matryoshka","Happy Flower","Philosopher\u0027s Stone","War Paint","Damaru","InkBottle"],"acts_visited":["Exordium","TheCity"],"potions_floor_usage":[14,16,24,27,27],"damage_taken":[{"damage":0,"enemies":"2 Louse","floor":1,"turns":1},{"damage":0,"enemies":"Jaw Worm","floor":2,"turns":1},{"damage":0,"enemies":"Lagavulin","floor":6,"turns":1},{"damage":0,"enemies":"Small Slimes","floor":12,"turns":1},{"damage":0,"enemies":"Blue Slaver","floor":13,"turns":1},{"damage":17,"enemies":"3 Sentries","floor":14,"turns":4},{"damage":8,"enemies":"Slime Boss","floor":16,"turns":7},{"damage":23,"enemies":"2 Thieves","floor":18,"turns":4},{"damage":26,"enemies":"Shell Parasite","floor":22,"turns":4},{"damage":35,"enemies":"Slavers","floor":24,"turns":3},{"damage":0,"enemies":"Chosen and Byrds","floor":25,"turns":3},{"damage":0,"enemies":"Snecko","floor":27,"turns":2},{"damage":7,"enemies":"Centurion and Healer","floor":28,"turns":1}],"seed_played":"2299659522362573009","potions_obtained":[{"floor":6,"key":"AttackPotion"},{"floor":12,"key":"SteroidPotion"},{"floor":13,"key":"Energy Potion"},{"floor":22,"key":"BottledMiracle"},{"floor":25,"key":"Swift Potion"}],"is_trial":false,"path_per_floor":["M","M","?","?","?","E","$","R","T","R","$","M","M","E","R","B",null,"M","$","?","?","M","R","E","M","T","M","M"],"character_chosen":"WATCHER","items_purchased":["Consecrate","Fasting2","Crescendo"],"campfire_rested":1,"item_purchase_floors":[7,11,11],"current_hp_per_floor":[72,72,72,72,67,67,67,67,67,67,67,67,67,50,50,42,67,44,44,44,44,18,38,3,3,3,3,0,0],"gold":365,"neow_bonus":"THREE_ENEMY_KILL","is_daily":false,"chose_seed":false,"campfire_upgraded":3,"win_rate":0.0,"timestamp":1611910211,"path_taken":["M","M","?","?","?","E","$","R","T","R","?","M","M","E","R","BOSS","M","$","?","?","M","R","E","M","T","M","M"],"items_purchased_type":["Card","Card","Card"],"build_version":"2020-12-22","purchased_purges":1,"victory":false,"max_hp_per_floor":[72,72,72,72,67,67,67,67,67,67,67,67,67,67,67,67,67,67,67,67,67,67,67,67,67,67,67,67,67],"card_choices":[{"not_picked":["Halt","PathToVictory"],"picked":"ClearTheMind","floor":1},{"not_picked":["CrushJoints","Prostrate"],"picked":"ReachHeaven","floor":2},{"not_picked":["FlurryOfBlows","EmptyMind"],"picked":"DevaForm","floor":6},{"not_picked":["MentalFortress","FlyingSleeves"],"picked":"BowlingBash","floor":12},{"not_picked":["ClearTheMind","Prostrate"],"picked":"Evaluate","floor":13},{"not_picked":["JustLucky","MentalFortress","Swivel"],"picked":"SKIP","floor":14},{"not_picked":["Devotion","DevaForm"],"picked":"Blasphemy","floor":16},{"not_picked":["FollowUp+1","CrushJoints"],"picked":"FearNoEvil","floor":18},{"not_picked":["Consecrate","PathToVictory+1"],"picked":"WheelKick+1","floor":22},{"not_picked":["Prostrate","ClearTheMind"],"picked":"SandsOfTime","floor":24},{"not_picked":["CrushJoints","PathToVictory"],"picked":"Evaluate","floor":25},{"not_picked":["SashWhip","Halt"],"picked":"WheelKick+1","floor":27}],"player_experience":20527,"relics_obtained":[{"floor":6,"key":"Omamori"},{"floor":9,"key":"Matryoshka"},{"floor":14,"key":"Happy Flower"},{"floor":24,"key":"War Paint"},{"floor":26,"key":"Damaru"},{"floor":26,"key":"InkBottle"}],"event_choices":[{"damage_healed":0,"gold_gain":0,"player_choice":"Leave","damage_taken":0,"max_hp_gain":0,"max_hp_loss":0,"event_name":"The Cleric","floor":3,"gold_loss":0},{"damage_healed":0,"gold_gain":0,"player_choice":"Grow","damage_taken":0,"max_hp_gain":0,"max_hp_loss":0,"event_name":"Living Wall","floor":4,"gold_loss":0,"cards_upgraded":["ClearTheMind"]},{"damage_healed":0,"gold_gain":0,"player_choice":"Lose Max HP","damage_taken":0,"relics_obtained":["Golden Idol"],"max_hp_gain":0,"max_hp_loss":5,"event_name":"Golden Idol","floor":5,"gold_loss":0},{"damage_healed":0,"gold_gain":0,"player_choice":"Ignored","damage_taken":0,"max_hp_gain":0,"max_hp_loss":0,"event_name":"Ghosts","floor":20,"gold_loss":0},{"damage_healed":0,"gold_gain":100,"player_choice":"Pray","damage_taken":0,"max_hp_gain":0,"max_hp_loss":0,"event_name":"Golden Shrine","floor":21,"gold_loss":0}],"is_beta":false,"boss_relics":[{"not_picked":["Ectoplasm","Tiny House"],"picked":"Philosopher\u0027s Stone"}],"items_purged_floors":[19],"is_endless":false,"potions_floor_spawned":[6,12,13,22,25],"killed_by":"Centurion and Healer","ascension_level":4}}