{"host":"7vlopc64487frs6y","time":1611902651,"event":{"mods":["Aspiration","BaseMod","BetterRewards","Colored Map","Good Game Mod","Highlight Path","Minty Spire (QoL Compilation)","Quick Restart","Replay The Spire","Shop Mod","StSLib","TestMod","Unceasing Turn Reminder"],"gold_per_floor":[113,126,126,1125,1142,1169,1181,1208,1232,1232,1257,1269,1300,1375,1375,1451,1451,1461,492,492,504,517,551,563,588,613,613,641,659,461,494,494,568,868,868],"floor_reached":34,"language":"ZHS","playtime":1842,"items_purged":["Outmaneuver","All Out Attack"],"score":1015,"play_id":"95c749cb-0946-42b5-a7aa-bbabf6a99a0c","local_time":"20210129144411","is_ascension_mode":true,"campfire_choices":[{"data":"TalkToTheHand","floor":15.0,"key":"SMITH"},{"data":"Reflex","floor":32,"key":"SMITH"}],"circlet_count":0,"master_deck":["AscendersBane","Survivor","Neutralize","TalkToTheHand+1","Dagger Spray","Replay:Poison Smokescreen","Doppelganger","Deadly Poison","Heel Hook","Underhanded Strike","Flechettes","Dagger Spray","Crippling Poison","Terror","Venomology","Envenom","Acrobatics","Wraith Form v2","After Image","Reflex+1","ReplayTheSpireMod:Speed Training","Acrobatics","Impatience","Wraith Form v2","A Thousand Cuts","ReplayTheSpireMod:Doomed","Doubt","CommonCold"],"relics":["Ring of the Snake","testmod-TestBox","testmod-CardMagician","NeowsBlessing","aspiration:HiddenCompartment","Iron Hammer","ReplayTheSpireMod:Ninjato","testmod-Nyarlathotep","testmod-EnergyCheck","Replay:Ringing Soul","Basket Of Snakes","Sling","testmod-ObsoleteBoomerang","InkBottle","Boot","aspiration:ChemicalBlood","Bronze Scales","Toy Ornithopter","Replay:Ancient Bell","ReplayTheSpireMod:Lightbulb","Mummified Hand","Old Coin"],"acts_visited":["Exordium","TheCity","TheBeyond"],"potions_floor_usage":[33],"damage_taken":[{"damage":0.0,"enemies":"Jaw Worm","floor":1.0,"turns":1.0},{"damage":0.0,"enemies":"Small Slimes","floor":2.0,"turns":1.0},{"damage":0.0,"enemies":"Cultist","floor":5.0,"turns":1.0},{"damage":2.0,"enemies":"Lagavulin","floor":6.0,"turns":4.0},{"damage":0.0,"enemies":"2 Fungi Beasts","floor":7.0,"turns":1.0},{"damage":10.0,"enemies":"3 Sentries","floor":8.0,"turns":3.0},{"damage":0.0,"enemies":"Gremlin Nob","floor":11.0,"turns":2.0},{"damage":0.0,"enemies":"Lots of Slimes","floor":12.0,"turns":1.0},{"damage":4.0,"enemies":"3 Sentries","floor":13.0,"turns":2.0},{"damage":0.0,"enemies":"Hexaghost","floor":16.0,"turns":5.0},{"damage":8.0,"enemies":"Spheric Guardian","floor":18.0,"turns":3.0},{"damage":9.0,"enemies":"Shell Parasite","floor":21.0,"turns":2.0},{"damage":3.0,"enemies":"Shelled Parasite and Fungi","floor":22.0,"turns":3.0},{"damage":0.0,"enemies":"Book of Stabbing","floor":23.0,"turns":2.0},{"damage":0.0,"enemies":"Snake Plant","floor":24.0,"turns":2.0},{"damage":3.0,"enemies":"Gremlin Leader","floor":25.0,"turns":3.0},{"damage":6.0,"enemies":"Slavers","floor":28.0,"turns":2.0},{"damage":0.0,"enemies":"Cultist and Chosen","floor":29.0,"turns":1.0},{"damage":0.0,"enemies":"Gremlin Leader","floor":31.0,"turns":3.0},{"damage":15,"enemies":"Automaton","floor":33,"turns":8}],"seed_played":"-8696777055026255983","potions_obtained":[{"floor":2.0,"key":"AttackPotion"},{"floor":5.0,"key":"Adrenaline Potion"},{"floor":6.0,"key":"Adrenaline Potion"},{"floor":24.0,"key":"PowerPotion"},{"floor":28.0,"key":"testmod-TestPotion"}],"is_trial":false,"path_per_floor":["M","M","?","?","M","E","M","E","T","?","E","M","E","?","R","B",null,"M","$","?","M","M","E","M","E","T","T","E","M","$","E","R","B",null],"character_chosen":"THE_SILENT","items_purchased":["Acrobatics","Replay:Ringing Soul","Basket Of Snakes","Sling","Wraith Form v2","Impatience"],"campfire_rested":0,"item_purchase_floors":[19,19,19,19,19,30],"current_hp_per_floor":[63,63,63,63,63,61,61,51,51,51,51,51,47,40,40,40,63,55,58,61,55,52,52,52,61,61,61,58,58,61,64,64,57,88,88],"gold":868,"neow_bonus":"THREE_ENEMY_KILL","is_daily":false,"chose_seed":false,"campfire_upgraded":2,"win_rate":0.0,"timestamp":1611902651,"path_taken":["M","M","?","?","M","E","M","E","T","?","E","?","E","?","R","BOSS","M","?","?","M","M","E","?","E","T","?","E","M","$","E","R","BOSS"],"items_purchased_type":["Card","Relic","Relic","Relic","Card","Card"],"build_version":"2020-12-22","purchased_purges":2,"victory":false,"max_hp_per_floor":[70,70,70,70,70,70,70,70,70,70,70,70,70,70,70,70,70,70,73,76,79,79,79,79,82,82,82,85,85,88,91,91,94,97,97],"card_choices":[{"not_picked":["Flying Knee","Poisoned Stab"],"picked":"Dagger Spray","floor":1.0},{"not_picked":["Concentrate","Quick Slash","Infinite Blades"],"picked":"SKIP","floor":2.0},{"not_picked":["Dagger Throw","Poisoned Stab","Outmaneuver"],"picked":"SKIP","floor":5.0},{"not_picked":["Poison Darts","Dagger Throw","Flying Knee"],"picked":"SKIP","floor":6.0},{"not_picked":["Dagger Throw","Dodge and Roll","Dagger Spray"],"picked":"SKIP","floor":7.0},{"not_picked":["Tactician","Flying Knee","Deadly Poison"],"picked":"SKIP","floor":8.0},{"not_picked":["Toxin Wave","Replay:Poison Smokescreen","Leg Sweep"],"picked":"SKIP","floor":11.0},{"not_picked":["Hidden Blade","Outmaneuver"],"picked":"Terror","floor":12.0},{"not_picked":["Underhanded Strike","Blade Dance"],"picked":"Venomology","floor":13.0},{"not_picked":["ReplayTheSpireMod:From All Sides","Burst"],"picked":"Envenom","floor":16.0},{"not_picked":["Hidden Blade","Infinite Blades","Quick Slash"],"picked":"SKIP","floor":18.0},{"not_picked":["Accuracy+1","Poisoned Stab"],"picked":"Reflex","floor":21.0},{"not_picked":["Blade Dance","Dagger Spray","Quick Slash"],"picked":"SKIP","floor":22.0},{"not_picked":["aspiration:Lunge","Poisoned Stab","Dagger Throw"],"picked":"SKIP","floor":23.0},{"not_picked":["Sucker Punch","Dash+1","Concentrate"],"picked":"SKIP","floor":24.0},{"not_picked":["Finisher","Bane"],"picked":"ReplayTheSpireMod:Speed Training","floor":25.0},{"not_picked":["Slice","Dodge and Roll"],"picked":"Acrobatics","floor":28.0},{"not_picked":["Dodge and Roll","ReplayTheSpireMod:Scrap Shanks","Outmaneuver+1"],"picked":"SKIP","floor":29.0},{"not_picked":["Flying Knee","Accuracy+1"],"picked":"Wraith Form v2","floor":31},{"not_picked":["Storm of Steel","Unload"],"picked":"A Thousand Cuts","floor":33},{"not_picked":["ReplayTheSpireMod:Splinters","Normality"],"picked":"ReplayTheSpireMod:Doomed","floor":34},{"not_picked":["Writhe","ReplayTheSpireMod:Faulty Equipment"],"picked":"Doubt","floor":34},{"not_picked":["Decay","ReplayTheSpireMod:Doomed"],"picked":"CommonCold","floor":34}],"player_experience":635217,"relics_obtained":[{"floor":6.0,"key":"aspiration:HiddenCompartment"},{"floor":8.0,"key":"Iron Hammer"},{"floor":11.0,"key":"ReplayTheSpireMod:Ninjato"},{"floor":13.0,"key":"testmod-Nyarlathotep"},{"floor":23.0,"key":"testmod-ObsoleteBoomerang"},{"floor":25.0,"key":"InkBottle"},{"floor":26.0,"key":"Boot"},{"floor":27.0,"key":"aspiration:ChemicalBlood"},{"floor":28.0,"key":"Bronze Scales"},{"floor":31,"key":"Toy Ornithopter"}],"event_choices":[{"damage_healed":0.0,"max_hp_gain":0.0,"max_hp_loss":0.0,"gold_gain":0.0,"event_name":"给自己的盒子","player_choice":"Swap Relic","floor":3.0,"relics_lost":["REME:ComplimentaryCards"],"gold_loss":0.0,"damage_taken":0.0,"relics_obtained":["Pandora\u0027s Box"]},{"damage_healed":0.0,"max_hp_gain":0.0,"max_hp_loss":0.0,"gold_gain":999.0,"event_name":"恩洛斯的盘子","player_choice":"Sell","floor":4.0,"relics_lost":["Pandora\u0027s Box"],"gold_loss":0.0,"damage_taken":0.0},{"damage_healed":0.0,"max_hp_gain":0.0,"max_hp_loss":0.0,"gold_gain":0.0,"event_name":"Lab","player_choice":"Got Potions","floor":10.0,"gold_loss":0.0,"damage_taken":0.0},{"damage_healed":0.0,"max_hp_gain":0.0,"max_hp_loss":0.0,"gold_gain":75.0,"event_name":"FaceTrader","player_choice":"Touch","floor":14.0,"gold_loss":0.0,"damage_taken":7.0},{"damage_healed":0.0,"max_hp_gain":0.0,"max_hp_loss":0.0,"gold_gain":0.0,"event_name":"Match and Keep!","player_choice":"1 cards matched","floor":20.0,"gold_loss":0.0,"damage_taken":0.0,"cards_obtained":["After Image"]}],"is_beta":false,"boss_relics":[{"not_picked":["Honey Jar","WristBlade"],"picked":"testmod-EnergyCheck"},{"not_picked":["aspiration:WatcherSkillbook","SacredBark"],"picked":"Replay:Ancient Bell"},{"not_picked":["Juzu Bracelet","Grinning Jar"],"picked":"ReplayTheSpireMod:Lightbulb"},{"not_picked":["aspiration:StickyExplosives_weak","ReplayTheSpireMod:Shallot"],"picked":"Mummified Hand"},{"not_picked":["testmod-CasingShield","Mango"],"picked":"Old Coin"}],"items_purged_floors":[19,30],"is_endless":false,"potions_floor_spawned":[2,5,6,11,16,22,24,28,29,31],"ascension_level":13}}