{"host":"lte3xujvwediduij","time":1611930618,"event":{"mods":["Aspiration","BaseMod","Better-Laid Plans","BetterRewards","Colored Map","Colored Powertips","Downfall","Energized Spire","GifTheSpireLib","Minty Spire (QoL Compilation)","Permanent Neow","Replay The Spire","Robot Space Explorer","Spicy Shops","StSLib","The Gatherer","The Hayseed","The Runesmith","The Servant 0.9.4","¡¾ÒÅÎï¿¨ÅÆ¡¿REMEMod","óô»ðÖ¸ÄÏ"],"gold_per_floor":[119,119,394,59,78,117,136,136,136,136,151,169,192,207,42,165,165,188,188,208,34,34,34,68,68,94,94,138,157,171,171,31,161,161,176,176,201,219,243,93,128,144,169,169,169],"floor_reached":44,"language":"ZHS","playtime":2806,"items_purged":["downfall:Aged","Parasite","RobotSpaceExplorer:Defend"],"score":757,"play_id":"417d48d7-291c-4e9e-a5f6-15db4e003e2b","local_time":"20210129223018","is_ascension_mode":false,"campfire_choices":[{"floor":8.0,"key":"RECALL"},{"data":"RobotSpaceExplorer:LuckyStrike","floor":10.0,"key":"SMITH"},{"data":"RobotSpaceExplorer:LuckyStrike","floor":23.0,"key":"SMITH"},{"data":"RobotSpaceExplorer:Comet","floor":25.0,"key":"SMITH"},{"data":"RobotSpaceExplorer:StarLightning","floor":27.0,"key":"SMITH"}],"circlet_count":0,"master_deck":["RobotSpaceExplorer:Strike","RobotSpaceExplorer:Strike","RobotSpaceExplorer:Strike+1","RobotSpaceExplorer:Defend","RobotSpaceExplorer:Defend","RobotSpaceExplorer:Defend","RobotSpaceExplorer:Scan","RobotSpaceExplorer:MiniLasers","RobotSpaceExplorer:ScrapToss","RobotSpaceExplorer:Counterblock","RobotSpaceExplorer:LuckyStrike+1","RobotSpaceExplorer:ScrapMissile+1","RobotSpaceExplorer:Fix","RobotSpaceExplorer:ScrapMissile","RobotSpaceExplorer:Ammunition+1","REME_BodyOfCthun","Dark Shackles","REME_BuildACard","RobotSpaceExplorer:SurgingStrike","RobotSpaceExplorer:StarLightning+1","ReplayTheSpireMod:Corrosion Curse","RobotSpaceExplorer:BigMissile","RobotSpaceExplorer:Pulsar","RobotSpaceExplorer:PlasmaMissile","RobotSpaceExplorer:StunGrenade","RobotSpaceExplorer:SurgingShield","RobotSpaceExplorer:LuckyStrike+1","RobotSpaceExplorer:Pulsar","RobotSpaceExplorer:Comet+1","RobotSpaceExplorer:ScrapMissile+1","RobotSpaceExplorer:Ammunition","RobotSpaceExplorer:StarDust+1","REME_HeartOfCthun","RobotSpaceExplorer:DroneSwarm+1","RobotSpaceExplorer:Multitool+1","RobotSpaceExplorer:ChargingLaser","RobotSpaceExplorer:Explosion","RobotSpaceExplorer:Ammunition","RobotSpaceExplorer:ScrapMissile","RobotSpaceExplorer:MiniDrones+1","RobotSpaceExplorer:Fix+1","RobotSpaceExplorer:SelfCleaning+1"],"relics":["RobotSpaceExplorer:RoboCore","REME_ComplimentaryCards","ReplayTheSpireMod:CursedCoin","MealTicket","RobotSpaceExplorer:PlasmaHourglass","Turnip","Golden Idol","ReplayTheSpireMod:ShopPack","Whetstone","Unceasing Top","Frozen Egg 2","energizedSpire:StickyHand","PreservedInsect","Replay:Rubber Ducky","SacredBark","Oddly Smooth Stone"],"acts_visited":["Exordium","TheCity","TheBeyond"],"potions_floor_usage":[33,38,38,42],"damage_taken":[{"damage":0.0,"enemies":"Small Slimes","floor":1.0,"turns":3.0},{"damage":0.0,"enemies":"2 Louse","floor":5.0,"turns":3.0},{"damage":4.0,"enemies":"Lagavulin","floor":6.0,"turns":5.0},{"damage":0.0,"enemies":"Cultist","floor":7.0,"turns":2.0},{"damage":2.0,"enemies":"Blue Slaver","floor":11.0,"turns":2.0},{"damage":0.0,"enemies":"Looter","floor":12.0,"turns":2.0},{"damage":2.0,"enemies":"Large Slime","floor":13.0,"turns":5.0},{"damage":2.0,"enemies":"Red Slaver","floor":14.0,"turns":3.0},{"damage":5.0,"enemies":"Slime Boss","floor":16.0,"turns":8.0},{"damage":0.0,"enemies":"3 Byrds","floor":18.0,"turns":3.0},{"damage":0.0,"enemies":"2 Thieves","floor":20.0,"turns":3.0},{"damage":21.0,"enemies":"Book of Stabbing","floor":24.0,"turns":4.0},{"damage":0.0,"enemies":"Gremlin Leader","floor":28.0,"turns":3.0},{"damage":5.0,"enemies":"Centurion and Healer","floor":29.0,"turns":3.0},{"damage":0.0,"enemies":"Snecko","floor":30.0,"turns":3.0},{"damage":4,"enemies":"Pondfish","floor":33,"turns":8},{"damage":0,"enemies":"3 Darklings","floor":35,"turns":4},{"damage":8,"enemies":"3 Shapes","floor":37,"turns":3},{"damage":2,"enemies":"Writhing Mass","floor":38,"turns":6},{"damage":1,"enemies":"Sphere and 2 Shapes","floor":39,"turns":4},{"damage":24,"enemies":"Reptomancer","floor":41,"turns":4},{"damage":17,"enemies":"Transient","floor":42,"turns":5}],"seed_played":"8987990707463677100","potions_obtained":[{"floor":1.0,"key":"Fire Potion"},{"floor":7.0,"key":"Doom Potion"},{"floor":12.0,"key":"Elixir"},{"floor":14.0,"key":"DuplicationPotion"},{"floor":28.0,"key":"Explosive Potion"},{"floor":33,"key":"ColorlessPotion"},{"floor":37,"key":"LifebloodPotion"},{"floor":39,"key":"Fire Potion"},{"floor":42,"key":"Elixir"}],"is_trial":false,"path_per_floor":["M","?","?","$","M","E","M","R","T","R","M","M","M","M","R","B",null,"M","?","M","$","?","R","E","R","T","R","E","M","M","?","R","B",null,"M","?","M","M","M","R","E","M","T","M"],"character_chosen":"RobotSpaceExplorer","items_purchased":["ReplayTheSpireMod:CursedCoin","MealTicket","RobotSpaceExplorer:PlasmaHourglass","RobotSpaceExplorer:Counterblock","RobotSpaceExplorer:LuckyStrike","RobotSpaceExplorer:ScrapMissile","RobotSpaceExplorer:Fix","RobotSpaceExplorer:Ammunition+1","ReplayTheSpireMod:ShopPack","Whetstone","RobotSpaceExplorer:LuckyStrike","RobotSpaceExplorer:Pulsar","REME_HeartOfCthun","RobotSpaceExplorer:DroneSwarm+1","RobotSpaceExplorer:ScrapMissile"],"campfire_rested":0,"item_purchase_floors":[0,0,0,0,0,0,0,4,4,4,15,15,21,32,40],"current_hp_per_floor":[44,44,44,59,63,62,62,62,62,62,60,60,58,60,60,59,66,66,66,66,66,66,66,45,45,45,45,45,40,44,66,66,66,66,66,66,58,56,59,59,35,22,22,0,0],"gold":169,"neow_bonus":"","is_daily":false,"chose_seed":false,"campfire_upgraded":4,"win_rate":0.0,"timestamp":1611930618,"path_taken":["M","?","?","$","M","E","?","R","T","R","M","M","M","M","R","BOSS","M","?","M","$","?","R","E","R","T","R","E","M","M","?","R","BOSS","M","?","?","M","M","R","E","?","T","?"],"items_purchased_type":["Relic","Relic","Relic","Card","Card","Card","Card","Card","Relic","Relic","Card","Card","Card","Card","Card"],"build_version":"2020-12-22","purchased_purges":3,"victory":false,"max_hp_per_floor":[75,69,69,66,66,66,66,66,66,66,66,66,66,66,66,66,66,66,66,66,66,66,66,66,66,66,66,66,66,66,66,66,66,66,66,66,66,66,66,66,66,66,66,66,66],"card_choices":[{"not_picked":["RobotSpaceExplorer:SelfCleaning","RobotSpaceExplorer:FreezingShield"],"picked":"RobotSpaceExplorer:ScrapMissile","floor":1.0},{"not_picked":["The Bomb","Crow Ritual"],"picked":"REME_BodyOfCthun","floor":4.0},{"not_picked":["Flash of Steel","Replay:Bootleg Shield Generator"],"picked":"Dark Shackles","floor":4.0},{"not_picked":["Trip","Mind Blast"],"picked":"REME_BuildACard","floor":4.0},{"not_picked":["RobotSpaceExplorer:Smokescreen","RobotSpaceExplorer:SlimeMissile"],"picked":"RobotSpaceExplorer:SurgingStrike","floor":5.0},{"not_picked":["RobotSpaceExplorer:ShovelStrike","RobotSpaceExplorer:Scanner"],"picked":"RobotSpaceExplorer:StarLightning","floor":6.0},{"not_picked":["RobotSpaceExplorer:Discharger","RobotSpaceExplorer:SurgingStrike"],"picked":"RobotSpaceExplorer:BigMissile","floor":7.0},{"not_picked":["RobotSpaceExplorer:ScrapMissile","RobotSpaceExplorer:MiniDrones"],"picked":"RobotSpaceExplorer:Pulsar","floor":11.0},{"not_picked":["RobotSpaceExplorer:GlueShot","RobotSpaceExplorer:JunkDive"],"picked":"RobotSpaceExplorer:PlasmaMissile","floor":12.0},{"not_picked":["RobotSpaceExplorer:FranticSearch","RobotSpaceExplorer:Counterblock"],"picked":"RobotSpaceExplorer:StunGrenade","floor":13.0},{"not_picked":["RobotSpaceExplorer:Discharger+1","RobotSpaceExplorer:MakeshiftVolley"],"picked":"RobotSpaceExplorer:SurgingShield","floor":14.0},{"not_picked":["RobotSpaceExplorer:Exploration","RobotSpaceExplorer:Accelerator+1"],"picked":"RobotSpaceExplorer:Comet","floor":16.0},{"not_picked":["RobotSpaceExplorer:Counterblock","RobotSpaceExplorer:FrostMissile","RobotSpaceExplorer:Reload"],"picked":"SKIP","floor":18.0},{"not_picked":["RobotSpaceExplorer:ScrapMissile+1","RobotSpaceExplorer:Ammunition"],"picked":"RobotSpaceExplorer:StarDust+1","floor":20.0},{"not_picked":["RobotSpaceExplorer:MetalStrike","RobotSpaceExplorer:ImprovisedAttack","RobotSpaceExplorer:Counterblock+1"],"picked":"SKIP","floor":24.0},{"not_picked":["RobotSpaceExplorer:FrostMissile+1","RobotSpaceExplorer:StunGrenade+1","RobotSpaceExplorer:MiniDrones"],"picked":"SKIP","floor":28.0},{"not_picked":["RobotSpaceExplorer:SurgingStrike+1","RobotSpaceExplorer:ScrapShield","RobotSpaceExplorer:FrostMissile"],"picked":"SKIP","floor":29.0},{"not_picked":["RobotSpaceExplorer:FreezingShield","RobotSpaceExplorer:FreezeRay+1","RobotSpaceExplorer:FrostMissile+1"],"picked":"SKIP","floor":30.0},{"not_picked":["RobotSpaceExplorer:Multitool+1","RobotSpaceExplorer:ChargingLaser"],"picked":"RobotSpaceExplorer:Explosion","floor":33},{"not_picked":["RobotSpaceExplorer:SlimeMissile","RobotSpaceExplorer:MakeshiftVolley+1","RobotSpaceExplorer:GlueSpray+1"],"picked":"SKIP","floor":35},{"not_picked":["RobotSpaceExplorer:Electroshield","RobotSpaceExplorer:JunkDive","RobotSpaceExplorer:DoubleFind+1"],"picked":"SKIP","floor":37},{"not_picked":["RobotSpaceExplorer:ImprovisedAttack","RobotSpaceExplorer:Counterblock+1","RobotSpaceExplorer:Blitz"],"picked":"SKIP","floor":38},{"not_picked":["RobotSpaceExplorer:SurgingStrike","RobotSpaceExplorer:GlueShot+1","RobotSpaceExplorer:TurboDodge+1"],"picked":"SKIP","floor":39},{"not_picked":["RobotSpaceExplorer:LuckyStrike+1","RobotSpaceExplorer:Blitz","RobotSpaceExplorer:GearShield+1"],"picked":"SKIP","floor":41},{"not_picked":["RobotSpaceExplorer:MiniDrones+1","RobotSpaceExplorer:Fix+1"],"picked":"RobotSpaceExplorer:SelfCleaning+1","floor":42}],"player_experience":144888,"relics_obtained":[{"floor":6.0,"key":"Unceasing Top"},{"floor":9.0,"key":"Frozen Egg 2"},{"floor":24.0,"key":"PreservedInsect"},{"floor":28.0,"key":"Replay:Rubber Ducky"},{"floor":41,"key":"Oddly Smooth Stone"}],"event_choices":[{"damage_healed":0.0,"max_hp_gain":0.0,"max_hp_loss":6.0,"gold_gain":0.0,"event_name":"Golden Idol","player_choice":"Lose Max HP","floor":2.0,"gold_loss":0.0,"damage_taken":0.0,"relics_obtained":["Golden Idol"]},{"damage_healed":0.0,"max_hp_gain":0.0,"max_hp_loss":0.0,"gold_gain":275.0,"event_name":"Golden Shrine","player_choice":"Desecrate","floor":3.0,"gold_loss":0.0,"damage_taken":0.0,"cards_obtained":["Regret"]},{"cards_removed":["Regret"],"damage_healed":0.0,"max_hp_gain":0.0,"max_hp_loss":0.0,"gold_gain":0.0,"event_name":"Back to Basics","player_choice":"Elegance","floor":19.0,"gold_loss":0.0,"damage_taken":0.0},{"damage_healed":0.0,"max_hp_gain":0.0,"max_hp_loss":0.0,"gold_gain":0.0,"event_name":"Ghosts","player_choice":"Ignored","floor":22.0,"gold_loss":0.0,"damage_taken":0.0},{"damage_healed":22.0,"max_hp_gain":0.0,"max_hp_loss":0.0,"gold_gain":0.0,"event_name":"The Library","player_choice":"Heal","floor":31.0,"gold_loss":0.0,"damage_taken":0.0},{"damage_healed":0,"gold_gain":0,"cards_transformed":["RobotSpaceExplorer:Strike"],"player_choice":"Transformed","damage_taken":0,"max_hp_gain":0,"max_hp_loss":0,"event_name":"Transmorgrifier","floor":36,"gold_loss":0,"cards_obtained":["RobotSpaceExplorer:Ammunition"]}],"is_beta":false,"boss_relics":[{"not_picked":["Runic Pyramid","REME_ChargedStone"],"picked":"energizedSpire:StickyHand"},{"not_picked":["aspiration:SilentSkillbook","Replay:Wanted Poster"],"picked":"SacredBark"}],"items_purged_floors":[0,4,40],"is_endless":false,"potions_floor_spawned":[1,7,12,14,18,20,28,33,37,39,42],"killed_by":"4 Shapes","ascension_level":0}}