{"host":"tq99ucv8ezzqzioe","time":1611897869,"event":{"mods":["BaseMod","Colored Map","Downfall","Highlight Path","Minty Spire (QoL Compilation)","StSLib"],"gold_per_floor":[112,287,304,321,39,39,71,87,87,87,52,5,32,32,32,136,136,148,148,123,123,73,73,73,73],"floor_reached":24,"language":"ENG","playtime":916,"items_purged":["Doubt","Writhe"],"score":263,"play_id":"66a41a50-ac40-44d1-99eb-401f418af3b5","local_time":"20210129002429","is_ascension_mode":true,"campfire_choices":[{"data":"Flex","floor":6,"key":"SMITH"},{"floor":10,"key":"RECALL"},{"data":"Corruption","floor":15,"key":"SMITH"},{"floor":23,"key":"REST"}],"circlet_count":0,"master_deck":["Strike_R","Strike_R","Strike_R","Defend_R","Defend_R","Defend_R","Defend_R","Bash","Clash","Pummel","Shrug It Off","Reaper","Flex+1","Fire Breathing","Corruption+1","Clash","Clash","Dual Wield","Demon Form","Battle Trance","Flame Barrier"],"relics":["Burning Blood","Smiling Mask","Ginger","Black Star","Tiny Chest"],"acts_visited":["Exordium","TheCity"],"potions_floor_usage":[16],"damage_taken":[{"damage":5,"enemies":"Small Slimes","floor":1,"turns":5},{"damage":2,"enemies":"2 Louse","floor":3,"turns":5},{"damage":1,"enemies":"Cultist","floor":4,"turns":4},{"damage":39,"enemies":"Gremlin Nob","floor":7,"turns":4},{"damage":0,"enemies":"Exordium Wildlife","floor":8,"turns":2},{"damage":22,"enemies":"Lagavulin","floor":13,"turns":6},{"damage":49,"enemies":"The Guardian","floor":16,"turns":9},{"damage":45,"enemies":"3 Byrds","floor":18,"turns":7},{"damage":39,"enemies":"2 Thieves","floor":20,"turns":5},{"damage":61,"enemies":"Gremlin Leader","floor":24,"turns":4}],"seed_played":"5019730333365231012","potions_obtained":[{"floor":7,"key":"Ancient Potion"},{"floor":8,"key":"BlessingOfTheForge"},{"floor":13,"key":"FairyPotion"}],"is_trial":false,"path_per_floor":["M","?","M","M","$","R","E","M","T","R","?","$","E","?","R","B",null,"M","?","M","?","$","R","E"],"character_chosen":"IRONCLAD","items_purchased":["Reaper","Flex","Fire Breathing","Clash"],"campfire_rested":1,"item_purchase_floors":[5,5,5,12],"current_hp_per_floor":[73,73,77,80,80,80,47,53,53,53,73,73,57,57,57,14,64,30,30,30,30,30,54,0,0],"gold":73,"neow_bonus":"REMOVE_CARD","is_daily":false,"chose_seed":false,"campfire_upgraded":2,"win_rate":0.0,"timestamp":1611897869,"path_taken":["M","?","M","M","$","R","E","M","T","R","?","$","E","?","R","BOSS","M","?","M","?","$","R","E"],"items_purchased_type":["Card","Card","Card","Card"],"build_version":"2020-12-22","purchased_purges":2,"victory":false,"max_hp_per_floor":[80,80,80,80,80,80,80,80,80,80,80,80,80,80,80,80,80,80,80,80,80,80,80,80,80],"card_choices":[{"not_picked":["Clothesline","True Grit"],"picked":"Clash","floor":1},{"not_picked":["Heavy Blade","Exhume"],"picked":"Pummel","floor":3},{"not_picked":["Searing Blow","Anger"],"picked":"Shrug It Off","floor":4},{"not_picked":["Seeing Red","Rupture"],"picked":"Corruption","floor":7},{"not_picked":["Headbutt","Perfected Strike"],"picked":"Clash","floor":8},{"not_picked":["Heavy Blade","Headbutt"],"picked":"Dual Wield","floor":13},{"not_picked":["Impervious","Bludgeon"],"picked":"Demon Form","floor":16},{"not_picked":["Thunderclap","Intimidate","True Grit"],"picked":"SKIP","floor":18},{"not_picked":["Sword Boomerang","Searing Blow"],"picked":"Battle Trance","floor":20}],"player_experience":805654,"relics_obtained":[{"floor":7,"key":"Smiling Mask"},{"floor":13,"key":"Ginger"}],"event_choices":[{"damage_healed":0,"gold_gain":175,"player_choice":"AGREE","damage_taken":0,"max_hp_gain":0,"max_hp_loss":0,"event_name":"Liars Game","floor":2,"gold_loss":0,"cards_obtained":["Doubt"]},{"damage_healed":20,"gold_gain":0,"player_choice":"Healed","damage_taken":0,"max_hp_gain":0,"max_hp_loss":0,"event_name":"The Cleric","floor":11,"gold_loss":35},{"damage_healed":0,"gold_gain":0,"player_choice":"Ignored","damage_taken":0,"max_hp_gain":0,"max_hp_loss":0,"event_name":"Golden Idol","floor":14,"gold_loss":0},{"damage_healed":0,"gold_gain":0,"player_choice":"Opened","damage_taken":0,"relics_obtained":["Tiny Chest"],"max_hp_gain":0,"max_hp_loss":0,"event_name":"The Mausoleum","floor":19,"gold_loss":0,"cards_obtained":["Writhe"]},{"damage_healed":0,"gold_gain":0,"cards_transformed":["Strike_R"],"player_choice":"Transformed","damage_taken":0,"max_hp_gain":0,"max_hp_loss":0,"event_name":"Transmorgrifier","floor":21,"gold_loss":0,"cards_obtained":["Flame Barrier"]}],"is_beta":false,"boss_relics":[{"not_picked":["Ectoplasm","SacredBark"],"picked":"Black Star"}],"items_purged_floors":[5,22],"is_endless":false,"potions_floor_spawned":[7,8,13],"killed_by":"Gremlin Leader","ascension_level":6}}