{"host":"vqd8yewason9t24a","time":1611953620,"event":{"mods":["AchievementEnabler","Act Like it!","Aspiration","BaseMod","Better Match","Better Note","BetterRewards","Block Reminder","Card Forge","Colored Map","Colored Powertips","Conspire","DeckTracker","Downfall","Energized Spire","Friendly Minions","Highlight Path","Hubris","Infinite Spire","Minty Spire (QoL Compilation)","Quick Restart","READ ME - Guardian Mod","Rare Cards Sparkle","Relic Stats","Replay The Spire","Spikes Relics","StSLib","SuperFastMode","Waifu the Spire"],"gold_per_floor":[99,99,199,199,23,23,23,23,50,65,65,65,65,76,89,193,193,93,105,105,19,19,19,43,56,111,127,138,153,20,31,42,146,146,46,62,62,47,64,64,89,124,24,36,47,77,77,87,98,98,98,98],"floor_reached":50,"language":"ENG","playtime":6640,"items_purged":[],"score":579,"play_id":"9fe1769a-6bcf-4366-886c-9e09e50b7a35","local_time":"20210129125339","is_ascension_mode":false,"campfire_choices":[{"floor":1,"key":"RECALL"},{"floor":6,"key":"REST"},{"floor":11,"key":"REST"},{"floor":13,"key":"REST"},{"floor":18,"key":"REST"},{"floor":35,"key":"REST"},{"floor":43,"key":"REST"},{"floor":47,"key":"REST"}],"circlet_count":0,"master_deck":["Guardian:Strike_Guardian+1","Guardian:Strike_Guardian+1","Guardian:Strike_Guardian+1","Guardian:Strike_Guardian+1","Guardian:Defend_Guardian+1","Guardian:Defend_Guardian+1","Guardian:Defend_Guardian+1","Guardian:Defend_Guardian+1","Guardian:CurlUp+1","Guardian:TwinSlam+1","Guardian:Incinerate+1","Guardian:TimeBomb+1","Guardian:Orbwalk+1","Guardian:PiercingHide+1","Guardian:ChargeCore+1","Guardian:TimeBomb+1","Guardian:ShieldCharger+1","Guardian:Reroute+1","Guardian:SentryBeam+1","Guardian:Orbwalk+1","Guardian:CrystalBeam+1","Guardian:StasisField+1","Guardian:Orbwalk+1","Guardian:Planning+1","Guardian:SentryBeam+1","Guardian:FloatingOrbs+1","Guardian:ChargeCore+1","Guardian:BaubleBeam+1","Guardian:Planning+1","Guardian:ChargeCore+1","Guardian:ConstructionForm+1","Guardian:PiercingHide+1","Guardian:WalkerClaw+1","Guardian:Suspension+1"],"relics":["Guardian:ModeShifter","Hammer of Thor","Seething Fire","Anvil of the Gods","downfall:HeartsMalice","hubris:GlazedTorus","SnailShell","hubris:Backtick","Strawberry","downfall:HeartBlessingRed","downfall:KnowingSkull","conspire:GlowingRock","Replay:Mystery Machine","hubris:ScarierMask","downfall:HeartBlessingBlue","hubris:Towel","Blue Doll","Ancient Tea Set","downfall:HeartBlessingGreen","conspire:TopHat"],"acts_visited":["Exordium","TheCity","TheBeyond"],"potions_floor_usage":[],"damage_taken":[{"damage":0,"enemies":"Jaw Worm","floor":2,"turns":1},{"damage":0,"enemies":"downfall:FleeingMerchant","floor":5,"turns":1},{"damage":0,"enemies":"Small Slimes","floor":8,"turns":1},{"damage":15,"enemies":"3 Sentries","floor":9,"turns":6},{"damage":0,"enemies":"Cultist","floor":10,"turns":3},{"damage":0,"enemies":"conspire:2 RoseBushes","floor":14,"turns":3},{"damage":0,"enemies":"Red Slaver","floor":15,"turns":3},{"damage":20,"enemies":"WA_ARCHETYPE_RETAIN","floor":16,"turns":8},{"damage":15,"enemies":"3 Byrds","floor":19,"turns":3},{"damage":0,"enemies":"downfall:FleeingMerchant","floor":21,"turns":4},{"damage":8,"enemies":"Sentry and Sphere","floor":25,"turns":4},{"damage":14,"enemies":"Snake Plant","floor":26,"turns":3},{"damage":13,"enemies":"Snecko","floor":27,"turns":4},{"damage":2,"enemies":"Chosen and Byrds","floor":28,"turns":5},{"damage":13,"enemies":"Centurion and Healer","floor":29,"turns":5},{"damage":0,"enemies":"downfall:FleeingMerchant","floor":30,"turns":4},{"damage":19,"enemies":"3 Cultists","floor":31,"turns":5},{"damage":11,"enemies":"Shelled Parasite and Fungi","floor":32,"turns":5},{"damage":35,"enemies":"IC_MUSHROOM_ARCHETYPE","floor":33,"turns":7},{"damage":10,"enemies":"Orb Walker","floor":36,"turns":4},{"damage":0,"enemies":"downfall:FleeingMerchant","floor":38,"turns":4},{"damage":10,"enemies":"3 Darklings","floor":39,"turns":4},{"damage":73,"enemies":"Giant Head","floor":42,"turns":11},{"damage":16,"enemies":"Sphere and 2 Shapes","floor":44,"turns":4},{"damage":18,"enemies":"Spire Growth","floor":45,"turns":4},{"damage":0,"enemies":"Nemesis","floor":46,"turns":7},{"damage":8,"enemies":"4 Shapes","floor":48,"turns":5},{"damage":16,"enemies":"Sphere and 2 Shapes","floor":49,"turns":3},{"damage":27,"enemies":"DF_ARCHETYPE_ORBS","floor":50,"turns":7}],"seed_played":"-486893289763964308","potions_obtained":[{"floor":9,"key":"FairyPotion"},{"floor":15,"key":"EntropicBrew"},{"floor":25,"key":"champ:CounterPotion"},{"floor":26,"key":"Explosive Potion"},{"floor":44,"key":"Dexterity Potion"}],"is_trial":false,"path_per_floor":["R","M","?","?","$","R","T","M","E","M","R","?","R","M","M","B",null,"R","M","?","$","?","AVR","T","M","M","M","M","M","$","M","M","B",null,"R","M","?","$","M","?","T","E","R","M","M","E","R","M","M","B"],"character_chosen":"GUARDIAN","items_purchased":["Guardian:TimeBomb","Guardian:Orbwalk+1","Guardian:PiercingHide","Guardian:SentryBeam","Guardian:FloatingOrbs","Guardian:Gem_Lightblue"],"campfire_rested":7,"item_purchase_floors":[5,5,5,21,30,30],"current_hp_per_floor":[80,80,80,80,80,80,80,80,65,65,80,80,80,80,80,60,87,87,72,72,72,64,64,64,56,42,29,27,14,14,47,36,1,87,97,87,101,101,91,91,91,18,51,35,17,17,50,42,26,0,0,0],"gold":98,"neow_bonus":"THREE_ENEMY_KILL","is_daily":false,"chose_seed":false,"campfire_upgraded":0,"win_rate":0.0,"timestamp":1611953619,"path_taken":["R","M","?","?","$","R","T","M","E","M","R","?","R","M","M","BOSS","R","M","?","$","?","AVR","T","?","?","M","M","M","$","M","M","BOSS","R","M","?","$","M","?","T","E","R","M","M","E","R","M","M","BOSS"],"items_purchased_type":["Card","Card","Card","Card","Card","Card"],"build_version":"2020-12-22","purchased_purges":0,"victory":false,"max_hp_per_floor":[80,80,80,80,80,80,80,80,80,80,80,80,80,80,80,80,87,87,87,87,87,87,87,87,87,87,87,87,87,87,87,87,87,87,97,97,111,111,111,111,111,111,111,111,111,111,111,111,111,111,111,111],"relic_stats":{"counters":[29,122],"obtain_stats":[{"SnailShell":12,"downfall:HeartBlessingRed":18,"Guardian:ModeShifter":0,"downfall:HeartsMalice":0,"Blue Doll":41,"downfall:HeartBlessingGreen":43,"Hammer of Thor":0,"Seething Fire":0,"Replay:Mystery Machine":24,"hubris:Towel":40,"Ancient Tea Set":42,"conspire:TopHat":46,"conspire:GlowingRock":23,"hubris:Backtick":17,"Anvil of the Gods":0,"downfall:HeartBlessingBlue":35,"Strawberry":17,"hubris:ScarierMask":34,"downfall:KnowingSkull":22,"hubris:GlazedTorus":9},{"SnailShell":5,"downfall:HeartBlessingRed":8,"Guardian:ModeShifter":0,"downfall:HeartsMalice":0,"Blue Doll":22,"downfall:HeartBlessingGreen":23,"Hammer of Thor":0,"Seething Fire":0,"Replay:Mystery Machine":10,"hubris:Towel":22,"Ancient Tea Set":23,"conspire:TopHat":26,"conspire:GlowingRock":10,"hubris:Backtick":8,"Anvil of the Gods":0,"downfall:HeartBlessingBlue":19,"Strawberry":8,"hubris:ScarierMask":19,"downfall:KnowingSkull":10,"hubris:GlazedTorus":4},{"SnailShell":9,"downfall:HeartBlessingRed":23,"Guardian:ModeShifter":0,"downfall:HeartsMalice":0,"Blue Doll":82,"downfall:HeartBlessingGreen":93,"Hammer of Thor":0,"Seething Fire":0,"Replay:Mystery Machine":29,"hubris:Towel":82,"Ancient Tea Set":93,"conspire:TopHat":107,"conspire:GlowingRock":29,"hubris:Backtick":23,"Anvil of the Gods":0,"downfall:HeartBlessingBlue":70,"Strawberry":23,"hubris:ScarierMask":70,"downfall:KnowingSkull":29,"hubris:GlazedTorus":6}]},"card_choices":[{"not_picked":["Guardian:VentSteam","Guardian:Recover"],"picked":"Guardian:Incinerate","floor":2},{"not_picked":["Guardian:Gem_Blue","Guardian:TemporalStrike"],"picked":"Guardian:Gem_Cyan","floor":5},{"not_picked":["Guardian:Gem_Green","Guardian:BronzeArmor"],"picked":"Guardian:ChargeCore","floor":8},{"not_picked":["Guardian:AncientConstruct","Guardian:TemporalStrike"],"picked":"Guardian:TimeBomb","floor":9},{"not_picked":["Guardian:Planning","Guardian:Reroute"],"picked":"Guardian:ShieldCharger","floor":10},{"not_picked":["Guardian:ShieldCharger","Guardian:Gem_Purple"],"picked":"Guardian:Gem_Green","floor":14},{"not_picked":["Guardian:ChargeCore","Guardian:PiercingHide"],"picked":"Guardian:Gem_Cyan","floor":15},{"not_picked":["Guardian:FastForward","Guardian:TimeSifter"],"picked":"Guardian:ExploitGems","floor":16},{"not_picked":["Guardian:TemporalShield+1","Guardian:Gem_Cyan"],"picked":"Guardian:Reroute","floor":19},{"not_picked":["Guardian:Gem_Purple","Guardian:Recover"],"picked":"Guardian:Gem_Yellow","floor":21},{"not_picked":["Guardian:Gem_Red","Guardian:Incinerate"],"picked":"Guardian:Orbwalk+1","floor":25},{"not_picked":["Guardian:Gem_Purple","Guardian:Gem_Red"],"picked":"Guardian:CrystalBeam","floor":26},{"not_picked":["Guardian:Gem_Red","Guardian:DecasProtection+1"],"picked":"Guardian:StasisField","floor":27},{"not_picked":["Guardian:PrimingBeam+1","Guardian:WalkerClaw"],"picked":"Guardian:Orbwalk","floor":28},{"not_picked":["Guardian:Reroute+1","Guardian:Gem_Red"],"picked":"Guardian:Planning","floor":29},{"not_picked":["Guardian:Gem_Cyan","Guardian:Harden"],"picked":"Guardian:SentryBeam","floor":30},{"not_picked":["Guardian:Repulse+1","Guardian:BodySlam"],"picked":"Guardian:ChargeCore","floor":31},{"not_picked":["Guardian:Harden","Guardian:WalkerClaw"],"picked":"Guardian:Gem_Red","floor":32},{"not_picked":["Guardian:ConstructionForm","Guardian:RevengeProtocol"],"picked":"Guardian:BaubleBeam","floor":33},{"not_picked":["Guardian:ShieldSpikes","Guardian:BronzeArmor"],"picked":"Guardian:Gem_Yellow","floor":36},{"not_picked":["Guardian:Gem_Cyan","Guardian:Recover+1"],"picked":"Guardian:Planning","floor":38},{"not_picked":["Guardian:VentSteam+1","Guardian:PrimingBeam+1"],"picked":"Guardian:Gem_Cyan","floor":39},{"not_picked":["Guardian:Reroute+1","Guardian:Planning+1"],"picked":"Guardian:ChargeCore","floor":42},{"not_picked":["Guardian:ShieldCharger+1","Guardian:Reroute"],"picked":"Guardian:ConstructionForm","floor":44},{"not_picked":["Guardian:BronzeArmor","Guardian:GuardianWhirl+1","Guardian:SpikerProtocol+1"],"picked":"SKIP","floor":45},{"not_picked":["Guardian:ShieldCharger+1","Guardian:ConstructionForm"],"picked":"Guardian:PiercingHide","floor":46},{"not_picked":["Guardian:Suspension+1","Guardian:Gem_Cyan"],"picked":"Guardian:WalkerClaw","floor":48},{"not_picked":["Guardian:Clone","Guardian:VentSteam"],"picked":"Guardian:Suspension+1","floor":49}],"player_experience":553043,"relics_obtained":[{"floor":9,"key":"hubris:GlazedTorus"},{"floor":12,"key":"SnailShell"},{"floor":24,"key":"Replay:Mystery Machine"},{"floor":41,"key":"Blue Doll"},{"floor":42,"key":"Ancient Tea Set"},{"floor":46,"key":"conspire:TopHat"}],"event_choices":[{"damage_healed":0,"gold_gain":0,"player_choice":"Disagree","damage_taken":0,"max_hp_gain":0,"max_hp_loss":0,"event_name":"conspire:LoneGhost","floor":4,"gold_loss":0},{"damage_healed":0,"gold_gain":0,"player_choice":"Ignored","damage_taken":0,"max_hp_gain":0,"max_hp_loss":0,"event_name":"betterNote:BetterNote","floor":20,"gold_loss":0,"cards_obtained":["Slimebound:SlimeSpikes"]}],"is_beta":false,"boss_relics":[{"not_picked":["Sozu","conspire:RunicOctahedron"],"picked":"hubris:Backtick"},{"not_picked":["Guardian:StasisSlotReductionRelic","conspire:SeveredTorchhead"],"picked":"hubris:ScarierMask"}],"items_purged_floors":[],"is_endless":false,"potions_floor_spawned":[9,15,25,26,27,28,31,39,44,46,49],"killed_by":"DF_ARCHETYPE_ORBS","ascension_level":0}}