{"host":"1tl36azeqm6yhdgj","time":1611931271,"event":{"mods":["AchievementEnabler","BaseMod","Minty Spire (QoL Compilation)","StSLib","The IronCluck","everything is the same but u backflip on backflip"],"gold_per_floor":[119,133,133,25,25,54,54,83,83,83,83],"floor_reached":10,"language":"ENG","playtime":216,"items_purged":[],"score":198,"play_id":"00f33103-75bd-4693-9e40-d0f5af245fb7","local_time":"20210129094111","is_ascension_mode":true,"campfire_choices":[],"circlet_count":0,"master_deck":["AscendersBane","Strike_R","Strike_R","Strike_R","Strike_R+1","Defend_R+1","Defend_R","Defend_R","Defend_R","Bash","Inflame","Cleave","Dark Shackles","Flame Barrier","Flex","Feed"],"relics":["Burning Blood","NeowsBlessing","WingedGreaves","Ancient Tea Set","Toxic Egg 2"],"acts_visited":["Exordium"],"potions_floor_usage":[10],"damage_taken":[{"damage":0.0,"enemies":"2 Louse","floor":1.0,"turns":1.0},{"damage":0.0,"enemies":"Cultist","floor":2.0,"turns":1.0},{"damage":0.0,"enemies":"Gremlin Nob","floor":6.0,"turns":1.0},{"damage":23.0,"enemies":"3 Sentries","floor":8.0,"turns":8.0},{"damage":35,"enemies":"Lagavulin","floor":10,"turns":5}],"seed_played":"-2152416483107740683","potions_obtained":[{"floor":1.0,"key":"Dexterity Potion"},{"floor":2.0,"key":"CultistPotion"},{"floor":6.0,"key":"FearPotion"},{"floor":8.0,"key":"SneckoOil"}],"is_trial":false,"path_per_floor":["M","M","?","$","?","E","?","E","T","E"],"character_chosen":"IRONCLAD","items_purchased":["Dark Shackles"],"campfire_rested":0,"item_purchase_floors":[4],"current_hp_per_floor":[74,75,64,64,64,70,47,30,30,0,0],"gold":83,"neow_bonus":"THREE_ENEMY_KILL","is_daily":false,"chose_seed":false,"campfire_upgraded":0,"win_rate":0.0,"timestamp":1611931271,"path_taken":["M","M","?","?","?","E","?","E","T","E"],"items_purchased_type":["Card"],"build_version":"2020-12-22","purchased_purges":0,"victory":false,"max_hp_per_floor":[75,75,75,75,75,75,75,75,75,75,75],"card_choices":[{"not_picked":["Sentinel","Intimidate"],"picked":"Inflame","floor":1.0},{"not_picked":["True Grit","Infernal Blade"],"picked":"Cleave","floor":2.0},{"not_picked":["Sword Boomerang","Entrench"],"picked":"Flex","floor":6.0},{"not_picked":["Wild Strike","Brutality"],"picked":"Feed","floor":8.0}],"player_experience":2097420,"relics_obtained":[{"floor":6.0,"key":"WingedGreaves"},{"floor":8.0,"key":"Ancient Tea Set"},{"floor":9.0,"key":"Toxic Egg 2"}],"event_choices":[{"damage_healed":0.0,"max_hp_gain":0.0,"max_hp_loss":0.0,"gold_gain":0.0,"event_name":"Wheel of Change","player_choice":"Damaged","floor":3.0,"gold_loss":0.0,"damage_taken":11.0},{"damage_healed":0.0,"max_hp_gain":0.0,"max_hp_loss":0.0,"gold_gain":0.0,"cards_transformed":["Strike_R"],"event_name":"Living Wall","player_choice":"Change","floor":5.0,"gold_loss":0.0,"damage_taken":0.0,"cards_obtained":["Flame Barrier"]},{"damage_healed":0.0,"max_hp_gain":0.0,"max_hp_loss":0.0,"gold_gain":0.0,"event_name":"Shining Light","player_choice":"Entered Light","floor":7.0,"gold_loss":0.0,"damage_taken":23.0,"cards_upgraded":["Defend_R","Strike_R"]}],"is_beta":false,"boss_relics":[],"items_purged_floors":[],"is_endless":false,"potions_floor_spawned":[1,2,6,8],"killed_by":"Lagavulin","ascension_level":20}}