{"host":"takgv9cv6xf64vhq","time":1611955534,"event":{"mods":["BaseMod","Colored Powertips","Downfall","Hubris","LagranYue(拉格朗・月)","Marisa（F雨　魔理沙）","Minty Spire (QoL Compilation)","Replay The Spire","StSLib","The Animator","The Cursed","The Jungle","TheHeartMod"],"gold_per_floor":[109,122,122,138,138,149,149,161,161,161,21,21,21,36,36,165,165,183,303,303,54,19,50,50,85,108,108,226,226,226],"floor_reached":29,"language":"ZHS","playtime":1208,"items_purged":[],"score":306,"play_id":"6c7533a9-90ed-4277-83b4-237ff048a41f","local_time":"20210130052534","is_ascension_mode":true,"campfire_choices":[{"data":"Hologram","floor":7.0,"key":"SMITH"},{"data":"Go for the Eyes","floor":15.0,"key":"SMITH"},{"data":"ReplayTheSpireMod:Calculation Training","floor":24,"key":"SMITH"},{"floor":27,"key":"REST"}],"circlet_count":0,"master_deck":["Strike_B","Strike_B","Strike_B","Strike_B","Defend_B","Defend_B","Defend_B","Defend_B","Zap","Dualcast","Melter+1","Hologram+1","Ball Lightning","Hologram+1","Turbo","All For One","Go for the Eyes+1","Electrodynamics","Steam Power+1","Beam Cell+1","Pain","Loop","ReplayTheSpireMod:Calculation Training+1","BasicCrystalCard","Gash"],"relics":["sneckomod:SneckoTalon","Carrot","Golden Idol","hubris:Icosahedron","hubris:TerracottaHorce","WarpedTongs","Mercury Hourglass","Sundial","Slimebound:PreparedRelic","Whetstone"],"acts_visited":["Exordium","Exordium"],"potions_floor_usage":[19,25],"damage_taken":[{"damage":1.0,"enemies":"Cultist","floor":1.0,"turns":4.0},{"damage":7.0,"enemies":"Jaw Worm","floor":2.0,"turns":3.0},{"damage":1.0,"enemies":"2 Louse","floor":4.0,"turns":2.0},{"damage":1.0,"enemies":"Looter","floor":6.0,"turns":2.0},{"damage":0.0,"enemies":"Exordium Thugs","floor":8.0,"turns":2.0},{"damage":0.0,"enemies":"Blue Slaver","floor":14.0,"turns":2.0},{"damage":2.0,"enemies":"Slime Boss","floor":16.0,"turns":5.0},{"damage":22.0,"enemies":"theJungle:Flameango_and_Byrd","floor":18.0,"turns":5.0},{"damage":3,"enemies":"theJungle:GiantWrat","floor":19,"turns":3},{"damage":6,"enemies":"theJungle:2_Phrogs","floor":23,"turns":4},{"damage":49,"enemies":"theJungle:MamaSnecko","floor":25,"turns":6},{"damage":0,"enemies":"theJungle:2_Snecko_Cultists","floor":28,"turns":2},{"damage":31,"enemies":"theJungle:2_Flameangoes","floor":29,"turns":2}],"seed_played":"108408585964045614","potions_obtained":[{"floor":1.0,"key":"AttackPotion"},{"floor":3.0,"key":"BlessingOfTheForge"},{"floor":3.0,"key":"PotionOfCapacity"},{"floor":16.0,"key":"DistilledChaos"},{"floor":18.0,"key":"Ancient Potion"},{"floor":25,"key":"Block Potion"}],"is_trial":false,"path_per_floor":["M","M","?","M","?","M","R","M","T","T","$","?","?","M","R","B",null,"M","M","?","$","$","E","R","E","T","R","M","M"],"character_chosen":"DEFECT","items_purchased":["All For One","Mercury Hourglass","Loop"],"campfire_rested":1,"item_purchase_floors":[11,21,22],"current_hp_per_floor":[74,67,67,66,66,65,65,65,65,65,65,47,47,75,75,73,75,60,57,57,57,57,51,51,2,2,24,24,0,0],"gold":226,"neow_bonus":"BOSS_RELIC","is_daily":false,"chose_seed":false,"campfire_upgraded":3,"win_rate":0.0,"timestamp":1611955534,"path_taken":["M","M","?","?","?","M","R","M","T","?","$","?","?","M","R","BOSS","M","M","?","?","$","E","R","E","T","R","M","M"],"items_purchased_type":["Card","Relic","Card"],"build_version":"2020-12-22","purchased_purges":0,"victory":false,"max_hp_per_floor":[75,75,75,75,75,75,75,75,75,75,75,75,75,75,75,75,75,75,75,75,75,75,75,75,75,75,75,75,75,75],"card_choices":[{"not_picked":["Reprogram","Barrage"],"picked":"Melter","floor":1.0},{"not_picked":["Coolheaded","Redo"],"picked":"Hologram","floor":2.0},{"not_picked":["Stack","Recycle"],"picked":"Ball Lightning","floor":4.0},{"not_picked":["Thunder Strike","Blizzard"],"picked":"Hologram","floor":6.0},{"not_picked":["Coolheaded","Redo"],"picked":"Turbo","floor":8.0},{"not_picked":["Redo","FIFO Queue"],"picked":"Go for the Eyes","floor":14.0},{"not_picked":["hubris:SpecializedCircuitry","hubris:DoWhile"],"picked":"Electrodynamics","floor":16.0},{"not_picked":["FIFO Queue","Loop"],"picked":"Steam Power+1","floor":18.0},{"not_picked":["FIFO Queue","Barrage+1"],"picked":"Beam Cell","floor":19},{"not_picked":["Reprogram","Barrage"],"picked":"ReplayTheSpireMod:Calculation Training","floor":23},{"not_picked":["Ball Lightning","Blizzard"],"picked":"BasicCrystalCard","floor":25},{"not_picked":["Undo","BasicCrystalCard+1"],"picked":"Gash","floor":28}],"player_experience":205928,"relics_obtained":[{"floor":9.0,"key":"Carrot"},{"floor":23,"key":"Sundial"},{"floor":25,"key":"Slimebound:PreparedRelic"},{"floor":26,"key":"Whetstone"}],"event_choices":[{"damage_healed":0.0,"max_hp_gain":0.0,"max_hp_loss":0.0,"gold_gain":0.0,"event_name":"Lab","player_choice":"Got Potions","floor":3.0,"gold_loss":0.0,"damage_taken":0.0},{"damage_healed":0.0,"max_hp_gain":0.0,"max_hp_loss":0.0,"gold_gain":0.0,"event_name":"Golden Idol","player_choice":"Take Damage","floor":12.0,"gold_loss":0.0,"damage_taken":18.0,"relics_obtained":["Golden Idol"]},{"damage_healed":0,"gold_gain":0,"player_choice":"Rummage","damage_taken":0,"relics_obtained":["WarpedTongs"],"max_hp_gain":0,"max_hp_loss":0,"event_name":"Accursed Blacksmith","floor":20,"gold_loss":0,"cards_obtained":["Pain"]}],"is_beta":false,"boss_relics":[{"not_picked":["Replay:Drink Me","Fusion Hammer"],"picked":"hubris:TerracottaHorce"}],"items_purged_floors":[],"is_endless":false,"potions_floor_spawned":[1,4,16,18,25],"killed_by":"theJungle:2_Flameangoes","ascension_level":2}}