{"host":"w69dv90hcab2as96","time":1611938442,"event":{"mods":["BaseMod","Downfall","Minty Spire (QoL Compilation)","StSLib"],"gold_per_floor":[199,212,212,226,226,6,51,68,103,103,116,16,29,49,62,167,167,167,182,201,215,228,228,279,179,192,192,192,224,224,238,249,249,249,249],"floor_reached":33,"language":"ENG","playtime":4835,"items_purged":[],"score":298,"play_id":"6d8e45b9-9ba8-4e86-a3fe-a904a92bcb0b","local_time":"20210129174042","is_ascension_mode":false,"campfire_choices":[{"data":"hexamod:Sear","floor":1.0,"key":"SMITH"},{"data":"hexamod:RetreatToShadows","floor":12,"key":"SMITH"},{"data":"hexamod:HexaLevel","floor":18,"key":"SMITH"},{"floor":23,"key":"RECALL"},{"data":"hexamod:EtherealExpedition","floor":25,"key":"SMITH"},{"data":"hexamod:Again","floor":28,"key":"SMITH"},{"data":"hexamod:VolcanoVisage","floor":30,"key":"SMITH"}],"circlet_count":0,"master_deck":["hexamod:Strike+1","hexamod:Strike","hexamod:Strike","hexamod:Strike","hexamod:Defend","hexamod:Defend","hexamod:Defend","hexamod:Defend+1","hexamod:Sear+1","hexamod:Float","hexamod:ShieldOfDarkness+1","downfall:Malfunctioning","hexamod:AdvancingGuard","hexamod:VolcanoVisage+1","hexamod:NightmareGuise","hexamod:EtherealExpedition+1","hexamod:GhostOfSpirePast","hexamod:RetreatToShadows+1","hexamod:BurningTouch","hexamod:InspiringFlames","hexamod:BacktrackSmack","hexamod:HexaLevel+1","hexamod:SpectersWail","hexamod:Again+1","hexamod:NightmareGuise+1","hexamod:Firestarter","hexamod:CatchUp+1","hexamod:CatchUp+1","hexamod:ChargedBarrage+1","hexamod:Incineration+1"],"relics":["hexamod:SpiritBrand","Dead Branch","Oddly Smooth Stone","Strawberry","Bottled Lightning","White Beast Statue","downfall:HeartBlessingGreen","Coffee Dripper","Blood Vial","downfall:HeartBlessingRed","Ancient Tea Set"],"acts_visited":["Exordium","TheCity"],"potions_floor_usage":[14,16,21,29,33],"damage_taken":[{"damage":2.0,"enemies":"2 Louse","floor":2.0,"turns":3.0},{"damage":0.0,"enemies":"Jaw Worm","floor":4.0,"turns":3.0},{"damage":0,"enemies":"downfall:FleeingMerchant","floor":6,"turns":4},{"damage":0,"enemies":"Cultist","floor":8,"turns":4},{"damage":7,"enemies":"3 Sentries","floor":9,"turns":7},{"damage":2,"enemies":"Gremlin Gang","floor":11,"turns":5},{"damage":0,"enemies":"Exordium Wildlife","floor":13,"turns":5},{"damage":0,"enemies":"3 Louse","floor":14,"turns":4},{"damage":1,"enemies":"2 Fungi Beasts","floor":15,"turns":4},{"damage":54,"enemies":"WA_ARCHETYPE_RETAIN","floor":16,"turns":16},{"damage":30,"enemies":"3 Byrds","floor":19,"turns":5},{"damage":3,"enemies":"Spheric Guardian","floor":20,"turns":4},{"damage":8,"enemies":"Snecko","floor":21,"turns":6},{"damage":3,"enemies":"Shelled Parasite and Fungi","floor":22,"turns":6},{"damage":0,"enemies":"Centurion and Healer","floor":26,"turns":7},{"damage":5,"enemies":"Slavers","floor":29,"turns":6},{"damage":5,"enemies":"3 Cultists","floor":31,"turns":5},{"damage":0,"enemies":"Snake Plant","floor":32,"turns":3},{"damage":45,"enemies":"IC_MUSHROOM_ARCHETYPE","floor":33,"turns":7}],"seed_played":"-6995362852317265135","potions_obtained":[{"floor":9,"key":"Weak Potion"},{"floor":11,"key":"AttackPotion"},{"floor":13,"key":"FearPotion"},{"floor":14,"key":"SpeedPotion"},{"floor":15,"key":"CultistPotion"},{"floor":16,"key":"Regen Potion"},{"floor":19,"key":"Strength Potion"},{"floor":21,"key":"Fruit Juice"},{"floor":22,"key":"LiquidMemories"},{"floor":29,"key":"champ:CounterPotion"}],"is_trial":false,"path_per_floor":["R","M","?","M","?","$","T","M","E","T","M","R","M","M","M","B",null,"R","M","M","M","M","R","T","R","M","?","R","E","R","M","M","B"],"character_chosen":"THE_SPIRIT","items_purchased":["Oddly Smooth Stone","hexamod:NightmareGuise"],"campfire_rested":0,"item_purchase_floors":[6,6],"current_hp_per_floor":[70,68,68,68,61,61,68,68,61,61,59,59,59,59,58,4,77,77,47,44,41,38,38,38,38,40,40,40,37,37,34,36,0,0,0],"gold":249,"neow_bonus":"HUNDRED_GOLD","is_daily":false,"chose_seed":false,"campfire_upgraded":6,"win_rate":0.0,"timestamp":1611938442,"path_taken":["R","M","?","M","?","$","T","M","E","?","M","R","?","M","M","BOSS","R","M","M","M","M","R","T","R","?","?","R","E","R","?","M","BOSS"],"items_purchased_type":["Relic","Card"],"build_version":"2020-12-22","purchased_purges":0,"victory":false,"max_hp_per_floor":[70,70,70,70,70,70,77,77,77,77,77,77,77,77,77,77,77,77,77,77,82,82,82,82,82,82,82,82,82,82,82,82,82,82,82],"card_choices":[{"not_picked":["hexamod:Firestarter","hexamod:ChargedBarrage"],"picked":"hexamod:ShieldOfDarkness","floor":2.0},{"not_picked":["hexamod:Firestarter","hexamod:HeatMetal"],"picked":"hexamod:AdvancingGuard","floor":4},{"not_picked":["hexamod:Firestarter","hexamod:Again"],"picked":"hexamod:VolcanoVisage","floor":6},{"not_picked":["hexamod:NightmareGuise","hexamod:HeatMetal"],"picked":"hexamod:EtherealExpedition","floor":8},{"not_picked":["hexamod:FourthSeal","hexamod:InspiringFlames"],"picked":"hexamod:GhostOfSpirePast","floor":9},{"not_picked":["hexamod:FastForward","hexamod:RainOfEmbers"],"picked":"hexamod:RetreatToShadows","floor":11},{"not_picked":["hexamod:GhostOfSpireFuture","hexamod:FastForward"],"picked":"hexamod:BurningTouch","floor":13},{"not_picked":["hexamod:ExtraCrispy","hexamod:NightmareGuise"],"picked":"hexamod:InspiringFlames","floor":14},{"not_picked":["hexamod:GhostLash","hexamod:AdvancingGuard"],"picked":"hexamod:BacktrackSmack","floor":15},{"not_picked":["hexamod:WildfireWeapon","hexamod:UnleashSpirits"],"picked":"hexamod:HexaLevel","floor":16},{"not_picked":["hexamod:StepThrough+1","hexamod:InspiringFlames"],"picked":"hexamod:SpectersWail","floor":19},{"not_picked":["hexamod:Firestarter","hexamod:FourthSeal"],"picked":"hexamod:Again","floor":20},{"not_picked":["hexamod:ThermalTransfer","hexamod:SpectersWail"],"picked":"hexamod:NightmareGuise+1","floor":21},{"not_picked":["hexamod:NightmareStrike","hexamod:ExtraCrispy"],"picked":"hexamod:Firestarter","floor":22},{"not_picked":["hexamod:HexaLevel","hexamod:HauntingEcho"],"picked":"hexamod:CatchUp+1","floor":26},{"not_picked":["hexamod:HeatCrush","hexamod:EtherealExpedition"],"picked":"hexamod:ChargedBarrage+1","floor":29},{"not_picked":["hexamod:Haunt+1","hexamod:SpectersWail"],"picked":"hexamod:Incineration+1","floor":31},{"not_picked":["hexamod:ShieldOfDarkness","hexamod:HeatShield+1","hexamod:EtherealExpedition"],"picked":"SKIP","floor":32}],"player_experience":497482,"relics_obtained":[{"floor":7,"key":"Strawberry"},{"floor":9,"key":"Bottled Lightning"},{"floor":10,"key":"White Beast Statue"},{"floor":24,"key":"Blood Vial"},{"floor":29,"key":"Ancient Tea Set"}],"event_choices":[{"damage_healed":0,"gold_gain":0,"player_choice":"Success","damage_taken":7,"relics_obtained":["Dead Branch"],"max_hp_gain":0,"max_hp_loss":0,"event_name":"Scrap Ooze","floor":5,"gold_loss":0}],"is_beta":false,"boss_relics":[{"not_picked":["Calling Bell","Runic Pyramid"],"picked":"Coffee Dripper"}],"items_purged_floors":[],"is_endless":false,"potions_floor_spawned":[9,11,13,14,15,16,19,20,21,22,26,29,31,32],"killed_by":"IC_MUSHROOM_ARCHETYPE","ascension_level":0}}