{"host":"jl7epezt8u9c37lt","time":1611964272,"event":{"mods":["Arknights The Spire","Aspiration","Astrologer","Bard","BaseMod","Beaked The Cultist","Better Third Choice","Conspire","DeckTracker","Downfall","Energized Spire","GifTheSpireLib","Glutton Mod","Halation","Hermit","HexUI Lib","Hubris","Lobotomy","LobotomyExtend","Minty Spire (QoL Compilation)","Quick Restart","Reliquary","Replay The Spire","Spikes Relics","StSLib","Stuff the Spire","The Animator","The Bladedancer","The Blue Laboratory","The Disciple","The Jungle","The Runesmith","egg"],"gold_per_floor":[141,141,2,2,2,98,134,227,275,275,275,10,10,0,0,294,294,333,29,29,4675,4675,4675,4750,4750,4776,4833,4920,5013,5013,5013,5013,5319,5319,4949,4994,4994,4994],"floor_reached":37,"language":"ENG","playtime":1463,"items_purged":[],"score":902,"play_id":"ca6232b9-6185-497c-b9e3-da3ced97f541","local_time":"20210129175112","daily_mods":["Hoarder","Vintage","Heirloom","Flight","Binary","Elite Swarm","Midas"],"is_ascension_mode":false,"campfire_choices":[{"floor":13,"key":"REST"},{"floor":15,"key":"REST"},{"floor":23,"key":"REST"}],"circlet_count":0,"master_deck":["beaked:Strike_Y","beaked:Strike_Y","beaked:Strike_Y","beaked:Strike_Y","beaked:Strike_Y","beaked:Strike_Y","beaked:Defend_Y","beaked:Defend_Y","beaked:Defend_Y","beaked:Defend_Y","beaked:Ceremony","beaked:Ceremony","beaked:Ceremony","Swift Strike","Swift Strike","Swift Strike","Burn","Burn","Burn","beaked:AwakenedForm","beaked:AwakenedForm","beaked:AwakenedForm","ReplayTheSpireMod:Owlgaze","ReplayTheSpireMod:Owlgaze","ReplayTheSpireMod:Owlgaze","StuffTheSpire:CuriosityCurse","StuffTheSpire:CuriosityCurse","StuffTheSpire:CuriosityCurse","downfall:Haunted","downfall:Haunted","downfall:Haunted","downfall:Haunted","downfall:Haunted","downfall:Haunted","Amnesia","Amnesia","Amnesia","conspire:NecroticWound","conspire:NecroticWound","conspire:NecroticWound","beaked:DarkTribute","beaked:DarkTribute","beaked:DarkTribute","The Bomb","The Bomb","The Bomb","Enlightenment","Enlightenment","Enlightenment","beaked:Sacrifice","beaked:Sacrifice","beaked:Sacrifice","beaked:Pecker","beaked:Pecker","beaked:Pecker","hubris:Wrath","hubris:Wrath","hubris:Wrath","ReplayTheSpireMod:IOU","ReplayTheSpireMod:IOU","ReplayTheSpireMod:IOU","ReplayTheSpireMod:IOU","ReplayTheSpireMod:IOU","ReplayTheSpireMod:IOU","ReplayTheSpireMod:IOU","ReplayTheSpireMod:IOU","ReplayTheSpireMod:IOU","ReplayTheSpireMod:IOU","ReplayTheSpireMod:IOU","ReplayTheSpireMod:IOU","ReplayTheSpireMod:IOU","ReplayTheSpireMod:IOU","ReplayTheSpireMod:IOU","ReplayTheSpireMod:IOU","ReplayTheSpireMod:IOU","ReplayTheSpireMod:IOU","ReplayTheSpireMod:IOU","ReplayTheSpireMod:IOU","ReplayTheSpireMod:IOU","ReplayTheSpireMod:IOU","ReplayTheSpireMod:IOU","ReplayTheSpireMod:IOU","ReplayTheSpireMod:IOU","ReplayTheSpireMod:IOU","ReplayTheSpireMod:IOU","ReplayTheSpireMod:IOU","ReplayTheSpireMod:IOU","ReplayTheSpireMod:IOU","ReplayTheSpireMod:IOU","ReplayTheSpireMod:IOU","ReplayTheSpireMod:IOU","ReplayTheSpireMod:IOU","ReplayTheSpireMod:IOU","ReplayTheSpireMod:IOU","ReplayTheSpireMod:IOU","ReplayTheSpireMod:IOU","ReplayTheSpireMod:IOU","ReplayTheSpireMod:IOU","ReplayTheSpireMod:IOU","ReplayTheSpireMod:IOU","ReplayTheSpireMod:IOU","ReplayTheSpireMod:IOU","ReplayTheSpireMod:IOU","ReplayTheSpireMod:IOU","ReplayTheSpireMod:IOU","ReplayTheSpireMod:IOU","ReplayTheSpireMod:IOU","ReplayTheSpireMod:IOU","ReplayTheSpireMod:IOU","ReplayTheSpireMod:IOU","ReplayTheSpireMod:IOU","ReplayTheSpireMod:IOU","ReplayTheSpireMod:IOU","ReplayTheSpireMod:IOU","ReplayTheSpireMod:IOU","ReplayTheSpireMod:IOU","ReplayTheSpireMod:IOU","ReplayTheSpireMod:IOU","ReplayTheSpireMod:IOU","ReplayTheSpireMod:IOU","ReplayTheSpireMod:IOU","ReplayTheSpireMod:IOU","ReplayTheSpireMod:IOU","ReplayTheSpireMod:IOU","ReplayTheSpireMod:IOU","ReplayTheSpireMod:IOU","ReplayTheSpireMod:IOU","ReplayTheSpireMod:IOU","ReplayTheSpireMod:IOU","ReplayTheSpireMod:IOU","ReplayTheSpireMod:IOU","ReplayTheSpireMod:IOU","ReplayTheSpireMod:IOU","ReplayTheSpireMod:IOU","ReplayTheSpireMod:IOU","ReplayTheSpireMod:IOU","ReplayTheSpireMod:IOU","ReplayTheSpireMod:IOU","ReplayTheSpireMod:IOU","ReplayTheSpireMod:IOU","ReplayTheSpireMod:IOU","ReplayTheSpireMod:IOU","ReplayTheSpireMod:IOU","ReplayTheSpireMod:IOU","ReplayTheSpireMod:IOU","ReplayTheSpireMod:IOU","ReplayTheSpireMod:IOU","ReplayTheSpireMod:IOU","ReplayTheSpireMod:IOU","ReplayTheSpireMod:IOU","ReplayTheSpireMod:IOU","ReplayTheSpireMod:IOU","ReplayTheSpireMod:IOU","ReplayTheSpireMod:IOU","ReplayTheSpireMod:IOU","ReplayTheSpireMod:IOU","ReplayTheSpireMod:IOU","ReplayTheSpireMod:IOU","ReplayTheSpireMod:IOU","ReplayTheSpireMod:IOU","ReplayTheSpireMod:IOU","ReplayTheSpireMod:IOU","ReplayTheSpireMod:IOU","ReplayTheSpireMod:IOU","ReplayTheSpireMod:IOU","ReplayTheSpireMod:IOU","ReplayTheSpireMod:IOU","ReplayTheSpireMod:IOU","ReplayTheSpireMod:IOU","ReplayTheSpireMod:IOU","ReplayTheSpireMod:IOU","ReplayTheSpireMod:IOU","ReplayTheSpireMod:IOU","ReplayTheSpireMod:IOU","ReplayTheSpireMod:IOU","ReplayTheSpireMod:IOU","ReplayTheSpireMod:IOU","ReplayTheSpireMod:IOU","ReplayTheSpireMod:IOU","ReplayTheSpireMod:IOU","ReplayTheSpireMod:IOU","ReplayTheSpireMod:IOU","ReplayTheSpireMod:IOU","ReplayTheSpireMod:IOU","ReplayTheSpireMod:IOU","ReplayTheSpireMod:IOU","ReplayTheSpireMod:IOU","ReplayTheSpireMod:IOU","ReplayTheSpireMod:IOU","ReplayTheSpireMod:IOU","ReplayTheSpireMod:IOU","ReplayTheSpireMod:IOU","ReplayTheSpireMod:IOU","ReplayTheSpireMod:IOU","ReplayTheSpireMod:IOU","ReplayTheSpireMod:IOU","ReplayTheSpireMod:IOU","ReplayTheSpireMod:IOU","ReplayTheSpireMod:IOU","ReplayTheSpireMod:IOU","ReplayTheSpireMod:IOU","ReplayTheSpireMod:IOU","ReplayTheSpireMod:IOU","ReplayTheSpireMod:IOU","ReplayTheSpireMod:IOU","ReplayTheSpireMod:IOU","ReplayTheSpireMod:IOU","ReplayTheSpireMod:IOU","ReplayTheSpireMod:IOU","ReplayTheSpireMod:IOU","ReplayTheSpireMod:IOU","ReplayTheSpireMod:IOU","ReplayTheSpireMod:IOU","ReplayTheSpireMod:IOU","ReplayTheSpireMod:IOU","ReplayTheSpireMod:IOU","ReplayTheSpireMod:IOU","ReplayTheSpireMod:IOU","ReplayTheSpireMod:IOU","Flash of Steel","Flash of Steel","Flash of Steel","beaked:Overpower","beaked:Overpower","beaked:Overpower","beaked:SacrificialAttack","beaked:SacrificialAttack","beaked:SacrificialAttack","beaked:FakeOut","beaked:FakeOut","beaked:FakeOut","beaked:KnowThyFoe","beaked:KnowThyFoe","beaked:KnowThyFoe","Shame","Shame","Shame"],"relics":["beaked:MendingPlumage","aspiration:HatOfInfinitePower","Replay:Wax Seal","LetterFromLob","StuffTheSpire:Experiment12","Thread and Needle","FossilizedHelix","War Paint","Simple Rune","reliquary:Boomerang","MiniBlackHole","Du-Vu Doll","halation:LostSnail","hubris:CrystalStatue","Medical Kit","halation:KoshaPiece","beaked:RitualPlumage","SnailShell","Enchiridion","BranchBurnRelic","hubris:MysteriousPyramids","halation:PinkSoulGem","conspire:TopHat","Gremlin Food","Bottled Flame","Replay:Bronze Core","StuffTheSpire:MayFlowers","Rawhide"],"acts_visited":["Exordium","TheCity","TheBeyond"],"potions_floor_usage":[],"damage_taken":[{"damage":9,"enemies":"Small Slimes","floor":1,"turns":5},{"damage":17,"enemies":"3 Sentries","floor":6,"turns":6},{"damage":1,"enemies":"Jaw Worm","floor":7,"turns":4},{"damage":13,"enemies":"Gremlin Nob","floor":8,"turns":5},{"damage":26,"enemies":"Slime Boss","floor":16,"turns":10},{"damage":8,"enemies":"Shell Parasite","floor":18,"turns":3},{"damage":14,"enemies":"Slavers","floor":24,"turns":5},{"damage":0,"enemies":"2 Thieves","floor":27,"turns":1},{"damage":0,"enemies":"Gremlin Leader","floor":28,"turns":2},{"damage":0,"enemies":"Book of Stabbing","floor":29,"turns":1},{"damage":0,"enemies":"conspire:MysteriousRune","floor":33,"turns":1},{"damage":33,"enemies":"3 Shapes","floor":35,"turns":4},{"damage":0,"enemies":"Orb Walker","floor":36,"turns":1}],"seed_played":"8924864467425571897","potions_obtained":[{"floor":6,"key":"blueLaboratory:HeartbeatPotion"},{"floor":7,"key":"SpeedPotion"},{"floor":36,"key":"Explosive Potion"}],"is_trial":true,"path_per_floor":["M","?","$","?","T","E","M","E","T","?","?","$","R","?","R","B",null,"M","$","?","$","?","R","E","?","T","M","E","E","?","?","R","B",null,"M","M","?"],"character_chosen":"BEAKED_THE_CULTIST","items_purchased":["Swift Strike","SpeedPotion","halation:LostSnail","The Bomb","Medical Kit","DuplicationPotion","beaked:Pecker","beaked:RitualPlumage","Flash of Steel","Dead Branch","SnailShell","beaked:Overpower","beaked:SacrificialAttack"],"campfire_rested":3,"item_purchase_floors":[3,3,12,12,19,19,19,21,21,21,21,21,21],"current_hp_per_floor":[50,47,47,47,47,45,50,41,41,41,46,46,55,61,61,42,61,55,55,55,55,39,57,53,53,53,55,57,58,58,58,58,60,61,29,30,0,0],"gold":4994,"neow_bonus":"","is_daily":false,"chose_seed":false,"campfire_upgraded":0,"win_rate":0.0,"timestamp":1611964272,"path_taken":["M","?","$","?","?","E","?","E","T","?","?","$","R","?","R","BOSS","M","$","?","$","?","R","E","?","T","?","E","E","?","?","R","BOSS","M","?","?"],"items_purchased_type":["Card","Potion","Relic","Card","Relic","Potion","Card","Relic","Card","Relic","Relic","Card","Card"],"build_version":"2020-12-22","purchased_purges":0,"victory":false,"max_hp_per_floor":[50,50,50,50,50,50,50,50,50,50,55,55,55,61,61,61,61,61,61,61,61,61,61,61,61,61,61,61,61,61,61,61,61,61,61,61,61,61],"card_choices":[{"not_picked":["beaked:FullHouse"],"picked":"beaked:AwakenedForm","floor":6},{"not_picked":["beaked:Caw"],"picked":"ReplayTheSpireMod:Owlgaze","floor":8},{"not_picked":["beaked:Brainwash"],"picked":"beaked:Sacrifice","floor":16},{"not_picked":["beaked:Brainwash","ReplayTheSpireMod:Owlgaze"],"picked":"SKIP","floor":24},{"not_picked":["beaked:ScreechingChant"],"picked":"beaked:FakeOut","floor":28},{"not_picked":["beaked:WildInstinct"],"picked":"beaked:KnowThyFoe","floor":29}],"player_experience":208664,"relics_obtained":[{"floor":1,"key":"Replay:Wax Seal"},{"floor":1,"key":"LetterFromLob"},{"floor":5,"key":"Thread and Needle"},{"floor":6,"key":"FossilizedHelix"},{"floor":7,"key":"War Paint"},{"floor":8,"key":"Simple Rune"},{"floor":9,"key":"reliquary:Boomerang"},{"floor":18,"key":"hubris:CrystalStatue"},{"floor":22,"key":"Enchiridion"},{"floor":24,"key":"hubris:MysteriousPyramids"},{"floor":26,"key":"conspire:TopHat"},{"floor":27,"key":"Gremlin Food"},{"floor":28,"key":"Bottled Flame"},{"floor":35,"key":"StuffTheSpire:MayFlowers"},{"floor":36,"key":"Rawhide"}],"event_choices":[{"damage_healed":0,"gold_gain":0,"player_choice":"Relic ","damage_taken":3,"max_hp_gain":0,"max_hp_loss":0,"event_name":"betterThird:BetterScrap","floor":2,"gold_loss":0,"cards_obtained":["Combust"]},{"damage_healed":47,"gold_gain":0,"player_choice":"Embrace Burn","damage_taken":0,"max_hp_gain":0,"max_hp_loss":50,"event_name":"betterThird:BetterShining","floor":4,"gold_loss":0},{"damage_healed":0,"gold_gain":0,"player_choice":"RENOUNCE","damage_taken":10,"max_hp_gain":0,"max_hp_loss":0,"event_name":"betterThird:BetterSerpent","floor":14,"gold_loss":10,"cards_obtained":["Enlightenment"]},{"damage_healed":0,"gold_gain":0,"player_choice":"Obtained Book","damage_taken":16,"max_hp_gain":0,"max_hp_loss":0,"event_name":"Cursed Tome","floor":22,"gold_loss":0},{"damage_healed":0,"gold_gain":0,"player_choice":"Bought 0 Potions","damage_taken":0,"max_hp_gain":0,"max_hp_loss":0,"event_name":"The Woman in Blue","floor":31,"gold_loss":0}],"is_beta":false,"boss_relics":[{"not_picked":["StuffTheSpire:Kangaroo","reliquary:RedCape","hubris:BlackHole"]},{"not_picked":["halation:Prosthetics","beaked:BlessedCoat"],"picked":"Replay:Bronze Core"}],"items_purged_floors":[],"is_endless":false,"potions_floor_spawned":[6,7,8,24,28,29,36],"ascension_level":0}}