{"host":"v3mpq6flurzldi5g","time":1611936006,"event":{"mods":["AchievementEnabler","BaseMod","Colored Powertips","Highlight Path","Minty Spire (QoL Compilation)","StSLib"],"gold_per_floor":[110,110,124,141,141,141,169,169,192,211,211,244,92,56,56,149,149,169,193,217,231,231,231],"floor_reached":22,"language":"ENG","playtime":2107,"items_purged":["Strike_G"],"score":323,"play_id":"b2f89433-0d72-4a3c-97e5-d834f13a4a28","local_time":"20210129110006","is_ascension_mode":true,"campfire_choices":[{"floor":6,"key":"REST"},{"floor":8,"key":"REST"},{"floor":15,"key":"REST"}],"circlet_count":0,"master_deck":["AscendersBane","Strike_G","Strike_G","Strike_G","Defend_G","Defend_G","Defend_G","Defend_G","Survivor","Neutralize","Phantasmal Killer+1","Prepared","Crippling Poison","Dagger Throw","Cloak And Dagger","Blade Dance","Infinite Blades","Leg Sweep","Venomology","CurseOfTheBell","Blur","Deadly Poison+1","Backflip","Blade Dance"],"relics":["Ring of the Snake","Happy Flower","Vajra","Golden Idol","Letter Opener","Calling Bell","Ancient Tea Set","StrikeDummy","Shovel"],"acts_visited":["Exordium","TheCity"],"potions_floor_usage":[7,16,16,20,20,21],"damage_taken":[{"damage":4,"enemies":"Small Slimes","floor":1,"turns":5},{"damage":0,"enemies":"2 Louse","floor":3,"turns":4},{"damage":1,"enemies":"Jaw Worm","floor":4,"turns":4},{"damage":28,"enemies":"Lagavulin","floor":7,"turns":9},{"damage":0,"enemies":"Large Slime","floor":10,"turns":5},{"damage":27,"enemies":"Gremlin Nob","floor":12,"turns":5},{"damage":6,"enemies":"The Guardian","floor":16,"turns":12},{"damage":13,"enemies":"Spheric Guardian","floor":18,"turns":4},{"damage":16,"enemies":"Shell Parasite","floor":19,"turns":6},{"damage":17,"enemies":"Centurion and Healer","floor":20,"turns":7},{"damage":20,"enemies":"Cultist and Chosen","floor":21,"turns":6}],"seed_played":"2476620808208614081","potions_obtained":[{"floor":1,"key":"BlessingOfTheForge"},{"floor":3,"key":"SpeedPotion"},{"floor":12,"key":"Poison Potion"},{"floor":16,"key":"Regen Potion"},{"floor":20,"key":"FearPotion"}],"is_trial":false,"path_per_floor":["M","?","M","M","?","R","E","R","T","M","?","E","$","$","R","B",null,"M","M","M","M","?"],"character_chosen":"THE_SILENT","items_purchased":["Infinite Blades","Leg Sweep"],"campfire_rested":3,"item_purchase_floors":[13,14],"current_hp_per_floor":[59,52,52,51,51,70,42,63,63,63,46,19,19,19,40,34,61,48,32,30,10,0,0],"gold":231,"neow_bonus":"TRANSFORM_CARD","is_daily":false,"chose_seed":false,"campfire_upgraded":0,"win_rate":0.0,"timestamp":1611936006,"path_taken":["M","?","M","M","?","R","E","R","T","M","?","E","?","$","R","BOSS","M","M","M","M","?"],"items_purchased_type":["Card","Card"],"build_version":"2020-12-22","purchased_purges":1,"victory":false,"max_hp_per_floor":[70,70,70,70,70,70,70,70,70,70,70,70,70,70,70,70,70,70,70,70,70,70,70],"card_choices":[{"not_picked":["Outmaneuver","Distraction"],"picked":"Prepared","floor":1},{"not_picked":["All Out Attack","Outmaneuver"],"picked":"Crippling Poison","floor":3},{"not_picked":["Flying Knee","Dodge and Roll","Prepared"],"picked":"SKIP","floor":4},{"not_picked":["Flying Knee","Slice"],"picked":"Dagger Throw","floor":7},{"not_picked":["Quick Slash","Phantasmal Killer"],"picked":"Cloak And Dagger","floor":10},{"not_picked":["Poisoned Stab","Riddle With Holes"],"picked":"Blade Dance","floor":12},{"not_picked":["Unload","Glass Knife"],"picked":"Venomology","floor":16},{"not_picked":["Leg Sweep","Slice+1"],"picked":"Blur","floor":18},{"not_picked":["Prepared","Reflex+1"],"picked":"Deadly Poison+1","floor":19},{"not_picked":["Crippling Poison","Dagger Throw"],"picked":"Backflip","floor":20},{"not_picked":["Flechettes","Underhanded Strike"],"picked":"Blade Dance","floor":21}],"player_experience":1091058,"relics_obtained":[{"floor":7,"key":"Happy Flower"},{"floor":9,"key":"Vajra"},{"floor":12,"key":"Letter Opener"},{"floor":17,"key":"Ancient Tea Set"},{"floor":17,"key":"StrikeDummy"},{"floor":17,"key":"Shovel"}],"event_choices":[{"cards_removed":["Defend_G"],"damage_healed":0,"gold_gain":0,"player_choice":"Card Removal","damage_taken":7,"max_hp_gain":0,"max_hp_loss":0,"event_name":"Golden Wing","floor":2,"gold_loss":0},{"damage_healed":0,"gold_gain":0,"player_choice":"Grow","damage_taken":0,"max_hp_gain":0,"max_hp_loss":0,"event_name":"Living Wall","floor":5,"gold_loss":0,"cards_upgraded":["Phantasmal Killer"]},{"damage_healed":0,"gold_gain":0,"player_choice":"Take Damage","damage_taken":17,"relics_obtained":["Golden Idol"],"max_hp_gain":0,"max_hp_loss":0,"event_name":"Golden Idol","floor":11,"gold_loss":0}],"is_beta":false,"boss_relics":[{"not_picked":["Tiny House","HoveringKite"],"picked":"Calling Bell"}],"items_purged_floors":[13],"is_endless":false,"potions_floor_spawned":[1,3,12,16,20],"ascension_level":13}}