{"host":"i6mndjcatnxpmw23","time":1611881195,"event":{"mods":["BaseMod","Hunter ??","Marisa????????","Minty Spire (QoL Compilation)","Shop Mod","The Servant 0.9.4","UnlockEverythingMod"],"gold_per_floor":[111,122,137,137,152,183,183,2,2,2,2,2,2,2,2,102,102,119,15,32,44,56,56,56],"floor_reached":23,"language":"ZHS","playtime":1173,"items_purged":[],"score":191,"play_id":"5896a96d-5360-474f-affc-d522548f0822","local_time":"20210129084635","is_ascension_mode":false,"campfire_choices":[{"data":"PropBag","floor":7,"key":"SMITH"},{"floor":10,"key":"RECALL"},{"data":"OrrerysSun","floor":12,"key":"SMITH"},{"data":"FairyDestructionRay","floor":15,"key":"SMITH"}],"circlet_count":0,"master_deck":["Strike_MRS","Strike_MRS","Strike_MRS","Strike_MRS","Defend_MRS","Defend_MRS","Defend_MRS","Defend_MRS","MasterSpark","UpSweep","PropBag+1","Acceleration","LuminesStrike","FairyDestructionRay+1","PowerUp","OrrerysSun+1","StarBarrage+1","ManaRampage","StarlightTyphoon","GrandCross+1","PowerUp","Singularity","PowerUp"],"relics":["MiniHakkero","Molten Egg 2","Membership Card","Sozu","Chemical X","Letter Opener"],"acts_visited":["Exordium","TheCity"],"potions_floor_usage":[6],"damage_taken":[{"damage":0,"enemies":"2 Louse","floor":1,"turns":3},{"damage":1,"enemies":"Jaw Worm","floor":2,"turns":3},{"damage":0,"enemies":"Cultist","floor":3,"turns":3},{"damage":0,"enemies":"3 Louse","floor":5,"turns":1},{"damage":19,"enemies":"Lagavulin","floor":6,"turns":4},{"damage":14,"enemies":"Slime Boss","floor":16,"turns":8},{"damage":0,"enemies":"Spheric Guardian","floor":18,"turns":1},{"damage":10,"enemies":"Chosen","floor":20,"turns":3},{"damage":23,"enemies":"Snake Plant","floor":21,"turns":3},{"damage":9,"enemies":"Centurion and Healer","floor":22,"turns":3},{"damage":35,"enemies":"Gremlin Leader","floor":23,"turns":3}],"seed_played":"6213795676737834626","potions_obtained":[{"floor":3,"key":"Block Potion"}],"is_trial":false,"path_per_floor":["M","M","M","?","M","E","R","$","T","R","?","R","$","?","R","B",null,"M","$","M","M","M","E"],"character_chosen":"MARISA","items_purchased":["Membership Card","StarBarrage+1","Chemical X","GrandCross+1"],"campfire_rested":0,"item_purchase_floors":[8,8,19,19],"current_hp_per_floor":[75,74,74,74,74,55,55,55,55,55,75,75,75,75,75,61,75,75,75,65,42,33,0,0],"gold":56,"neow_bonus":"THREE_CARDS","is_daily":false,"chose_seed":false,"campfire_upgraded":3,"win_rate":0.0,"timestamp":1611881195,"path_taken":["M","M","M","?","M","E","R","$","T","R","?","R","$","?","R","BOSS","M","$","M","?","M","E"],"items_purchased_type":["Relic","Card","Relic","Card"],"build_version":"2020-12-22","purchased_purges":0,"victory":false,"max_hp_per_floor":[75,75,75,75,75,75,75,75,75,75,75,75,75,75,75,75,75,75,75,75,75,75,75,75],"card_choices":[{"not_picked":["StarBarrage","EventHorizon"],"picked":"PropBag","floor":0},{"not_picked":["WitchOfGreed","WitchLeyline"],"picked":"Acceleration","floor":1},{"not_picked":["DoubleSpark","RefractionSpark"],"picked":"LuminesStrike","floor":2},{"not_picked":["SatelliteIllusion","LuminesStrike"],"picked":"FairyDestructionRay","floor":3},{"not_picked":["WitchLeyline","DoubleSpark"],"picked":"PowerUp","floor":5},{"not_picked":["Robbery+1","6A+1"],"picked":"OrrerysSun","floor":6},{"not_picked":["EscapeVelocity","TreasureHunter+1"],"picked":"ManaRampage","floor":16},{"not_picked":["PowerUp","MagicAbsorber"],"picked":"StarlightTyphoon","floor":18},{"not_picked":["AsteroidBelt","GasGiant+1"],"picked":"PowerUp","floor":20},{"not_picked":["UnstableBomb+1","DarkSpark+1"],"picked":"Singularity","floor":21},{"not_picked":["DoubleSpark+1","DarkMatter"],"picked":"PowerUp","floor":22}],"player_experience":20213,"relics_obtained":[{"floor":6,"key":"Molten Egg 2"}],"event_choices":[{"damage_healed":0,"gold_gain":0,"player_choice":"Ignored","damage_taken":0,"max_hp_gain":0,"max_hp_loss":0,"event_name":"Liars Game","floor":4,"gold_loss":0},{"damage_healed":25,"gold_gain":0,"player_choice":"Banana","damage_taken":0,"max_hp_gain":0,"max_hp_loss":0,"event_name":"Big Fish","floor":11,"gold_loss":0},{"damage_healed":0,"gold_gain":0,"player_choice":"Ignored","damage_taken":0,"max_hp_gain":0,"max_hp_loss":0,"event_name":"NoteForYourself","floor":14,"gold_loss":0}],"is_beta":false,"boss_relics":[{"not_picked":["Ectoplasm","Black Star"],"picked":"Sozu"}],"items_purged_floors":[],"is_endless":false,"potions_floor_spawned":[3,18,21],"killed_by":"Gremlin Leader","ascension_level":0}}