{"host":"xc18ixkpjvqrt8st","time":1611955675,"event":{"mods":["Act Like it!","BaseMod","Better Match","Better Third Choice","Conspire","Hallownest","Hermit","Hubris","Infinite Spire","Minty Spire (QoL Compilation)","Replay The Spire","Robot Space Explorer","Shop Mod","Spicy Shops","Spire Arcade","StSLib","The Animator","The Jungle","The Marked","The Sage"],"gold_per_floor":[127,0,0,26,44,84,109,135,158,186,186,210,210,53,53,63,63],"floor_reached":16,"language":"ENG","playtime":799,"items_purged":[],"score":121,"play_id":"1bc6cac6-1039-49b0-84c4-40a2a053060b","local_time":"20210129152755","is_ascension_mode":true,"campfire_choices":[{"floor":11,"key":"REST"},{"floor":15,"key":"REST"}],"circlet_count":0,"master_deck":["animator:Strike_Elsword","animator:Defend_Elsword","animator:Strike","animator:Strike","animator:Strike","animator:Defend","animator:Defend","animator:Defend","animator:Chung","animator:Raven","animator:Shion","Enlightenment","animator:Ara","animator:Witch","animator:Add","animator:Demiurge","animator:Priestess","animator:Shichika"],"relics":["animator:LivingPicture","animator:TheMissingPiece","infinitespire:Midas Blood","animator:ShionDessert","ReplayTheSpireMod:TigerMarble","animator:AlchemistGlove","infinitespire:FocusingShard","infinitespire:PuzzleCube"],"acts_visited":["Exordium"],"potions_floor_usage":[6,10,10,12],"damage_taken":[{"damage":0,"enemies":"2 Louse","floor":1,"turns":4},{"damage":3,"enemies":"Jaw Worm","floor":4,"turns":4},{"damage":0,"enemies":"Cultist","floor":5,"turns":4},{"damage":23,"enemies":"3 Sentries","floor":6,"turns":11},{"damage":39,"enemies":"Exordium Thugs","floor":8,"turns":7},{"damage":2,"enemies":"Lagavulin","floor":10,"turns":6},{"damage":9,"enemies":"Gremlin Gang","floor":12,"turns":4},{"damage":51,"enemies":"Slime Boss","floor":16,"turns":8}],"seed_played":"-7189355472117703686","potions_obtained":[{"floor":6,"key":"Venom Potion"},{"floor":10,"key":"Swift Potion"}],"is_trial":false,"path_per_floor":["M","?","T","M","M","E","T","M","T","E","R","M","T","$","R","B"],"character_chosen":"THE_ANIMATOR","items_purchased":["infinitespire:PuzzleCube"],"campfire_rested":2,"item_purchase_floors":[14],"current_hp_per_floor":[72,78,78,75,75,53,53,14,14,12,35,26,26,26,49,0,0],"gold":63,"neow_bonus":"TEN_PERCENT_HP_BONUS","is_daily":false,"chose_seed":false,"campfire_upgraded":0,"win_rate":0.0,"timestamp":1611955675,"path_taken":["M","?","?","?","M","E","?","M","T","E","R","?","?","?","R","BOSS"],"items_purchased_type":["Relic"],"build_version":"2020-12-22","purchased_purges":0,"victory":false,"max_hp_per_floor":[72,78,78,78,78,79,79,79,79,79,79,79,79,79,79,79,79],"card_choices":[{"not_picked":["animator:Genos","animator:Konayuki"],"picked":"animator:Shion","floor":1},{"not_picked":["animator:Cocytus","animator:NarberalGamma"],"picked":"animator:Ara","floor":4},{"not_picked":["animator:Chung","animator:Melzalgald"],"picked":"animator:Witch","floor":5},{"not_picked":["animator:Ciel","animator:Lu"],"picked":"animator:Add","floor":6},{"not_picked":["animator:YachiyoNanami","animator:Sonic"],"picked":"animator:Demiurge","floor":8},{"not_picked":["animator:YuiTsuruno","animator:Chung"],"picked":"animator:Priestess","floor":10},{"not_picked":["animator:KyokoSakura","animator:IrohaTamaki"],"picked":"animator:Shichika","floor":12}],"player_experience":603017,"relics_obtained":[{"floor":3,"key":"infinitespire:Midas Blood"},{"floor":6,"key":"animator:ShionDessert"},{"floor":7,"key":"ReplayTheSpireMod:TigerMarble"},{"floor":10,"key":"animator:AlchemistGlove"},{"floor":13,"key":"infinitespire:FocusingShard"}],"event_choices":[{"damage_healed":0,"gold_gain":0,"player_choice":"RENOUNCE","damage_taken":127,"max_hp_gain":0,"max_hp_loss":0,"event_name":"betterThird:BetterSerpent","floor":2,"gold_loss":127,"cards_obtained":["Enlightenment"]}],"is_beta":false,"boss_relics":[],"items_purged_floors":[],"is_endless":false,"potions_floor_spawned":[6,10],"killed_by":"Slime Boss","ascension_level":2}}