{"host":"gbsupkmj5cka9iw4","time":1611935021,"event":{"mods":["BaseMod","Better Note","BetterRewards","Minty Spire (QoL Compilation)","Say the Spire","Shop Mod","StSLib"],"gold_per_floor":[112,112,126,71,83,83,114,114,114,134,134,165,80,115,115,194,194,213,97,22,22,34,63,74,74,149,65,100,41,41,76,76,153,153,168,6,61,76,0,0,29,48,48,48,63,63,91,109,109,109],"floor_reached":51,"language":"ENG","playtime":3080,"items_purged":["Strike_R","Strike_R"],"score":1959,"play_id":"9325dec2-7eec-40cf-afc0-93293213c090","local_time":"20210130004341","is_ascension_mode":true,"campfire_choices":[{"data":"Flex","floor":6.0,"key":"SMITH"},{"data":"Pommel Strike","floor":8.0,"key":"SMITH"},{"data":"Demon Form","floor":11.0,"key":"SMITH"},{"data":"Flex","floor":15.0,"key":"SMITH"},{"floor":25.0,"key":"RECALL"},{"floor":32,"key":"REST"},{"floor":40,"key":"REST"},{"floor":46,"key":"REST"},{"data":"1","floor":49,"key":"LIFT"}],"circlet_count":0,"master_deck":["AscendersBane","Strike_R","Strike_R","Defend_R","Defend_R","Defend_R","Defend_R","Bash","Pommel Strike+1","Whirlwind+1","Evolve","Iron Wave+1","Flex+1","Shockwave+1","Shrug It Off","Thunderclap+1","Whirlwind+1","Headbutt+1","Demon Form+1","Flex+1","Heavy Blade+1","Pommel Strike+1","Sword Boomerang+1","Limit Break","Ghostly Armor","Shrug It Off","Pummel+1","Sword Boomerang+1","Reaper+1","Limit Break+1","Shrug It Off+1","Ghostly+1","Ghostly+1","Ghostly+1","Reaper+1","Armaments+1","Twin Strike+1","Exhume+1","Heavy Blade+1","Seeing Red+1","Dual Wield+1","Flex+1","Impervious+1","Disarm+1","Spot Weakness+1"],"relics":["Burning Blood","OrangePellets","Molten Egg 2","Lee\u0027s Waffle","Orichalcum","Lizard Tail","Ornamental Fan","HornCleat","Art of War","Fusion Hammer","Prayer Wheel","Pen Nib","Toxic Egg 2","Bronze Scales","Centennial Puzzle","Runic Pyramid","Chemical X","Turnip","Red Mask","Kunai","Blue Candle","Girya"],"acts_visited":["Exordium","TheCity","TheBeyond"],"potions_floor_usage":[],"damage_taken":[{"damage":1.0,"enemies":"Cultist","floor":1.0,"turns":4.0},{"damage":0.0,"enemies":"Small Slimes","floor":3.0,"turns":2.0},{"damage":5.0,"enemies":"2 Louse","floor":5.0,"turns":2.0},{"damage":1.0,"enemies":"Gremlin Nob","floor":7.0,"turns":3.0},{"damage":0.0,"enemies":"Gremlin Gang","floor":10.0,"turns":1.0},{"damage":9.0,"enemies":"3 Sentries","floor":12.0,"turns":5.0},{"damage":12.0,"enemies":"Gremlin Nob","floor":14.0,"turns":4.0},{"damage":31.0,"enemies":"The Guardian","floor":16.0,"turns":7.0},{"damage":0.0,"enemies":"Chosen","floor":18.0,"turns":3.0},{"damage":0.0,"enemies":"Spheric Guardian","floor":22.0,"turns":3.0},{"damage":9.0,"enemies":"Slavers","floor":23.0,"turns":2.0},{"damage":1.0,"enemies":"Cultist and Chosen","floor":24.0,"turns":4.0},{"damage":0.0,"enemies":"Gremlin Leader","floor":28.0,"turns":3.0},{"damage":4,"enemies":"Book of Stabbing","floor":31,"turns":4},{"damage":4,"enemies":"Collector","floor":33,"turns":7},{"damage":11,"enemies":"3 Shapes","floor":35,"turns":3},{"damage":0,"enemies":"2 Orb Walkers","floor":37,"turns":2},{"damage":5,"enemies":"Orb Walker","floor":38,"turns":3},{"damage":17,"enemies":"Nemesis","floor":41,"turns":5},{"damage":8,"enemies":"Transient","floor":42,"turns":6},{"damage":10,"enemies":"3 Darklings","floor":45,"turns":3},{"damage":6,"enemies":"Reptomancer","floor":47,"turns":6},{"damage":0,"enemies":"Maw","floor":48,"turns":4},{"damage":22,"enemies":"Donu and Deca","floor":50,"turns":5}],"seed_played":"6250156324628218792","potions_obtained":[{"floor":5.0,"key":"FearPotion"},{"floor":7.0,"key":"ElixirPotion"},{"floor":10.0,"key":"ColorlessPotion"},{"floor":22.0,"key":"BlessingOfTheForge"}],"is_trial":false,"path_per_floor":["M","?","M","$","M","R","E","R","T","M","R","E","$","E","R","B",null,"M","$","?","?","M","E","M","R","T","$","E","$","?","E","R","B",null,"M","$","?","M","?","R","E","M","T","$","M","R","E","M","R","B",null],"character_chosen":"IRONCLAD","items_purchased":["OrangePellets","Pommel Strike","Molten Egg 2","Whirlwind+1","Evolve","Lee\u0027s Waffle","Orichalcum","Iron Wave+1","Flex","Thunderclap+1","Heavy Blade+1","Pommel Strike+1","Shrug It Off","Pummel+1","Reaper+1","Shrug It Off+1","Chemical X"],"campfire_rested":3,"item_purchase_floors":[0,0,0,0,0,0,0,0,0,4,13,13,19,19,27,29,36],"current_hp_per_floor":[82,82,82,82,82,82,82,82,82,82,82,79,79,73,73,48,74,80,80,80,80,82,79,82,82,82,82,82,82,41,41,41,41,41,41,41,41,41,41,41,41,41,41,41,37,41,41,41,41,25],"gold":109,"neow_bonus":"","is_daily":false,"chose_seed":false,"campfire_upgraded":4,"win_rate":0.0,"timestamp":1611935021,"path_taken":["M","?","M","?","M","R","E","R","T","M","R","E","$","E","R","BOSS","M","$","?","?","?","E","M","R","T","$","E","?","?","E","R","BOSS","M","$","?","M","?","R","E","M","T","?","M","R","E","M","R","BOSS"],"items_purchased_type":["Relic","Card","Relic","Card","Card","Relic","Relic","Card","Card","Card","Card","Card","Card","Card","Card","Card","Relic"],"build_version":"2020-12-22","purchased_purges":2,"victory":true,"max_hp_per_floor":[82,82,82,82,82,82,82,82,82,82,82,82,82,82,82,82,82,82,82,82,82,82,82,82,82,82,82,82,82,41,41,41,41,41,41,41,41,41,41,41,41,41,41,41,41,41,41,41,41,41],"card_choices":[{"not_picked":["Iron Wave+1","Searing Blow+1"],"picked":"Shockwave","floor":1.0},{"not_picked":["Infernal Blade","Fire Breathing"],"picked":"Shrug It Off","floor":3.0},{"not_picked":["Warcry","Headbutt+1"],"picked":"Whirlwind+1","floor":5.0},{"not_picked":["Dual Wield","Warcry"],"picked":"Headbutt+1","floor":7.0},{"not_picked":["Shrug It Off","Burning Pact"],"picked":"Demon Form","floor":10.0},{"not_picked":["Burning Pact","Flame Barrier"],"picked":"Flex","floor":12.0},{"not_picked":["True Grit","Wild Strike+1"],"picked":"Sword Boomerang+1","floor":14.0},{"not_picked":["Exhume","Double Tap"],"picked":"Limit Break","floor":16.0},{"not_picked":["Combust","Thunderclap+1"],"picked":"Ghostly Armor","floor":18.0},{"not_picked":["Pummel+1","Fire Breathing"],"picked":"Sword Boomerang+1","floor":22.0},{"not_picked":["Clash+1","True Grit","Wild Strike+1"],"picked":"SKIP","floor":22.0},{"not_picked":["Entrench","Hemokinesis+1","Armaments"],"picked":"SKIP","floor":23.0},{"not_picked":["Clothesline+1","Shrug It Off","Wild Strike+1"],"picked":"SKIP","floor":24.0},{"not_picked":["Fire Breathing","Warcry","True Grit"],"picked":"SKIP","floor":24.0},{"not_picked":["Havoc+1","Flex+1"],"picked":"Limit Break+1","floor":28.0},{"not_picked":["Anger+1","Thunderclap+1","Sword Boomerang+1"],"picked":"SKIP","floor":31},{"not_picked":["Berserk","Demon Form"],"picked":"Reaper+1","floor":33},{"not_picked":["Clothesline+1","Shrug It Off+1"],"picked":"Armaments+1","floor":35},{"not_picked":["Blood for Blood+1","Pommel Strike+1","True Grit+1"],"picked":"SKIP","floor":35},{"not_picked":["Iron Wave+1","Thunderclap+1"],"picked":"Twin Strike+1","floor":37},{"not_picked":["Clash+1","Metallicize"],"picked":"Exhume+1","floor":38},{"not_picked":["Whirlwind+1","Battle Trance+1"],"picked":"Heavy Blade+1","floor":38},{"not_picked":["Sword Boomerang+1","Disarm+1"],"picked":"Seeing Red+1","floor":41},{"not_picked":["Havoc+1","Thunderclap+1"],"picked":"Dual Wield+1","floor":42},{"not_picked":["Headbutt+1","Clothesline+1"],"picked":"Flex+1","floor":42},{"not_picked":["Shrug It Off+1","Twin Strike+1"],"picked":"Impervious+1","floor":45},{"not_picked":["Iron Wave+1","Headbutt+1"],"picked":"Disarm+1","floor":45},{"not_picked":["Hemokinesis+1","Anger+1"],"picked":"Spot Weakness+1","floor":47},{"not_picked":["Searing Blow+1","Headbutt+1","Pommel Strike+1"],"picked":"SKIP","floor":48},{"not_picked":["Clothesline+1","Blood for Blood+1","Uppercut+1"],"picked":"SKIP","floor":48}],"player_experience":814615,"relics_obtained":[{"floor":7.0,"key":"Lizard Tail"},{"floor":9.0,"key":"Ornamental Fan"},{"floor":12.0,"key":"HornCleat"},{"floor":14.0,"key":"Art of War"},{"floor":23.0,"key":"Pen Nib"},{"floor":26.0,"key":"Toxic Egg 2"},{"floor":28.0,"key":"Bronze Scales"},{"floor":31,"key":"Centennial Puzzle"},{"floor":37,"key":"Turnip"},{"floor":41,"key":"Kunai"},{"floor":43,"key":"Blue Candle"},{"floor":47,"key":"Girya"}],"event_choices":[{"damage_healed":0.0,"max_hp_gain":0.0,"max_hp_loss":0.0,"gold_gain":0.0,"event_name":"Upgrade Shrine","player_choice":"Upgraded","floor":2.0,"gold_loss":0.0,"damage_taken":0.0,"cards_upgraded":["Shockwave"]},{"cards_removed":["Strike_R"],"damage_healed":0.0,"max_hp_gain":0.0,"max_hp_loss":0.0,"gold_gain":0.0,"event_name":"Beggar","player_choice":"Gave Gold","floor":20.0,"gold_loss":75.0,"damage_taken":0.0},{"damage_healed":0.0,"max_hp_gain":0.0,"max_hp_loss":0.0,"gold_gain":0.0,"event_name":"WeMeetAgain","player_choice":"Gave Potion","floor":21.0,"gold_loss":0.0,"damage_taken":0.0,"relics_obtained":["Prayer Wheel"]},{"damage_healed":0.0,"max_hp_gain":0.0,"max_hp_loss":41.0,"gold_gain":0.0,"event_name":"Ghosts","player_choice":"Became a Ghost","floor":30.0,"gold_loss":0.0,"damage_taken":0.0,"cards_obtained":["Ghostly","Ghostly","Ghostly"]},{"damage_healed":0,"gold_gain":0,"player_choice":"Fight","damage_taken":0,"max_hp_gain":0,"max_hp_loss":0,"event_name":"Mysterious Sphere","floor":37,"gold_loss":0},{"damage_healed":0,"gold_gain":0,"player_choice":"Paid","damage_taken":0,"relics_obtained":["Red Mask"],"max_hp_gain":0,"max_hp_loss":0,"event_name":"Tomb of Lord Red Mask","floor":39,"gold_loss":76}],"is_beta":false,"boss_relics":[{"not_picked":["Sozu","Tiny House"],"picked":"Fusion Hammer"},{"not_picked":["SacredBark","Calling Bell"],"picked":"Runic Pyramid"}],"items_purged_floors":[0,0],"is_endless":false,"potions_floor_spawned":[5,7,10,12,18,22,28,38,47],"ascension_level":19}}