{"host":"o6rpelx2jpc8yies","time":1611892195,"event":{"mods":["BaseMod","Downfall","Minty Spire (QoL Compilation)","StSLib"],"gold_per_floor":[0,10,24,38,138,38,65,28,48,48,59,85,85,96,109,208,208,208,223,241,241,251,251,274,291,191,209,119,119,119,119],"floor_reached":29,"language":"ENG","playtime":3154,"items_purged":["hexamod:Strike"],"score":298,"play_id":"a4e6cca0-e1ee-4507-81dc-b6bc8047d04f","local_time":"20210128204955","is_ascension_mode":true,"campfire_choices":[{"floor":1.0,"key":"RECALL"},{"data":"hexamod:Float","floor":6.0,"key":"SMITH"},{"data":"hexamod:Rewind","floor":10.0,"key":"SMITH"},{"data":"hexamod:Firestarter","floor":13.0,"key":"SMITH"},{"data":"hexamod:TimeOfNeed","floor":18.0,"key":"SMITH"},{"floor":23.0,"key":"REST"},{"data":"hexamod:EtherealExpedition","floor":26.0,"key":"SMITH"}],"circlet_count":0,"master_deck":["hexamod:Strike","hexamod:Strike","hexamod:Strike","hexamod:Defend","hexamod:Defend+1","hexamod:Defend","hexamod:Defend+1","hexamod:Sear","hexamod:Float+1","hexamod:TimeOfNeed+1","hexamod:ShieldOfDarkness","hexamod:InspiringFlames","hexamod:Firestarter+1","hexamod:HauntingEcho","hexamod:SpectersWail","hexamod:Rewind+1","hexamod:Hexaguard","hexamod:EtherealExpedition+1","hexamod:ApocalypticArmor","hexamod:PhantomFireball","hexamod:SkipABeat","hexamod:ThermalTransfer+1","hexamod:ThirdSeal","hexamod:ForkedFlame"],"relics":["hexamod:SpiritBrand","downfall:HeartBlessingRed","PreservedInsect","War Paint","hexamod:IceCube","downfall:HeartBlessingBlue"],"acts_visited":["Exordium","TheCity"],"potions_floor_usage":[29,29],"damage_taken":[{"damage":2.0,"enemies":"Jaw Worm","floor":2.0,"turns":3.0},{"damage":0.0,"enemies":"Cultist","floor":3.0,"turns":4.0},{"damage":0.0,"enemies":"Small Slimes","floor":4.0,"turns":3.0},{"damage":0.0,"enemies":"downfall:FleeingMerchant","floor":8.0,"turns":4.0},{"damage":15.0,"enemies":"Gremlin Gang","floor":9.0,"turns":6.0},{"damage":3.0,"enemies":"3 Louse","floor":11.0,"turns":3.0},{"damage":4.0,"enemies":"Gremlin Nob","floor":12.0,"turns":3.0},{"damage":2.0,"enemies":"Exordium Wildlife","floor":14.0,"turns":2.0},{"damage":2.0,"enemies":"Large Slime","floor":15.0,"turns":5.0},{"damage":21.0,"enemies":"DF_ARCHETYPE_STREAMLINE","floor":16.0,"turns":14.0},{"damage":0.0,"enemies":"Spheric Guardian","floor":19.0,"turns":5.0},{"damage":0.0,"enemies":"Shell Parasite","floor":20.0,"turns":5.0},{"damage":14.0,"enemies":"Centurion and Healer","floor":22.0,"turns":7.0},{"damage":1.0,"enemies":"3 Cultists","floor":25.0,"turns":5.0},{"damage":22.0,"enemies":"Snake Plant","floor":27.0,"turns":3.0},{"damage":5.0,"enemies":"downfall:FleeingMerchant","floor":28.0,"turns":4.0},{"damage":53,"enemies":"Gremlin Leader","floor":29,"turns":5}],"seed_played":"3985350633161374631","potions_obtained":[{"floor":3.0,"key":"ColorlessPotion"},{"floor":4.0,"key":"Weak Potion"},{"floor":9.0,"key":"Block Potion"},{"floor":11.0,"key":"DuplicationPotion"},{"floor":12.0,"key":"AttackPotion"},{"floor":16.0,"key":"DistilledChaos"},{"floor":19.0,"key":"SteroidPotion"}],"is_trial":false,"path_per_floor":["R","M","M","M","?","R","T","$","M","R","M","E","R","M","M","B",null,"R","M","M","?","M","R","T","M","R","M","$","E"],"character_chosen":"THE_SPIRIT","items_purchased":["hexamod:SpectersWail"],"campfire_rested":1,"item_purchase_floors":[8],"current_hp_per_floor":[63,61,61,61,61,61,61,61,46,46,43,39,39,37,35,14,56,56,56,56,56,42,63,63,62,72,50,45,0,0,0],"gold":119,"neow_bonus":"THREE_RARE_CARDS","is_daily":false,"chose_seed":false,"campfire_upgraded":5,"win_rate":0.0,"timestamp":1611892195,"path_taken":["R","M","M","M","?","R","T","$","?","R","M","E","R","M","M","BOSS","R","M","M","?","M","R","T","M","R","M","$","E"],"items_purchased_type":["Card"],"build_version":"2020-12-22","purchased_purges":1,"victory":false,"max_hp_per_floor":[70,70,70,70,70,70,70,70,70,70,70,70,70,70,70,70,70,70,70,70,70,70,70,70,70,80,80,80,80,80,80],"card_choices":[{"not_picked":["hexamod:ApocalypseNow","hexamod:UnlimitedPower"],"picked":"hexamod:TimeOfNeed","floor":0.0},{"not_picked":["hexamod:AdvancingGuard","hexamod:ChargedBarrage"],"picked":"hexamod:ShieldOfDarkness","floor":2.0},{"not_picked":["hexamod:FlamesFromBeyond","hexamod:NightmareGuise"],"picked":"hexamod:InspiringFlames","floor":3.0},{"not_picked":["hexamod:RecurringNightmare","hexamod:RadiantFlame"],"picked":"hexamod:Firestarter","floor":4.0},{"not_picked":["hexamod:ShieldOfDarkness","hexamod:GhostOfSpireFuture"],"picked":"hexamod:HauntingEcho","floor":8.0},{"not_picked":["hexamod:GhostOfSpireFuture","hexamod:FlameSwitch"],"picked":"hexamod:Rewind","floor":9.0},{"not_picked":["hexamod:Firestarter","hexamod:HeatShield"],"picked":"hexamod:Hexaguard","floor":11.0},{"not_picked":["hexamod:InspiringFlames","hexamod:DynamicBlow","hexamod:SpectersWail"],"picked":"SKIP","floor":12.0},{"not_picked":["hexamod:Hexaguard","hexamod:ShieldOfDarkness"],"picked":"hexamod:EtherealExpedition","floor":14.0},{"not_picked":["hexamod:SecondSeal","hexamod:Hexaguard","hexamod:NightmareStrike"],"picked":"SKIP","floor":15.0},{"not_picked":["hexamod:UnlimitedPower","hexamod:TimeOfNeed"],"picked":"hexamod:ApocalypticArmor","floor":16.0},{"not_picked":["hexamod:SpectersWail","hexamod:Firestarter"],"picked":"hexamod:PhantomFireball","floor":19.0},{"not_picked":["hexamod:FlamesFromBeyond","hexamod:InspiringFlames"],"picked":"hexamod:SkipABeat","floor":20.0},{"not_picked":["hexamod:Again","hexamod:GhostLash","hexamod:HeatCrush"],"picked":"SKIP","floor":22.0},{"not_picked":["hexamod:Hexaguard","hexamod:SwordOfDarkness"],"picked":"hexamod:ThermalTransfer+1","floor":25.0},{"not_picked":["hexamod:GhostOfSpireFuture+1","hexamod:AdvancingGuard+1"],"picked":"hexamod:ThirdSeal","floor":27.0},{"not_picked":["hexamod:FlamesFromBeyond+1","hexamod:PhantomFireball"],"picked":"hexamod:ForkedFlame","floor":28.0}],"player_experience":1877304,"relics_obtained":[{"floor":7.0,"key":"PreservedInsect"},{"floor":12.0,"key":"War Paint"}],"event_choices":[{"damage_healed":0.0,"max_hp_gain":0.0,"max_hp_loss":0.0,"gold_gain":0.0,"event_name":"FaceTrader","player_choice":"Leave","floor":21.0,"gold_loss":0.0,"damage_taken":0.0}],"is_beta":false,"boss_relics":[{"not_picked":["Coffee Dripper","Tiny House"],"picked":"hexamod:IceCube"}],"items_purged_floors":[28],"is_endless":false,"potions_floor_spawned":[3,4,9,11,12,16,19,22],"killed_by":"Gremlin Leader","ascension_level":6}}