{"host":"avq773cl9g5msfol","time":1611932197,"event":{"mods":["100% Spire Juice","AchievementEnabler","Act Like it!","Ascension Unlocker","Aspiration","Astrologer","Bard","Bartender","BaseMod","Better Altar","Better Third Choice","BetterRewards","CapriCore","ChefMod","Colored Map","Colored Powertips","Conspire","Dio Mod","Downfall","Elementarium","Energized Spire","Gensokyo","GifTheSpireLib","GungeonMod","Hallownest","Hermit","Highlight Path","Hubris","Humility","Infinite Spire","Jorbs\u0027s Wanderer Trilogy","Koishi","Magitek Elite","Marisa????????","Marked Mod","Menagerie","Minty Spire (QoL Compilation)","Pale of the Ancients","Potionbrewer","Quarter Circle Forward PUNCH!","Rare Cards Sparkle","Reimu??????","Relic Stats","Reliquary","Remilia??????","Replay The Spire","SacredBarkPlus","Shade Mod","Somnambulant","Spicy Shops","Spire Arcade","StSLib","The Administrix","The Blue Laboratory","The Bug Knight","The Construct","The Cursed","The Disciple","The Dragon Tamer","The Exalted","The Hayseed","The Hierophant","The Immortal","The Marked","The Mystic","The Problem Sleuth","The Runesmith","The Senshi","The Vixen","The Wild Card","TheFirefly","Wandering Minibosses","Yakumo Yukari mod","vexMod"],"gold_per_floor":[116,134,151,171,171,171,187,221,221,252,80,99,99,99,99,172,172,183,196,207,121,121,121,136,163,189,189,189,206,216,247,247,321,321,335,400,400,410,410,437,455,474,498,518,518,553,553,566,566,566,566,581,592,592,592,592,604,604,604,604,604],"floor_reached":62,"language":"ENG","playtime":5432,"items_purged":["BowlingBash+1","Wireheading+1","Collect+1","LikeWater+1"],"score":3684,"play_id":"70664459-bc5e-4b17-a992-120942163b0f","local_time":"20210129215637","is_ascension_mode":true,"campfire_choices":[{"data":"Prostrate","floor":6.0,"key":"SMITH"},{"data":"ReplayTheSpireMod:Black Plague","floor":15.0,"key":"SMITH"},{"data":"Vigilance","floor":23.0,"key":"SMITH"},{"data":"Eruption","floor":28.0,"key":"SMITH"},{"floor":32,"key":"RECALL"},{"data":"FlurryOfBlows","floor":49,"key":"SMITH"},{"data":"Replay:ManipulateFuture","floor":56,"key":"SMITH"},{"floor":58,"key":"REST"}],"circlet_count":0,"master_deck":["AscendersBane","Eruption+1","Vigilance+1","WreathOfFlame+1","MasterReality+1","BowlingBash+1","DevaForm+1","Scrawl+1","Crescendo+1","Weave+1","Wireheading+1","JustLucky+1","Wallop+1","Evaluate+1","Protect+1","Consecrate+1","Nirvana+1","ClearTheMind+1","Replay:BluntJabs+1","SandsOfTime+1","Prostrate+1","Swivel+1","Replay:LoomingThreat+1","Replay:DivineShield+1","Weave+1","WindmillStrike+1","DeceiveReality+1","TalkToTheHand+1","Prostrate+1","Replay:ManipulateFuture+1","ConjureBlade+1","ReplayTheSpireMod:Black Plague+1","DeusExMachina+1","JustLucky+1","Devotion+1","Replay:LoomingThreat+1","Pray+1","Hallownest:curseDreamersLament","Weave+1","FlurryOfBlows+1","Brilliance+1","Wish+1","Establishment+1"],"relics":["PureWater","Golden Egg","Replay:Towering Pillar of Hats","reliquary:JackalopeAntler","champ:DuelingGlove","reliquary:HotPoker","Lee\u0027s Waffle","reliquary:PrincelyHelmet","Melange","hexamod:Sixitude","Bromod:ArcaneNullifier","hubris:CuriousFeather","potionbrewer:Keyblade","Yang","Calipers","White_Cape","Anchor","Membership Card","conspire:Dentures","reliquary:MudwinsCradle","DemoMod:SevenLeafClover","OrangePellets","DemoMod:GlassGuonStoneRelic","CloakClasp","DemoMod:ClearGuonStone","Lizard Tail","hubris:EvacipatedBox","sneckomod:SneckoTalon","wanderingMiniBosses:ThiefScarf","Damaru","qcfpunch:Combat_Fatigues","reliquary:WeakTea","hubris:Potato","conspire:SlowCooker","reliquary:OuijaBoard","Hallownest:BeastSealRelic","Strawberry","infinitespire:PuzzleCube","DemoMod:Antibody","TheVixenMod:UmbreonRelic","Singing Bowl","paleoftheancients:Timepiece","paleoftheancients:KeyRelic","Ice Cream","paleoftheancients:SoulOfTheWokeBloke","vexMod:PlasmaPancake","Pondfish Scales","conspire:Boomerang","Onion Ring"],"acts_visited":["Gensokyo:Gensokyo","TheCity","Hallownest:KingdomsEdge","paleoftheancients:PaleOfTheAncients"],"potions_floor_usage":[36],"damage_taken":[{"damage":0.0,"enemies":"Gensokyo:3_Fairies","floor":1.0,"turns":3.0},{"damage":0.0,"enemies":"Gensokyo:Gryphon","floor":2.0,"turns":3.0},{"damage":0.0,"enemies":"Gensokyo:2_Kodama","floor":3.0,"turns":2.0},{"damage":0.0,"enemies":"Gensokyo:2_Rabbits","floor":4.0,"turns":3.0},{"damage":0.0,"enemies":"Gensokyo:3_Kodama","floor":7.0,"turns":2.0},{"damage":0.0,"enemies":"Gensokyo:Aya","floor":8.0,"turns":4.0},{"damage":0.0,"enemies":"Gensokyo:Cirno","floor":10.0,"turns":4.0},{"damage":0.0,"enemies":"Gensokyo:Gryphon_and_Rabbit","floor":12.0,"turns":2.0},{"damage":0.0,"enemies":"Gensokyo:Reimu","floor":16.0,"turns":4.0},{"damage":0.0,"enemies":"Shell Parasite","floor":18.0,"turns":3.0},{"damage":0.0,"enemies":"2 Thieves","floor":19.0,"turns":1.0},{"damage":0.0,"enemies":"Shelled Parasite and Fungi","floor":20.0,"turns":2.0},{"damage":0.0,"enemies":"Sentry and Sphere","floor":24.0,"turns":2.0},{"damage":0.0,"enemies":"conspire:SneckoGhost","floor":25.0,"turns":2.0},{"damage":0,"enemies":"Centurion and Healer","floor":29,"turns":2},{"damage":0,"enemies":"Snake Plant","floor":30,"turns":3},{"damage":0,"enemies":"Book of Stabbing","floor":31,"turns":4},{"damage":0,"enemies":"StardustCrusaders","floor":33,"turns":5},{"damage":0,"enemies":"Hallownest:Shield_Heavy","floor":35,"turns":3},{"damage":0,"enemies":"Hallownest:2_Primals","floor":36,"turns":3},{"damage":0,"enemies":"Hallownest:2_Littles","floor":38,"turns":3},{"damage":0,"enemies":"Hallownest:eliteHiveKnight","floor":40,"turns":3},{"damage":0,"enemies":"Hallownest:Shield_Sturdy","floor":41,"turns":4},{"damage":0,"enemies":"Hallownest:2_Wing_and_1_Kings","floor":42,"turns":3},{"damage":0,"enemies":"Hallownest:monsterPrimalAspid","floor":44,"turns":3},{"damage":0,"enemies":"Hallownest:monsterPrimalAspid","floor":45,"turns":3},{"damage":0,"enemies":"Hallownest:StalkingDevout","floor":46,"turns":3},{"damage":0,"enemies":"Hallownest:Xero_Hu_Marmu","floor":48,"turns":3},{"damage":0,"enemies":"Hallownest:BossGreyPrinceZote","floor":50,"turns":5},{"damage":0,"enemies":"Hallownest:BossHollowKnight","floor":51,"turns":3},{"damage":0,"enemies":"Hallownest:BossHollowKnight","floor":52,"turns":5},{"damage":0,"enemies":"Hallownest:BossHollowKnight","floor":53,"turns":4},{"damage":0,"enemies":"Hallownest:BossHollowKnight","floor":57,"turns":5},{"damage":0,"enemies":"paleoftheancients:N","floor":61,"turns":6}],"seed_played":"-2894085410635668171","potions_obtained":[{"floor":18.0,"key":"Energy Potion"},{"floor":42,"key":"blueLaboratory:MidnightOil"}],"is_trial":false,"path_per_floor":["M","M","M","M","?","R","M","E","T","E","$","M","$","?","R","B",null,"M","M","M","$","?","R","M","E","T","?","R","M","M","E","R_BF","B",null,"M","?","?","M","?","E","M","M","T","M","?","E","?","M","R","B","B","M","M","?","T","R","M","R","T","?","B",null],"character_chosen":"WATCHER","items_purchased":["Replay:Towering Pillar of Hats","Weave","Wireheading","JustLucky","reliquary:JackalopeAntler","Wallop","Evaluate","Protect","champ:DuelingGlove","Consecrate","reliquary:HotPoker","Lee\u0027s Waffle","reliquary:PrincelyHelmet","Collect","Nirvana","Melange","MagicPotion:ReiMu","ClearTheMind","Replay:BluntJabs","SandsOfTime+1","Prostrate","hexamod:Sixitude","Swivel","Replay:LoomingThreat","Bromod:ArcaneNullifier","hubris:CuriousFeather","Replay:DivineShield","FairyPotion","potionbrewer:Keyblade","Yang","Weave","WindmillStrike","Calipers","DeceiveReality","White_Cape","Anchor","TalkToTheHand","Membership Card","conspire:Dentures","reliquary:MudwinsCradle","DemoMod:SevenLeafClover","OrangePellets","Lizard Tail","hubris:EvacipatedBox","Damaru"],"campfire_rested":1,"item_purchase_floors":[0,0,0,0,0,0,0,0,0,0,0,0,0,0,0,0,0,0,0,0,0,0,0,0,0,0,0,0,0,0,0,0,0,0,0,0,0,0,0,0,0,0,11,13,21],"current_hp_per_floor":[75,75,75,75,75,75,75,75,75,75,75,75,56,39,39,39,66,66,66,66,66,66,66,66,66,66,73,73,73,73,73,73,73,75,75,75,75,75,75,82,82,82,82,82,82,84,84,86,86,86,90,92,94,94,100,100,100,100,100,100,100],"gold":604,"neow_bonus":"","is_daily":false,"chose_seed":false,"campfire_upgraded":6,"win_rate":0.0,"timestamp":1611932197,"path_taken":["M","M","M","M","?","R","M","E","T","E","$","M","?","?","R","BOSS","M","?","M","?","?","R","?","E","T","?","R","M","M","E","R_BF","BOSS","M","?","?","M","?","E","M","M","T","?","?","E","?","M","R","BOSS","BOSS","M","M","?","T","R","M","R","T","?","BOSS"],"items_purchased_type":["Relic","Card","Card","Card","Relic","Card","Card","Card","Relic","Card","Relic","Relic","Relic","Card","Card","Relic","Potion","Card","Card","Card","Card","Relic","Card","Card","Relic","Relic","Card","Potion","Relic","Relic","Card","Card","Relic","Card","Relic","Relic","Card","Relic","Relic","Relic","Relic","Relic","Relic","Relic","Relic"],"build_version":"2020-12-22","purchased_purges":4,"victory":true,"max_hp_per_floor":[75,75,75,75,75,75,75,75,75,75,75,75,75,75,75,75,75,75,75,75,75,75,75,75,75,75,75,75,75,75,75,75,75,75,75,75,75,75,75,82,82,82,82,82,82,84,84,86,86,86,90,92,94,94,100,100,100,100,100,100,100],"relic_stats":{"OrangePellets":[120],"Lee\u0027s Waffle":14,"Lizard Tail":0,"Singing Bowl":8,"counters":[164,596],"Melange":[3],"Yang":[377],"CloakClasp":[320],"obtain_stats":[{"ScarletDevilRocket":34,"TheSimpletonMod:WoodChipper":57,"vexMod:RockOfEvil":34,"Replay:Wanted Poster":34,"conspire:GlowingRock":6,"infinitespire:ShieldingShard":0,"qcfpunch:Lotus_Statue":52,"hubris:AstralHammer":57,"qcfpunch:Red_Cyclone_Teachings":26,"aspiration:DSix":44,"DemoMod:OrangeGuonStone":0,"TentaclePot:ReiMu":20,"Pen Nib":27,"infinitespire:EvilPickle":37,"qcfpunch:Broken_Tusk":46,"reliquary:BrokenClock":53,"paleoftheancients:SoulOfTheShowman":53,"vexMod:PlasmaPancake":55,"Singing Bowl":46,"Mythril_Glove":38,"hubris:EmptyBottle":0,"Ancient Tea Set":41,"qcfpunch:Wild_Herbs_Ointment":30,"AntiCross":6,"hubris:CuriousFeather":0,"DemoMod:GnawedKey":0,"qcfpunch:Cattail":44,"InkBottle":28,"Potion Belt":0,"Lee\u0027s Waffle":0,"Runesmith:Nanobots":6,"hubris:64BitClover":9,"Guardian:GemstoneGun":0,"DemoMod:Antibody":43,"PreservedInsect":0,"infinitespire:Lucky Rock":6,"hubris:Towel":1,"Bromod:ArcaneDeflection":31,"Garlic":30,"Runesmith:AutoHammer":46,"hexamod:BolsterEngine":33,"Ice Cream":51,"DemoMod:BlueGuonStone":48,"Calipers":0,"DemoMod:GlassGuonStoneRelic":11,"DemoMod:RiddleOfLead":34,"HollowMod:StagPassRelic":36,"MarkedMod:AcupunctureKit":31,"qcfpunch:Handcuffs":44,"DemoMod:ClearGuonStone":10,"Girya":9,"paleoftheancients:KeyRelic":51,"Choco_Feather":8,"wanderingMiniBosses:MasterThiefsPresence":22,"sneckomod:SneckoTalon":17,"reliquary:JackalopeAntler":0,"OrangePellets":42,"paleoftheancients:SoulOfTheWokeBloke":52,"Onion Ring":35,"infinitespire:EmpoweringShard":43,"Mirror":40,"reliquary:PrincelyHelmet":0,"reliquary:Firecrackers":40,"Melange":0,"aspiration:TomeofQuesting":43,"Yang":0,"Juzu Bracelet":0,"expansioncontent:StudyCardRelic":20,"Replay:Mystery Machine":13,"conspire:TopHat":26,"DemoMod:SevenLeafClover":0,"reliquary:HotPoker":0,"TheVixenMod:UmbreonRelic":45,"TheSimpletonMod:GardenGlove":48,"Hallownest:BeastSealRelic":37,"hubris:KleinBottle":46,"Hallownest:SalubrasBlessingRelic":10,"qcfpunch:Army_Boots":13,"aspiration:RunicSpoon":0,"Pondfish Scales":55,"vexMod:BarristanHead":40,"infinitespire:Satchel":30,"Runesmith:UraniumAnvil":34,"Bag of Marbles":42,"Membership Card":0,"Gem_Box":29,"potionbrewer:Keyblade":0,"DemoMod:Bottle":0,"DemoMod:VorpalBullet":24,"FossilizedHelix":0,"Golden Egg":0,"infinitespire:BottledMercury":43,"vexMod:MemoryStick":43,"Bromod:ArcaneNullifier":0,"Runesmith:Locket":51,"wanderingMiniBosses:OtherGremlinHorn":31,"Ginger":23,"Replay:Ringing Soul":26,"vexMod:CardConverter":33,"vexMod:EndlessSickness":17,"DemoMod:MeltedRock":14,"DemoMod:LamentConfigurum":20,"construct:RocketBooster":24,"Gensokyo:TheCrow":41,"theSenshi:MoonKaleidoScopeRelic":41,"HollowMod:JonisBlessing":0,"Guardian:PocketSentry":11,"reliquary:WeakTea":26,"aspiration:FrozenJewel":0,"qcfpunch:Combat_Fatigues":26,"SlaversCollar":40,"Elementarium:ElementariumTrophy":33,"qcfpunch:School_Backpack":50,"Pandora\u0027s Box":0,"energizedSpire:MagnifyingGlass":28,"reliquary:MudwinsCradle":0,"infinitespire:PuzzleCube":43,"Lantern":0,"StoneCalendar":40,"AdministrixMod:CrackedTaijitu":0,"wanderingMiniBosses:AbyssPearl":37,"Bag of Preparation":53,"White_Cape":0,"qcfpunch:Crimson_Sash":4,"hubris:EvacipatedBox":13,"Ring of Peace":27,"WingedGreaves":2,"AdministrixMod:DragonsEyeCharm":0,"construct:ClawGrip":17,"Damaru":21,"The Courier":26,"DemoMod:PinkGuonStone":0,"Protect_Vest":49,"Omamori":52,"infinitespire:CheckeredPen":6,"MawBank":10,"GoldenEye":38,"bronze:BronzeIdol":38,"PureWhite:ReiMu":26,"Bromod:ArcaneBarrier":29,"Bottled Lightning":48,"AdministrixMod:PrescriptionBottle":0,"ReplayTheSpireMod:Lightbulb":23,"wanderingMiniBosses:Inkheart":20,"Elementarium:FlickeringLantern":21,"DemoMod:GreenGuonStone":0,"reliquary:OuijaBoard":36,"champ:DuelingGlove":0,"hubris:CrystalStatue":0,"Menagerie:HuntersKnife":5,"Vajra":0,"Tea:ReiMu":36,"AdministrixMod:ConductorRitualBaton":0,"Lizard Tail":11,"Strawberry":40,"vexMod:RetaliationKit":31,"conspire:Dentures":0,"wanderingMiniBosses:ThiefScarf":18,"vexMod:ScavengeHelm":61,"Dead Branch":0,"Oddly Smooth Stone":28,"conspire:SlowCooker":34,"conspire:Boomerang":25,"aspiration:SeaSaltIceCream":4,"War Paint":29,"paleoftheancients:Timepiece":51,"Bottled Flame":13,"Replay:Baseball":29,"ReplayTheSpireMod:Shallot":4,"Bronze Scales":46,"ReplayTheSpireMod:TigerMarble":9,"hermit:Momento":0,"Bromod:ArcaneAvenger":19,"ReplayTheSpireMod:Ring of Exchange":27,"SacredBark":34,"conspire:SpecialSausage":3,"Hallownest:DreamNailRelic":3,"hubris:SlimyHat":0,"CloakClasp":9,"DemoMod:WhiteGuonStone":0,"ClockworkSouvenir":0,"Frozen Eye":29,"Replay:Bandana":19,"energizedSpire:CursedPentagram":17,"Bromod:ArcaneTrickery":0,"Bromod:ArcaneTempo":24,"Genji_Glove":45,"qcfpunch:Wrestler\u0027s_Cloak":0,"Cracked Core":0,"hubris:DisguiseKit":27,"ReplayTheSpireMod:Ninjato":3,"Replay:Towering Pillar of Hats":0,"infinitespire:CursedDice":43,"aspiration:FetidBarrel":24,"Quantum Egg":2,"hexamod:Sixitude":0,"aspiration:HummingbirdHeart":55,"aspiration:SecretTechniqueScroll":17,"Anchor":0,"infinitespire:WardingShard":6,"vexMod:HeadHunter":0,"LetterFromLob":1,"qcfpunch:Red_Headband":24,"PureWater":0,"hubris:Potato":31},{"ScarletDevilRocket":92,"TheSimpletonMod:WoodChipper":162,"vexMod:RockOfEvil":36,"Replay:Wanted Poster":17,"conspire:GlowingRock":2,"infinitespire:ShieldingShard":78,"qcfpunch:Lotus_Statue":160,"hubris:AstralHammer":162,"qcfpunch:Red_Cyclone_Teachings":32,"aspiration:DSix":98,"DemoMod:OrangeGuonStone":107,"TentaclePot:ReiMu":141,"Pen Nib":64,"infinitespire:EvilPickle":71,"qcfpunch:Broken_Tusk":40,"reliquary:BrokenClock":161,"paleoftheancients:SoulOfTheShowman":105,"vexMod:PlasmaPancake":162,"Singing Bowl":157,"Mythril_Glove":19,"hubris:EmptyBottle":24,"Ancient Tea Set":152,"qcfpunch:Wild_Herbs_Ointment":145,"AntiCross":2,"hubris:CuriousFeather":24,"DemoMod:GnawedKey":43,"qcfpunch:Cattail":72,"InkBottle":64,"Potion Belt":43,"Lee\u0027s Waffle":43,"Runesmith:Nanobots":81,"hubris:64BitClover":53,"Guardian:GemstoneGun":43,"DemoMod:Antibody":154,"PreservedInsect":24,"infinitespire:Lucky Rock":52,"hubris:Towel":108,"Bromod:ArcaneDeflection":146,"Garlic":145,"Runesmith:AutoHammer":156,"hexamod:BolsterEngine":147,"Ice Cream":160,"DemoMod:BlueGuonStone":101,"Calipers":78,"DemoMod:GlassGuonStoneRelic":4,"DemoMod:RiddleOfLead":68,"HollowMod:StagPassRelic":149,"MarkedMod:AcupunctureKit":146,"qcfpunch:Handcuffs":154,"DemoMod:ClearGuonStone":137,"Girya":3,"paleoftheancients:KeyRelic":103,"Choco_Feather":3,"wanderingMiniBosses:MasterThiefsPresence":10,"sneckomod:SneckoTalon":139,"reliquary:JackalopeAntler":130,"OrangePellets":39,"paleoftheancients:SoulOfTheWokeBloke":161,"Onion Ring":148,"infinitespire:EmpoweringShard":127,"Mirror":39,"reliquary:PrincelyHelmet":130,"reliquary:Firecrackers":151,"Melange":130,"aspiration:TomeofQuesting":98,"Yang":107,"Juzu Bracelet":0,"expansioncontent:StudyCardRelic":141,"Replay:Mystery Machine":28,"conspire:TopHat":63,"DemoMod:SevenLeafClover":0,"reliquary:HotPoker":130,"TheVixenMod:UmbreonRelic":155,"TheSimpletonMod:GardenGlove":157,"Hallownest:BeastSealRelic":150,"hubris:KleinBottle":127,"Hallownest:SalubrasBlessingRelic":3,"qcfpunch:Army_Boots":84,"aspiration:RunicSpoon":0,"Pondfish Scales":162,"vexMod:BarristanHead":151,"infinitespire:Satchel":121,"Runesmith:UraniumAnvil":123,"Bag of Marbles":153,"Membership Card":24,"Gem_Box":144,"potionbrewer:Keyblade":130,"DemoMod:Bottle":78,"DemoMod:VorpalBullet":11,"FossilizedHelix":78,"Golden Egg":0,"infinitespire:BottledMercury":21,"vexMod:MemoryStick":72,"Bromod:ArcaneNullifier":130,"Runesmith:Locket":159,"wanderingMiniBosses:OtherGremlinHorn":35,"Ginger":118,"Replay:Ringing Soul":11,"vexMod:CardConverter":147,"vexMod:EndlessSickness":60,"DemoMod:MeltedRock":29,"DemoMod:LamentConfigurum":61,"construct:RocketBooster":32,"Gensokyo:TheCrow":72,"theSenshi:MoonKaleidoScopeRelic":152,"HollowMod:JonisBlessing":78,"Guardian:PocketSentry":27,"reliquary:WeakTea":144,"aspiration:FrozenJewel":43,"qcfpunch:Combat_Fatigues":144,"SlaversCollar":97,"Elementarium:ElementariumTrophy":36,"qcfpunch:School_Backpack":158,"Pandora\u0027s Box":24,"energizedSpire:MagnifyingGlass":64,"reliquary:MudwinsCradle":130,"infinitespire:PuzzleCube":154,"Lantern":43,"StoneCalendar":20,"AdministrixMod:CrackedTaijitu":78,"wanderingMiniBosses:AbyssPearl":95,"Bag of Preparation":161,"White_Cape":43,"qcfpunch:Crimson_Sash":25,"hubris:EvacipatedBox":138,"Ring of Peace":89,"WingedGreaves":25,"AdministrixMod:DragonsEyeCharm":78,"construct:ClawGrip":115,"Damaru":142,"The Courier":89,"DemoMod:PinkGuonStone":107,"Protect_Vest":41,"Omamori":160,"infinitespire:CheckeredPen":26,"MawBank":57,"GoldenEye":150,"bronze:BronzeIdol":150,"PureWhite:ReiMu":11,"Bromod:ArcaneBarrier":144,"Bottled Lightning":128,"AdministrixMod:PrescriptionBottle":78,"ReplayTheSpireMod:Lightbulb":88,"wanderingMiniBosses:Inkheart":117,"Elementarium:FlickeringLantern":117,"DemoMod:GreenGuonStone":43,"reliquary:OuijaBoard":150,"champ:DuelingGlove":130,"hubris:CrystalStatue":43,"Menagerie:HuntersKnife":45,"Vajra":78,"Tea:ReiMu":149,"AdministrixMod:ConductorRitualBaton":53,"Lizard Tail":137,"Strawberry":152,"vexMod:RetaliationKit":16,"conspire:Dentures":130,"wanderingMiniBosses:ThiefScarf":140,"vexMod:ScavengeHelm":163,"Dead Branch":53,"Oddly Smooth Stone":33,"conspire:SlowCooker":148,"conspire:Boomerang":89,"aspiration:SeaSaltIceCream":25,"War Paint":14,"paleoftheancients:Timepiece":103,"Bottled Flame":28,"Replay:Baseball":121,"ReplayTheSpireMod:Shallot":25,"Bronze Scales":100,"ReplayTheSpireMod:TigerMarble":26,"hermit:Momento":0,"Bromod:ArcaneAvenger":140,"ReplayTheSpireMod:Ring of Exchange":89,"SacredBark":92,"conspire:SpecialSausage":50,"Hallownest:DreamNailRelic":1,"hubris:SlimyHat":78,"CloakClasp":136,"DemoMod:WhiteGuonStone":53,"ClockworkSouvenir":24,"Frozen Eye":13,"Replay:Bandana":140,"energizedSpire:CursedPentagram":86,"Bromod:ArcaneTrickery":107,"Bromod:ArcaneTempo":118,"Genji_Glove":155,"qcfpunch:Wrestler\u0027s_Cloak":78,"Cracked Core":43,"hubris:DisguiseKit":119,"ReplayTheSpireMod:Ninjato":50,"Replay:Towering Pillar of Hats":107,"infinitespire:CursedDice":21,"aspiration:FetidBarrel":142,"Quantum Egg":1,"hexamod:Sixitude":130,"aspiration:HummingbirdHeart":105,"aspiration:SecretTechniqueScroll":6,"Anchor":107,"infinitespire:WardingShard":46,"vexMod:HeadHunter":0,"LetterFromLob":44,"qcfpunch:Red_Headband":62,"PureWater":107,"hubris:Potato":147},{"ScarletDevilRocket":319,"TheSimpletonMod:WoodChipper":585,"vexMod:RockOfEvil":123,"Replay:Wanted Poster":52,"conspire:GlowingRock":6,"infinitespire:ShieldingShard":264,"qcfpunch:Lotus_Statue":576,"hubris:AstralHammer":585,"qcfpunch:Red_Cyclone_Teachings":104,"aspiration:DSix":352,"DemoMod:OrangeGuonStone":405,"TentaclePot:ReiMu":517,"Pen Nib":209,"infinitespire:EvilPickle":234,"qcfpunch:Broken_Tusk":130,"reliquary:BrokenClock":581,"paleoftheancients:SoulOfTheShowman":389,"vexMod:PlasmaPancake":585,"Singing Bowl":565,"Mythril_Glove":60,"hubris:EmptyBottle":83,"Ancient Tea Set":549,"qcfpunch:Wild_Herbs_Ointment":525,"AntiCross":6,"hubris:CuriousFeather":83,"DemoMod:GnawedKey":147,"qcfpunch:Cattail":236,"InkBottle":209,"Potion Belt":147,"Lee\u0027s Waffle":147,"Runesmith:Nanobots":273,"hubris:64BitClover":171,"Guardian:GemstoneGun":147,"DemoMod:Antibody":556,"PreservedInsect":83,"infinitespire:Lucky Rock":169,"hubris:Towel":406,"Bromod:ArcaneDeflection":528,"Garlic":525,"Runesmith:AutoHammer":562,"hexamod:BolsterEngine":532,"Ice Cream":576,"DemoMod:BlueGuonStone":365,"Calipers":264,"DemoMod:GlassGuonStoneRelic":10,"DemoMod:RiddleOfLead":226,"HollowMod:StagPassRelic":540,"MarkedMod:AcupunctureKit":528,"qcfpunch:Handcuffs":556,"DemoMod:ClearGuonStone":507,"Girya":9,"paleoftheancients:KeyRelic":377,"Choco_Feather":9,"wanderingMiniBosses:MasterThiefsPresence":29,"sneckomod:SneckoTalon":513,"reliquary:JackalopeAntler":486,"OrangePellets":127,"paleoftheancients:SoulOfTheWokeBloke":581,"Onion Ring":537,"infinitespire:EmpoweringShard":473,"Mirror":127,"reliquary:PrincelyHelmet":486,"reliquary:Firecrackers":546,"Melange":486,"aspiration:TomeofQuesting":352,"Yang":405,"Juzu Bracelet":0,"expansioncontent:StudyCardRelic":517,"Replay:Mystery Machine":92,"conspire:TopHat":204,"DemoMod:SevenLeafClover":0,"reliquary:HotPoker":486,"TheVixenMod:UmbreonRelic":559,"TheSimpletonMod:GardenGlove":565,"Hallownest:BeastSealRelic":543,"hubris:KleinBottle":473,"Hallownest:SalubrasBlessingRelic":9,"qcfpunch:Army_Boots":280,"aspiration:RunicSpoon":0,"Pondfish Scales":585,"vexMod:BarristanHead":546,"infinitespire:Satchel":457,"Runesmith:UraniumAnvil":463,"Bag of Marbles":553,"Membership Card":83,"Gem_Box":523,"potionbrewer:Keyblade":486,"DemoMod:Bottle":264,"DemoMod:VorpalBullet":34,"FossilizedHelix":264,"Golden Egg":0,"infinitespire:BottledMercury":74,"vexMod:MemoryStick":236,"Bromod:ArcaneNullifier":486,"Runesmith:Locket":573,"wanderingMiniBosses:OtherGremlinHorn":115,"Ginger":447,"Replay:Ringing Soul":34,"vexMod:CardConverter":532,"vexMod:EndlessSickness":194,"DemoMod:MeltedRock":94,"DemoMod:LamentConfigurum":198,"construct:RocketBooster":104,"Gensokyo:TheCrow":236,"theSenshi:MoonKaleidoScopeRelic":549,"HollowMod:JonisBlessing":264,"Guardian:PocketSentry":89,"reliquary:WeakTea":523,"aspiration:FrozenJewel":147,"qcfpunch:Combat_Fatigues":523,"SlaversCollar":349,"Elementarium:ElementariumTrophy":123,"qcfpunch:School_Backpack":568,"Pandora\u0027s Box":83,"energizedSpire:MagnifyingGlass":209,"reliquary:MudwinsCradle":486,"infinitespire:PuzzleCube":556,"Lantern":147,"StoneCalendar":71,"AdministrixMod:CrackedTaijitu":264,"wanderingMiniBosses:AbyssPearl":341,"Bag of Preparation":581,"White_Cape":147,"qcfpunch:Crimson_Sash":85,"hubris:EvacipatedBox":509,"Ring of Peace":305,"WingedGreaves":85,"AdministrixMod:DragonsEyeCharm":264,"construct:ClawGrip":435,"Damaru":519,"The Courier":305,"DemoMod:PinkGuonStone":405,"Protect_Vest":131,"Omamori":576,"infinitespire:CheckeredPen":87,"MawBank":182,"GoldenEye":543,"bronze:BronzeIdol":543,"PureWhite:ReiMu":34,"Bromod:ArcaneBarrier":523,"Bottled Lightning":476,"AdministrixMod:PrescriptionBottle":264,"ReplayTheSpireMod:Lightbulb":298,"wanderingMiniBosses:Inkheart":444,"Elementarium:FlickeringLantern":444,"DemoMod:GreenGuonStone":147,"reliquary:OuijaBoard":543,"champ:DuelingGlove":486,"hubris:CrystalStatue":147,"Menagerie:HuntersKnife":152,"Vajra":264,"Tea:ReiMu":540,"AdministrixMod:ConductorRitualBaton":171,"Lizard Tail":507,"Strawberry":549,"vexMod:RetaliationKit":45,"conspire:Dentures":486,"wanderingMiniBosses:ThiefScarf":516,"vexMod:ScavengeHelm":590,"Dead Branch":171,"Oddly Smooth Stone":107,"conspire:SlowCooker":537,"conspire:Boomerang":305,"aspiration:SeaSaltIceCream":85,"War Paint":39,"paleoftheancients:Timepiece":377,"Bottled Flame":92,"Replay:Baseball":457,"ReplayTheSpireMod:Shallot":85,"Bronze Scales":360,"ReplayTheSpireMod:TigerMarble":87,"hermit:Momento":0,"Bromod:ArcaneAvenger":516,"ReplayTheSpireMod:Ring of Exchange":305,"SacredBark":319,"conspire:SpecialSausage":167,"Hallownest:DreamNailRelic":1,"hubris:SlimyHat":264,"CloakClasp":503,"DemoMod:WhiteGuonStone":171,"ClockworkSouvenir":83,"Frozen Eye":37,"Replay:Bandana":516,"energizedSpire:CursedPentagram":291,"Bromod:ArcaneTrickery":405,"Bromod:ArcaneTempo":447,"Genji_Glove":559,"qcfpunch:Wrestler\u0027s_Cloak":264,"Cracked Core":147,"hubris:DisguiseKit":451,"ReplayTheSpireMod:Ninjato":167,"Replay:Towering Pillar of Hats":405,"infinitespire:CursedDice":74,"aspiration:FetidBarrel":519,"Quantum Egg":1,"hexamod:Sixitude":486,"aspiration:HummingbirdHeart":389,"aspiration:SecretTechniqueScroll":16,"Anchor":405,"infinitespire:WardingShard":157,"vexMod:HeadHunter":0,"LetterFromLob":150,"qcfpunch:Red_Headband":202,"PureWater":405,"hubris:Potato":532}]},"card_choices":[{"not_picked":["MarkedMod:GentlePulse","Swivel","ForeignInfluence"],"picked":"SKIP","floor":1.0},{"not_picked":["Replay:AtTheReady","CutThroughFate"],"picked":"Prostrate","floor":2.0},{"not_picked":["SignatureMove","MentalFortress","DeceiveReality"],"picked":"SKIP","floor":3.0},{"not_picked":["MarkedMod:GentlePulse","Replay:BluntJabs"],"picked":"Replay:ManipulateFuture","floor":4.0},{"not_picked":["CutThroughFate","EmptyMind","Halt"],"picked":"SKIP","floor":7.0},{"not_picked":["MarkedMod:FirstStrike","Replay:ManipulateFuture","SashWhip"],"picked":"SKIP","floor":8.0},{"not_picked":["Scrawl","MarkedMod:ChiBlock"],"picked":"ConjureBlade","floor":9.0},{"not_picked":["ClearTheMind","WindmillStrike","MarkedMod:GentlePulse"],"picked":"SKIP","floor":10.0},{"not_picked":["CrushJoints","CutThroughFate","EmptyMind"],"picked":"SKIP","floor":12.0},{"not_picked":["ReplayTheSpireMod:Haul","infinitespire:NeuralNetwork"],"picked":"ReplayTheSpireMod:Black Plague","floor":14.0},{"not_picked":["Judgement","Scrawl"],"picked":"DeusExMachina","floor":16.0},{"not_picked":["FollowUp","FlurryOfBlows+1"],"picked":"JustLucky+1","floor":18.0},{"not_picked":["WheelKick","WindmillStrike","Nirvana+1"],"picked":"SKIP","floor":19.0},{"not_picked":["EmptyFist","Replay:Vibes","Replay:ManipulateFuture"],"picked":"SKIP","floor":20.0},{"not_picked":["ConjureBlade","InnerPeace","ReachHeaven"],"picked":"SKIP","floor":24.0},{"not_picked":["Protect","MarkedMod:OneThousandNeedles","Evaluate"],"picked":"SKIP","floor":25.0},{"not_picked":["Scrawl","Replay:AllIn"],"picked":"Devotion","floor":26.0},{"not_picked":["ThirdEye+1","Swivel","ConjureBlade"],"picked":"SKIP","floor":29},{"not_picked":["MarkedMod:Acupuncture+1","FlurryOfBlows+1","Tantrum"],"picked":"SKIP","floor":30},{"not_picked":["EmptyMind","EmptyBody","MarkedMod:FirstStrike"],"picked":"SKIP","floor":31},{"not_picked":["DeusExMachina","Alpha"],"picked":"Replay:LoomingThreat","floor":33},{"not_picked":["EmptyFist","Crescendo","MarkedMod:Acupuncture"],"picked":"SKIP","floor":35},{"not_picked":["Crescendo","DevaForm"],"picked":"Pray+1","floor":36},{"not_picked":["SignatureMove","Swivel"],"picked":"Weave+1","floor":38},{"not_picked":["FlurryOfBlows","ClearTheMind","Consecrate"],"picked":"SKIP","floor":40},{"not_picked":["ClearTheMind","Consecrate"],"picked":"FlurryOfBlows","floor":40},{"not_picked":["Halt+1","CutThroughFate","Consecrate+1"],"picked":"SKIP","floor":41},{"not_picked":["Collect","Replay:AtTheReady","Protect"],"picked":"SKIP","floor":42},{"not_picked":["Replay:AllIn","MarkedMod:NorthStar"],"picked":"Brilliance","floor":43},{"not_picked":["Halt","MarkedMod:FirstStrike","EmptyBody+1"],"picked":"SKIP","floor":44},{"not_picked":["Replay:AllIn","MarkedMod:GracefulMovements","Replay:ManipulateFuture"],"picked":"Singing Bowl","floor":46},{"not_picked":["CarveReality","Replay:DivineShield+1","Wireheading+1"],"picked":"Singing Bowl","floor":48},{"not_picked":["PathToVictory","MentalFortress","FlyingSleeves+1"],"picked":"Singing Bowl","floor":52},{"not_picked":["Protect+1","WheelKick+1","Evaluate"],"picked":"Singing Bowl","floor":53},{"not_picked":["Ragnarok","Vault"],"picked":"Wish","floor":55},{"not_picked":["EmptyBody","WreathOfFlame","Prostrate"],"picked":"SKIP","floor":57},{"not_picked":["Judgement","MarkedMod:NorthStar"],"picked":"Establishment","floor":59}],"player_experience":1393073,"relics_obtained":[{"floor":9.0,"key":"CloakClasp"},{"floor":10.0,"key":"DemoMod:ClearGuonStone"},{"floor":18.0,"key":"wanderingMiniBosses:ThiefScarf"},{"floor":26.0,"key":"qcfpunch:Combat_Fatigues"},{"floor":26.0,"key":"reliquary:WeakTea"},{"floor":31,"key":"hubris:Potato"},{"floor":36,"key":"reliquary:OuijaBoard"},{"floor":40,"key":"Strawberry"},{"floor":43,"key":"infinitespire:PuzzleCube"},{"floor":43,"key":"DemoMod:Antibody"},{"floor":46,"key":"Singing Bowl"},{"floor":52,"key":"paleoftheancients:SoulOfTheWokeBloke"},{"floor":55,"key":"vexMod:PlasmaPancake"},{"floor":55,"key":"Pondfish Scales"},{"floor":59,"key":"conspire:Boomerang"},{"floor":59,"key":"Onion Ring"}],"event_choices":[{"damage_healed":0.0,"max_hp_gain":0.0,"max_hp_loss":0.0,"gold_gain":0.0,"event_name":"Purifier","player_choice":"Ignored","floor":22.0,"gold_loss":0.0,"damage_taken":0.0},{"damage_healed":0,"gold_gain":0,"player_choice":"Fight the Beast\u0027s assailants","damage_taken":0,"relics_obtained":["TheVixenMod:UmbreonRelic"],"max_hp_gain":0,"max_hp_loss":0,"event_name":"Creature of the Night","floor":45,"gold_loss":0}],"is_beta":false,"boss_relics":[{"not_picked":["reliquary:Ember","vexMod:BigBerry","vexMod:ImprovementManual"],"picked":"sneckomod:SneckoTalon"},{"not_picked":["aspiration:BardSkillbook","Snecko Eye","vexMod:CursedCompass"],"picked":"conspire:SlowCooker"}],"items_purged_floors":[0,0,0,0],"is_endless":false,"potions_floor_spawned":[3,7,8,10,18,29,31,35,40,42,45,46],"ascension_level":20,"is_humility":true}}