{"host":"zrwwt1jjq0fpdjej","time":1611926646,"event":{"mods":["AchievementEnabler","BaseMod","Colored Map","Minty Spire (QoL Compilation)","StSLib","SuperFastMode"],"gold_per_floor":[109,109,34,34,34,68,68,68,68,68,120,152,152,180,180,281,331,343,361,43,60,71,102,102,102,125,125,125,154,3,30,42,155,167,196,220,251,263,293,339,351,396,457,507,549,597,609,649,661,673,685,697,33,68,68],"floor_reached":56,"language":"KOR","playtime":4178,"items_purged":["Strike_G","Strike_G+1","Strike_G+1"],"score":2026,"play_id":"c066bdf0-d878-45a3-a883-ece9a00ffdd7","local_time":"20210129222406","is_ascension_mode":true,"campfire_choices":[{"floor":7.0,"key":"RECALL"},{"data":"Tactician","floor":15.0,"key":"SMITH"},{"floor":25.0,"key":"REST"},{"data":"Adrenaline","floor":28.0,"key":"SMITH"},{"data":"Noxious Fumes","floor":32.0,"key":"SMITH"},{"floor":41.0,"key":"DIG"},{"floor":47.0,"key":"DIG"},{"floor":49.0,"key":"REST"},{"floor":52.0,"key":"DIG"}],"circlet_count":0,"master_deck":["AscendersBane","Strike_G+1","Defend_G+1","Defend_G+1","Defend_G+1","Defend_G+1","Survivor+1","Neutralize+1","Dagger Throw+1","Flying Knee+1","Backflip","Tactician+1","Adrenaline+1","Noxious Fumes+1","Reflex","Deadly Poison+1","Bouncing Flask+1","Deflect+1","Terror+1","Poisoned Stab+1","Ghostly+1","Ghostly+1","Ghostly+1","Ghostly+1","Ghostly+1","Footwork","Prepared+1","Corpse Explosion+1","Concentrate+1","Dagger Spray+1","Crippling Poison+1","Leg Sweep+1","PiercingWail+1","Sucker Punch+1","Night Terror+1","Deadly Poison+1","Burst+1","Deadly Poison+1","PiercingWail+1","Acrobatics+1","Backflip+1","Deadly Poison+1","Deadly Poison+1"],"relics":["Ring of the Serpent","NeowsBlessing","Juzu Bracelet","Ice Cream","Nunchaku","Oddly Smooth Stone","Paper Crane","Potion Belt","Tiny House","Toxic Egg 2","Matryoshka","Vajra","Prayer Wheel","MawBank","Shovel","Ancient Tea Set","Regal Pillow","Letter Opener","Bottled Flame","Bronze Scales","CeramicFish","Pen Nib","InkBottle","Art of War","War Paint","TheAbacus","Whetstone"],"acts_visited":["Exordium","TheCity","TheBeyond","TheEnding"],"potions_floor_usage":[55,55,55,55],"damage_taken":[{"damage":0.0,"enemies":"2 Louse","floor":1.0,"turns":1.0},{"damage":0.0,"enemies":"Lagavulin","floor":6.0,"turns":1.0},{"damage":0.0,"enemies":"3 Sentries","floor":12.0,"turns":2.0},{"damage":4.0,"enemies":"Gremlin Nob","floor":14.0,"turns":4.0},{"damage":4.0,"enemies":"The Guardian","floor":16.0,"turns":17.0},{"damage":0.0,"enemies":"Shell Parasite","floor":18.0,"turns":6.0},{"damage":3.0,"enemies":"2 Thieves","floor":19.0,"turns":5.0},{"damage":20.0,"enemies":"Centurion and Healer","floor":21.0,"turns":7.0},{"damage":6.0,"enemies":"Sentry and Sphere","floor":22.0,"turns":4.0},{"damage":45.0,"enemies":"Slavers","floor":23.0,"turns":7.0},{"damage":11.0,"enemies":"Book of Stabbing","floor":29.0,"turns":7.0},{"damage":2.0,"enemies":"Slavers","floor":31.0,"turns":7.0},{"damage":6.0,"enemies":"Collector","floor":33.0,"turns":8.0},{"damage":1.0,"enemies":"3 Darklings","floor":35.0,"turns":4.0},{"damage":0.0,"enemies":"3 Shapes","floor":36.0,"turns":3.0},{"damage":3.0,"enemies":"Maw","floor":37.0,"turns":6.0},{"damage":4.0,"enemies":"4 Shapes","floor":39.0,"turns":4.0},{"damage":0.0,"enemies":"Nemesis","floor":40.0,"turns":7.0},{"damage":2.0,"enemies":"Giant Head","floor":42.0,"turns":9.0},{"damage":1.0,"enemies":"Nemesis","floor":44.0,"turns":7.0},{"damage":3.0,"enemies":"Sphere and 2 Shapes","floor":45.0,"turns":6.0},{"damage":2.0,"enemies":"Jaw Worm Horde","floor":46.0,"turns":4.0},{"damage":3.0,"enemies":"Writhing Mass","floor":48.0,"turns":5.0},{"damage":21.0,"enemies":"Donu and Deca","floor":50.0,"turns":8.0},{"damage":4.0,"enemies":"Shield and Spear","floor":54.0,"turns":6.0},{"damage":25,"enemies":"The Heart","floor":55,"turns":11}],"seed_played":"-4079278679889193862","potions_obtained":[{"floor":1.0,"key":"Fire Potion"},{"floor":12.0,"key":"Regen Potion"},{"floor":16.0,"key":"Fire Potion"},{"floor":17.0,"key":"ColorlessPotion"},{"floor":18.0,"key":"FearPotion"},{"floor":22.0,"key":"DuplicationPotion"},{"floor":23.0,"key":"LiquidBronze"},{"floor":29.0,"key":"Energy Potion"},{"floor":35.0,"key":"AttackPotion"},{"floor":37.0,"key":"AttackPotion"},{"floor":44.0,"key":"Ancient Potion"},{"floor":46.0,"key":"Weak Potion"},{"floor":48.0,"key":"Block Potion"}],"is_trial":false,"path_per_floor":["M","?","$","$","?","E","R","?","T","?","T","E","?","E","R","B",null,"M","M","$","M","M","E","?","R","T","?","R","E","$","E","R","B",null,"M","M","M","?","M","E","R","E","T","E","M","M","R","M","R","B",null,"R","$","E","B",null],"character_chosen":"THE_SILENT","items_purchased":["Toxic Egg 2","Bouncing Flask+1","Prepared+1","Art of War","War Paint","TheAbacus","Dexterity Potion","ColorlessPotion"],"campfire_rested":2,"item_purchase_floors":[20,20,30,53,53,53,53,53],"current_hp_per_floor":[63,63,63,63,60,60,60,65,65,65,65,65,65,61,61,57,76,76,73,73,53,47,17,17,41,41,40,40,29,29,27,27,21,35,34,34,31,31,27,27,27,25,25,24,21,19,19,16,40,19,35,35,35,31,6],"gold":68,"neow_bonus":"THREE_ENEMY_KILL","is_daily":false,"chose_seed":false,"campfire_upgraded":3,"win_rate":0.0,"timestamp":1611926646,"path_taken":["M","?","?","$","?","E","R","?","T","?","?","E","?","E","R","BOSS","M","M","$","M","M","E","?","R","T","?","R","E","$","E","R","BOSS","M","M","M","?","M","E","R","E","T","E","M","M","R","M","R","BOSS","R","$","E","BOSS"],"items_purchased_type":["Relic","Card","Card","Relic","Relic","Relic","Potion","Potion"],"build_version":"2020-12-22","purchased_purges":3,"victory":true,"max_hp_per_floor":[70,70,70,70,70,70,70,75,75,75,75,75,75,75,75,75,80,80,80,80,80,80,80,80,80,80,40,40,40,40,40,40,40,40,40,40,40,40,40,40,40,40,40,40,40,40,40,40,40,40,40,40,40,40,40],"card_choices":[{"not_picked":["Endless Agony","Prepared"],"picked":"Dagger Throw","floor":1.0},{"not_picked":["Masterful Stab","Infinite Blades"],"picked":"Flying Knee","floor":6.0},{"not_picked":["Finisher","Backstab"],"picked":"Backflip","floor":12.0},{"not_picked":["Cloak And Dagger","Deflect"],"picked":"Tactician","floor":14.0},{"not_picked":["After Image","Envenom"],"picked":"Adrenaline","floor":16.0},{"not_picked":["PiercingWail","Backflip"],"picked":"Noxious Fumes","floor":17.0},{"not_picked":["Accuracy+1","Dodge and Roll"],"picked":"Reflex","floor":18.0},{"not_picked":["Tactician","Backstab"],"picked":"Deadly Poison","floor":19.0},{"not_picked":["Quick Slash","Poisoned Stab"],"picked":"Deflect+1","floor":21.0},{"not_picked":["Skewer","Eviscerate"],"picked":"Terror+1","floor":22.0},{"not_picked":["Eviscerate+1","Dagger Throw"],"picked":"Poisoned Stab+1","floor":23.0},{"not_picked":["Cloak And Dagger+1","Caltrops"],"picked":"Footwork","floor":29.0},{"not_picked":["Calculated Gamble+1","Distraction+1","Choke"],"picked":"SKIP","floor":31.0},{"not_picked":["Adrenaline+1","Envenom"],"picked":"Corpse Explosion+1","floor":33.0},{"not_picked":["Masterful Stab+1","Flying Knee"],"picked":"Concentrate+1","floor":35.0},{"not_picked":["Poisoned Stab","Eviscerate"],"picked":"Dagger Spray+1","floor":35.0},{"not_picked":["Noxious Fumes","Bane+1"],"picked":"Crippling Poison+1","floor":36.0},{"not_picked":["Setup+1","Calculated Gamble+1"],"picked":"Leg Sweep+1","floor":36.0},{"not_picked":["Dagger Spray","Expertise+1"],"picked":"PiercingWail+1","floor":37.0},{"not_picked":["Flying Knee+1","Finisher"],"picked":"Sucker Punch+1","floor":37.0},{"not_picked":["Deflect+1","Dagger Spray","Die Die Die"],"picked":"SKIP","floor":39.0},{"not_picked":["Setup+1","Prepared+1","Quick Slash+1"],"picked":"SKIP","floor":39.0},{"not_picked":["Outmaneuver+1","Dodge and Roll+1"],"picked":"Night Terror+1","floor":40.0},{"not_picked":["Acrobatics+1","Eviscerate"],"picked":"Deadly Poison+1","floor":42.0},{"not_picked":["Dodge and Roll+1","Endless Agony+1"],"picked":"Burst+1","floor":44.0},{"not_picked":["Cloak And Dagger+1","Dagger Spray"],"picked":"Deadly Poison+1","floor":45.0},{"not_picked":["Escape Plan+1","Concentrate+1"],"picked":"PiercingWail+1","floor":45.0},{"not_picked":["Accuracy","Prepared+1"],"picked":"Acrobatics+1","floor":46.0},{"not_picked":["Expertise+1","Terror+1"],"picked":"Backflip+1","floor":46.0},{"not_picked":["Bane","Acrobatics+1"],"picked":"Deadly Poison+1","floor":48.0},{"not_picked":["Dagger Throw+1","Corpse Explosion+1"],"picked":"Deadly Poison+1","floor":48.0},{"not_picked":["Deadly Poison+1","Predator","Noxious Fumes"],"picked":"SKIP","floor":54.0}],"player_experience":235639,"relics_obtained":[{"floor":6.0,"key":"Ice Cream"},{"floor":9.0,"key":"Nunchaku"},{"floor":11.0,"key":"Oddly Smooth Stone"},{"floor":12.0,"key":"Paper Crane"},{"floor":14.0,"key":"Potion Belt"},{"floor":23.0,"key":"Matryoshka"},{"floor":26.0,"key":"Vajra"},{"floor":29.0,"key":"Prayer Wheel"},{"floor":31.0,"key":"MawBank"},{"floor":40.0,"key":"Ancient Tea Set"},{"floor":41.0,"key":"Regal Pillow"},{"floor":42.0,"key":"Letter Opener"},{"floor":43.0,"key":"Bottled Flame"},{"floor":43.0,"key":"Bronze Scales"},{"floor":44.0,"key":"CeramicFish"},{"floor":47.0,"key":"Pen Nib"},{"floor":52.0,"key":"InkBottle"},{"floor":54.0,"key":"Whetstone"}],"event_choices":[{"damage_healed":0.0,"max_hp_gain":0.0,"max_hp_loss":0.0,"gold_gain":0.0,"event_name":"Upgrade Shrine","player_choice":"Upgraded","floor":2.0,"gold_loss":0.0,"damage_taken":0.0,"cards_upgraded":["Neutralize"]},{"damage_healed":0.0,"max_hp_gain":0.0,"max_hp_loss":0.0,"gold_gain":0.0,"event_name":"Scrap Ooze","player_choice":"Success","floor":5.0,"gold_loss":0.0,"damage_taken":3.0,"relics_obtained":["Juzu Bracelet"]},{"damage_healed":0.0,"max_hp_gain":5.0,"max_hp_loss":0.0,"gold_gain":0.0,"event_name":"Big Fish","player_choice":"Donut","floor":8.0,"gold_loss":0.0,"damage_taken":0.0},{"cards_removed":["Defend_G"],"damage_healed":0.0,"max_hp_gain":0.0,"max_hp_loss":0.0,"gold_gain":0.0,"event_name":"Living Wall","player_choice":"Forget","floor":10.0,"gold_loss":0.0,"damage_taken":0.0},{"cards_removed":["Strike_G"],"damage_healed":0.0,"max_hp_gain":0.0,"max_hp_loss":0.0,"gold_gain":0.0,"event_name":"Purifier","player_choice":"Purged","floor":13.0,"gold_loss":0.0,"damage_taken":0.0},{"damage_healed":0.0,"max_hp_gain":0.0,"max_hp_loss":0.0,"gold_gain":0.0,"event_name":"Back to Basics","player_choice":"Simplicity","floor":24.0,"gold_loss":0.0,"damage_taken":0.0,"cards_upgraded":["Strike_G","Strike_G","Strike_G","Defend_G","Defend_G","Defend_G"]},{"damage_healed":0.0,"max_hp_gain":0.0,"max_hp_loss":40.0,"gold_gain":0.0,"event_name":"Ghosts","player_choice":"Became a Ghost","floor":27.0,"gold_loss":0.0,"damage_taken":0.0,"cards_obtained":["Ghostly","Ghostly","Ghostly","Ghostly","Ghostly"]},{"damage_healed":0.0,"max_hp_gain":0.0,"max_hp_loss":0.0,"gold_gain":0.0,"event_name":"WeMeetAgain","player_choice":"Gave Potion","floor":38.0,"gold_loss":0.0,"damage_taken":0.0,"relics_obtained":["Shovel"]}],"is_beta":false,"boss_relics":[{"not_picked":["Ectoplasm","Busted Crown"],"picked":"Tiny House"},{"not_picked":["Coffee Dripper","SacredBark"],"picked":"Ring of the Serpent"}],"items_purged_floors":[3,30,53],"is_endless":false,"potions_floor_spawned":[1,12,16,18,22,23,29,35,37,44,46,48],"ascension_level":10}}