{"host":"v711dtdb46xe9u7l","time":1611934407,"event":{"mods":["BaseMod","Bestiary","Highlight Path","Minty Spire (QoL Compilation)","Quick Restart","StSLib"],"gold_per_floor":[110,122,142,156,174,201,213,256,320,332,370,397,409,448,460,567,579,601,43,53,53,53,81,97,97,97,97,43,43,72,100,100,100,100],"floor_reached":33,"language":"ENG","playtime":1513,"items_purged":["Strike_R"],"score":470,"play_id":"8b25797a-9fe6-4a77-b07d-063ecfa88407","local_time":"20210129153327","is_ascension_mode":true,"campfire_choices":[{"data":"Heavy Blade","floor":7.0,"key":"SMITH"},{"data":"Cleave","floor":10.0,"key":"SMITH"},{"data":"Bash","floor":15.0,"key":"SMITH"},{"data":"Berserk","floor":25.0,"key":"SMITH"},{"data":"Pommel Strike","floor":27.0,"key":"SMITH"},{"data":"Flame Barrier","floor":32,"key":"SMITH"}],"circlet_count":0,"master_deck":["AscendersBane","Strike_R","Defend_R","Defend_R","Defend_R","Defend_R","Bash+1","Twin Strike","Inflame","Heavy Blade+1","Disarm","Cleave+1","Inflame","Pommel Strike+1","True Grit","Metallicize","Berserk+1","Disarm+1","Feel No Pain+1","Impatience","Second Wind","Sword Boomerang","Dual Wield+1","Flex","True Grit","Ghostly Armor","Rampage","Flame Barrier+1","Pommel Strike+1"],"relics":["Black Blood","NeowsBlessing","MawBank","Bag of Marbles","Centennial Puzzle","Meat on the Bone","Odd Mushroom","Frozen Egg 2","Nilry\u0027s Codex","Toy Ornithopter","Pocketwatch","Red Mask","Potion Belt"],"acts_visited":["Exordium","TheCity"],"potions_floor_usage":[31,33],"damage_taken":[{"damage":0.0,"enemies":"Cultist","floor":1.0,"turns":1.0},{"damage":0.0,"enemies":"Small Slimes","floor":2.0,"turns":1.0},{"damage":0.0,"enemies":"Jaw Worm","floor":3.0,"turns":1.0},{"damage":3.0,"enemies":"2 Fungi Beasts","floor":4.0,"turns":4.0},{"damage":8.0,"enemies":"Blue Slaver","floor":5.0,"turns":4.0},{"damage":21.0,"enemies":"Lagavulin","floor":6.0,"turns":6.0},{"damage":30.0,"enemies":"Gremlin Nob","floor":8.0,"turns":4.0},{"damage":21.0,"enemies":"Lagavulin","floor":11.0,"turns":7.0},{"damage":0.0,"enemies":"Large Slime","floor":12.0,"turns":2.0},{"damage":4.0,"enemies":"The Mushroom Lair","floor":14.0,"turns":3.0},{"damage":26.0,"enemies":"Slime Boss","floor":16.0,"turns":8.0},{"damage":8.0,"enemies":"3 Byrds","floor":18.0,"turns":5.0},{"damage":15.0,"enemies":"Spheric Guardian","floor":20.0,"turns":5.0},{"damage":11.0,"enemies":"Book of Stabbing","floor":23.0,"turns":7.0},{"damage":53.0,"enemies":"Chosen and Byrds","floor":24.0,"turns":8.0},{"damage":14.0,"enemies":"Masked Bandits","floor":30.0,"turns":2.0},{"damage":20,"enemies":"Slavers","floor":31,"turns":5},{"damage":62,"enemies":"Automaton","floor":33,"turns":6}],"seed_played":"-4664530516326582609","potions_obtained":[{"floor":1.0,"key":"Weak Potion"},{"floor":2.0,"key":"SpeedPotion"},{"floor":4.0,"key":"AttackPotion"},{"floor":12.0,"key":"EntropicBrew"},{"floor":16.0,"key":"SkillPotion"},{"floor":24.0,"key":"PowerPotion"},{"floor":30.0,"key":"SteroidPotion"},{"floor":31,"key":"Fire Potion"}],"is_trial":false,"path_per_floor":["M","M","M","M","M","E","R","E","T","R","E","M","?","?","R","B",null,"M","$","M","?","?","E","M","R","T","R","$","?","?","E","R","B"],"character_chosen":"IRONCLAD","items_purchased":["Frozen Egg 2","Feel No Pain+1","Impatience","Second Wind","True Grit"],"campfire_rested":0,"item_purchase_floors":[19,19,19,19,28],"current_hp_per_floor":[78,80,80,80,78,63,63,39,39,39,24,42,35,49,49,41,70,74,74,71,55,55,56,27,27,27,27,27,27,42,51,51,0,0],"gold":100,"neow_bonus":"THREE_ENEMY_KILL","is_daily":false,"chose_seed":false,"campfire_upgraded":6,"win_rate":0.0,"timestamp":1611934407,"path_taken":["M","M","?","M","M","E","R","E","T","R","E","M","?","?","R","BOSS","M","$","M","?","?","E","M","R","T","R","$","?","?","E","R","BOSS"],"items_purchased_type":["Relic","Card","Card","Card","Card"],"build_version":"2020-12-22","purchased_purges":1,"victory":false,"max_hp_per_floor":[80,80,80,80,80,80,80,80,80,80,80,80,80,80,80,80,80,80,80,80,80,80,80,80,80,80,80,80,80,80,80,80,80,80],"card_choices":[{"not_picked":["Intimidate","Iron Wave"],"picked":"Twin Strike","floor":1.0},{"not_picked":["Heavy Blade","Iron Wave"],"picked":"Inflame","floor":2.0},{"not_picked":["Cleave","Iron Wave"],"picked":"Heavy Blade","floor":3.0},{"not_picked":["Body Slam","Blood for Blood"],"picked":"Disarm","floor":4.0},{"not_picked":["Clash","Headbutt"],"picked":"Cleave","floor":5.0},{"not_picked":["Reckless Charge","Battle Trance"],"picked":"Inflame","floor":6.0},{"not_picked":["Corruption","Flex"],"picked":"Pommel Strike","floor":8.0},{"not_picked":["Iron Wave","Second Wind"],"picked":"True Grit","floor":11.0},{"not_picked":["Anger","Thunderclap"],"picked":"Metallicize","floor":12.0},{"not_picked":["Reaper","Juggernaut"],"picked":"Berserk","floor":16.0},{"not_picked":["Dropkick","Blood for Blood"],"picked":"Disarm+1","floor":18.0},{"not_picked":["Cleave","Clash+1"],"picked":"Sword Boomerang","floor":20.0},{"not_picked":["Flex","Havoc"],"picked":"Dual Wield+1","floor":23.0},{"not_picked":["Rupture+1","Hemokinesis"],"picked":"Flex","floor":24.0},{"not_picked":["Hemokinesis","Spot Weakness"],"picked":"Flame Barrier","floor":30.0},{"not_picked":["Body Slam","Evolve+1"],"picked":"Pommel Strike+1","floor":31}],"player_experience":407085,"relics_obtained":[{"floor":6.0,"key":"MawBank"},{"floor":8.0,"key":"Bag of Marbles"},{"floor":9.0,"key":"Centennial Puzzle"},{"floor":11.0,"key":"Meat on the Bone"},{"floor":14.0,"key":"Odd Mushroom"},{"floor":21.0,"key":"Nilry\u0027s Codex"},{"floor":23.0,"key":"Toy Ornithopter"},{"floor":26.0,"key":"Pocketwatch"},{"floor":30.0,"key":"Red Mask"},{"floor":31,"key":"Potion Belt"}],"event_choices":[{"cards_removed":["Strike_R"],"damage_healed":0.0,"max_hp_gain":0.0,"max_hp_loss":0.0,"gold_gain":0.0,"event_name":"Golden Wing","player_choice":"Card Removal","floor":13.0,"gold_loss":0.0,"damage_taken":7.0},{"damage_healed":0.0,"max_hp_gain":0.0,"max_hp_loss":0.0,"gold_gain":0.0,"event_name":"Mushrooms","player_choice":"Fought Mushrooms","floor":14.0,"gold_loss":0.0,"damage_taken":0.0},{"damage_healed":0.0,"max_hp_gain":0.0,"max_hp_loss":0.0,"gold_gain":0.0,"event_name":"Cursed Tome","player_choice":"Obtained Book","floor":21.0,"gold_loss":0.0,"damage_taken":16.0},{"damage_healed":0.0,"max_hp_gain":0.0,"max_hp_loss":0.0,"gold_gain":0.0,"event_name":"Ghosts","player_choice":"Ignored","floor":22.0,"gold_loss":0.0,"damage_taken":0.0},{"damage_healed":0.0,"max_hp_gain":0.0,"max_hp_loss":0.0,"gold_gain":0.0,"cards_transformed":["Strike_R","Strike_R"],"event_name":"Drug Dealer","player_choice":"Became Test Subject","floor":29.0,"gold_loss":0.0,"damage_taken":0.0,"cards_obtained":["Ghostly Armor","Rampage"]},{"damage_healed":0.0,"max_hp_gain":0.0,"max_hp_loss":0.0,"gold_gain":0.0,"event_name":"Masked Bandits","player_choice":"Fought Bandits","floor":30.0,"gold_loss":0.0,"damage_taken":0.0}],"is_beta":false,"boss_relics":[{"not_picked":["Coffee Dripper","Snecko Eye"],"picked":"Black Blood"}],"items_purged_floors":[19],"is_endless":false,"potions_floor_spawned":[1,2,4,12,16,24,30,31],"killed_by":"Automaton","ascension_level":11}}