{"host":"3uci9gpt6cwo3y1o","time":1611887678,"event":{"mods":["Aspiration","BaseMod","Energized Spire","Minty Spire (QoL Compilation)","MostiFishMod","Relic Filter Mod","Reliquary","StSLib","TestMod"],"gold_per_floor":[117,117,117,134,146,171,171,199,280,280,291,301,326,345,345,422,422,436,436,436,456,456,456,490,490,490,490,525,525,545,564,564,636,636,656,420,432,452,464,496,514,546,546,546,358,358,388,407,407,407,407,407,407,32,66,66],"floor_reached":57,"language":"ZHS","playtime":2203,"items_purged":["Strike_G","Strike_G","Strike_G"],"score":3604,"play_id":"60ad8bc2-78ee-4232-b751-bb55187a2cfc","local_time":"20210129103438","is_ascension_mode":true,"campfire_choices":[{"floor":10.0,"key":"RECALL"},{"data":"Adrenaline","floor":15.0,"key":"SMITH"},{"data":"Die Die Die","floor":23.0,"key":"SMITH"},{"data":"Calculated Gamble","floor":25.0,"key":"SMITH"},{"data":"Neutralize","floor":27.0,"key":"SMITH"},{"data":"Crippling Poison","floor":32.0,"key":"SMITH"},{"data":"MostiFishMod:Dislodge","floor":44.0,"key":"SMITH"},{"data":"Reflex","floor":49,"key":"SMITH"},{"data":"Acrobatics","floor":53,"key":"SMITH"}],"circlet_count":0,"master_deck":["AscendersBane","Strike_G","Defend_G","Defend_G","Defend_G","Defend_G","Defend_G","Survivor","Neutralize+1","Endless Agony","Crippling Poison+1","Dash","Adrenaline+1","Acrobatics+1","Escape Plan","Die Die Die+1","Riddle With Holes","Calculated Gamble+1","Heel Hook+1","Prepared+1","Reflex+1","Heel Hook","MostiFishMod:Dislodge+1","Escape Plan","Die Die Die","Prepared+1","Prepared+1","testmod-FightingIntention","Leg Sweep+1","Deflect+1"],"relics":["Ring of the Snake","DaveBox","testmod-TestBox","BirthdayGift-Tetrahedron","testmod-ArcanaOfDestiny","SynthV:TestCard","reliquary:RadioactivePellet","reliquary:TuningFork","Bag of Preparation","GuanYuAspect","Nilry\u0027s Codex","Boot","testmod-BalancedPeriapt","reliquary:Stiletto","RhineSuit","aspiration:Lifesprig","reliquary:Knoch","Happy Flower","Pear","reliquary:PurpleTingedLeaf","Toxic Egg 2","Pear"],"acts_visited":["Exordium","TheCity","TheBeyond","TheEnding"],"potions_floor_usage":[56],"damage_taken":[{"damage":0.0,"enemies":"Small Slimes","floor":1.0,"turns":1.0},{"damage":2.0,"enemies":"2 Louse","floor":4.0,"turns":2.0},{"damage":1.0,"enemies":"Jaw Worm","floor":5.0,"turns":1.0},{"damage":2.0,"enemies":"Gremlin Nob","floor":6.0,"turns":2.0},{"damage":8.0,"enemies":"Lagavulin","floor":8.0,"turns":3.0},{"damage":4.0,"enemies":"2 Fungi Beasts","floor":11.0,"turns":2.0},{"damage":1.0,"enemies":"Exordium Wildlife","floor":12.0,"turns":1.0},{"damage":2.0,"enemies":"Gremlin Nob","floor":13.0,"turns":2.0},{"damage":1.0,"enemies":"Looter","floor":14.0,"turns":1.0},{"damage":10.0,"enemies":"The Guardian","floor":16.0,"turns":6.0},{"damage":2.0,"enemies":"3 Byrds","floor":18.0,"turns":2.0},{"damage":2.0,"enemies":"Shell Parasite","floor":21.0,"turns":2.0},{"damage":10.0,"enemies":"Slavers","floor":24.0,"turns":2.0},{"damage":1.0,"enemies":"Gremlin Leader","floor":28.0,"turns":1.0},{"damage":0.0,"enemies":"Centurion and Healer","floor":30.0,"turns":1.0},{"damage":0.0,"enemies":"Snecko","floor":31.0,"turns":1.0},{"damage":5.0,"enemies":"Champ","floor":33.0,"turns":3.0},{"damage":1.0,"enemies":"3 Darklings","floor":35.0,"turns":1.0},{"damage":0.0,"enemies":"3 Shapes","floor":37.0,"turns":1.0},{"damage":0.0,"enemies":"Sphere and 2 Shapes","floor":38.0,"turns":1.0},{"damage":0.0,"enemies":"Spire Growth","floor":39.0,"turns":1.0},{"damage":0.0,"enemies":"Reptomancer","floor":40.0,"turns":1.0},{"damage":2.0,"enemies":"Maw","floor":41.0,"turns":2.0},{"damage":0.0,"enemies":"Giant Head","floor":42.0,"turns":1.0},{"damage":0,"enemies":"Reptomancer","floor":47,"turns":1},{"damage":4,"enemies":"Transient","floor":48,"turns":3},{"damage":2,"enemies":"Awakened One","floor":50,"turns":2},{"damage":2,"enemies":"Time Eater","floor":51,"turns":2},{"damage":0,"enemies":"Shield and Spear","floor":55,"turns":1},{"damage":26,"enemies":"The Heart","floor":56,"turns":4}],"seed_played":"328661034081093523","potions_obtained":[{"floor":4.0,"key":"testmod-SpacePotion"},{"floor":5.0,"key":"Explosive Potion"},{"floor":12.0,"key":"GamblersBrew"},{"floor":16.0,"key":"PowerPotion"},{"floor":24.0,"key":"Block Potion"},{"floor":29.0,"key":"testmod-TimePotion"}],"is_trial":false,"path_per_floor":["M","?","?","M","M","E","?","E","T","R","M","M","E","M","R","B",null,"M","?","?","M","?","R","E","R","T","R","E","?","M","M","R","B",null,"M","$","M","M","M","E","M","E","T","R","$","?","E","M","R","B","B",null,"R","$","E","B",null],"character_chosen":"THE_SILENT","items_purchased":["aspiration:Lifesprig","Die Die Die","testmod-FightingIntention","Leg Sweep+1"],"campfire_rested":0,"item_purchase_floors":[36,45,54,54],"current_hp_per_floor":[65,58,63,61,60,58,58,50,50,50,46,45,43,42,42,32,39,39,39,18,33,22,22,34,34,34,34,44,44,44,44,44,44,44,44,44,44,44,44,44,44,44,44,44,44,44,44,44,44,44,44,44,44,44,44,44],"gold":66,"neow_bonus":"TEN_PERCENT_HP_BONUS","is_daily":false,"chose_seed":false,"campfire_upgraded":8,"win_rate":0.0,"timestamp":1611887678,"path_taken":["M","?","?","?","M","E","?","E","T","R","M","M","E","M","R","BOSS","M","?","?","M","?","R","E","R","T","R","E","?","?","M","R","BOSS","M","?","M","M","M","E","M","E","T","R","$","?","E","M","R","BOSS","BOSS","R","$","E","BOSS"],"items_purchased_type":["Relic","Card","Card","Card"],"build_version":"2020-12-22","purchased_purges":3,"victory":true,"max_hp_per_floor":[72,72,77,77,77,77,77,77,77,77,77,77,77,77,77,77,39,39,39,39,39,44,44,44,44,44,44,44,44,44,44,44,44,44,44,44,44,44,44,44,44,44,44,44,44,44,44,44,44,44,44,44,44,44,44,44],"card_choices":[{"not_picked":["Bane","MostiFishMod:PerfectParry"],"picked":"Endless Agony","floor":1.0},{"not_picked":["Expertise","Noxious Fumes","Backflip","Acrobatics"],"picked":"Crippling Poison","floor":4.0},{"not_picked":["Sucker Punch","Reflex","Dodge and Roll","Outmaneuver","Expertise"],"picked":"SKIP","floor":5.0},{"not_picked":["Blade Dance","Flying Knee","Backstab","Masterful Stab"],"picked":"Dash","floor":6.0},{"not_picked":["Dagger Throw","Flying Knee","Blade Dance","Flechettes"],"picked":"Adrenaline","floor":8.0},{"not_picked":["Endless Agony","Sucker Punch","Flying Knee","Deadly Poison","Expertise"],"picked":"SKIP","floor":11.0},{"not_picked":["Expertise","Cloak And Dagger","Quick Slash","PiercingWail"],"picked":"Acrobatics","floor":12.0},{"not_picked":["Bouncing Flask","Dagger Throw","Backflip","Prepared"],"picked":"Escape Plan","floor":13.0},{"not_picked":["Concentrate","MostiFishMod:InvigoratingSolution","Leg Sweep","Endless Agony","Underhanded Strike"],"picked":"SKIP","floor":14.0},{"not_picked":["Grand Finale","MostiFishMod:Confrontation","MostiFishMod:Listen","MostiFishMod:Opportunism"],"picked":"Die Die Die","floor":16.0},{"not_picked":["Dagger Throw","Slice+1","Catalyst","Dodge and Roll"],"picked":"Riddle With Holes","floor":18.0},{"not_picked":["Flying Knee+1","Infinite Blades","MostiFishMod:PerfectParry+1","Underhanded Strike"],"picked":"Backflip","floor":21.0},{"not_picked":["Night Terror","Deflect","Cloak And Dagger","Well Laid Plans"],"picked":"Calculated Gamble","floor":24.0},{"not_picked":["Finisher","Crippling Poison","Deflect+1","Deadly Poison"],"picked":"Heel Hook+1","floor":28.0},{"not_picked":["Sucker Punch","Dagger Spray+1","Dagger Throw","Slice"],"picked":"Prepared+1","floor":30.0},{"not_picked":["Underhanded Strike","Deadly Poison","Sucker Punch+1","Quick Slash"],"picked":"Reflex","floor":31.0},{"not_picked":["Noxious Fumes","PiercingWail","Deflect","Slice+1"],"picked":"Heel Hook","floor":35.0},{"not_picked":["Acrobatics","Flying Knee","Skewer","PiercingWail"],"picked":"MostiFishMod:Dislodge","floor":37.0},{"not_picked":["Deadly Poison","Sucker Punch","Deflect+1","Predator","MostiFishMod:ShivMaster"],"picked":"SKIP","floor":38.0},{"not_picked":["Outmaneuver","Deadly Poison","MostiFishMod:PerfectParry","Poisoned Stab","Well Laid Plans"],"picked":"SKIP","floor":39.0},{"not_picked":["Dash+1","Dodge and Roll+1","MostiFishMod:Dislodge","All Out Attack"],"picked":"Escape Plan","floor":40.0},{"not_picked":["Deadly Poison","Leg Sweep","MostiFishMod:PerfectParry","Poisoned Stab","Dodge and Roll+1"],"picked":"SKIP","floor":41.0},{"not_picked":["Flechettes","Cloak And Dagger","Endless Agony","MostiFishMod:ShivMaster","Quick Slash+1"],"picked":"SKIP","floor":42.0},{"not_picked":["Deflect+1","Blade Dance+1","Dodge and Roll+1","Accuracy"],"picked":"Prepared+1","floor":47},{"not_picked":["Outmaneuver+1","Flechettes+1","Underhanded Strike","MostiFishMod:PerfectParry+1"],"picked":"Prepared+1","floor":48},{"not_picked":["Acrobatics+1","Dodge and Roll+1","MostiFishMod:Wind+1","Prepared+1"],"picked":"Deflect+1","floor":55}],"player_experience":882301,"relics_obtained":[{"floor":1.0,"key":"SynthV:TestCard"},{"floor":6.0,"key":"reliquary:RadioactivePellet"},{"floor":8.0,"key":"reliquary:TuningFork"},{"floor":13.0,"key":"Bag of Preparation"},{"floor":20.0,"key":"Nilry\u0027s Codex"},{"floor":24.0,"key":"Boot"},{"floor":26.0,"key":"testmod-BalancedPeriapt"},{"floor":28.0,"key":"reliquary:Stiletto"},{"floor":40.0,"key":"reliquary:Knoch"},{"floor":42.0,"key":"Happy Flower"},{"floor":43.0,"key":"Pear"},{"floor":47,"key":"Toxic Egg 2"},{"floor":55,"key":"reliquary:SculptingSteel"}],"event_choices":[{"cards_removed":["Strike_G"],"damage_healed":0.0,"max_hp_gain":0.0,"max_hp_loss":0.0,"gold_gain":0.0,"event_name":"Golden Wing","player_choice":"Card Removal","floor":2.0,"gold_loss":0.0,"damage_taken":7.0},{"damage_healed":0.0,"max_hp_gain":5.0,"max_hp_loss":0.0,"gold_gain":0.0,"event_name":"Big Fish","player_choice":"Donut","floor":3.0,"gold_loss":0.0,"damage_taken":0.0},{"damage_healed":0.0,"max_hp_gain":0.0,"max_hp_loss":0.0,"gold_gain":0.0,"event_name":"Liars Game","player_choice":"Ignored","floor":7.0,"gold_loss":0.0,"damage_taken":0.0},{"damage_healed":0.0,"max_hp_gain":0.0,"max_hp_loss":0.0,"gold_gain":0.0,"event_name":"Vampires","player_choice":"Ignored","floor":19.0,"gold_loss":0.0,"damage_taken":0.0},{"damage_healed":0.0,"max_hp_gain":0.0,"max_hp_loss":0.0,"gold_gain":0.0,"event_name":"Cursed Tome","player_choice":"Obtained Book","floor":20.0,"gold_loss":0.0,"damage_taken":21.0},{"damage_healed":0.0,"max_hp_gain":5.0,"max_hp_loss":0.0,"gold_gain":0.0,"event_name":"Forgotten Altar","player_choice":"Shed Blood","floor":22.0,"gold_loss":0.0,"damage_taken":14.0},{"damage_healed":0.0,"max_hp_gain":0.0,"max_hp_loss":0.0,"gold_gain":0.0,"event_name":"Lab","player_choice":"Got Potions","floor":29.0,"gold_loss":0.0,"damage_taken":0.0},{"cards_removed":["Backflip"],"damage_healed":0,"gold_gain":0,"player_choice":"Gave Card","damage_taken":0,"relics_obtained":["reliquary:PurpleTingedLeaf"],"max_hp_gain":0,"max_hp_loss":0,"event_name":"WeMeetAgain","floor":46,"gold_loss":0}],"is_beta":false,"boss_relics":[{"not_picked":["testmod-CardMagician","testmod-KeyOfTheVoid"],"picked":"GuanYuAspect"},{"not_picked":["aspiration:FutureDiary","energizedSpire:EnergizedDie"],"picked":"RhineSuit"}],"items_purged_floors":[36,45,54],"is_endless":false,"potions_floor_spawned":[4,5,12,16,24,30,31,38,39,40,47,48],"ascension_level":20}}