{"host":"vqd8yewason9t24a","time":1611937688,"event":{"mods":["AchievementEnabler","Act Like it!","Aspiration","BaseMod","Better Match","Better Note","BetterRewards","Block Reminder","Card Forge","Colored Map","Colored Powertips","Conspire","DeckTracker","Downfall","Energized Spire","Friendly Minions","Highlight Path","Hubris","Infinite Spire","Minty Spire (QoL Compilation)","Quick Restart","READ ME - Guardian Mod","Rare Cards Sparkle","Relic Stats","Replay The Spire","Spikes Relics","StSLib","SuperFastMode"],"gold_per_floor":[99,118,134,134,148,158,229,261,272,72,84,84,84,70,87,186,186,86,102,3,3,29,29,29,29,55,68,68,87,100,113,131,131,131,131],"floor_reached":33,"language":"ENG","playtime":4262,"items_purged":[],"score":346,"play_id":"358756ea-066e-471a-a52e-73874d0d0fb5","local_time":"20210129082808","is_ascension_mode":false,"campfire_choices":[{"floor":1,"key":"RECALL"},{"floor":10,"key":"REST"},{"floor":12,"key":"REST"},{"floor":18,"key":"REST"},{"floor":23,"key":"REST"},{"floor":25,"key":"REST"},{"floor":28,"key":"REST"}],"circlet_count":0,"master_deck":["Slimebound:Strike_Slimebound+1","Slimebound:Strike_Slimebound+1","Slimebound:Strike_Slimebound+1","Slimebound:Tackle+1","Slimebound:Defend_Slimebound+1","Slimebound:Defend_Slimebound+1","Slimebound:Defend_Slimebound+1","Slimebound:Defend_Slimebound+1","Slimebound:Split+1","Slimebound:CorrosiveSpit+1","Slimebound:Gluttony+1","Slimebound:SplitSpecialist+1","Slimebound:SlimeBrawl+1","Slimebound:LivingWall+1","Slimebound:Schlurp+1","Slimebound:Prepare+1","Slimebound:HungryTackle+1","Slimebound:ItLooksTasty+1","Slimebound:Gluttony+1","Slimebound:GrowthPunch+1","Slimebound:HauntingLick+1","Slimebound:WasteNot+1","Slimebound:LeechingTouch+1","Slimebound:OneTwoCombo+1","Slimebound:ItLooksTasty+1","Slimebound:LeechingTouch+1","Slimebound:LeechingTouch+1","Slimebound:MegaLick+1","Slimebound:ItLooksTasty+1","Slimebound:LevelUp+1","Slimebound:DouseInSlime+1","Slimebound:ViciousTackle+1","Slimebound:GoopSpray+1","Slimebound:SamplingLick+1","Slimebound:SamplingLick+1","Slimebound:Repurpose+1"],"relics":["Slimebound:AbsorbEndCombat","Hammer of Thor","Seething Fire","Anvil of the Gods","Molten Egg 2","downfall:HeartBlessingRed","downfall:HeartBlessingGreen","hubris:Towel","ReplayTheSpireMod:CursedCoin","Philosopher\u0027s Stone","downfall:HeartBlessingBlue","Strange Spoon","GiantMaggot","infinitespire:Beetle Shell"],"acts_visited":["Exordium","TheCity"],"potions_floor_usage":[],"damage_taken":[{"damage":4,"enemies":"2 Louse","floor":2,"turns":2},{"damage":3,"enemies":"Cultist","floor":3,"turns":3},{"damage":12,"enemies":"Small Slimes","floor":5,"turns":3},{"damage":0,"enemies":"Exordium Wildlife","floor":6,"turns":4},{"damage":4,"enemies":"Lagavulin","floor":8,"turns":7},{"damage":1,"enemies":"Exordium Thugs","floor":9,"turns":4},{"damage":6,"enemies":"Red Slaver","floor":11,"turns":4},{"damage":3,"enemies":"downfall:FleeingMerchant","floor":14,"turns":4},{"damage":3,"enemies":"Blue Slaver","floor":15,"turns":3},{"damage":26,"enemies":"WA_ARCHETYPE_RETAIN","floor":16,"turns":5},{"damage":37,"enemies":"3 Byrds","floor":19,"turns":3},{"damage":2,"enemies":"downfall:FleeingMerchant","floor":20,"turns":4},{"damage":18,"enemies":"downfall:FleeingMerchant","floor":22,"turns":4},{"damage":41,"enemies":"Nightmare","floor":26,"turns":7},{"damage":8,"enemies":"Shell Parasite","floor":27,"turns":3},{"damage":38,"enemies":"Snake Plant","floor":29,"turns":3},{"damage":15,"enemies":"3 Cultists","floor":30,"turns":4},{"damage":5,"enemies":"Centurion and Healer","floor":31,"turns":4},{"damage":3,"enemies":"Snecko","floor":32,"turns":4},{"damage":50,"enemies":"SI_MIRROR_ARCHETYPE","floor":33,"turns":8}],"seed_played":"8800481920658627268","potions_obtained":[{"floor":5,"key":"hexamod:SoulburnPotion"},{"floor":8,"key":"Explosive Potion"},{"floor":11,"key":"PowerPotion"}],"is_trial":false,"path_per_floor":["R","M","M","?","M","M","T","E","M","R","M","R","?","$","M","B",null,"R","M","$","?","$","R","T","R","NM","M","R","M","M","M","M","B"],"character_chosen":"SLIMEBOUND","items_purchased":["Slimebound:Gluttony","ReplayTheSpireMod:CursedCoin","Slimebound:GrowthPunch+1","Slimebound:ItLooksTasty+1","Slimebound:LeechingTouch+1","Slimebound:MegaLick","Slimebound:ItLooksTasty+1","Strange Spoon","Slimebound:LevelUp"],"campfire_rested":6,"item_purchase_floors":[14,14,14,20,20,22,22,22,22],"current_hp_per_floor":[65,63,64,75,67,73,73,75,75,75,71,75,75,75,75,57,75,85,56,62,62,52,77,77,85,46,44,69,37,30,33,38,0,0,0],"gold":131,"neow_bonus":"ONE_RANDOM_RARE_CARD","is_daily":false,"chose_seed":false,"campfire_upgraded":0,"win_rate":0.0,"timestamp":1611937688,"path_taken":["R","M","M","?","M","M","T","E","?","R","M","R","?","?","M","BOSS","R","M","?","?","$","R","T","R","NM","M","R","M","?","M","M","BOSS"],"items_purchased_type":["Card","Relic","Card","Card","Card","Card","Card","Relic","Card"],"build_version":"2020-12-22","purchased_purges":0,"victory":false,"max_hp_per_floor":[65,65,65,75,75,75,75,75,75,75,75,75,75,75,75,75,75,85,85,85,85,85,85,85,85,85,85,85,85,85,85,85,85,85,85],"relic_stats":{"Strange Spoon":[57],"counters":[20,80],"obtain_stats":[{"downfall:HeartBlessingRed":10,"ReplayTheSpireMod:CursedCoin":14,"GiantMaggot":24,"downfall:HeartBlessingGreen":10,"Hammer of Thor":0,"infinitespire:Beetle Shell":26,"Seething Fire":0,"hubris:Towel":13,"Strange Spoon":22,"Anvil of the Gods":0,"downfall:HeartBlessingBlue":18,"Molten Egg 2":8,"Philosopher\u0027s Stone":17,"Slimebound:AbsorbEndCombat":0},{"downfall:HeartBlessingRed":6,"ReplayTheSpireMod:CursedCoin":8,"GiantMaggot":13,"downfall:HeartBlessingGreen":6,"Hammer of Thor":0,"infinitespire:Beetle Shell":14,"Seething Fire":0,"hubris:Towel":7,"Strange Spoon":13,"Anvil of the Gods":0,"downfall:HeartBlessingBlue":10,"Molten Egg 2":5,"Philosopher\u0027s Stone":10,"Slimebound:AbsorbEndCombat":0},{"downfall:HeartBlessingRed":21,"ReplayTheSpireMod:CursedCoin":28,"GiantMaggot":47,"downfall:HeartBlessingGreen":21,"Hammer of Thor":0,"infinitespire:Beetle Shell":54,"Seething Fire":0,"hubris:Towel":24,"Strange Spoon":47,"Anvil of the Gods":0,"downfall:HeartBlessingBlue":36,"Molten Egg 2":17,"Philosopher\u0027s Stone":36,"Slimebound:AbsorbEndCombat":0}]},"card_choices":[{"not_picked":["Slimebound:FinishingTackle","Slimebound:RollThrough"],"picked":"Slimebound:Gluttony","floor":2},{"not_picked":["Slimebound:Prepare","Slimebound:SplitMire"],"picked":"Slimebound:SplitSpecialist","floor":3},{"not_picked":["Slimebound:SplitAcid","Slimebound:GoopTackle"],"picked":"Slimebound:SlimeBrawl","floor":5},{"not_picked":["Slimebound:ComboTackle","Slimebound:ForwardTackle"],"picked":"Slimebound:LivingWall","floor":6},{"not_picked":["Slimebound:SlimeBrawl","Slimebound:FinishingTackle+1"],"picked":"Slimebound:Schlurp","floor":8},{"not_picked":["Slimebound:LivingWall","Slimebound:SamplingLick"],"picked":"Slimebound:Prepare","floor":9},{"not_picked":["Slimebound:SplitAcid","Slimebound:TongueLash+1"],"picked":"Slimebound:HungryTackle+1","floor":11},{"not_picked":["Slimebound:Gluttony","Slimebound:MinionMaster"],"picked":"Slimebound:ItLooksTasty+1","floor":14},{"not_picked":["Slimebound:SplitLeeching","Slimebound:SlimeSpikes"],"picked":"Slimebound:HauntingLick","floor":15},{"not_picked":["Slimebound:MinionMaster","Slimebound:CheckThePlaybook"],"picked":"Slimebound:WasteNot","floor":16},{"not_picked":["Slimebound:RollThrough+1","Slimebound:ComboTackle+1"],"picked":"Slimebound:LeechingTouch+1","floor":19},{"not_picked":["Slimebound:ViciousTackle+1","Slimebound:HauntingLick"],"picked":"Slimebound:OneTwoCombo+1","floor":20},{"not_picked":["Slimebound:HauntingLick","Slimebound:ForwardTackle+1"],"picked":"Slimebound:LeechingTouch+1","floor":22},{"not_picked":["Slimebound:LivingWall","Slimebound:LeadByExample"],"picked":"Slimebound:DouseInSlime","floor":26},{"not_picked":["Slimebound:ItLooksTasty+1","Slimebound:Grow+1"],"picked":"Slimebound:ViciousTackle+1","floor":27},{"not_picked":["Slimebound:PressTheAttack+1","Slimebound:BestDefense"],"picked":"Slimebound:GoopSpray","floor":29},{"not_picked":["Slimebound:SplitBruiser","Slimebound:SplitSpecialist"],"picked":"Slimebound:SamplingLick+1","floor":30},{"not_picked":["Slimebound:ComboTackle+1","Slimebound:LeechingTouch+1"],"picked":"Slimebound:SamplingLick","floor":31},{"not_picked":["Slimebound:RollThrough+1","Slimebound:Prepare+1"],"picked":"Slimebound:Repurpose","floor":32}],"player_experience":534255,"relics_obtained":[{"floor":8,"key":"Molten Egg 2"},{"floor":24,"key":"GiantMaggot"},{"floor":26,"key":"infinitespire:Beetle Shell"}],"event_choices":[{"cards_removed":["Slimebound:Recycling"],"damage_healed":1,"gold_gain":0,"player_choice":"Offered Rare","damage_taken":0,"max_hp_gain":10,"max_hp_loss":0,"event_name":"Bonfire Elementals","floor":4,"gold_loss":0},{"damage_healed":0,"gold_gain":0,"player_choice":"Ignored","damage_taken":0,"max_hp_gain":0,"max_hp_loss":0,"event_name":"betterNote:BetterNote","floor":21,"gold_loss":0,"cards_obtained":["Slimebound:SlimeSpikes"]}],"is_beta":false,"boss_relics":[{"not_picked":["SlaversCollar","Sozu"],"picked":"Philosopher\u0027s Stone"}],"items_purged_floors":[],"is_endless":true,"potions_floor_spawned":[5,8,11,15,26,27,30,31],"killed_by":"SI_MIRROR_ARCHETYPE","ascension_level":0}}