{"host":"1tl36azeqm6yhdgj","time":1611920464,"event":{"mods":["AchievementEnabler","BaseMod","Minty Spire (QoL Compilation)","StSLib","The IronCluck","everything is the same but u backflip on backflip"],"gold_per_floor":[112,112,130,145,145,180,180,209,232,232,251,269,269,281,281,358,408,421,454,31,68,68,68,93,93,172,172,211,486,536,554,554,652,652,670,153,172,172,0,0,15,15,66,103,116,24,24,24,24],"floor_reached":48,"language":"ENG","playtime":2426,"items_purged":["Regret"],"score":1074,"play_id":"03c1eae8-de18-4294-b8f2-653233900a2f","local_time":"20210129064104","is_ascension_mode":true,"campfire_choices":[{"data":"Shrug It Off","floor":7.0,"key":"SMITH"},{"floor":13.0,"key":"REST"},{"data":"Infernal Blade","floor":15.0,"key":"SMITH"},{"floor":23.0,"key":"REST"},{"floor":27.0,"key":"REST"},{"floor":32.0,"key":"REST"},{"floor":40.0,"key":"RECALL"},{"floor":42.0,"key":"REST"}],"circlet_count":0,"master_deck":["AscendersBane","Strike_R","Strike_R","Defend_R","Defend_R","Defend_R","Defend_R","Bash","Intimidate","Havoc","Shrug It Off+1","Carnage","Reaper","Spot Weakness","Clash","Feel No Pain+1","Clash","Infernal Blade+1","Impervious","Metallicize","Seeing Red+1","Whirlwind","HandOfGreed","Dropkick","Clash","Anger+1","Clash+1","Barricade","Limit Break","Sever Soul","Blind","Battle Trance","Clash","Dark Embrace+1","Headbutt","Discovery","Bandage Up","Jack Of All Trades","Forethought"],"relics":["Black Blood","NeowsBlessing","Strawberry","Orichalcum","Juzu Bracelet","Tiny House","Red Mask","Bronze Scales","Du-Vu Doll","Kunai","Boot","Regal Pillow","Omamori"],"acts_visited":["Exordium","TheCity","TheBeyond"],"potions_floor_usage":[48],"damage_taken":[{"damage":0.0,"enemies":"Small Slimes","floor":1.0,"turns":1.0},{"damage":0.0,"enemies":"Cultist","floor":3.0,"turns":1.0},{"damage":0.0,"enemies":"2 Louse","floor":4.0,"turns":2.0},{"damage":22.0,"enemies":"Lagavulin","floor":6.0,"turns":6.0},{"damage":67.0,"enemies":"Gremlin Nob","floor":8.0,"turns":5.0},{"damage":0.0,"enemies":"Large Slime","floor":10.0,"turns":1.0},{"damage":0.0,"enemies":"2 Fungi Beasts","floor":11.0,"turns":3.0},{"damage":8.0,"enemies":"Red Slaver","floor":12.0,"turns":3.0},{"damage":4.0,"enemies":"3 Louse","floor":14.0,"turns":4.0},{"damage":79.0,"enemies":"The Guardian","floor":16.0,"turns":16.0},{"damage":20.0,"enemies":"3 Byrds","floor":18.0,"turns":6.0},{"damage":50.0,"enemies":"Masked Bandits","floor":19.0,"turns":6.0},{"damage":0.0,"enemies":"Chosen","floor":21.0,"turns":2.0},{"damage":0.0,"enemies":"Gremlin Leader","floor":24.0,"turns":8.0},{"damage":12.0,"enemies":"Centurion and Healer","floor":28.0,"turns":7.0},{"damage":9.0,"enemies":"Snake Plant","floor":31.0,"turns":3.0},{"damage":60.0,"enemies":"Champ","floor":33.0,"turns":16.0},{"damage":16.0,"enemies":"3 Shapes","floor":35.0,"turns":12.0},{"damage":20.0,"enemies":"Orb Walker","floor":37.0,"turns":4.0},{"damage":115.0,"enemies":"Transient","floor":41.0,"turns":6.0},{"damage":32.0,"enemies":"Jaw Worm Horde","floor":44.0,"turns":6.0},{"damage":35.0,"enemies":"3 Darklings","floor":45.0,"turns":5.0},{"damage":108,"enemies":"Giant Head","floor":48,"turns":8}],"seed_played":"7386265820155344622","potions_obtained":[{"floor":1.0,"key":"Energy Potion"},{"floor":4.0,"key":"PowerPotion"},{"floor":8.0,"key":"SmokeBomb"},{"floor":16.0,"key":"Explosive Potion"},{"floor":17.0,"key":"FairyPotion"},{"floor":28.0,"key":"PowerPotion"},{"floor":33.0,"key":"Fruit Juice"},{"floor":35.0,"key":"SpeedPotion"},{"floor":44.0,"key":"SkillPotion"}],"is_trial":false,"path_per_floor":["M","?","M","M","?","E","R","E","T","M","M","M","R","M","R","B",null,"M","?","$","M","?","R","E","?","T","R","M","?","?","M","R","B",null,"M","$","M","?","$","R","M","R","T","M","M","$","?","E"],"character_chosen":"IRONCLAD","items_purchased":["Bronze Scales","HandOfGreed","Dropkick","Blind","Boot","Regal Pillow","Omamori","Discovery"],"campfire_rested":5,"item_purchase_floors":[20,20,20,36,36,36,39,46],"current_hp_per_floor":[74,74,75,75,75,68,68,7,7,13,27,25,49,64,64,15,70,56,22,22,28,28,54,60,35,35,62,56,56,56,57,84,36,78,79,79,76,76,76,76,41,85,85,77,87,87,77,0,0],"gold":24,"neow_bonus":"THREE_ENEMY_KILL","is_daily":false,"chose_seed":false,"campfire_upgraded":2,"win_rate":0.0,"timestamp":1611920464,"path_taken":["M","?","M","?","?","E","R","E","T","M","M","M","R","M","R","BOSS","M","?","$","M","?","R","E","?","T","R","M","?","?","M","R","BOSS","M","$","M","?","$","R","M","R","T","M","M","?","?","E"],"items_purchased_type":["Relic","Card","Card","Card","Relic","Relic","Relic","Card"],"build_version":"2020-12-22","purchased_purges":1,"victory":false,"max_hp_per_floor":[75,75,75,75,75,82,82,82,82,82,82,82,82,82,82,82,87,87,87,87,87,87,87,87,92,92,92,92,92,92,92,92,92,92,97,97,97,97,97,97,97,97,97,97,97,97,97,97,97],"card_choices":[{"not_picked":["Combust","Clash"],"picked":"Intimidate","floor":1.0},{"not_picked":["True Grit","Searing Blow"],"picked":"Shrug It Off","floor":3.0},{"not_picked":["Seeing Red","Heavy Blade"],"picked":"Carnage","floor":4.0},{"not_picked":["Clothesline","Wild Strike"],"picked":"Spot Weakness","floor":6.0},{"not_picked":["Clothesline","Brutality"],"picked":"Clash","floor":8.0},{"not_picked":["Warcry","Rampage"],"picked":"Feel No Pain","floor":11.0},{"not_picked":["Dark Embrace","Sword Boomerang"],"picked":"Clash","floor":12.0},{"not_picked":["Rupture","Bloodletting"],"picked":"Infernal Blade","floor":14.0},{"not_picked":["Brutality","Fiend Fire"],"picked":"Impervious","floor":16.0},{"not_picked":["Heavy Blade","Pommel Strike"],"picked":"Metallicize","floor":17.0},{"not_picked":["Iron Wave","Body Slam"],"picked":"Seeing Red+1","floor":18.0},{"not_picked":["Power Through","Sever Soul"],"picked":"Whirlwind","floor":19.0},{"not_picked":["Uppercut","Wild Strike"],"picked":"Clash","floor":21.0},{"not_picked":["Infernal Blade","Warcry"],"picked":"Anger+1","floor":24.0},{"not_picked":["Whirlwind","Anger"],"picked":"Clash+1","floor":28.0},{"not_picked":["Second Wind","Metallicize"],"picked":"Barricade","floor":31.0},{"not_picked":["Double Tap","Fiend Fire"],"picked":"Limit Break","floor":33.0},{"not_picked":["Flex","Cleave"],"picked":"Sever Soul","floor":35.0},{"not_picked":["Clothesline","Hemokinesis+1"],"picked":"Battle Trance","floor":37.0},{"not_picked":["Anger","Sword Boomerang"],"picked":"Clash","floor":41.0},{"not_picked":["Perfected Strike+1","Iron Wave"],"picked":"Dark Embrace+1","floor":44.0},{"not_picked":["Bloodletting","Hemokinesis"],"picked":"Headbutt","floor":45.0},{"not_picked":["Impatience","Discovery"],"picked":"Bandage Up","floor":47.0},{"not_picked":["Bandage Up","Metamorphosis"],"picked":"Jack Of All Trades","floor":47.0},{"not_picked":["Mayhem","Violence"],"picked":"Forethought","floor":47.0}],"player_experience":2088042,"relics_obtained":[{"floor":6.0,"key":"Strawberry"},{"floor":8.0,"key":"Orichalcum"},{"floor":9.0,"key":"Juzu Bracelet"},{"floor":19.0,"key":"Red Mask"},{"floor":24.0,"key":"Du-Vu Doll"},{"floor":26.0,"key":"Kunai"}],"event_choices":[{"damage_healed":0.0,"max_hp_gain":0.0,"max_hp_loss":0.0,"gold_gain":0.0,"cards_transformed":["Strike_R"],"event_name":"Transmorgrifier","player_choice":"Transformed","floor":2.0,"gold_loss":0.0,"damage_taken":0.0,"cards_obtained":["Havoc"]},{"damage_healed":0.0,"max_hp_gain":0.0,"max_hp_loss":0.0,"gold_gain":0.0,"cards_transformed":["Strike_R"],"event_name":"Living Wall","player_choice":"Change","floor":5.0,"gold_loss":0.0,"damage_taken":0.0,"cards_obtained":["Reaper"]},{"damage_healed":0.0,"max_hp_gain":0.0,"max_hp_loss":0.0,"gold_gain":0.0,"event_name":"Masked Bandits","player_choice":"Fought Bandits","floor":19.0,"gold_loss":0.0,"damage_taken":0.0},{"damage_healed":0.0,"max_hp_gain":0.0,"max_hp_loss":0.0,"gold_gain":0.0,"event_name":"Vampires","player_choice":"Ignored","floor":22.0,"gold_loss":0.0,"damage_taken":0.0},{"damage_healed":0.0,"max_hp_gain":5.0,"max_hp_loss":0.0,"gold_gain":0.0,"event_name":"Forgotten Altar","player_choice":"Shed Blood","floor":25.0,"gold_loss":0.0,"damage_taken":30.0},{"damage_healed":0.0,"max_hp_gain":0.0,"max_hp_loss":0.0,"gold_gain":275.0,"event_name":"Golden Shrine","player_choice":"Desecrate","floor":29.0,"gold_loss":0.0,"damage_taken":0.0,"cards_obtained":["Regret"]},{"damage_healed":0.0,"max_hp_gain":0.0,"max_hp_loss":0.0,"gold_gain":50.0,"event_name":"Nest","player_choice":"Stole From Cult","floor":30.0,"gold_loss":0.0,"damage_taken":0.0},{"cards_removed":["Strike_R"],"damage_healed":0.0,"max_hp_gain":0.0,"max_hp_loss":0.0,"gold_gain":0.0,"event_name":"Purifier","player_choice":"Purged","floor":38.0,"gold_loss":0.0,"damage_taken":0.0},{"damage_healed":0.0,"max_hp_gain":0.0,"max_hp_loss":0.0,"gold_gain":0.0,"event_name":"SensoryStone","player_choice":"Memory 3","floor":47.0,"gold_loss":0.0,"damage_taken":10.0}],"is_beta":false,"boss_relics":[{"not_picked":["Snecko Eye","Ectoplasm"],"picked":"Tiny House"},{"not_picked":["Runic Pyramid","Philosopher\u0027s Stone"],"picked":"Black Blood"}],"items_purged_floors":[36],"is_endless":false,"potions_floor_spawned":[1,4,8,10,16,28,33,35,44],"killed_by":"Giant Head","ascension_level":20}}