{"host":"b5mzvg96njlg7ry9","time":1611937594,"event":{"mods":["AlwaysNeverKeys","BaseMod","Colored Map","Colored Powertips","Downfall","Highlight Path","Minty Spire (QoL Compilation)","Quick Restart","Relic Sorter","StSLib","SuperFastMode","everything is the same but u backflip on backflip"],"gold_per_floor":[299,315,326,337,487,501,501,501,501,571,602,616,521,521,536,636,636,636,636,652,672,689,140,140,259,274,274,407,420,420,436,453,556,556,556,568,584,600,613,613,613,642,652,680,680,580,580,31,43,43,43,72,9,9,9,9],"floor_reached":57,"language":"ENG","playtime":3589,"items_purged":["downfall:Icky","Guardian:Strike_Guardian","Guardian:Strike_Guardian","Guardian:Defend_Guardian","Guardian:Defend_Guardian","Guardian:Strike_Guardian"],"score":2010,"play_id":"305b4893-1327-4fcf-9b9e-e561c70eb4ef","local_time":"20210129172634","is_ascension_mode":true,"campfire_choices":[{"data":"Guardian:CurlUp","floor":1.0,"key":"SMITH"},{"data":"Guardian:RefractedBeam","floor":9.0,"key":"SMITH"},{"data":"Guardian:RefractedBeam+1","floor":18.0,"key":"SMITH"},{"data":"1","floor":30.0,"key":"LIFT"},{"data":"Guardian:RefractedBeam+2","floor":47,"key":"SMITH"},{"data":"Guardian:RefractedBeam+3","floor":54,"key":"SMITH"}],"circlet_count":0,"master_deck":["Guardian:Defend_Guardian+1","Guardian:CurlUp+1","Guardian:TwinSlam","Guardian:RefractedBeam+4","Guardian:ExploitGems","Guardian:VentSteam+1","CurseOfTheBell","Guardian:ExploitGems","Guardian:Clone+1"],"relics":["Guardian:ModeShifterPlus","Pocketwatch","downfall:HeartBlessingRed","downfall:HeartBlessingGreen","downfall:HeartBlessingBlue","The Courier","Mango","Akabeko","Anchor","Lee\u0027s Waffle","TungstenRod","Calling Bell","War Paint","HornCleat","hexamod:Sixitude","Enchiridion","Turnip","Bottled Lightning","Kunai","Sling","hexamod:BolsterEngine","Guardian:PickAxe","Thread and Needle","Girya","Membership Card","Bottled Flame","Pen Nib","Guardian:StasisCodex","bronze:BronzeIdol","StrikeDummy","Sundial","Lantern","Centennial Puzzle","Art of War","Gremlin Horn","Orichalcum","hexamod:CandleOfCauterizing","Vajra","Guardian:PocketSentry"],"acts_visited":["Exordium","TheCity","TheBeyond","TheEnding"],"potions_floor_usage":[39,55,56,56],"damage_taken":[{"damage":0.0,"enemies":"Cultist","floor":2.0,"turns":3.0},{"damage":0.0,"enemies":"2 Louse","floor":3.0,"turns":4.0},{"damage":0.0,"enemies":"Small Slimes","floor":4.0,"turns":4.0},{"damage":6.0,"enemies":"2 Fungi Beasts","floor":6.0,"turns":3.0},{"damage":0.0,"enemies":"downfall:FleeingMerchant","floor":10.0,"turns":4.0},{"damage":0.0,"enemies":"3 Sentries","floor":11.0,"turns":7.0},{"damage":0.0,"enemies":"Blue Slaver","floor":12.0,"turns":4.0},{"damage":0.0,"enemies":"downfall:FleeingMerchant","floor":13.0,"turns":4.0},{"damage":0.0,"enemies":"Red Slaver","floor":15.0,"turns":1.0},{"damage":19.0,"enemies":"IC_STATUS_ARCHETYPE","floor":16.0,"turns":9.0},{"damage":0.0,"enemies":"Spheric Guardian","floor":20.0,"turns":2.0},{"damage":0.0,"enemies":"Snake Plant","floor":21.0,"turns":2.0},{"damage":0.0,"enemies":"Snecko","floor":22.0,"turns":2.0},{"damage":0.0,"enemies":"downfall:FleeingMerchant","floor":23.0,"turns":4.0},{"damage":0.0,"enemies":"downfall:FleeingMerchant","floor":25.0,"turns":1.0},{"damage":0.0,"enemies":"Shelled Parasite and Fungi","floor":26.0,"turns":3.0},{"damage":0.0,"enemies":"Snake Plant","floor":29.0,"turns":1.0},{"damage":0.0,"enemies":"3 Cultists","floor":31.0,"turns":4.0},{"damage":0.0,"enemies":"Shelled Parasite and Fungi","floor":32.0,"turns":2.0},{"damage":0.0,"enemies":"SI_MIRROR_ARCHETYPE","floor":33.0,"turns":6.0},{"damage":0.0,"enemies":"3 Darklings","floor":36.0,"turns":7.0},{"damage":0,"enemies":"Orb Walker","floor":37,"turns":1},{"damage":0,"enemies":"4 Shapes","floor":38,"turns":4},{"damage":0,"enemies":"Transient","floor":39,"turns":5},{"damage":0,"enemies":"Reptomancer","floor":42,"turns":2},{"damage":0,"enemies":"3 Darklings","floor":43,"turns":4},{"damage":0,"enemies":"Nemesis","floor":44,"turns":3},{"damage":0,"enemies":"Maw","floor":49,"turns":2},{"damage":0,"enemies":"DF_ARCHETYPE_ORBS","floor":50,"turns":4},{"damage":0,"enemies":"downfall:CharBossMerchant","floor":52,"turns":5},{"damage":11,"enemies":"downfall:NeowBoss","floor":55,"turns":18},{"damage":20,"enemies":"downfall:NeowBossFinal","floor":56,"turns":6}],"seed_played":"-4896582675266345619","potions_obtained":[{"floor":2.0,"key":"SkillPotion"},{"floor":6.0,"key":"EssenceOfSteel"},{"floor":11.0,"key":"AttackPotion"},{"floor":20.0,"key":"SpeedPotion"},{"floor":21.0,"key":"Guardian:DefensiveModePotion"},{"floor":26.0,"key":"SkillPotion"},{"floor":32.0,"key":"DistilledChaos"},{"floor":33.0,"key":"AttackPotion"},{"floor":39,"key":"Explosive Potion"}],"is_trial":false,"path_per_floor":["R","M","M","M","?","M","T","?","R","$","E","M","$","?","M","B",null,"R","?","M","M","M","$","T","$","M","?","$","M","R","M","M","B",null,"R","M","M","M","M","?","T","E","M","E","?","$","R","$","M","B",null,"E","$","R","B","B",null],"character_chosen":"GUARDIAN","items_purchased":["Akabeko","Anchor","Lee\u0027s Waffle","Turnip","Bottled Lightning","Sling","hexamod:BolsterEngine","Guardian:PickAxe","Thread and Needle","Guardian:Gem_Synthetic","Girya","Guardian:ExploitGems","Guardian:Gem_Red","Membership Card","Bottled Flame","Pen Nib","Sundial","Lantern","Centennial Puzzle","Art of War","Gremlin Horn","Orichalcum","hexamod:CandleOfCauterizing","Guardian:PocketSentry"],"campfire_rested":0,"item_purchase_floors":[10,10,10,23,23,25,25,25,25,25,25,25,25,28,28,28,48,48,48,48,48,48,48,53],"current_hp_per_floor":[82,82,82,82,82,76,76,87,87,103,103,103,103,103,103,84,98,98,83,83,83,83,83,83,83,83,83,83,83,83,83,83,83,98,98,98,98,98,98,98,98,98,98,98,98,98,98,98,98,98,102,102,102,102,91,71],"gold":9,"neow_bonus":"ONE_RARE_RELIC","is_daily":false,"chose_seed":false,"campfire_upgraded":5,"win_rate":0.0,"timestamp":1611937594,"path_taken":["R","M","M","M","?","M","T","?","R","$","E","M","$","?","M","BOSS","R","?","M","M","M","$","T","$","M","?","?","M","R","?","M","BOSS","R","M","M","M","M","?","T","E","M","E","?","$","R","$","M","BOSS","E","$","R","BOSS","BOSS"],"items_purchased_type":["Relic","Relic","Relic","Relic","Relic","Relic","Relic","Relic","Relic","Card","Relic","Card","Card","Relic","Relic","Relic","Relic","Relic","Relic","Relic","Relic","Relic","Relic","Relic"],"build_version":"2020-12-22","purchased_purges":6,"victory":true,"max_hp_per_floor":[82,82,82,82,82,82,82,96,96,103,103,103,103,103,103,103,103,103,103,103,103,103,103,103,103,103,103,103,103,103,103,103,103,103,103,103,103,103,103,103,103,103,103,103,103,103,103,103,103,103,103,103,103,103,103,103],"card_choices":[{"not_picked":["Guardian:Gem_Fragmented","Guardian:WalkerClaw","Guardian:Recover"],"picked":"SKIP","floor":2.0},{"not_picked":["Guardian:Gem_Red","Guardian:Gem_Cyan"],"picked":"Guardian:RefractedBeam","floor":3.0},{"not_picked":["Guardian:Emergency","Guardian:Gem_White"],"picked":"Guardian:Gem_Purple","floor":4.0},{"not_picked":["Guardian:Suspension","Guardian:WalkerClaw"],"picked":"Guardian:ExploitGems","floor":6.0},{"not_picked":["Guardian:MultiBeam","Guardian:ShieldCharger","Guardian:DonusPower"],"picked":"SKIP","floor":10.0},{"not_picked":["Guardian:ShieldCharger","Guardian:GatlingBeam","Guardian:Suspension"],"picked":"SKIP","floor":11.0},{"not_picked":["Guardian:Gem_Red","Guardian:GuardianWhirl","Guardian:Reroute"],"picked":"SKIP","floor":12.0},{"not_picked":["Guardian:Harden","Guardian:SpikerProtocol"],"picked":"Guardian:VentSteam","floor":13.0},{"not_picked":["Guardian:FloatingOrbs","Guardian:TemporalStrike","Guardian:VentSteam"],"picked":"SKIP","floor":15.0},{"not_picked":["Guardian:ShieldCharger","Guardian:Gem_Red","Guardian:Gem_Lightblue"],"picked":"SKIP","floor":20.0},{"not_picked":["Guardian:VentSteam","Guardian:Gem_Lightblue","Guardian:PrimingBeam"],"picked":"SKIP","floor":21.0},{"not_picked":["Guardian:RefractedBeam+1","Guardian:Reroute+1","Guardian:RollAttack"],"picked":"SKIP","floor":22.0},{"not_picked":["Guardian:PrismaticBarrier","Guardian:BronzeArmor+1","Guardian:CrystalBeam"],"picked":"SKIP","floor":23.0},{"not_picked":["Guardian:Reroute+1","Guardian:RefractedBeam+1"],"picked":"Guardian:Gem_Crimson","floor":25.0},{"not_picked":["Guardian:Gem_Red","Guardian:PiercingHide","Guardian:Suspension"],"picked":"SKIP","floor":26.0},{"not_picked":["Guardian:VentSteam","Guardian:PiercingHide","Guardian:MultiBeam"],"picked":"SKIP","floor":29.0},{"not_picked":["Guardian:Clone","Guardian:TimeCapacitor+1","Guardian:RollAttack"],"picked":"SKIP","floor":31.0},{"not_picked":["Guardian:Recover","Guardian:Gem_Green","Guardian:PrismaticBeam+1"],"picked":"SKIP","floor":32.0},{"not_picked":["Guardian:GatlingBeam","Guardian:GemFinder"],"picked":"Guardian:Gem_Synthetic","floor":33.0},{"not_picked":["Guardian:TemporalShield+1","Guardian:PiercingHide+1","Guardian:Recover"],"picked":"SKIP","floor":36},{"not_picked":["Guardian:RollAttack+1","Guardian:TemporalStrike+1","Guardian:CrystalBeam"],"picked":"SKIP","floor":37},{"not_picked":["Guardian:Preprogram","Guardian:Gem_Cyan","Guardian:Gem_Lightblue"],"picked":"SKIP","floor":38},{"not_picked":["Guardian:TemporalStrike","Guardian:CompilePackage","Guardian:Incinerate"],"picked":"SKIP","floor":39},{"not_picked":["Guardian:ShieldSpikes+1","Guardian:SentryBeam","Guardian:Reroute+1"],"picked":"SKIP","floor":42},{"not_picked":["Guardian:TemporalStrike","Guardian:CrystalBeam+1","Guardian:PolyBeam"],"picked":"SKIP","floor":43},{"not_picked":["Guardian:VentSteam+1","Guardian:AncientConstruct","Guardian:ChargeCore+1"],"picked":"SKIP","floor":44},{"not_picked":["Guardian:VentSteam+1","Guardian:Recover+1","Guardian:Preprogram+1"],"picked":"SKIP","floor":49},{"not_picked":["Guardian:Repulse","Guardian:Gem_Blue"],"picked":"Guardian:Clone+1","floor":52}],"player_experience":826075,"relics_obtained":[{"floor":7.0,"key":"The Courier"},{"floor":11.0,"key":"TungstenRod"},{"floor":17.0,"key":"War Paint"},{"floor":17.0,"key":"HornCleat"},{"floor":17.0,"key":"hexamod:Sixitude"},{"floor":19.0,"key":"Enchiridion"},{"floor":24.0,"key":"Kunai"},{"floor":41,"key":"Guardian:StasisCodex"},{"floor":42,"key":"bronze:BronzeIdol"},{"floor":44,"key":"StrikeDummy"},{"floor":52,"key":"Vajra"}],"event_choices":[{"damage_healed":0.0,"max_hp_gain":0.0,"max_hp_loss":0.0,"gold_gain":0.0,"event_name":"Scrap Ooze","player_choice":"Success","floor":8.0,"gold_loss":0.0,"damage_taken":3.0,"relics_obtained":["Mango"]}],"is_beta":false,"boss_relics":[{"not_picked":["Runic Dome","Busted Crown"],"picked":"Calling Bell"},{"not_picked":["Black Star","Cursed Key"],"picked":"Guardian:ModeShifterPlus"}],"items_purged_floors":[10,13,23,25,28,46],"is_endless":false,"potions_floor_spawned":[2,6,11,15,20,21,26,32,33,36,39,49],"ascension_level":9}}