{"host":"ctlqibkg0sskiu65","time":1611880290,"event":{"mods":["AchievementEnabler","Aspiration","BaseMod","BetterRewards","Colored Map","Colored Powertips","Conspire","Fiend Mod","Infinite Spire","Minty Spire (QoL Compilation)","Quick Restart","Replay The Spire","Shop Mod","StSLib","The Bladedancer","The Cursed","The Hierophant","The Jungle","The Kombatant","The Servant 0.9.4","TheBandit"],"gold_per_floor":[118,43,88,106,106,106,126,138,187,202,215,243,243,257,257,330,330,350,350,370,12,23,23,23,39,39,39,39],"floor_reached":27,"language":"ENG","playtime":928,"items_purged":["Strike_G"],"score":602,"play_id":"59dce3dd-71f7-4527-a863-4a9a0d7b0f8c","local_time":"20210128183130","is_ascension_mode":true,"campfire_choices":[{"data":"Sucker Punch","floor":6.0,"key":"SMITH"},{"data":"Poison Darts","floor":13.0,"key":"SMITH"},{"floor":15.0,"key":"REST"},{"data":"infinitespire:Execution","floor":23.0,"key":"SMITH"}],"circlet_count":0,"master_deck":["AscendersBane","Strike_G","Strike_G","Strike_G","Defend_G","Defend_G","Defend_G","Defend_G","Defend_G","Survivor","Neutralize","Sucker Punch+1","Slice","Poisoned Stab","Poisoned Stab","Deadly Poison","Poison Darts+1","infinitespire:Execution+1","Decay"],"relics":["TwistedFunnel","Replay:Wax Seal","Sizzling Blood","Replay:Rubber Ducky","ReplayTheSpireMod:TigerMarble","Busted Crown","aspiration:FetidBarrel","Eternal Feather"],"acts_visited":["Exordium","TheCity"],"potions_floor_usage":[27],"damage_taken":[{"damage":3.0,"enemies":"Jaw Worm","floor":1.0,"turns":5.0},{"damage":30.0,"enemies":"conspire:MimicChest","floor":3.0,"turns":9.0},{"damage":3.0,"enemies":"conspire:RoseBush","floor":4.0,"turns":5.0},{"damage":0.0,"enemies":"2 Louse","floor":7.0,"turns":2.0},{"damage":0.0,"enemies":"2 Fungi Beasts","floor":8.0,"turns":2.0},{"damage":4.0,"enemies":"3 Louse","floor":10.0,"turns":3.0},{"damage":3.0,"enemies":"conspire:2 RoseBushes","floor":11.0,"turns":10.0},{"damage":11.0,"enemies":"Replay:BlueRogue","floor":12.0,"turns":6.0},{"damage":1.0,"enemies":"Red Slaver","floor":14.0,"turns":3.0},{"damage":10.0,"enemies":"Hexaghost","floor":16.0,"turns":7.0},{"damage":7.0,"enemies":"3 Byrds","floor":18.0,"turns":4.0},{"damage":13.0,"enemies":"conspire:FuzzyDice","floor":20.0,"turns":5.0},{"damage":0.0,"enemies":"Centurion and Healer","floor":22.0,"turns":5.0},{"damage":19.0,"enemies":"conspire:HollyBat","floor":25.0,"turns":7.0},{"damage":32,"enemies":"Book of Stabbing","floor":27,"turns":2}],"seed_played":"-6359453538087491357","potions_obtained":[{"floor":1.0,"key":"LiquidMemories"},{"floor":7.0,"key":"Swift Potion"},{"floor":12.0,"key":"Languid Potion"},{"floor":14.0,"key":"Weak Potion"},{"floor":20.0,"key":"PowerPotion"},{"floor":25.0,"key":"Fire Potion"}],"is_trial":false,"path_per_floor":["M","?","?","M","?","R","M","M","T","M","M","E","R","M","R","B",null,"M","?","M","$","M","R","?","M","T","E"],"character_chosen":"THE_SILENT","items_purchased":["TwistedFunnel","aspiration:FetidBarrel"],"campfire_rested":1,"item_purchase_floors":[0,21],"current_hp_per_floor":[56,56,26,23,27,27,31,35,35,35,36,29,29,32,53,47,64,61,44,35,35,39,39,39,24,24,0,0],"gold":39,"neow_bonus":"","is_daily":false,"chose_seed":false,"campfire_upgraded":3,"win_rate":0.0,"timestamp":1611880290,"path_taken":["M","?","?","M","?","R","M","M","T","M","M","E","R","M","R","BOSS","M","?","M","$","M","R","?","M","T","E"],"items_purchased_type":["Relic","Relic"],"build_version":"2020-12-22","purchased_purges":1,"victory":false,"max_hp_per_floor":[66,66,66,66,70,70,70,70,70,70,70,70,70,70,70,70,70,70,70,70,70,70,70,70,70,70,70,70],"card_choices":[{"not_picked":["ReplayTheSpireMod:Scrap Shanks","Draining Mist","Predator"],"picked":"SKIP","floor":1.0},{"not_picked":["Skewer","Hidden Blade"],"picked":"Sucker Punch","floor":3.0},{"not_picked":["Flechettes","Setup","Masterful Stab"],"picked":"SKIP","floor":4.0},{"not_picked":["Cloak And Dagger","Masterful Stab"],"picked":"Slice","floor":7.0},{"not_picked":["Draining Mist","Predator"],"picked":"Poisoned Stab","floor":8.0},{"not_picked":["ReplayTheSpireMod:Shiv Toss","Flechettes"],"picked":"Poisoned Stab","floor":10.0},{"not_picked":["Bane","Blade Dance"],"picked":"Deadly Poison","floor":11.0},{"not_picked":["Backflip","Riddle With Holes"],"picked":"Poison Darts","floor":12.0},{"not_picked":["Expertise","Prepared","ReplayTheSpireMod:Tripwire"],"picked":"SKIP","floor":14.0},{"not_picked":["Dagger Throw"],"picked":"SKIP","floor":18.0},{"not_picked":["infinitespire:TheBestDefense","ReplayTheSpireMod:??????????????????????"],"picked":"infinitespire:Execution","floor":19.0},{"not_picked":["Draining Mist"],"picked":"SKIP","floor":20.0},{"not_picked":["Blade Dance"],"picked":"SKIP","floor":22.0},{"not_picked":["ReplayTheSpireMod:Shiv Toss"],"picked":"SKIP","floor":25.0}],"player_experience":255022,"relics_obtained":[{"floor":3.0,"key":"Replay:Wax Seal"},{"floor":9.0,"key":"Replay:Rubber Ducky"},{"floor":12.0,"key":"ReplayTheSpireMod:TigerMarble"},{"floor":26.0,"key":"Eternal Feather"}],"event_choices":[{"cards_removed":["Strike_G"],"damage_healed":0.0,"max_hp_gain":0.0,"max_hp_loss":0.0,"gold_gain":0.0,"event_name":"The Cleric","player_choice":"Card Removal","floor":2.0,"gold_loss":75.0,"damage_taken":0.0},{"damage_healed":0.0,"max_hp_gain":0.0,"max_hp_loss":0.0,"gold_gain":0.0,"event_name":"Forgotten Altar","player_choice":"Smashed Altar","floor":24.0,"gold_loss":0.0,"damage_taken":0.0,"cards_obtained":["Decay"]}],"is_beta":false,"boss_relics":[{"not_picked":["Runic Pyramid","conspire:RoyalGoblet"],"picked":"Busted Crown"}],"items_purged_floors":[21],"is_endless":false,"potions_floor_spawned":[1,7,12,14,20,25],"killed_by":"Book of Stabbing","ascension_level":18}}