{"host":"1dz819zv7fs9tsdy","time":1611929141,"event":{"mods":["AchievementEnabler","BaseMod","Colored Powertips","Curses Come First","Hubris","Minty Spire (QoL Compilation)","Rare Cards Sparkle","StSLib"],"gold_per_floor":[114,289,289,299,319,344,344,126,126,153,169,198,175,226,226,326,326,338,338,348,85,85,119,119,136,136,136,154,154,154,187,187,287,337,349,366,386,241,257,257,285,285,285,311,49,49,49,75,75,75],"floor_reached":51,"language":"ENG","playtime":4581,"items_purged":["Doubt"],"score":944,"play_id":"b459b4d7-929e-4aba-a16f-e2db60131f3b","local_time":"20210129140541","is_ascension_mode":true,"campfire_choices":[{"floor":7.0,"key":"REST"},{"floor":15,"key":"REST"},{"floor":24,"key":"REST"},{"data":"Wraith Form v2","floor":27,"key":"SMITH"},{"floor":29,"key":"REST"},{"data":"Catalyst","floor":32,"key":"SMITH"},{"floor":40,"key":"REST"},{"floor":47,"key":"REST"},{"data":"Catalyst","floor":49,"key":"SMITH"}],"circlet_count":0,"master_deck":["Strike_G","Defend_G","Defend_G","Defend_G","Defend_G","Survivor","Neutralize","Eviscerate+1","Sucker Punch+1","Crippling Poison+1","All Out Attack+1","Bane","PiercingWail","Catalyst+1","Poisoned Stab","Tactician","Bane","Poisoned Stab","Poisoned Stab","Wraith Form v2+1","CurseOfTheBell","Distraction+1","Backflip","Deadly Poison+1","Deadly Poison","Noxious Fumes","Madness","Underhanded Strike","Caltrops","Leg Sweep","Intimidate","Electrodynamics","Rebound","Hologram+1","Chaos+1","Shrug It Off","Catalyst+1","Prostrate+1","Leap","Magnetism","Discovery","Dark Shackles","Fusion+1"],"relics":["Astrolabe","InkBottle","Regal Pillow","Akabeko","Art of War","Bottled Lightning","Calling Bell","Anchor","Sundial","Ginger","hubris:Icosahedron","PrismaticShard","WingedGreaves","White Beast Statue","PreservedInsect","Tiny House","Blood Vial","Happy Flower","Toy Ornithopter","Bottled Tornado","Pantograph"],"acts_visited":["TheCity","TheBeyond"],"potions_floor_usage":[23,23,23,28,31,33,33,33,39,50],"damage_taken":[{"damage":0.0,"enemies":"2 Louse","floor":1.0,"turns":2.0},{"damage":0.0,"enemies":"Cultist","floor":4.0,"turns":4.0},{"damage":0.0,"enemies":"Small Slimes","floor":5.0,"turns":2.0},{"damage":37.0,"enemies":"Gremlin Nob","floor":6.0,"turns":5.0},{"damage":24.0,"enemies":"3 Sentries","floor":10.0,"turns":9.0},{"damage":5.0,"enemies":"Blue Slaver","floor":11.0,"turns":2.0},{"damage":7.0,"enemies":"Gremlin Nob","floor":12.0,"turns":3.0},{"damage":2.0,"enemies":"3 Sentries","floor":14.0,"turns":3.0},{"damage":9,"enemies":"Hexaghost","floor":16,"turns":8},{"damage":6,"enemies":"2 Thieves","floor":18,"turns":3},{"damage":0,"enemies":"Chosen","floor":20,"turns":4},{"damage":34,"enemies":"Book of Stabbing","floor":23,"turns":5},{"damage":21,"enemies":"Shelled Parasite and Fungi","floor":25,"turns":4},{"damage":12,"enemies":"Snecko","floor":28,"turns":4},{"damage":24,"enemies":"Slavers","floor":31,"turns":5},{"damage":46,"enemies":"Champ","floor":33,"turns":10},{"damage":18,"enemies":"3 Darklings","floor":35,"turns":4},{"damage":6,"enemies":"3 Shapes","floor":36,"turns":3},{"damage":5,"enemies":"Sphere and 2 Shapes","floor":37,"turns":3},{"damage":26,"enemies":"Jaw Worm Horde","floor":39,"turns":3},{"damage":31,"enemies":"Giant Head","floor":41,"turns":6},{"damage":0,"enemies":"Reptomancer","floor":44,"turns":5},{"damage":4,"enemies":"Nemesis","floor":48,"turns":5},{"damage":47,"enemies":"hubris:GrandSnecko","floor":50,"turns":5}],"seed_played":"-8061287161053594321","potions_obtained":[{"floor":5.0,"key":"BlessingOfTheForge"},{"floor":10.0,"key":"DistilledChaos"},{"floor":11.0,"key":"ColorlessPotion"},{"floor":14.0,"key":"GamblersBrew"},{"floor":16,"key":"LiquidBronze"},{"floor":18,"key":"DuplicationPotion"},{"floor":23,"key":"BlessingOfTheForge"},{"floor":25,"key":"EssenceOfSteel"},{"floor":28,"key":"Regen Potion"},{"floor":31,"key":"GamblersBrew"},{"floor":33,"key":"Regen Potion"},{"floor":34,"key":"Poison Potion"},{"floor":35,"key":"Strength Potion"},{"floor":36,"key":"Dexterity Potion"},{"floor":39,"key":"SteroidPotion"}],"is_trial":false,"path_per_floor":["M","?","?","M","M","E","R","$","T","E","M","E","$","E","R","B",null,"M","?","M","$","?","E","R","M","T","R","M","R","?","E","R","B",null,"M","M","M","$","M","R","E","?","T","E","$","?","R","E","R","B",null],"character_chosen":"THE_SILENT","items_purchased":["Catalyst","Regal Pillow","Poisoned Stab","Deadly Poison","Noxious Fumes","PrismaticShard","Catalyst","Bottled Tornado"],"campfire_rested":6,"item_purchase_floors":[8,8,13,21,21,21,38,45],"current_hp_per_floor":[70,70,70,70,70,33,54,54,54,30,25,18,18,16,52,43,70,64,64,64,64,64,30,66,45,45,45,33,69,69,57,57,11,75,57,51,46,46,29,66,35,25,25,27,27,27,64,62,62,28],"gold":75,"neow_bonus":"BOSS_RELIC","is_daily":false,"chose_seed":false,"campfire_upgraded":3,"win_rate":0.0,"timestamp":1611929141,"path_taken":["M","?","?","?","M","E","R","$","T","E","?","E","?","E","R","BOSS","M","?","M","$","?","E","R","M","T","R","M","R","?","E","R","BOSS","M","M","M","$","M","R","E","?","T","E","$","?","R","E","R","BOSS"],"items_purchased_type":["Card","Relic","Card","Card","Card","Relic","Card","Relic"],"build_version":"2020-12-22","purchased_purges":1,"victory":true,"max_hp_per_floor":[70,70,70,70,70,70,70,70,70,70,70,70,70,70,70,70,70,70,70,70,70,70,70,70,70,70,70,70,70,70,70,70,70,75,75,75,75,75,75,75,75,75,75,75,75,75,75,75,75,75],"card_choices":[{"not_picked":["Deadly Poison","Bouncing Flask"],"picked":"Crippling Poison","floor":1.0},{"not_picked":["Cloak And Dagger","Dash"],"picked":"All Out Attack","floor":4.0},{"not_picked":["Outmaneuver","Endless Agony"],"picked":"Bane","floor":5.0},{"not_picked":["Finisher","Slice"],"picked":"PiercingWail","floor":6.0},{"not_picked":["All Out Attack","Dagger Spray"],"picked":"Poisoned Stab","floor":10.0},{"not_picked":["PiercingWail","Cloak And Dagger"],"picked":"Tactician","floor":11.0},{"not_picked":["Finisher","Flying Knee"],"picked":"Bane","floor":12.0},{"not_picked":["Flying Knee","Outmaneuver"],"picked":"Poisoned Stab","floor":14.0},{"not_picked":["Adrenaline","After Image"],"picked":"Wraith Form v2","floor":16},{"not_picked":["Dash","Slice+1"],"picked":"Backflip","floor":18},{"not_picked":["Prepared","Bane"],"picked":"Deadly Poison+1","floor":20},{"not_picked":["Melter+1","Backflip"],"picked":"Madness","floor":23},{"not_picked":["Flying Knee","Flex","Halt"],"picked":"SKIP","floor":25},{"not_picked":["PiercingWail","Ball Lightning"],"picked":"Underhanded Strike","floor":28},{"not_picked":["Consecrate","PanicButton+1"],"picked":"Intimidate","floor":31},{"not_picked":["hubris:Prefetch","Berserk"],"picked":"Electrodynamics","floor":33},{"not_picked":["EmptyBody+1","Halt+1"],"picked":"Rebound","floor":34},{"not_picked":["Wild Strike","CutThroughFate"],"picked":"Hologram+1","floor":35},{"not_picked":["Crescendo","Skim"],"picked":"Chaos+1","floor":36},{"not_picked":["Conclude","Redo+1"],"picked":"Shrug It Off","floor":37},{"not_picked":["CrushJoints","Evaluate"],"picked":"Prostrate+1","floor":39},{"not_picked":["Sword Boomerang+1","Endless Agony"],"picked":"Leap","floor":41},{"not_picked":["Madness","Good Instincts"],"picked":"Magnetism","floor":42},{"not_picked":["Forethought","Magnetism"],"picked":"Discovery","floor":42},{"not_picked":["Trip","Discovery"],"picked":"Dark Shackles","floor":42},{"not_picked":["Sweeping Beam","FlyingSleeves+1","Steam"],"picked":"SKIP","floor":44},{"not_picked":["Twin Strike+1","True Grit+1"],"picked":"Fusion+1","floor":48}],"player_experience":347347,"relics_obtained":[{"floor":6.0,"key":"InkBottle"},{"floor":10.0,"key":"Akabeko"},{"floor":12.0,"key":"Art of War"},{"floor":14.0,"key":"Bottled Lightning"},{"floor":17,"key":"Anchor"},{"floor":17,"key":"Sundial"},{"floor":17,"key":"Ginger"},{"floor":23,"key":"WingedGreaves"},{"floor":26,"key":"White Beast Statue"},{"floor":31,"key":"PreservedInsect"},{"floor":41,"key":"Blood Vial"},{"floor":43,"key":"Happy Flower"},{"floor":44,"key":"Toy Ornithopter"},{"floor":48,"key":"Pantograph"}],"event_choices":[{"damage_healed":0.0,"max_hp_gain":0.0,"max_hp_loss":0.0,"gold_gain":175.0,"event_name":"Liars Game","player_choice":"AGREE","floor":2.0,"gold_loss":0.0,"damage_taken":0.0,"cards_obtained":["Doubt"]},{"damage_healed":0.0,"max_hp_gain":0.0,"max_hp_loss":0.0,"gold_gain":0.0,"event_name":"Upgrade Shrine","player_choice":"Upgraded","floor":3.0,"gold_loss":0.0,"damage_taken":0.0,"cards_upgraded":["Crippling Poison"]},{"damage_healed":0,"gold_gain":0,"player_choice":"Ignored","damage_taken":0,"max_hp_gain":0,"max_hp_loss":0,"event_name":"Ghosts","floor":22,"gold_loss":0},{"damage_healed":0,"gold_gain":0,"cards_transformed":["Eviscerate","Strike_G"],"player_choice":"Became Test Subject","damage_taken":0,"max_hp_gain":0,"max_hp_loss":0,"event_name":"Drug Dealer","floor":30,"gold_loss":0,"cards_obtained":["Caltrops","Leg Sweep"]},{"damage_healed":0,"gold_gain":0,"player_choice":"Memory 3","damage_taken":10,"max_hp_gain":0,"max_hp_loss":0,"event_name":"SensoryStone","floor":42,"gold_loss":0},{"cards_removed":["Defend_G"],"damage_healed":0,"gold_gain":0,"player_choice":"Removed Skill","damage_taken":0,"max_hp_gain":0,"max_hp_loss":0,"event_name":"Falling","floor":46,"gold_loss":0}],"is_beta":false,"boss_relics":[{"not_picked":["Sozu","Velvet Choker"],"picked":"Calling Bell"},{"not_picked":["Snecko Eye","Runic Dome"],"picked":"Tiny House"}],"items_purged_floors":[38],"is_endless":false,"potions_floor_spawned":[5,10,11,14,16,18,23,25,28,31,33,35,36,37,39,41,44,48],"ascension_level":3}}