{"host":"89iuq2p5kwriuwfq","time":1611953260,"event":{"mods":["BaseMod","Curses Come First","Minty Spire (QoL Compilation)","Permanent Neow","StSLib"],"gold_per_floor":[111,111,129,129,129,129,168,183,183,221,235,235,253,48,48,171,171,190,61,61,76,90,133,133,133],"floor_reached":24,"language":"ENG","playtime":1109,"items_purged":["Zap","Defend_B"],"score":328,"play_id":"27c00d62-7b4c-4b3d-98ac-677dd6c0aebc","local_time":"20210129204740","is_ascension_mode":true,"campfire_choices":[{"data":"Conserve Battery","floor":6.0,"key":"SMITH"},{"floor":12.0,"key":"DIG"},{"floor":15,"key":"DIG"}],"circlet_count":0,"master_deck":["Strike_B+1","Strike_B+1","Strike_B+1","Strike_B+1","Defend_B","Defend_B","Defend_B","Dualcast","Conserve Battery+1","Conserve Battery","Ball Lightning","Sweeping Beam","Glacier","Defragment","Ball Lightning","Machine Learning","Redo+1","Defragment","Capacitor+1","Coolheaded"],"relics":["Cracked Core","Pocketwatch","Golden Idol","Shovel","Mercury Hourglass","Whetstone","Tiny Chest","Smiling Mask","Coffee Dripper","Darkstone Periapt"],"acts_visited":["Exordium","TheCity"],"potions_floor_usage":[23,23,23,23],"damage_taken":[{"damage":3.0,"enemies":"Small Slimes","floor":1.0,"turns":4.0},{"damage":0.0,"enemies":"Jaw Worm","floor":3.0,"turns":3.0},{"damage":1.0,"enemies":"Lagavulin","floor":7.0,"turns":6.0},{"damage":0.0,"enemies":"2 Louse","floor":8.0,"turns":2.0},{"damage":10.0,"enemies":"Gremlin Nob","floor":10.0,"turns":3.0},{"damage":4.0,"enemies":"Exordium Thugs","floor":11.0,"turns":4.0},{"damage":2,"enemies":"Large Slime","floor":13,"turns":3},{"damage":3,"enemies":"The Guardian","floor":16,"turns":9},{"damage":0,"enemies":"Spheric Guardian","floor":18,"turns":3},{"damage":6,"enemies":"3 Byrds","floor":21,"turns":3},{"damage":11,"enemies":"3 Cultists","floor":22,"turns":5},{"damage":25,"enemies":"Slavers","floor":23,"turns":5},{"damage":12,"enemies":"Snake Plant","floor":24,"turns":2}],"seed_played":"-7571658801621037883","potions_obtained":[{"floor":1.0,"key":"SpeedPotion"},{"floor":3.0,"key":"PowerPotion"},{"floor":7.0,"key":"Dexterity Potion"},{"floor":16,"key":"LiquidBronze"},{"floor":18,"key":"EntropicBrew"}],"is_trial":false,"path_per_floor":["M","?","M","?","?","R","E","M","T","E","M","R","M","$","R","B",null,"M","$","?","M","M","E","M"],"character_chosen":"DEFECT","items_purchased":["Defragment","Ball Lightning","Defragment"],"campfire_rested":0,"item_purchase_floors":[14,14,19],"current_hp_per_floor":[47,47,47,52,37,37,36,36,36,26,22,22,20,20,20,17,60,60,60,60,54,43,18,6,6],"gold":133,"neow_bonus":"ONE_RARE_RELIC","is_daily":false,"chose_seed":false,"campfire_upgraded":1,"win_rate":0.0,"timestamp":1611953260,"path_taken":["M","?","M","?","?","R","E","?","T","E","M","R","M","$","R","BOSS","M","$","?","M","M","E","M"],"items_purchased_type":["Card","Card","Card"],"build_version":"2020-12-22","purchased_purges":2,"victory":false,"max_hp_per_floor":[75,69,69,74,74,74,74,74,74,74,74,74,74,74,74,74,74,74,74,74,74,74,74,74,74],"card_choices":[{"not_picked":["Storm","Steam Power"],"picked":"Conserve Battery","floor":1.0},{"not_picked":["Chill","Sweeping Beam"],"picked":"Conserve Battery","floor":3.0},{"not_picked":["Heatsinks","Scrape","Rebound"],"picked":"SKIP","floor":7.0},{"not_picked":["Seek","Redo"],"picked":"Ball Lightning","floor":8.0},{"not_picked":["Aggregate","Go for the Eyes"],"picked":"Sweeping Beam","floor":10.0},{"not_picked":["Beam Cell","Barrage","Turbo"],"picked":"SKIP","floor":11.0},{"not_picked":["Coolheaded","Doom and Gloom"],"picked":"Glacier","floor":13},{"not_picked":["Fission","Rainbow"],"picked":"Machine Learning","floor":16},{"not_picked":["Gash","Sweeping Beam"],"picked":"Redo+1","floor":18},{"not_picked":["Sweeping Beam","Skim","Redo"],"picked":"SKIP","floor":21},{"not_picked":["Double Energy+1","Steam"],"picked":"Capacitor+1","floor":22},{"not_picked":["Aggregate","Turbo"],"picked":"Coolheaded","floor":23}],"player_experience":594066,"relics_obtained":[{"floor":7.0,"key":"Shovel"},{"floor":9.0,"key":"Mercury Hourglass"},{"floor":10.0,"key":"Whetstone"},{"floor":12.0,"key":"Tiny Chest"},{"floor":15,"key":"Smiling Mask"},{"floor":23,"key":"Darkstone Periapt"}],"event_choices":[{"damage_healed":0.0,"max_hp_gain":0.0,"max_hp_loss":6.0,"gold_gain":0.0,"event_name":"Golden Idol","player_choice":"Lose Max HP","floor":2.0,"gold_loss":0.0,"damage_taken":0.0,"relics_obtained":["Golden Idol"]},{"damage_healed":0.0,"max_hp_gain":5.0,"max_hp_loss":0.0,"gold_gain":0.0,"event_name":"Big Fish","player_choice":"Donut","floor":4.0,"gold_loss":0.0,"damage_taken":0.0},{"damage_healed":0.0,"max_hp_gain":0.0,"max_hp_loss":0.0,"gold_gain":0.0,"event_name":"Shining Light","player_choice":"Entered Light","floor":5.0,"gold_loss":0.0,"damage_taken":15.0,"cards_upgraded":["Strike_B","Strike_B"]},{"damage_healed":0,"gold_gain":0,"player_choice":"Ignored","damage_taken":0,"max_hp_gain":0,"max_hp_loss":0,"event_name":"Ghosts","floor":20,"gold_loss":0}],"is_beta":false,"boss_relics":[{"not_picked":["Ectoplasm","Tiny House"],"picked":"Coffee Dripper"}],"items_purged_floors":[14,19],"is_endless":false,"potions_floor_spawned":[1,3,7,16,18,22],"killed_by":"Snake Plant","ascension_level":9}}