{"host":"28bpuzdckreop5i0","time":1611944434,"event":{"mods":["Aspiration","BaseMod","Challenge The Spire","Conspire","Defuse TimeMaze Blight","Downfall","Energized Spire","GifTheSpireLib","Googly Eyes","Minty Spire (QoL Compilation)","Relic Stats","Shop Mod","Spicy Shops","StSLib","Stuff the Spire","The Awakened One except there are too many feathers","The IronCluck","Transform Curses","Wandering Minibosses","slay the spire mod where everything is the same but ironclad has a cowboy hat"],"gold_per_floor":[99,115,40,51,51,51,51,1,0,14,71,21,40,73,90,187,187,37,202,302,302,314,344,344,444,63,83,108,108,95,110,120,120,120,120],"floor_reached":33,"language":"ENG","playtime":1677,"items_purged":["Regret"],"score":335,"play_id":"38b09e61-3409-44da-8607-654d4be97735","local_time":"20210129122034","is_ascension_mode":false,"campfire_choices":[{"data":"Slimebound:CorrosiveSpit","floor":1,"key":"SMITH"},{"data":"Slimebound:SplitLeeching","floor":8,"key":"SMITH"},{"data":"Slimebound:SamplingLick","floor":12,"key":"SMITH"},{"data":"Slimebound:Repurpose","floor":18,"key":"SMITH"}],"circlet_count":0,"master_deck":["Slimebound:Strike_Slimebound","Slimebound:Tackle","Slimebound:Defend_Slimebound","Slimebound:Defend_Slimebound","Slimebound:Defend_Slimebound","Slimebound:Defend_Slimebound","Slimebound:Split","Slimebound:CorrosiveSpit+1","Slimebound:SplitLeeching+1","Slimebound:GoopSpray","Slimebound:SamplingLick+1","Slimebound:SplitMire","Slimebound:LevelUp","Slimebound:Repurpose+1","Slimebound:ProtectTheBoss","Slimebound:OozeBath","Slimebound:LeadByExample","Slimebound:SamplingLick+1","J.A.X.","Slimebound:LevelUp","Slimebound:Dissolve","Slimebound:HungryTackle","Slimebound:LevelUp","Slimebound:OozeBath","Slimebound:RainOfGoop+1","Slimebound:AcidTongue","Slimebound:GoopSpray+1","Slimebound:Schlurp+1","Slimebound:ViciousTackle"],"relics":["Slimebound:AbsorbEndCombat","Slimebound:GreedOozeRelic","StuffTheSpire:RedRose","StuffTheSpire:CocoNut","Du-Vu Doll","Ice Cream","downfall:HeartBlessingGreen","StuffTheSpire:EmeraldSignet","Eternal Feather","MutagenicStrength","Orrery","Mummified Hand","Bottled Lightning"],"acts_visited":["Exordium","TheCity"],"potions_floor_usage":[16,30,33,33,33],"damage_taken":[{"damage":1,"enemies":"Cultist","floor":2,"turns":3},{"damage":3,"enemies":"conspire:RoseBush","floor":4,"turns":3},{"damage":2,"enemies":"downfall:FleeingMerchant","floor":9,"turns":4},{"damage":1,"enemies":"Small Slimes","floor":10,"turns":2},{"damage":17,"enemies":"3 Sentries","floor":11,"turns":5},{"damage":5,"enemies":"2 Fungi Beasts","floor":13,"turns":3},{"damage":18,"enemies":"Gremlin Nob","floor":14,"turns":3},{"damage":10,"enemies":"Blue Slaver","floor":15,"turns":2},{"damage":27,"enemies":"WA_ARCHETYPE_RETAIN","floor":16,"turns":7},{"damage":13,"enemies":"3 Byrds","floor":19,"turns":6},{"damage":12,"enemies":"Centurion and Healer","floor":22,"turns":7},{"damage":6,"enemies":"Gremlin Leader","floor":23,"turns":6},{"damage":22,"enemies":"downfall:Augmenter","floor":25,"turns":5},{"damage":13,"enemies":"downfall:FleeingMerchant","floor":26,"turns":4},{"damage":16,"enemies":"Cultist and Chosen","floor":27,"turns":4},{"damage":18,"enemies":"Book of Stabbing","floor":28,"turns":5},{"damage":9,"enemies":"downfall:FleeingMerchant","floor":30,"turns":4},{"damage":0,"enemies":"Snecko","floor":31,"turns":3},{"damage":4,"enemies":"Shelled Parasite and Fungi","floor":32,"turns":3},{"damage":17,"enemies":"IC_MUSHROOM_ARCHETYPE","floor":33,"turns":1}],"seed_played":"-3602403494405657543","potions_obtained":[{"floor":10,"key":"Ancient Potion"},{"floor":13,"key":"SkillPotion"},{"floor":15,"key":"FearPotion"},{"floor":23,"key":"AttackPotion"},{"floor":31,"key":"Swift Potion"}],"is_trial":false,"path_per_floor":["R","M","?","M","?","?","T","R","$","M","?","R","M","E","M","B",null,"R","M","?","?","M","E","T","?","$","M","E","?","$","M","M","B"],"character_chosen":"SLIMEBOUND","items_purchased":["Slimebound:OozeBath","Orrery","Bottled Lightning"],"campfire_rested":0,"item_purchase_floors":[26,26,30],"current_hp_per_floor":[71,71,71,70,70,70,77,77,78,78,66,66,63,47,41,22,78,78,69,69,69,65,67,67,51,42,30,16,16,9,13,15,0,0,0],"gold":120,"neow_bonus":"TEN_PERCENT_HP_BONUS","is_daily":false,"chose_seed":false,"campfire_upgraded":4,"win_rate":0.0,"timestamp":1611944434,"path_taken":["R","?","?","M","?","?","T","R","?","M","?","R","?","E","M","BOSS","R","M","?","?","M","E","T","?","$","M","E","?","$","M","M","BOSS"],"items_purchased_type":["Card","Relic","Relic"],"build_version":"2020-12-22","purchased_purges":1,"victory":false,"max_hp_per_floor":[71,71,71,71,71,71,78,78,78,78,78,78,78,78,78,78,78,78,78,78,78,78,78,78,78,78,78,78,78,78,78,78,78,78,78],"relic_stats":{"counters":[20,77],"Mummified Hand":[11],"Eternal Feather":0,"obtain_stats":[{"Ice Cream":14,"downfall:HeartBlessingGreen":18,"Eternal Feather":24,"StuffTheSpire:EmeraldSignet":23,"Slimebound:GreedOozeRelic":3,"Du-Vu Doll":11,"Mummified Hand":28,"MutagenicStrength":25,"Orrery":26,"StuffTheSpire:CocoNut":7,"Slimebound:AbsorbEndCombat":0,"Bottled Lightning":30,"StuffTheSpire:RedRose":5},{"Ice Cream":7,"downfall:HeartBlessingGreen":9,"Eternal Feather":12,"StuffTheSpire:EmeraldSignet":12,"Slimebound:GreedOozeRelic":1,"Du-Vu Doll":5,"Mummified Hand":16,"MutagenicStrength":13,"Orrery":14,"StuffTheSpire:CocoNut":2,"Slimebound:AbsorbEndCombat":0,"Bottled Lightning":17,"StuffTheSpire:RedRose":2},{"Ice Cream":21,"downfall:HeartBlessingGreen":30,"Eternal Feather":49,"StuffTheSpire:EmeraldSignet":49,"Slimebound:GreedOozeRelic":3,"Du-Vu Doll":15,"Mummified Hand":66,"MutagenicStrength":54,"Orrery":58,"StuffTheSpire:CocoNut":5,"Slimebound:AbsorbEndCombat":0,"Bottled Lightning":70,"StuffTheSpire:RedRose":5}]},"card_choices":[{"not_picked":["Slimebound:ItLooksTasty","Slimebound:Chomp"],"picked":"Slimebound:SplitLeeching","floor":2},{"not_picked":["Slimebound:ItLooksTasty","Slimebound:LeechingTouch","Slimebound:LeechEnergy"],"picked":"SKIP","floor":4},{"not_picked":["Slimebound:FinishingTackle","Slimebound:RollThrough"],"picked":"Slimebound:GoopSpray","floor":9},{"not_picked":["Slimebound:FinishingTackle","Slimebound:HauntingLick"],"picked":"Slimebound:SamplingLick","floor":10},{"not_picked":["Slimebound:SplitAcid","Slimebound:SplitSpecialist"],"picked":"Slimebound:SplitMire","floor":11},{"not_picked":["Slimebound:Prepare","Slimebound:LeechingTouch"],"picked":"Slimebound:LevelUp","floor":13},{"not_picked":["Slimebound:Recycling","Slimebound:LeechingTouch"],"picked":"Slimebound:Repurpose","floor":14},{"not_picked":["Slimebound:SlimeBrawl","Slimebound:LeechEnergy"],"picked":"Slimebound:ProtectTheBoss","floor":15},{"not_picked":["Slimebound:Recycling","Slimebound:DuplicatedForm"],"picked":"Slimebound:OozeBath","floor":16},{"not_picked":["Slimebound:GoopTackle","Slimebound:FormOfPuddle+1"],"picked":"Slimebound:LeadByExample","floor":19},{"not_picked":["Slimebound:RainOfGoop","Slimebound:Prepare"],"picked":"Slimebound:SamplingLick+1","floor":22},{"not_picked":["Slimebound:HauntingLick","Slimebound:RollThrough","Slimebound:LeechingTouch"],"picked":"SKIP","floor":23},{"not_picked":[],"picked":"J.A.X.","floor":25},{"not_picked":["Slimebound:SpikyOuterGoop","Slimebound:SlimeBarrage"],"picked":"Slimebound:LevelUp","floor":25},{"not_picked":["Slimebound:SpikyOuterGoop+1","Slimebound:ProtectTheBoss+1"],"picked":"Slimebound:LevelUp","floor":26},{"not_picked":["Slimebound:FinishingTackle","Slimebound:ItLooksTasty"],"picked":"Slimebound:RainOfGoop+1","floor":26},{"not_picked":["Slimebound:SlimeBrawl+1","Slimebound:SplitBruiser+1"],"picked":"Slimebound:AcidTongue","floor":26},{"not_picked":["Slimebound:HauntingLick","Slimebound:SlimeSpikes"],"picked":"Slimebound:GoopSpray+1","floor":27},{"not_picked":["Slimebound:LeadByExample","Slimebound:SplitBruiser"],"picked":"Slimebound:Schlurp+1","floor":28},{"not_picked":["Slimebound:HauntingLick","Slimebound:Recycling"],"picked":"Slimebound:ViciousTackle","floor":30},{"not_picked":["Slimebound:LeechEnergy","Slimebound:LeadByExample","Slimebound:ProtectTheBoss+1"],"picked":"SKIP","floor":31},{"not_picked":["Slimebound:GoopTackle","Slimebound:LeechEnergy","Slimebound:ItLooksTasty"],"picked":"SKIP","floor":32}],"player_experience":921169,"relics_obtained":[{"floor":7,"key":"StuffTheSpire:CocoNut"},{"floor":11,"key":"Du-Vu Doll"},{"floor":14,"key":"Ice Cream"},{"floor":23,"key":"StuffTheSpire:EmeraldSignet"},{"floor":24,"key":"Eternal Feather"},{"floor":25,"key":"MutagenicStrength"},{"floor":28,"key":"Mummified Hand"}],"event_choices":[],"is_beta":false,"boss_relics":[{"not_picked":["Busted Crown","Coffee Dripper","energizedSpire:NeverEndingSparkler"]}],"items_purged_floors":[30],"is_endless":false,"potions_floor_spawned":[10,13,15,23,27,31,32],"killed_by":"IC_MUSHROOM_ARCHETYPE","ascension_level":0}}