{"host":"pi8b3ffzwvxqztac","time":1611954291,"event":{"mods":["BaseMod","Colored Map","Downfall","Minty Spire (QoL Compilation)","StSLib"],"gold_per_floor":[99,112,122,122,132,4,27,46,46,76,176,76,87,119,130,230,230,30,41,41,55,40,40,40,52,74,106,118,161,173,201,232,347,359,371,402,433,344,344,360,412,512,527,563,583,599,599,613,626,626,626,626,626,626],"floor_reached":52,"language":"ENG","playtime":4486,"items_purged":["Regret"],"score":972,"play_id":"3e6f69c4-70eb-487b-afe9-364d97806fe1","local_time":"20210130100451","is_ascension_mode":true,"campfire_choices":[{"floor":1.0,"key":"RECALL"},{"data":"bronze:Goto","floor":9.0,"key":"SMITH"},{"data":"bronze:Repulsor","floor":12.0,"key":"SMITH"},{"data":"bronze:SpaghettiCode","floor":18.0,"key":"SMITH"},{"data":"bronze:BronzeOrb","floor":23.0,"key":"SMITH"},{"data":"bronze:BuggyMess","floor":28.0,"key":"SMITH"},{"data":"bronze:Separator","floor":30.0,"key":"SMITH"},{"data":"bronze:HardenedForm","floor":35.0,"key":"SMITH"},{"data":"expansioncontent:Chronoboost","floor":47.0,"key":"SMITH"}],"circlet_count":0,"master_deck":["bronze:Defend","bronze:Defend","bronze:Defend","bronze:Replicate","bronze:Goto+1","bronze:Branch","bronze:DelayedSlice","bronze:Separator+1","bronze:Repair","bronze:BronzeOrb+1","bronze:Optimize+1","bronze:Branch","bronze:Allocate","bronze:Repulsor+1","bronze:Iterate","bronze:CutThrough","bronze:SpaghettiCode+1","bronze:BuggyMess+1","bronze:Frontload+1","bronze:DelayedGuard+1","bronze:FineTuning","bronze:FineTuning+1","bronze:Turbo+1","bronze:Deprecate+1","bronze:BuggyMess+1","bronze:Repair","bronze:BuggyMess+1","bronze:HardenedForm+1","bronze:Return","expansioncontent:Chronoboost+1","Finesse","bronze:BugBarrage","bronze:InfiniteBeams","bronze:FollowUp","bronze:Branch"],"relics":["bronze:BronzeCore","Matryoshka","bronze:DecasWashers","Omamori","downfall:HeartBlessingRed","Centennial Puzzle","Astrolabe","downfall:HeartBlessingBlue","downfall:HeartBlessingGreen","MawBank","Sundial","Shuriken","Busted Crown","Ancient Tea Set","downfall:GremlinWheel","Medical Kit"],"acts_visited":["Exordium","TheCity","TheBeyond","TheEnding"],"potions_floor_usage":[49,50,50],"damage_taken":[{"damage":4.0,"enemies":"Jaw Worm","floor":2.0,"turns":4.0},{"damage":0.0,"enemies":"Small Slimes","floor":3.0,"turns":3.0},{"damage":2.0,"enemies":"Cultist","floor":5.0,"turns":4.0},{"damage":7.0,"enemies":"downfall:FleeingMerchant","floor":6.0,"turns":4.0},{"damage":0.0,"enemies":"3 Louse","floor":8.0,"turns":2.0},{"damage":6.0,"enemies":"3 Sentries","floor":10.0,"turns":7.0},{"damage":22.0,"enemies":"downfall:Heads","floor":11.0,"turns":4.0},{"damage":4.0,"enemies":"Lots of Slimes","floor":13.0,"turns":2.0},{"damage":20.0,"enemies":"Gremlin Nob","floor":14.0,"turns":4.0},{"damage":0.0,"enemies":"Exordium Thugs","floor":15.0,"turns":2.0},{"damage":0.0,"enemies":"WA_ARCHETYPE_RETAIN","floor":16.0,"turns":4.0},{"damage":5.0,"enemies":"Chosen","floor":19.0,"turns":3.0},{"damage":7.0,"enemies":"Centurion and Healer","floor":21.0,"turns":6.0},{"damage":0.0,"enemies":"downfall:FleeingMerchant","floor":22.0,"turns":4.0},{"damage":5.0,"enemies":"Chosen and Byrds","floor":26.0,"turns":6.0},{"damage":32.0,"enemies":"Snecko","floor":27.0,"turns":7.0},{"damage":5.0,"enemies":"Slavers","floor":29.0,"turns":6.0},{"damage":11.0,"enemies":"Snake Plant","floor":31.0,"turns":4.0},{"damage":6.0,"enemies":"3 Cultists","floor":32.0,"turns":5.0},{"damage":7.0,"enemies":"SI_MIRROR_ARCHETYPE","floor":33.0,"turns":10.0},{"damage":4.0,"enemies":"3 Darklings","floor":36.0,"turns":5.0},{"damage":0.0,"enemies":"3 Shapes","floor":37.0,"turns":2.0},{"damage":0.0,"enemies":"downfall:FleeingMerchant","floor":38.0,"turns":4.0},{"damage":27.0,"enemies":"Writhing Mass","floor":40.0,"turns":6.0},{"damage":9.0,"enemies":"Writhing Mass","floor":42.0,"turns":4.0},{"damage":5.0,"enemies":"Maw","floor":43.0,"turns":7.0},{"damage":0.0,"enemies":"downfall:FleeingMerchant","floor":44.0,"turns":1.0},{"damage":11.0,"enemies":"Spire Growth","floor":45.0,"turns":5.0},{"damage":2.0,"enemies":"Jaw Worm Horde","floor":46.0,"turns":3.0},{"damage":6,"enemies":"Sphere and 2 Shapes","floor":48,"turns":5},{"damage":9,"enemies":"3 Darklings","floor":49,"turns":6},{"damage":50,"enemies":"DF_ARCHETYPE_ORBS","floor":50,"turns":10},{"damage":96,"enemies":"downfall:CharBossMerchant","floor":52,"turns":8}],"seed_played":"1520160084234803213","potions_obtained":[{"floor":8.0,"key":"Dexterity Potion"},{"floor":10.0,"key":"BlessingOfTheForge"},{"floor":14.0,"key":"SteroidPotion"},{"floor":21.0,"key":"ColorlessPotion"},{"floor":27.0,"key":"ColorlessPotion"},{"floor":29.0,"key":"BlessingOfTheForge"},{"floor":33.0,"key":"Swift Potion"},{"floor":40.0,"key":"CultistPotion"},{"floor":42.0,"key":"Weak Potion"},{"floor":48,"key":"AttackPotion"},{"floor":49,"key":"SkillPotion"}],"is_trial":false,"path_per_floor":["R","M","M","?","M","$","T","M","R","E","?","R","M","E","M","B",null,"R","M","?","M","$","R","T","?","M","M","R","E","R","M","M","B",null,"R","M","M","$","?","M","T","?","M","$","M","M","R","M","M","B",null,"E"],"character_chosen":"THE_AUTOMATON","items_purchased":["bronze:BronzeOrb","expansioncontent:Chronoboost","Medical Kit","bronze:InfiniteBeams","bronze:FollowUp","bronze:Branch"],"campfire_rested":0,"item_purchase_floors":[6,38,44,44,44,44],"current_hp_per_floor":[70,66,66,66,64,57,57,64,64,68,46,46,52,42,52,59,73,83,87,87,87,87,87,87,87,82,55,55,60,60,70,72,80,85,85,87,87,87,87,60,60,51,64,64,68,73,87,87,78,37,75,0,0,0],"gold":626,"neow_bonus":"TEN_PERCENT_HP_BONUS","is_daily":false,"chose_seed":false,"campfire_upgraded":8,"win_rate":0.0,"timestamp":1611954291,"path_taken":["R","M","M","?","M","$","T","M","R","E","?","R","M","E","M","BOSS","R","M","?","M","$","R","T","?","M","M","R","E","R","M","M","BOSS","R","M","M","$","?","?","T","?","M","$","M","?","R","M","M","BOSS","E"],"items_purchased_type":["Card","Card","Relic","Card","Card","Card"],"build_version":"2020-12-22","purchased_purges":1,"victory":false,"max_hp_per_floor":[77,77,77,77,77,77,77,77,77,77,77,77,77,77,77,77,77,87,87,87,87,87,87,87,87,87,87,87,87,87,87,87,87,87,87,87,87,87,87,87,87,87,87,87,87,87,87,87,87,87,87,87,87,87],"card_choices":[{"not_picked":["bronze:Overheat","bronze:Refactor"],"picked":"bronze:Branch","floor":2.0},{"not_picked":["bronze:FineTuning","bronze:WildBeam"],"picked":"bronze:DelayedSlice","floor":3.0},{"not_picked":["bronze:BugBarrage","bronze:Backtrace"],"picked":"bronze:Separator","floor":5.0},{"not_picked":["bronze:Allocate","bronze:Safeguard"],"picked":"bronze:Repair","floor":6.0},{"not_picked":["bronze:BitShift","bronze:BuggyMess"],"picked":"bronze:Optimize","floor":8.0},{"not_picked":["bronze:Refactor","bronze:Optimize"],"picked":"bronze:Branch","floor":10.0},{"not_picked":["bronze:Overheat","bronze:Invalidate"],"picked":"bronze:Repulsor","floor":11.0},{"not_picked":["bronze:Format","bronze:WhirlingStrike"],"picked":"bronze:Iterate","floor":13.0},{"not_picked":["bronze:Optimize","bronze:BitShift","bronze:BugBarrage"],"picked":"SKIP","floor":14.0},{"not_picked":["bronze:DigitalCarnage","bronze:WildBeam"],"picked":"bronze:CutThrough","floor":15.0},{"not_picked":["bronze:Mutator","bronze:Virus"],"picked":"bronze:SpaghettiCode","floor":16.0},{"not_picked":["bronze:DelayedSlice","bronze:OilSpill"],"picked":"bronze:FineTuning","floor":19.0},{"not_picked":["bronze:OilSpill+1","bronze:WildBeam+1"],"picked":"bronze:FineTuning+1","floor":21.0},{"not_picked":["bronze:Backtrace","bronze:Iterate"],"picked":"bronze:Turbo+1","floor":22.0},{"not_picked":["bronze:Refactor+1","bronze:DelayedGuard"],"picked":"bronze:Deprecate+1","floor":26.0},{"not_picked":["bronze:Fortify","bronze:Optimize+1"],"picked":"bronze:BuggyMess","floor":27.0},{"not_picked":["bronze:Frontload","bronze:Turbo"],"picked":"bronze:Repair","floor":29.0},{"not_picked":["bronze:DelayedGuard","bronze:Allocate+1","bronze:DigitalCarnage"],"picked":"SKIP","floor":31.0},{"not_picked":["bronze:ChildClass","bronze:BurnOut"],"picked":"bronze:BuggyMess+1","floor":32.0},{"not_picked":["bronze:FindAndReplace","bronze:ShipIt"],"picked":"bronze:HardenedForm","floor":33.0},{"not_picked":[],"picked":"bronze:Return","floor":36.0},{"not_picked":["bronze:Frontload+1"],"picked":"SKIP","floor":37.0},{"not_picked":["bronze:Frontload+1"],"picked":"SKIP","floor":37.0},{"not_picked":["bronze:BugBarrage"],"picked":"SKIP","floor":38.0},{"not_picked":["bronze:BugBarrage"],"picked":"SKIP","floor":40.0},{"not_picked":[],"picked":"bronze:BugBarrage","floor":40.0},{"not_picked":["bronze:Turbo"],"picked":"SKIP","floor":43.0},{"not_picked":["bronze:BronzeOrb+1"],"picked":"SKIP","floor":44.0},{"not_picked":["bronze:Shell"],"picked":"SKIP","floor":45.0},{"not_picked":["bronze:NullPointer"],"picked":"SKIP","floor":46.0},{"not_picked":["bronze:BuggyMess"],"picked":"SKIP","floor":48},{"not_picked":["bronze:Turbo+1"],"picked":"SKIP","floor":49}],"player_experience":664140,"relics_obtained":[{"floor":7.0,"key":"bronze:DecasWashers"},{"floor":10.0,"key":"Omamori"},{"floor":14.0,"key":"Centennial Puzzle"},{"floor":24.0,"key":"MawBank"},{"floor":24.0,"key":"Sundial"},{"floor":29.0,"key":"Shuriken"},{"floor":41.0,"key":"Ancient Tea Set"},{"floor":42.0,"key":"downfall:GremlinWheel"}],"event_choices":[{"damage_healed":0.0,"max_hp_gain":0.0,"max_hp_loss":0.0,"gold_gain":0.0,"event_name":"Big Fish","player_choice":"Box","floor":4.0,"gold_loss":0.0,"damage_taken":0.0,"relics_obtained":["Matryoshka"],"cards_obtained":["Regret"]},{"damage_healed":0.0,"max_hp_gain":0.0,"max_hp_loss":0.0,"gold_gain":0.0,"event_name":"Ghosts","player_choice":"Ignored","floor":20.0,"gold_loss":0.0,"damage_taken":0.0},{"damage_healed":14.0,"max_hp_gain":0.0,"max_hp_loss":0.0,"gold_gain":0.0,"event_name":"Wheel of Change","player_choice":"Full Heal","floor":47.0,"gold_loss":0.0,"damage_taken":0.0}],"is_beta":false,"boss_relics":[{"not_picked":["SacredBark","Tiny House"],"picked":"Astrolabe"},{"not_picked":["Philosopher\u0027s Stone","SlaversCollar"],"picked":"Busted Crown"}],"items_purged_floors":[6],"is_endless":false,"potions_floor_spawned":[8,10,14,15,21,27,29,33,40,42,43,48,49],"killed_by":"downfall:CharBossMerchant","ascension_level":6}}