{"host":"u0qetpmu4y58k1tf","time":1611926928,"event":{"mods":["AchievementEnabler","BaseMod","Colored Map","Colored Powertips","Hermit","Marisa£¨Ùöéë¡¡Øª×âÞÞ£©","Minty Spire (QoL Compilation)","Replay The Spire","StSLib","SuperFastMode","The Bug Knight","The Cursed","The Hierophant","The Runesmith"],"gold_per_floor":[119,5,24,24,37,67,67,17,40,40,60,60,104,128,128,128,128],"floor_reached":16,"language":"KOR","playtime":742,"items_purged":["Strike_R"],"score":127,"play_id":"d9aae50d-ff4a-4514-9bb2-d250e5643569","local_time":"20210129222848","is_ascension_mode":true,"campfire_choices":[{"data":"Flex","floor":7,"key":"SMITH"},{"floor":12,"key":"REST"},{"floor":15,"key":"REST"}],"circlet_count":0,"master_deck":["Strike_R","Strike_R","Strike_R","Strike_R","Defend_R","Defend_R","Defend_R","Bash","Rupture","Blood for Blood","Flex+1","Rampage","Flex","Rupture"],"relics":["Philosopher\u0027s Stone","Juzu Bracelet","Bag of Marbles","Golden Idol","Ancient Tea Set"],"acts_visited":["Exordium"],"potions_floor_usage":[6,16],"damage_taken":[{"damage":1,"enemies":"Small Slimes","floor":1,"turns":3},{"damage":2,"enemies":"Cultist","floor":3,"turns":3},{"damage":13,"enemies":"Jaw Worm","floor":5,"turns":3},{"damage":32,"enemies":"Lagavulin","floor":6,"turns":6},{"damage":0,"enemies":"3 Louse","floor":11,"turns":1},{"damage":17,"enemies":"Gremlin Nob","floor":13,"turns":3},{"damage":30,"enemies":"Exordium Wildlife","floor":14,"turns":5},{"damage":29,"enemies":"The Guardian","floor":16,"turns":7}],"seed_played":"-1355571787806210185","potions_obtained":[{"floor":3,"key":"CultistPotion"},{"floor":14,"key":"HeartOfIron"}],"is_trial":false,"path_per_floor":["M","$","M","?","M","E","R","$","T","?","M","R","E","M","R","B"],"character_chosen":"IRONCLAD","items_purchased":["Blood for Blood","Flex"],"campfire_rested":2,"item_purchase_floors":[2,8],"current_hp_per_floor":[79,79,77,77,64,32,32,32,32,32,32,54,37,7,29,0,0],"gold":128,"neow_bonus":"BOSS_RELIC","is_daily":false,"chose_seed":false,"campfire_upgraded":1,"win_rate":0.0,"timestamp":1611926928,"path_taken":["M","$","M","?","?","E","R","?","T","?","M","R","E","M","R","BOSS"],"items_purchased_type":["Card","Card"],"build_version":"2020-12-22","purchased_purges":1,"victory":false,"max_hp_per_floor":[80,80,80,80,80,80,80,80,80,74,74,74,74,74,74,74,74],"card_choices":[{"not_picked":["Twin Strike","Dark Embrace"],"picked":"Rupture","floor":1},{"not_picked":["Thunderclap","Power Through","Run Through"],"picked":"SKIP","floor":3},{"not_picked":["Searing Blow","Clothesline"],"picked":"Flex","floor":5},{"not_picked":["Body Slam","Rage"],"picked":"Rampage","floor":6},{"not_picked":["Cleave","Uppercut","Twin Strike"],"picked":"SKIP","floor":11},{"not_picked":["Pummel","Infernal Blade","Headbutt"],"picked":"SKIP","floor":13},{"not_picked":["Body Slam","ReplayTheSpireMod:Strike From Hell"],"picked":"Rupture","floor":14}],"player_experience":59605,"relics_obtained":[{"floor":6,"key":"Juzu Bracelet"},{"floor":9,"key":"Bag of Marbles"},{"floor":13,"key":"Ancient Tea Set"}],"event_choices":[{"cards_removed":["Defend_R"],"damage_healed":0,"gold_gain":0,"player_choice":"Purged","damage_taken":0,"max_hp_gain":0,"max_hp_loss":0,"event_name":"Purifier","floor":4,"gold_loss":0},{"damage_healed":0,"gold_gain":0,"player_choice":"Lose Max HP","damage_taken":0,"relics_obtained":["Golden Idol"],"max_hp_gain":0,"max_hp_loss":6,"event_name":"Golden Idol","floor":10,"gold_loss":0}],"is_beta":false,"boss_relics":[],"items_purged_floors":[2],"is_endless":false,"potions_floor_spawned":[3,14],"killed_by":"The Guardian","ascension_level":3}}