{"host":"1tl36azeqm6yhdgj","time":1611930374,"event":{"mods":["AchievementEnabler","BaseMod","Minty Spire (QoL Compilation)","StSLib","The IronCluck","everything is the same but u backflip on backflip"],"gold_per_floor":[114,128,128,203,214,241,241,259,282,316,316,178,213,223,223,294,294,310,324,339,389,403,433,451,451,498,533,548,60,73,86,86,160,160,178,178,178,197,207,260,260,171,198,33,50,79,0,0,0,0,0],"floor_reached":50,"language":"ENG","playtime":2280,"items_purged":["Regret"],"score":1068,"play_id":"f70e30c4-1a6c-4708-8ed3-e67f5e765871","local_time":"20210129092614","is_ascension_mode":true,"campfire_choices":[{"data":"Thunderclap","floor":7.0,"key":"SMITH"},{"data":"Uppercut","floor":11.0,"key":"SMITH"},{"floor":15.0,"key":"REST"},{"floor":32.0,"key":"REST"},{"data":"Pain","floor":41.0,"key":"PURGE"},{"floor":49.0,"key":"RECALL"}],"circlet_count":0,"master_deck":["AscendersBane","Burning Pact","Thunderclap+1","Clothesline","Anger","Infernal Blade","Uppercut+1","Feel No Pain","Limit Break","Limit Break","Havoc","Reaper","Pummel","Spot Weakness","Shrug It Off","Immolate","Sentinel","Second Wind","Dropkick","Warcry","Reckless Charge+1","Seeing Red","Flex","Shrug It Off+1","Heavy Blade","Magnetism","Berserk","Juggernaut","Headbutt+1","Seeing Red+1","Dramatic Entrance","Clash","Warcry+1"],"relics":["Burning Blood","NeowsBlessing","Strawberry","Toy Ornithopter","PreservedInsect","HornCleat","Thread and Needle","Shuriken","Pandora\u0027s Box","Oddly Smooth Stone","Bag of Preparation","Orichalcum","Lantern","Runic Cube","WarpedTongs","Peace Pipe","Whetstone","Happy Flower","Red Mask"],"acts_visited":["Exordium","TheCity","TheBeyond"],"potions_floor_usage":[50],"damage_taken":[{"damage":0.0,"enemies":"Small Slimes","floor":1.0,"turns":1.0},{"damage":0.0,"enemies":"2 Louse","floor":2.0,"turns":1.0},{"damage":0.0,"enemies":"Cultist","floor":5.0,"turns":1.0},{"damage":40.0,"enemies":"Gremlin Nob","floor":6.0,"turns":5.0},{"damage":7.0,"enemies":"2 Fungi Beasts","floor":8.0,"turns":3.0},{"damage":30.0,"enemies":"3 Sentries","floor":10.0,"turns":7.0},{"damage":9.0,"enemies":"Lagavulin","floor":13.0,"turns":4.0},{"damage":2.0,"enemies":"Large Slime","floor":14.0,"turns":5.0},{"damage":47.0,"enemies":"Hexaghost","floor":16.0,"turns":11.0},{"damage":11.0,"enemies":"Shell Parasite","floor":18.0,"turns":3.0},{"damage":0.0,"enemies":"3 Byrds","floor":19.0,"turns":3.0},{"damage":35.0,"enemies":"Cultist and Chosen","floor":20.0,"turns":7.0},{"damage":0.0,"enemies":"Centurion and Healer","floor":22.0,"turns":6.0},{"damage":55.0,"enemies":"Slavers","floor":23.0,"turns":6.0},{"damage":16.0,"enemies":"Shelled Parasite and Fungi","floor":24.0,"turns":6.0},{"damage":14.0,"enemies":"Gremlin Leader","floor":27.0,"turns":4.0},{"damage":6.0,"enemies":"Sentry and Sphere","floor":28.0,"turns":4.0},{"damage":3.0,"enemies":"3 Cultists","floor":30.0,"turns":5.0},{"damage":16.0,"enemies":"Chosen and Byrds","floor":31.0,"turns":3.0},{"damage":6.0,"enemies":"Champ","floor":33.0,"turns":8.0},{"damage":31.0,"enemies":"Orb Walker","floor":35.0,"turns":4.0},{"damage":13.0,"enemies":"3 Darklings","floor":38.0,"turns":3.0},{"damage":0.0,"enemies":"4 Shapes","floor":39.0,"turns":7.0},{"damage":1.0,"enemies":"2 Orb Walkers","floor":40.0,"turns":3.0},{"damage":1.0,"enemies":"Maw","floor":45.0,"turns":5.0},{"damage":31.0,"enemies":"Nemesis","floor":46.0,"turns":7.0},{"damage":99,"enemies":"Awakened One","floor":50,"turns":7}],"seed_played":"8573370766389028796","potions_obtained":[{"floor":1.0,"key":"Regen Potion"},{"floor":5.0,"key":"LiquidBronze"},{"floor":16.0,"key":"LiquidBronze"},{"floor":23.0,"key":"SkillPotion"},{"floor":24.0,"key":"BlessingOfTheForge"},{"floor":28.0,"key":"LiquidMemories"},{"floor":30.0,"key":"BlessingOfTheForge"},{"floor":33.0,"key":"Strength Potion"},{"floor":35.0,"key":"BloodPotion"},{"floor":39.0,"key":"AttackPotion"},{"floor":40.0,"key":"DistilledChaos"}],"is_trial":false,"path_per_floor":["M","M","?","?","M","E","R","M","T","E","R","?","E","M","R","B",null,"M","M","M","?","M","E","M","?","T","E","M","$","M","M","R","B",null,"M","?","?","M","M","?","R","$","T","$","M","E","?","$","R","B"],"character_chosen":"IRONCLAD","items_purchased":["Magnetism","Lantern","Explosive Potion","Dramatic Entrance","Whetstone"],"campfire_rested":2,"item_purchase_floors":[29,29,29,42,44],"current_hp_per_floor":[74,75,82,71,77,43,43,47,47,43,43,43,40,44,68,27,68,63,74,75,75,82,42,42,42,42,56,56,56,72,67,82,82,82,57,57,57,76,82,82,82,82,82,82,82,57,57,57,57,0,0],"gold":0,"neow_bonus":"THREE_ENEMY_KILL","is_daily":false,"chose_seed":false,"campfire_upgraded":2,"win_rate":0.0,"timestamp":1611930374,"path_taken":["M","M","?","?","M","E","R","M","T","E","R","?","E","M","R","BOSS","M","M","?","?","M","E","M","?","T","E","?","$","M","M","R","BOSS","M","?","?","M","?","?","R","$","T","$","M","E","?","$","R","BOSS"],"items_purchased_type":["Card","Relic","Potion","Card","Relic"],"build_version":"2020-12-22","purchased_purges":1,"victory":false,"max_hp_per_floor":[75,75,82,82,82,82,82,82,82,82,82,82,82,82,82,82,82,82,82,82,82,82,82,82,82,82,82,82,82,82,82,82,82,82,82,82,82,82,82,82,82,82,82,82,82,82,82,82,82,82,82],"card_choices":[{"not_picked":["Flex","Pummel"],"picked":"Burning Pact","floor":1.0},{"not_picked":["Twin Strike","Clash"],"picked":"Thunderclap","floor":2.0},{"not_picked":["Dark Embrace","Warcry"],"picked":"Clothesline","floor":5.0},{"not_picked":["Whirlwind","Iron Wave"],"picked":"Anger","floor":6.0},{"not_picked":["Dark Embrace","Corruption"],"picked":"Infernal Blade","floor":8.0},{"not_picked":["Blood for Blood","Perfected Strike"],"picked":"Uppercut","floor":10.0},{"not_picked":["Havoc","Combust"],"picked":"Feel No Pain","floor":13.0},{"not_picked":["Wild Strike","Havoc","Body Slam"],"picked":"SKIP","floor":14.0},{"not_picked":["Barricade","Reaper"],"picked":"Limit Break","floor":16.0},{"not_picked":["Shrug It Off","Bloodletting"],"picked":"Dropkick","floor":18.0},{"not_picked":["Headbutt","Power Through+1"],"picked":"Warcry","floor":19.0},{"not_picked":["Anger","Clothesline"],"picked":"Reckless Charge","floor":20.0},{"not_picked":["Sentinel","Pummel+1"],"picked":"Seeing Red","floor":22.0},{"not_picked":["Twin Strike","Whirlwind","Perfected Strike"],"picked":"SKIP","floor":23.0},{"not_picked":["Anger","Rupture+1"],"picked":"Flex","floor":24.0},{"not_picked":["Flame Barrier","Rupture+1"],"picked":"Shrug It Off+1","floor":27.0},{"not_picked":["Body Slam","Combust"],"picked":"Heavy Blade","floor":28.0},{"not_picked":["Heavy Blade+1","Pommel Strike"],"picked":"Berserk","floor":30.0},{"not_picked":["Reckless Charge","Shrug It Off","Anger"],"picked":"SKIP","floor":31.0},{"not_picked":["Reaper","Limit Break"],"picked":"Juggernaut","floor":33.0},{"not_picked":["Havoc","Feel No Pain"],"picked":"Headbutt","floor":35.0},{"not_picked":["Sword Boomerang","Body Slam","Clothesline"],"picked":"SKIP","floor":38.0},{"not_picked":["Dual Wield","Cleave","Sentinel+1"],"picked":"SKIP","floor":39.0},{"not_picked":["Heavy Blade","Perfected Strike"],"picked":"Seeing Red+1","floor":40.0},{"not_picked":["Wild Strike","Body Slam"],"picked":"Clash","floor":45.0},{"not_picked":["Anger","Twin Strike"],"picked":"Warcry+1","floor":46.0}],"player_experience":2094723,"relics_obtained":[{"floor":6.0,"key":"Toy Ornithopter"},{"floor":9.0,"key":"PreservedInsect"},{"floor":10.0,"key":"HornCleat"},{"floor":13.0,"key":"Shuriken"},{"floor":23.0,"key":"Oddly Smooth Stone"},{"floor":26.0,"key":"Bag of Preparation"},{"floor":27.0,"key":"Orichalcum"},{"floor":40.0,"key":"Peace Pipe"},{"floor":46.0,"key":"Happy Flower"}],"event_choices":[{"damage_healed":0.0,"max_hp_gain":0.0,"max_hp_loss":0.0,"gold_gain":0.0,"event_name":"Big Fish","player_choice":"Box","floor":3.0,"gold_loss":0.0,"damage_taken":0.0,"relics_obtained":["Strawberry"],"cards_obtained":["Regret"]},{"damage_healed":0.0,"max_hp_gain":0.0,"max_hp_loss":0.0,"gold_gain":75.0,"event_name":"World of Goop","player_choice":"Gather Gold","floor":4.0,"gold_loss":0.0,"damage_taken":11.0},{"damage_healed":0.0,"max_hp_gain":0.0,"max_hp_loss":0.0,"gold_gain":0.0,"event_name":"WeMeetAgain","player_choice":"Paid Gold","floor":12.0,"gold_loss":138.0,"damage_taken":0.0,"relics_obtained":["Thread and Needle"]},{"damage_healed":0.0,"max_hp_gain":0.0,"max_hp_loss":0.0,"gold_gain":50.0,"event_name":"Nest","player_choice":"Stole From Cult","floor":21.0,"gold_loss":0.0,"damage_taken":0.0},{"damage_healed":0.0,"max_hp_gain":0.0,"max_hp_loss":0.0,"gold_gain":0.0,"event_name":"Vampires","player_choice":"Ignored","floor":25.0,"gold_loss":0.0,"damage_taken":0.0},{"cards_removed":["Bash"],"damage_healed":0.0,"max_hp_gain":0.0,"max_hp_loss":0.0,"gold_gain":0.0,"event_name":"Falling","player_choice":"Removed Attack","floor":36.0,"gold_loss":0.0,"damage_taken":0.0},{"damage_healed":0.0,"max_hp_gain":0.0,"max_hp_loss":0.0,"gold_gain":0.0,"event_name":"Accursed Blacksmith","player_choice":"Rummage","floor":37.0,"gold_loss":0.0,"damage_taken":0.0,"relics_obtained":["WarpedTongs"],"cards_obtained":["Pain"]},{"damage_healed":0.0,"max_hp_gain":0.0,"max_hp_loss":0.0,"gold_gain":0.0,"event_name":"Mysterious Sphere","player_choice":"Fight","floor":40.0,"gold_loss":0.0,"damage_taken":0.0},{"damage_healed":0.0,"max_hp_gain":0.0,"max_hp_loss":0.0,"gold_gain":0.0,"event_name":"Tomb of Lord Red Mask","player_choice":"Paid","floor":47.0,"gold_loss":79.0,"damage_taken":0.0,"relics_obtained":["Red Mask"]}],"is_beta":false,"boss_relics":[{"not_picked":["SlaversCollar","Runic Pyramid"],"picked":"Pandora\u0027s Box"},{"not_picked":["Sozu","Empty Cage"],"picked":"Runic Cube"}],"items_purged_floors":[29],"is_endless":false,"potions_floor_spawned":[1,5,6,16,23,24,28,30,33,35,39,40],"killed_by":"Awakened One","ascension_level":20}}