{"host":"ty7uytdfitsmf36k","time":1611933924,"event":{"mods":["AchievementEnabler","BaseMod","Colored Map","Colored Powertips","DeckTracker","Downfall","Infinite Spire","Minty Spire (QoL Compilation)","Relic Stats","Replay The Spire","Spire Arcade","StSLib","SuperFastMode","The Jungle","Wandering Minibosses"],"gold_per_floor":[119,131,131,131,143,178,196,196,196],"floor_reached":8,"language":"ENG","playtime":207,"items_purged":[],"score":81,"play_id":"b5e06eef-27f4-419d-8859-0cdd4270e4f8","local_time":"20210129102524","is_ascension_mode":true,"campfire_choices":[],"circlet_count":0,"master_deck":["Strike_G","Strike_G","Strike_G","Strike_G","Strike_G","Defend_G","Defend_G","Defend_G","Defend_G","Defend_G","Survivor","Neutralize","Blade Dance","Backflip","Hidden Blade"],"relics":["Ring of the Snake","NeowsBlessing","Blue Candle","infinitespire:WardingShard"],"acts_visited":["Exordium"],"potions_floor_usage":[6,8],"damage_taken":[{"damage":0,"enemies":"Cultist","floor":1,"turns":1},{"damage":0,"enemies":"Small Slimes","floor":2,"turns":1},{"damage":0,"enemies":"Jaw Worm","floor":5,"turns":1},{"damage":22,"enemies":"3 Sentries","floor":6,"turns":13},{"damage":1,"enemies":"Blue Slaver","floor":7,"turns":4},{"damage":35,"enemies":"Lagavulin","floor":8,"turns":6}],"seed_played":"-433336194015334235","potions_obtained":[{"floor":2,"key":"Adrenaline Potion"},{"floor":7,"key":"AttackPotion"}],"is_trial":false,"path_per_floor":["M","M","?","?","M","E","M","E"],"character_chosen":"THE_SILENT","items_purchased":[],"campfire_rested":0,"item_purchase_floors":[],"current_hp_per_floor":[63,63,58,58,58,36,35,0,0],"gold":196,"neow_bonus":"THREE_ENEMY_KILL","is_daily":false,"chose_seed":false,"campfire_upgraded":0,"win_rate":0.0,"timestamp":1611933924,"path_taken":["M","?","?","?","?","E","M","E"],"items_purchased_type":[],"build_version":"2020-12-22","purchased_purges":0,"victory":false,"max_hp_per_floor":[70,70,70,70,70,70,70,70,70],"relic_stats":{"counters":[6,26],"Blue Candle":[0],"obtain_stats":[{"NeowsBlessing":0,"infinitespire:WardingShard":6,"Blue Candle":3,"Ring of the Snake":0},{"NeowsBlessing":0,"infinitespire:WardingShard":4,"Blue Candle":2,"Ring of the Snake":0},{"NeowsBlessing":0,"infinitespire:WardingShard":16,"Blue Candle":2,"Ring of the Snake":0}],"Ring of the Snake":[12]},"card_choices":[{"not_picked":["Sneak Up","Eviscerate"],"picked":"Blade Dance","floor":1},{"not_picked":["Blade Dance","Draining Mist"],"picked":"Backflip","floor":2},{"not_picked":["Flechettes","Draining Mist","Dagger Spray"],"picked":"SKIP","floor":5},{"not_picked":["Wraith Form v2","Blade Dance"],"picked":"Hidden Blade","floor":6},{"not_picked":["Riddle With Holes","Distraction","Slice"],"picked":"SKIP","floor":7}],"player_experience":201583,"relics_obtained":[{"floor":6,"key":"infinitespire:WardingShard"}],"event_choices":[{"damage_healed":0,"gold_gain":0,"player_choice":"Bought 0 Potions","damage_taken":0,"max_hp_gain":0,"max_hp_loss":0,"event_name":"The Woman in Blue","floor":4,"gold_loss":0}],"is_beta":false,"boss_relics":[],"items_purged_floors":[],"is_endless":false,"potions_floor_spawned":[2,7],"killed_by":"Lagavulin","ascension_level":8}}