{"host":"zw3dvemvayodnaug","time":1611935965,"event":{"mods":["Act Like it!","BaseMod","Colored Map","Decade(王小明)","Gensokyo","Gremlin Mod","Hermit","Hunter 猎人","Koishi","LagranYue(拉格朗・月)","Marisa（F雨　魔理沙）","Minty Spire (QoL Compilation)","Quick Restart","Remilia（蕾米莉亚）","Replay The Spire","Robot Space Explorer","StSLib","Td1madao Mod","TestMod","The Administrix","The Blackbeard","The Bladedancer","The Construct","The Cursed","The Gatherer","The Runesmith","Yuyuko","[GremlinLeader]The Maniac","[IsaacMod]以撒尖塔"],"gold_per_floor":[110,124,10,23,23,56,56,82,82,93,105,137,137,148,148,244,244,263,278,295,309,325,359,377,302,349,349,363,383,383,58,58,161,161,188,199,228,244,244,244,269,269,292,328,363,363,180,214,214,214,214,214,47,81,81],"floor_reached":56,"language":"ZHS","playtime":3511,"items_purged":["Koishi:BasicStrike","Koishi:BasicStrike"],"score":1557,"play_id":"2d48733e-a86e-415d-a225-41fc9d5498f9","local_time":"20210129235925","is_ascension_mode":false,"campfire_choices":[{"data":"Koishi:EmbryosDream","floor":7,"key":"SMITH"},{"data":"Koishi:EmbersOfLove","floor":15,"key":"SMITH"},{"floor":27,"key":"RECALL"},{"data":"Koishi:HeartStoppingHorror","floor":30,"key":"SMITH"},{"data":"Koishi:EmbryosDream","floor":32,"key":"SMITH"},{"data":"Koishi:MentalBreakdown","floor":40,"key":"SMITH"},{"data":"Koishi:FleetingPhantom","floor":42,"key":"SMITH"},{"data":"Koishi:PredatoryInstincts","floor":46,"key":"SMITH"},{"data":"Koishi:HauntingSlash","floor":49,"key":"SMITH"},{"data":"Koishi:ParalyzingFear","floor":52,"key":"SMITH"}],"circlet_count":0,"master_deck":["Koishi:BasicStrike","Koishi:BasicDefend","Koishi:BasicDefend","Koishi:BasicDefend","Koishi:BasicDefend","Koishi:Provoke","Koishi:HauntingSlash+1","BloodyBrimstone","Koishi:Prune","Koishi:StingingMind+1","Koishi:GrowingPain","Koishi:EmbryosDream+1","Koishi:ParalyzingFear+1","Koishi:EmbersOfLove+1","Koishi:HeartStoppingHorror+1","Koishi:FleetingPhantom+1","Koishi:EmbryosDream+1","Koishi:JumpScare+1","Koishi:SubconsciousSweep+1","Koishi:DreadfulBlow+1","Koishi:YoukaiPolygraph","Koishi:MentalBreakdown+1","Koishi:EmbryosDream+1","Koishi:PredatoryInstincts+1","Gensokyo:BrilliantDragonBullet","Koishi:Jaunt","Koishi:GeneticsOfTheUnconscious+1","Gensokyo:Shovel","Koishi:TraumaticStroke+1","Koishi:ReleaseOfTheId+1"],"relics":["Koishi:ImaginaryFriend","HushsDoor","testmod-TestBox","PokeGo","testmod-ObsoleteBoomerang","LagranYue:RandomDrawCardRelic","Bag of Marbles","Nunchaku","LagranYue:SoulBurningRelic","Koishi:AHoleWhereASisterShouldBe","Bronze Scales","LagranYue:MagicReflectiveArmorRelic","ChampionBelt","YumHeart","Omamori","Toxic Egg 2","CeramicFish","Dream Catcher","Orichalcum","Void","testmod-MagicalMallet","Oddly Smooth Stone","LagranYue:WskJewelryRelic"],"acts_visited":["Exordium","TheCity","Gensokyo:Gensokyoest","TheEnding"],"potions_floor_usage":[11,21,21,28,33,50,50],"damage_taken":[{"damage":0,"enemies":"Cultist","floor":1,"turns":1},{"damage":0,"enemies":"Small Slimes","floor":2,"turns":1},{"damage":0,"enemies":"Jaw Worm","floor":4,"turns":1},{"damage":0,"enemies":"Gremlin Nob","floor":6,"turns":2},{"damage":0,"enemies":"3 Louse","floor":10,"turns":2},{"damage":0,"enemies":"Looter","floor":11,"turns":1},{"damage":0,"enemies":"Lagavulin","floor":12,"turns":3},{"damage":0,"enemies":"Large Slime","floor":14,"turns":2},{"damage":2,"enemies":"Hexaghost","floor":16,"turns":7},{"damage":0,"enemies":"Spheric Guardian","floor":18,"turns":1},{"damage":0,"enemies":"3 Byrds","floor":19,"turns":2},{"damage":0,"enemies":"Snake Plant","floor":20,"turns":2},{"damage":0,"enemies":"Shelled Parasite and Fungi","floor":21,"turns":1},{"damage":2,"enemies":"Cultist and Chosen","floor":22,"turns":5},{"damage":10,"enemies":"Replay:Snechameleon","floor":23,"turns":6},{"damage":0,"enemies":"Snecko","floor":24,"turns":3},{"damage":1,"enemies":"Centurion and Healer","floor":28,"turns":3},{"damage":0,"enemies":"Snake Plant","floor":29,"turns":3},{"damage":25,"enemies":"Collector","floor":33,"turns":6},{"damage":30,"enemies":"Gensokyo:Kasen","floor":35,"turns":10},{"damage":0,"enemies":"Gensokyo:3_Boulders","floor":36,"turns":2},{"damage":0,"enemies":"Gensokyo:Marisa","floor":37,"turns":5},{"damage":0,"enemies":"Gensokyo:AncientGuardian","floor":38,"turns":2},{"damage":0,"enemies":"Gensokyo:Kasen","floor":41,"turns":8},{"damage":0,"enemies":"Gensokyo:Doremy","floor":44,"turns":5},{"damage":0,"enemies":"Gensokyo:Marisa","floor":45,"turns":5},{"damage":18,"enemies":"Gensokyo:Doremy","floor":48,"turns":5},{"damage":0,"enemies":"Gensokyo:Yuyuko","floor":50,"turns":6},{"damage":0,"enemies":"Shield and Spear","floor":54,"turns":6},{"damage":20,"enemies":"The Heart","floor":55,"turns":9}],"seed_played":"8397041377828009834","potions_obtained":[{"floor":4,"key":"Fire Potion"},{"floor":5,"key":"Adrenaline Potion"},{"floor":5,"key":"Fire Potion"},{"floor":11,"key":"Explosive Potion"},{"floor":22,"key":"construct:ShiftPotion"},{"floor":24,"key":"Swift Potion"},{"floor":28,"key":"FairyPotion"},{"floor":37,"key":"AttackPotion"},{"floor":45,"key":"Flashbang"},{"floor":54,"key":"Languid Potion"}],"is_trial":false,"path_per_floor":["M","M","$","M","?","E","R","T","T","M","M","E","?","M","R","B",null,"M","M","M","M","M","E","M","?","T","R","M","M","R","$","R","B",null,"M","M","M","M","?","R","M","R","T","E","M","R","COS","M","R","B",null,"R","$","E","B",null],"character_chosen":"KOISHI","items_purchased":["Koishi:StingingMind+1","LagranYue:MagicReflectiveArmorRelic","Koishi:YoukaiPolygraph","testmod-MagicalMallet"],"campfire_rested":0,"item_purchase_floors":[3,31,31,53],"current_hp_per_floor":[60,60,60,60,60,57,57,57,57,57,57,54,54,51,51,48,48,45,42,39,36,33,32,33,33,33,33,33,33,33,33,33,19,29,33,33,33,33,33,33,33,33,33,33,33,33,33,33,33,33,32,32,32,33,20],"gold":81,"neow_bonus":"THREE_ENEMY_KILL","is_daily":false,"chose_seed":false,"campfire_upgraded":9,"win_rate":0.0,"timestamp":1611935965,"path_taken":["M","M","?","M","?","E","R","?","T","M","M","E","?","M","R","BOSS","M","M","M","M","M","E","M","?","T","R","?","M","R","$","R","BOSS","M","M","M","M","?","R","M","R","T","E","M","R","COS","M","R","BOSS","R","$","E","BOSS"],"items_purchased_type":["Card","Relic","Card","Relic"],"build_version":"2020-12-22","purchased_purges":2,"victory":true,"max_hp_per_floor":[60,60,60,60,60,57,57,57,57,57,57,54,54,51,51,48,48,45,42,39,36,33,33,33,33,33,33,33,33,33,33,33,33,33,33,33,33,33,33,33,33,33,33,33,33,33,33,33,33,33,33,33,33,33,30],"card_choices":[{"not_picked":[],"picked":"BloodyBrimstone","floor":0},{"not_picked":["Koishi:RacingHeart","Koishi:BloodcurdlingScream"],"picked":"Koishi:Prune","floor":1},{"not_picked":["Koishi:DreadfulBlow","Koishi:PhantomBarrier"],"picked":"Bomb","floor":2},{"not_picked":["Koishi:HeartfeltFancy","Koishi:Vanish"],"picked":"Koishi:GrowingPain","floor":4},{"not_picked":["Koishi:VengefulSpirit","Koishi:BloodcurdlingScream"],"picked":"Koishi:EmbryosDream","floor":6},{"not_picked":["Koishi:UnansweredLove","Koishi:ReflexRadar","Koishi:FreudianInstinct"],"picked":"SKIP","floor":10},{"not_picked":["Koishi:DreadfulBlow","Koishi:ReflexRadar"],"picked":"Bomb","floor":11},{"not_picked":["Koishi:StingingMind","Koishi:DanmakuParanoia"],"picked":"Koishi:ParalyzingFear","floor":12},{"not_picked":["Koishi:StingingMind","Koishi:Vanish"],"picked":"Koishi:EmbersOfLove","floor":14},{"not_picked":["Koishi:Heartbroken","Koishi:Ego"],"picked":"Koishi:HeartStoppingHorror","floor":16},{"not_picked":["Koishi:SpiritedAway","Koishi:Vanish+1"],"picked":"Koishi:FleetingPhantom","floor":18},{"not_picked":["Koishi:BramblyRoseGarden","Koishi:FreudianInstinct"],"picked":"Koishi:Jaunt+1","floor":19},{"not_picked":["Koishi:StrangeCloudFist","Koishi:BramblyRoseGarden"],"picked":"Koishi:EmbryosDream","floor":20},{"not_picked":["Koishi:RacingHeart","Koishi:HeartStoppingHorror","Koishi:FleetingPhantom"],"picked":"SKIP","floor":21},{"not_picked":["Koishi:ApparitionsStalkTheNight+1","Koishi:PredatoryInstincts"],"picked":"Koishi:JumpScare+1","floor":22},{"not_picked":["Koishi:DreadfulBlow","Koishi:FidgetySnatcher+1"],"picked":"Koishi:SubconsciousSweep+1","floor":23},{"not_picked":["Koishi:BramblyRoseGarden","Koishi:UnansweredLove","Koishi:FidgetySnatcher"],"picked":"SKIP","floor":24},{"not_picked":["Koishi:SprinkleStarAndHeart","Koishi:FidgetySnatcher"],"picked":"Koishi:UnconsciousUprising+1","floor":28},{"not_picked":["Koishi:Prune","Koishi:MindNumbingTerror"],"picked":"Koishi:DreadfulBlow+1","floor":29},{"not_picked":["Koishi:RollingInRichesHeart","Koishi:FormlessExistence"],"picked":"Koishi:MentalBreakdown","floor":33},{"not_picked":["Koishi:GeneticsOfTheUnconscious","Koishi:CatchAndRose"],"picked":"Koishi:EmbryosDream+1","floor":35},{"not_picked":["Koishi:EmbryosDream+1","Koishi:BramblyRoseGarden"],"picked":"Koishi:MassHysteria","floor":36},{"not_picked":["Koishi:SpiritedAway","Koishi:TremblingHands"],"picked":"Koishi:PredatoryInstincts","floor":37},{"not_picked":["Koishi:ParalyzingFear","Koishi:Catatonia","Koishi:EmbryosDream"],"picked":"SKIP","floor":38},{"not_picked":["Gensokyo:DreamlikeParadise","Gensokyo:NewMoon"],"picked":"Gensokyo:BrilliantDragonBullet","floor":39},{"not_picked":["Koishi:GhostParty+1","Koishi:HeartAttack"],"picked":"Koishi:Jaunt","floor":41},{"not_picked":["Koishi:SilentAndRestless","Koishi:PhantomBarrier+1"],"picked":"Koishi:GeneticsOfTheUnconscious+1","floor":44},{"not_picked":["Koishi:SilentAndRestless","Koishi:PhilosophyOfTheDespised+1"],"picked":"Koishi:RorschachInDanmaku+1","floor":45},{"not_picked":["Koishi:SpiritedAway","Koishi:GeneticsOfTheUnconscious+1"],"picked":"Koishi:TraumaticStroke+1","floor":48},{"not_picked":["Koishi:EmbersOfLove+1","Koishi:FleetingPhantom+1"],"picked":"Koishi:ReleaseOfTheId+1","floor":54}],"player_experience":53131,"relics_obtained":[{"floor":6,"key":"Bag of Marbles"},{"floor":8,"key":"Nunchaku"},{"floor":23,"key":"Koishi:AHoleWhereASisterShouldBe"},{"floor":26,"key":"Bronze Scales"},{"floor":35,"key":"YumHeart"},{"floor":37,"key":"Omamori"},{"floor":41,"key":"Toxic Egg 2"},{"floor":43,"key":"CeramicFish"},{"floor":44,"key":"Dream Catcher"},{"floor":45,"key":"Orichalcum"},{"floor":48,"key":"Void"},{"floor":54,"key":"Oddly Smooth Stone"}],"event_choices":[{"damage_healed":0,"gold_gain":0,"player_choice":"Got Potions","damage_taken":0,"max_hp_gain":0,"max_hp_loss":0,"event_name":"Lab","floor":5,"gold_loss":0},{"damage_healed":0,"gold_gain":0,"player_choice":"Swap Relic","damage_taken":0,"relics_obtained":["NeowsBlessing"],"max_hp_gain":0,"max_hp_loss":0,"event_name":"给自己的盒子","floor":13,"relics_lost":["NeowsBlessing"],"gold_loss":0},{"cards_removed":["Koishi:BasicStrike"],"damage_healed":0,"gold_gain":0,"player_choice":"Gave Gold","damage_taken":0,"max_hp_gain":0,"max_hp_loss":0,"event_name":"Beggar","floor":25,"gold_loss":75}],"is_beta":false,"boss_relics":[{"not_picked":["ReplayTheSpireMod:DimensionalGlitch","testmod-Recursion"],"picked":"LagranYue:SoulBurningRelic"},{"not_picked":[]},{"not_picked":["testmod-IncinerationGenerator","SacredBark"],"picked":"ChampionBelt"},{"not_picked":[]}],"items_purged_floors":[3,31],"is_endless":false,"potions_floor_spawned":[4,6,11,20,22,24,28,37,38,44,45,54],"ascension_level":20}}