{"host":"d9m9v0h6vo0edadb","time":1611939281,"event":{"mods":["BaseMod","Hermit","Keyboard Shortcuts","Minty Spire (QoL Compilation)","StSLib","SuperFastMode","The Cursed"],"gold_per_floor":[113,130,55,66,78,78,94,121,121,132,149,169,169,195,195,195,195],"floor_reached":16,"language":"KOR","playtime":294,"items_purged":["Strike_G"],"score":282,"play_id":"34274b97-115a-456b-a6bf-3fbf212ac6ad","local_time":"20210130015441","is_ascension_mode":true,"campfire_choices":[{"data":"Choke","floor":6.0,"key":"SMITH"},{"data":"Blade Dance","floor":13.0,"key":"SMITH"},{"data":"Blade Dance","floor":15.0,"key":"SMITH"}],"circlet_count":0,"master_deck":["AscendersBane","Strike_G","Strike_G","Strike_G","Defend_G","Defend_G","Defend_G","Defend_G","Defend_G","Survivor","Neutralize","Infinite Blades","Blade Dance+1","Blade Dance+1","PiercingWail","Choke+1","Leg Sweep","Concentrate","Acrobatics","Flechettes","Reflex"],"relics":["Ring of the Snake","Bronze Scales","Du-Vu Doll","The Courier"],"acts_visited":["Exordium"],"potions_floor_usage":[16],"damage_taken":[{"damage":1.0,"enemies":"Cultist","floor":1.0,"turns":4.0},{"damage":2.0,"enemies":"Jaw Worm","floor":2.0,"turns":6.0},{"damage":0.0,"enemies":"2 Louse","floor":4.0,"turns":3.0},{"damage":5.0,"enemies":"Lots of Slimes","floor":5.0,"turns":4.0},{"damage":0.0,"enemies":"Exordium Thugs","floor":7.0,"turns":3.0},{"damage":0.0,"enemies":"Lagavulin","floor":8.0,"turns":4.0},{"damage":0.0,"enemies":"Looter","floor":10.0,"turns":1.0},{"damage":0.0,"enemies":"Blue Slaver","floor":11.0,"turns":4.0},{"damage":6.0,"enemies":"Exordium Thugs","floor":12.0,"turns":4.0},{"damage":19.0,"enemies":"3 Sentries","floor":14.0,"turns":6.0},{"damage":29,"enemies":"The Guardian","floor":16,"turns":10}],"seed_played":"-7229592942561418499","potions_obtained":[{"floor":2.0,"key":"SkillPotion"},{"floor":7.0,"key":"BlessingOfTheForge"},{"floor":8.0,"key":"Dexterity Potion"}],"is_trial":false,"path_per_floor":["M","M","$","M","M","R","M","E","T","M","M","M","R","E","R","B"],"character_chosen":"THE_SILENT","items_purchased":[],"campfire_rested":0,"item_purchase_floors":[],"current_hp_per_floor":[58,56,56,56,51,51,51,51,51,51,51,45,45,26,26,0,0],"gold":195,"neow_bonus":"TRANSFORM_CARD","is_daily":false,"chose_seed":false,"campfire_upgraded":3,"win_rate":0.0,"timestamp":1611939281,"path_taken":["M","M","$","M","?","R","M","E","T","M","?","M","R","E","R","BOSS"],"items_purchased_type":[],"build_version":"2020-12-22","purchased_purges":1,"victory":false,"max_hp_per_floor":[66,66,66,66,66,66,66,66,66,66,66,66,66,66,66,66,66],"card_choices":[{"not_picked":["Dodge and Roll","Quick Slash"],"picked":"Blade Dance","floor":1.0},{"not_picked":["Caltrops","Backflip"],"picked":"Blade Dance","floor":2.0},{"not_picked":["Slice","Catalyst"],"picked":"PiercingWail","floor":4.0},{"not_picked":["Slice","Quick Slash"],"picked":"Choke","floor":5.0},{"not_picked":["Sucker Punch","Unload"],"picked":"Leg Sweep","floor":7.0},{"not_picked":["Skewer","Expertise"],"picked":"Concentrate","floor":8.0},{"not_picked":["Dash","Sucker Punch","Backflip"],"picked":"SKIP","floor":10.0},{"not_picked":["Cloak And Dagger","Flying Knee"],"picked":"Acrobatics","floor":11.0},{"not_picked":["Dodge and Roll","Riddle With Holes"],"picked":"Flechettes","floor":12.0},{"not_picked":["Bane","Noxious Fumes"],"picked":"Reflex","floor":14.0}],"player_experience":998781,"relics_obtained":[{"floor":8.0,"key":"Bronze Scales"},{"floor":9.0,"key":"Du-Vu Doll"},{"floor":14.0,"key":"The Courier"}],"event_choices":[],"is_beta":false,"boss_relics":[],"items_purged_floors":[3],"is_endless":false,"potions_floor_spawned":[2,7,8],"killed_by":"The Guardian","ascension_level":20}}