{"host":"wuvswo56ap8gkfrb","time":1611911210,"event":{"mods":["Act Like it!","BaseMod","Colored Powertips","Minty Spire (QoL Compilation)","Quick Restart","Remilia£®¿Ÿ√◊¿Ú—«£©","StSLib","UnlockEverythingMod","[GremlinLeader]The Maniac"],"gold_per_floor":[111,123,134,134,184,216,216,245,245,274,311,336,379,32,32,146,146,157,157,57,57,69,69,69,136,191,204,204,222,253,267,267,340,340,353,364,384,259,259,284,303,356,356,206,237,252,280,296,296,296,296],"floor_reached":52,"language":"ZHS","playtime":4358,"items_purged":["Strike_RM","Strike_RM","Strike_RM","Defend_RM"],"score":2309,"play_id":"86608d66-7933-4df2-a2f6-6f4d3fd3bf8f","local_time":"20210129170650","daily_mods":["Heirloom"],"is_ascension_mode":true,"campfire_choices":[{"data":"ScarletDream","floor":7.0,"key":"SMITH"},{"data":"ScarletGensokyo","floor":15.0,"key":"SMITH"},{"data":"HellCatastrophe","floor":23,"key":"SMITH"},{"data":"ScarletNetherworld","floor":28,"key":"SMITH"},{"data":"Seeing Red","floor":32,"key":"SMITH"},{"data":"maniac:FindAShortcut","floor":49,"key":"SMITH"}],"circlet_count":0,"master_deck":["AscendersBane","Strike_RM+1","Defend_RM","Defend_RM","Defend_RM","RedMoon","ScarletShoot+1","EndlessAdversity","DiffusionOfMisfortune+1","ScarletDream+1","ReincarnationDial","ScarletMeister","ScarletDevilSign","ScarletNetherworld+1","ScarletGensokyo+1","HellCatastrophe+1","Decay","Seeing Red+1","Reboot","maniac:FindAShortcut+1","Violence","maniac:UndyingDesire+1","Stack","maniac:HammerDown","maniac:UndyingDesire","maniac:SorceryHour","Study+1","maniac:Intimidate+1"],"relics":["ScarletHat","Ginger","Bag of Preparation","Pear","MawBank","Meat on the Bone","Bird Faced Urn","PrismaticShard","ScarletEmblem","Strawberry","Whetstone","Darkstone Periapt","Coffee Dripper","Frozen Egg 2","Calipers","Lizard Tail","Nunchaku","Mummified Hand","Dream Catcher"],"acts_visited":["Exordium","TheCity","TheBeyond"],"potions_floor_usage":[25,33,33,45,50,50],"damage_taken":[{"damage":1.0,"enemies":"Cultist","floor":1.0,"turns":5.0},{"damage":3.0,"enemies":"2 Louse","floor":2.0,"turns":4.0},{"damage":0.0,"enemies":"Small Slimes","floor":3.0,"turns":2.0},{"damage":2.0,"enemies":"3 Sentries","floor":6.0,"turns":9.0},{"damage":0.0,"enemies":"Gremlin Nob","floor":8.0,"turns":3.0},{"damage":0.0,"enemies":"Exordium Thugs","floor":10.0,"turns":1.0},{"damage":16.0,"enemies":"Lagavulin","floor":11.0,"turns":5.0},{"damage":12.0,"enemies":"3 Louse","floor":12.0,"turns":3.0},{"damage":9.0,"enemies":"Gremlin Nob","floor":13.0,"turns":1.0},{"damage":30.0,"enemies":"Slime Boss","floor":16.0,"turns":9.0},{"damage":0.0,"enemies":"Spheric Guardian","floor":18.0,"turns":1.0},{"damage":0,"enemies":"3 Byrds","floor":22,"turns":3},{"damage":51,"enemies":"Book of Stabbing","floor":25,"turns":7},{"damage":22,"enemies":"Centurion and Healer","floor":27,"turns":5},{"damage":0,"enemies":"Snecko","floor":29,"turns":3},{"damage":14,"enemies":"Gremlin Leader","floor":30,"turns":4},{"damage":0,"enemies":"Cultist and Chosen","floor":31,"turns":2},{"damage":32,"enemies":"Automaton","floor":33,"turns":6},{"damage":8,"enemies":"3 Shapes","floor":35,"turns":2},{"damage":11,"enemies":"3 Darklings","floor":36,"turns":2},{"damage":3,"enemies":"Sphere and 2 Shapes","floor":37,"turns":1},{"damage":3,"enemies":"Reptomancer","floor":40,"turns":4},{"damage":11,"enemies":"Writhing Mass","floor":41,"turns":3},{"damage":17,"enemies":"Giant Head","floor":42,"turns":4},{"damage":22,"enemies":"Reptomancer","floor":45,"turns":4},{"damage":25,"enemies":"Maw","floor":46,"turns":5},{"damage":6,"enemies":"Giant Head","floor":47,"turns":3},{"damage":6,"enemies":"Jaw Worm Horde","floor":48,"turns":2},{"damage":34,"enemies":"Time Eater","floor":50,"turns":6},{"damage":142,"enemies":"Awakened One","floor":51,"turns":9}],"seed_played":"-6861141573228362624","potions_obtained":[{"floor":3.0,"key":"Dexterity Potion"},{"floor":11.0,"key":"DuplicationPotion"},{"floor":16.0,"key":"SkillPotion"},{"floor":25,"key":"Dexterity Potion"},{"floor":25,"key":"LiquidBronze"},{"floor":36,"key":"LiquidMemories"},{"floor":41,"key":"Block Potion"},{"floor":45,"key":"Regen Potion"},{"floor":47,"key":"DuplicationPotion"}],"is_trial":true,"path_per_floor":["M","M","M","?","?","E","R","E","T","M","E","M","E","$","R","B",null,"M","?","$","?","M","R","$","E","T","M","R","M","E","M","R","B",null,"M","M","M","$","?","E","M","E","T","$","E","M","E","M","R","B","B",null],"character_chosen":"REMILIA","items_purchased":["PrismaticShard","ScarletNetherworld","ScarletGensokyo"],"campfire_rested":0,"item_purchase_floors":[14,14,14],"current_hp_per_floor":[62,61,61,66,59,60,60,71,71,71,60,48,53,53,53,46,75,75,75,75,95,95,95,95,55,55,55,55,60,57,59,59,56,91,85,84,84,84,84,86,92,102,102,102,86,102,102,102,102,80,45],"gold":296,"neow_bonus":"","is_daily":false,"chose_seed":false,"campfire_upgraded":6,"win_rate":0.0,"timestamp":1611911210,"path_taken":["M","M","M","?","?","E","R","E","T","?","E","M","E","$","R","BOSS","M","?","?","?","M","R","?","E","T","M","R","M","E","M","R","BOSS","M","M","M","?","?","E","?","E","T","$","E","M","E","M","R","BOSS","BOSS"],"items_purchased_type":["Relic","Card","Card"],"build_version":"2020-12-22","purchased_purges":4,"victory":true,"max_hp_per_floor":[70,70,70,75,75,75,75,85,85,85,85,85,85,85,85,85,85,85,85,85,95,95,95,95,102,102,102,102,102,102,102,102,102,102,102,102,102,102,102,102,102,102,102,102,102,102,102,102,102,102,102],"card_choices":[{"not_picked":["BadLadyScramble","NightLord"],"picked":"EndlessAdversity","floor":1.0},{"not_picked":["VampireKiss","BlasphemousPunishment"],"picked":"DiffusionOfMisfortune","floor":2.0},{"not_picked":["RedRainbow","BloodHunter","NightLord"],"picked":"SKIP","floor":3.0},{"not_picked":["BloodyMagicSquare","BloodyTrap"],"picked":"ScarletDream","floor":6.0},{"not_picked":["FavorOfDestiny","BombardNight"],"picked":"ReincarnationDial","floor":8.0},{"not_picked":["StarOfDavid","UnstableMagic"],"picked":"ScarletMeister","floor":10.0},{"not_picked":["EndlessAdversity","DiffusionOfMisfortune","UnderTheZenith"],"picked":"SKIP","floor":11.0},{"not_picked":["HunterOfTheNight","NightDance","BloodHunter"],"picked":"SKIP","floor":12.0},{"not_picked":["DiffusionOfMisfortune","MastersStateliness"],"picked":"ScarletDevilSign","floor":13.0},{"not_picked":["Double Tap","BloodyHallows"],"picked":"HellCatastrophe","floor":16.0},{"not_picked":["Bandage Up","maniac:UntravelledPath","Compile Driver"],"picked":"SKIP","floor":18.0},{"not_picked":["Blizzard+1","CrushJoints"],"picked":"Seeing Red","floor":22},{"not_picked":["ClearTheMind","maniac:BladesInCloak","Dodge and Roll"],"picked":"SKIP","floor":25},{"not_picked":["maniac:AllOutAttack+1","Study"],"picked":"Reboot","floor":27},{"not_picked":["Thunderclap","Rampage"],"picked":"maniac:FindAShortcut","floor":29},{"not_picked":["Clash","Streamline"],"picked":"Violence","floor":30},{"not_picked":["Chill","Disarm","AfternoonTea"],"picked":"SKIP","floor":31},{"not_picked":["Thunderclap","GlobalNightmare"],"picked":"maniac:UndyingDesire","floor":35},{"not_picked":["Entrench","Cloak And Dagger+1","Stack"],"picked":"SKIP","floor":36},{"not_picked":["Entrench","Cloak And Dagger+1"],"picked":"Stack","floor":36},{"not_picked":["Coolheaded+1","Sever Soul","maniac:ListenToNone"],"picked":"SKIP","floor":37},{"not_picked":["Perfected Strike+1","Shrug It Off+1"],"picked":"maniac:HammerDown","floor":40},{"not_picked":["Shrug It Off","Gash"],"picked":"maniac:UndyingDesire","floor":41},{"not_picked":["Hologram","Redo+1"],"picked":"maniac:SorceryHour","floor":42},{"not_picked":["Body Slam","maniac:SpectralKnives"],"picked":"Study+1","floor":45},{"not_picked":["FlyingSleeves","Creative AI+1","Gash"],"picked":"SKIP","floor":46},{"not_picked":["Reckless Charge+1","LikeWater+1","SandsOfTime"],"picked":"SKIP","floor":46},{"not_picked":["TwelveNightmare+1","Slice+1"],"picked":"maniac:Intimidate+1","floor":47},{"not_picked":["ThirdEye","Gash","Anger"],"picked":"SKIP","floor":48}],"player_experience":134767,"relics_obtained":[{"floor":6.0,"key":"Bag of Preparation"},{"floor":8.0,"key":"Pear"},{"floor":9.0,"key":"MawBank"},{"floor":11.0,"key":"Meat on the Bone"},{"floor":13.0,"key":"Bird Faced Urn"},{"floor":25,"key":"Strawberry"},{"floor":26,"key":"Whetstone"},{"floor":30,"key":"Darkstone Periapt"},{"floor":40,"key":"Frozen Egg 2"},{"floor":41,"key":"Calipers"},{"floor":42,"key":"Lizard Tail"},{"floor":43,"key":"Nunchaku"},{"floor":45,"key":"Mummified Hand"},{"floor":47,"key":"Dream Catcher"}],"event_choices":[{"damage_healed":0.0,"max_hp_gain":5.0,"max_hp_loss":0.0,"gold_gain":0.0,"event_name":"Big Fish","player_choice":"Donut","floor":4.0,"gold_loss":0.0,"damage_taken":0.0},{"damage_healed":0.0,"max_hp_gain":0.0,"max_hp_loss":0.0,"gold_gain":50.0,"event_name":"FaceTrader","player_choice":"Touch","floor":5.0,"gold_loss":0.0,"damage_taken":7.0},{"damage_healed":0.0,"max_hp_gain":0.0,"max_hp_loss":0.0,"gold_gain":0.0,"event_name":"Wheel of Change","player_choice":"Cursed","floor":19.0,"gold_loss":0.0,"damage_taken":0.0,"cards_obtained":["Decay"]},{"damage_healed":0,"gold_gain":0,"player_choice":"Upgraded","damage_taken":0,"max_hp_gain":0,"max_hp_loss":0,"event_name":"Upgrade Shrine","floor":39,"gold_loss":0,"cards_upgraded":["maniac:UndyingDesire"]}],"is_beta":false,"boss_relics":[{"not_picked":["Velvet Choker","APieceOfRedMist"],"picked":"ScarletEmblem"},{"not_picked":["Empty Cage","Sozu"],"picked":"Coffee Dripper"}],"items_purged_floors":[14,20,38,44],"is_endless":false,"potions_floor_spawned":[3,11,13,16,25,27,30,31,36,41,45,47,48],"ascension_level":20}}