{"host":"mum3ai8oz7qfp6jm","time":1611947754,"event":{"mods":["BaseMod","Minty Spire (QoL Compilation)","Reliquary","StSLib","The Bug Knight"],"gold_per_floor":[2346,1822,1897,1907,1921,1952,1952,1966,1966,1966,1571,1571,1571,1149,1149,1273,1273,1294,812,812,836,855,480,504,524,550,550,586,546,546,579,579,705,705,730,751,751,468,380,411,427,470,470,494,65,65,65,84,84,84],"floor_reached":51,"language":"ZHS","playtime":1854,"items_purged":["HollowMod:NailStrikeStart","HollowMod:QuickDashStart","HollowMod:NailStrikeStart","HollowMod:PogoStrike","HollowMod:DesolateDive"],"score":976,"play_id":"5ccbe272-2154-4336-b4d0-1cb10981306f","local_time":"20210130031554","is_ascension_mode":true,"campfire_choices":[{"data":"HollowMod:QuirrelsAssistance","floor":7.0,"key":"SMITH"},{"data":"HollowMod:HuntersJournal","floor":10.0,"key":"SMITH"},{"data":"HollowMod:MantisMark","floor":13.0,"key":"SMITH"},{"data":"HollowMod:NewLittleFool","floor":15.0,"key":"SMITH"},{"data":"HollowMod:MantisMark","floor":27.0,"key":"SMITH"},{"data":"HollowMod:CycloneSlash","floor":30.0,"key":"SMITH"},{"data":"HollowMod:CloakDash","floor":32.0,"key":"SMITH"},{"data":"HollowMod:HuntersJournal","floor":49,"key":"SMITH"}],"circlet_count":0,"master_deck":["HollowMod:QuirrelsAssistance+1","HollowMod:HuntersJournal+1","HollowMod:MantisMark+1","HollowMod:NewLittleFool+1","HollowMod:SlysStrikes+1","HollowMod:CloakDash+1","HollowMod:ZotesMagnificence","HollowMod:DashSlash+1","HollowMod:HerrahsAnger+1","HollowMod:MantisMark+1","HollowMod:ElderbugsWisdom","HollowMod:CloakDash+1","HollowMod:MonarchWings+1","Madness","Madness","Master of Strategy","HollowMod:HuntersJournal+1","HollowMod:HuntersJournal+1","HollowMod:Weaversong","HollowMod:MidwifesHunger+1"],"relics":["HollowMod:VesselMask","NeowsBlessing","Sundial","Anchor","Pantograph","Prayer Wheel","Membership Card","Dream Catcher","Centennial Puzzle","Golden Idol","TungstenRod","reliquary:QuartzCube","reliquary:WritOfMandamus","Question Card","Lee\u0027s Waffle","Bottled Flame","Thread and Needle","reliquary:Bookmark","reliquary:Buckler","Boot","Bird Faced Urn","Lantern","Coffee Dripper","reliquary:SharkskinSheath","Pear","Mercury Hourglass","Blood Vial","HollowMod:IsmasTear","Molten Egg 2","Mummified Hand","TheAbacus"],"acts_visited":["Exordium","TheCity","TheBeyond"],"potions_floor_usage":[],"damage_taken":[{"damage":0.0,"enemies":"Small Slimes","floor":1.0,"turns":1.0},{"damage":0.0,"enemies":"Jaw Worm","floor":4.0,"turns":1.0},{"damage":0.0,"enemies":"Cultist","floor":5.0,"turns":1.0},{"damage":14.0,"enemies":"Lagavulin","floor":6.0,"turns":5.0},{"damage":0.0,"enemies":"Exordium Wildlife","floor":8.0,"turns":2.0},{"damage":37.0,"enemies":"HollowMod:FalseKnight","floor":16.0,"turns":7.0},{"damage":4.0,"enemies":"2 Thieves","floor":18.0,"turns":3.0},{"damage":0.0,"enemies":"3 Byrds","floor":21.0,"turns":4.0},{"damage":12.0,"enemies":"Snecko","floor":22.0,"turns":3.0},{"damage":6.0,"enemies":"Cultist and Chosen","floor":24.0,"turns":3.0},{"damage":11.0,"enemies":"Snake Plant","floor":25.0,"turns":2.0},{"damage":7.0,"enemies":"HollowMod:Nosk","floor":28.0,"turns":4.0},{"damage":24.0,"enemies":"Gremlin Leader","floor":31.0,"turns":4.0},{"damage":36.0,"enemies":"HollowMod:NKGrimm","floor":33.0,"turns":3.0},{"damage":3.0,"enemies":"Orb Walker","floor":35.0,"turns":2.0},{"damage":0.0,"enemies":"3 Shapes","floor":36.0,"turns":2.0},{"damage":8.0,"enemies":"Nemesis","floor":40.0,"turns":3.0},{"damage":0.0,"enemies":"Jaw Worm Horde","floor":41.0,"turns":2.0},{"damage":4.0,"enemies":"Reptomancer","floor":42.0,"turns":2.0},{"damage":3.0,"enemies":"4 Shapes","floor":44.0,"turns":1.0},{"damage":0,"enemies":"Maw","floor":48,"turns":2},{"damage":16,"enemies":"Time Eater","floor":50,"turns":3}],"seed_played":"-3609434302476745971","potions_obtained":[{"floor":1.0,"key":"BlessingOfTheForge"},{"floor":22.0,"key":"Block Potion"},{"floor":36.0,"key":"Block Potion"}],"is_trial":false,"path_per_floor":["M","$","?","M","M","E","R","M","T","R","$","?","R","$","R","B",null,"M","$","?","M","M","$","M","M","T","R","E","?","R","E","R","B",null,"M","M","?","$","?","E","M","E","T","M","$","?","?","M","R","B",null],"character_chosen":"THE_BUGKNIGHT","items_purchased":["Sundial","Anchor","Block Potion","Membership Card","Dream Catcher","Centennial Puzzle","HollowMod:MantisMark","Flash of Steel","HollowMod:DesolateDive","TungstenRod","reliquary:QuartzCube","HollowMod:NewLittleFool","HollowMod:SoulVessel","HollowMod:DoubleDash","Question Card","Lee\u0027s Waffle","HollowMod:ZotesMagnificence","Bottled Flame","FearPotion","Thread and Needle","reliquary:Bookmark","reliquary:Buckler","Master of Strategy","reliquary:SharkskinSheath","Pear","Mummified Hand","TheAbacus","HollowMod:Weaversong","HollowMod:MidwifesHunger+1"],"campfire_rested":0,"item_purchase_floors":[2,2,2,11,11,11,11,11,11,14,14,14,14,14,19,19,19,19,19,23,23,23,38,38,38,45,45,45,45],"current_hp_per_floor":[75,75,64,64,64,60,60,60,60,60,60,37,37,37,37,25,95,91,102,102,102,90,90,84,73,73,73,66,66,66,44,44,35,102,102,102,90,100,100,96,102,104,104,105,105,105,112,112,112,100],"gold":84,"neow_bonus":"THREE_ENEMY_KILL","is_daily":false,"chose_seed":false,"campfire_upgraded":8,"win_rate":0.0,"timestamp":1611947754,"path_taken":["M","$","?","M","M","E","R","M","T","R","$","?","R","?","R","BOSS","M","$","?","M","?","$","M","M","T","R","E","?","R","E","R","BOSS","M","M","?","$","?","E","?","E","T","M","$","?","?","M","R","BOSS"],"items_purchased_type":["Relic","Relic","Potion","Relic","Relic","Relic","Card","Card","Card","Relic","Relic","Card","Card","Card","Relic","Relic","Card","Relic","Potion","Relic","Relic","Relic","Card","Relic","Relic","Relic","Relic","Card","Card"],"build_version":"2020-12-22","purchased_purges":5,"victory":true,"max_hp_per_floor":[95,95,95,95,95,95,95,95,95,95,95,95,95,95,95,95,95,95,102,102,102,102,102,102,102,102,102,102,102,102,102,102,102,102,102,102,102,112,112,112,112,112,112,112,112,112,112,112,112,112],"card_choices":[{"not_picked":["HollowMod:ShapeofUnn","HollowMod:VengefulVoid","HollowMod:SiblingsShadow"],"picked":"SKIP","floor":1.0},{"not_picked":["HollowMod:BlackTendrils","HollowMod:VengefulVoid","HollowMod:WraithStrike"],"picked":"SKIP","floor":4.0},{"not_picked":["HollowMod:MothsMistake","HollowMod:SharpenedNail"],"picked":"HollowMod:QuirrelsAssistance","floor":5.0},{"not_picked":["HollowMod:WraithStrike","HollowMod:CrystalDash","HollowMod:Grubsong"],"picked":"SKIP","floor":6.0},{"not_picked":["HollowMod:WraithStrike","HollowMod:CrystalDash","HollowMod:Grubsong"],"picked":"SKIP","floor":6.0},{"not_picked":["HollowMod:WraithStrike","HollowMod:CrystalDash","HollowMod:Grubsong"],"picked":"SKIP","floor":6.0},{"not_picked":["HollowMod:WraithStrike","HollowMod:MothsMistake"],"picked":"HollowMod:HuntersJournal","floor":8.0},{"not_picked":["HollowMod:NewInfectedGuardian","HollowMod:LordofShades"],"picked":"HollowMod:SlysStrikes","floor":16.0},{"not_picked":["HollowMod:MonomonsArchive+1","HollowMod:SiblingsSouls"],"picked":"HollowMod:CloakDash","floor":18.0},{"not_picked":["HollowMod:ChannelNail","HollowMod:VengefulVoid","HollowMod:HeavyBlow"],"picked":"SKIP","floor":18.0},{"not_picked":["HollowMod:CornifersMapStart","HollowMod:GrimmsGift","HollowMod:LifebloodCocoon"],"picked":"HollowMod:CycloneSlash","floor":21.0},{"not_picked":["HollowMod:FastStrike","HollowMod:SharpenedNail+1","HollowMod:SiblingsSouls+1","HollowMod:CornifersMapStart"],"picked":"SKIP","floor":21.0},{"not_picked":["HollowMod:FastStrike","HollowMod:SiblingsSouls+1","HollowMod:CornifersMapStart"],"picked":"HollowMod:SharpenedNail+1","floor":21.0},{"not_picked":["HollowMod:DescendingDark","HollowMod:RecoilStrike+1","HollowMod:DungDefenderAura"],"picked":"HollowMod:DashSlash","floor":22.0},{"not_picked":["HollowMod:HeavyBlow","HollowMod:InfectedCysts","HollowMod:CornifersMapStart+1","HollowMod:SoulSplash"],"picked":"SKIP","floor":22.0},{"not_picked":["HollowMod:SoulStrike","HollowMod:CrystalDash","HollowMod:NewLittleFool"],"picked":"HollowMod:HerrahsAnger","floor":24.0},{"not_picked":["HollowMod:DoubleDash","HollowMod:NewLittleFool+1","HollowMod:DashSlash","HollowMod:GoodIntentions+1"],"picked":"SKIP","floor":24.0},{"not_picked":["HollowMod:CornifersMapStart","HollowMod:FallenFury+1","HollowMod:LifebloodCocoon+1"],"picked":"HollowMod:MantisMark","floor":25.0},{"not_picked":["HollowMod:DoubleDash","HollowMod:WraithStrike+1","HollowMod:SiblingsSouls","HollowMod:InfectedAttack"],"picked":"SKIP","floor":25.0},{"not_picked":["HollowMod:ZotesMagnificence","HollowMod:NewLittleFool+1","HollowMod:WraithStrike","HollowMod:TaintedHusks"],"picked":"SKIP","floor":28.0},{"not_picked":["HollowMod:InfectedAttack","HollowMod:SoulSplash","HollowMod:CornifersMapStart","HollowMod:BlackTendrils"],"picked":"SKIP","floor":31.0},{"not_picked":["HollowMod:NewInfectedGuardian","HollowMod:HerrahsAnger","HollowMod:VoidDash"],"picked":"HollowMod:ElderbugsWisdom","floor":33.0},{"not_picked":["HollowMod:TaintedHusks","HollowMod:InfectedAttack+1","HollowMod:VengefulVoid+1"],"picked":"HollowMod:CloakDash+1","floor":35.0},{"not_picked":["HollowMod:ShadowDash","HollowMod:MawleksShell+1","HollowMod:FastStrike+1"],"picked":"HollowMod:MonarchWings+1","floor":35.0},{"not_picked":["HollowMod:SoulShaman","HollowMod:ChannelNail","HollowMod:SoulStrike+1","HollowMod:LifebloodCocoon"],"picked":"SKIP","floor":36.0},{"not_picked":["HollowMod:NewLittleFool+1","HollowMod:AwokenDreamNail","HollowMod:DoubleDash+1","HollowMod:InfectedCysts"],"picked":"SKIP","floor":36.0},{"not_picked":["HollowMod:SoulEater+1","HollowMod:HeavyBlow","HollowMod:SoulSplash","HollowMod:NewGlowingWomb"],"picked":"SKIP","floor":40.0},{"not_picked":["HollowMod:BaldurShell","HollowMod:LifebloodCocoon","HollowMod:VengefulVoid+1","HollowMod:SoulEater+1"],"picked":"SKIP","floor":41.0},{"not_picked":["HollowMod:DoubleDash+1","HollowMod:BrokenVessel","HollowMod:InfectionAssault+1","HollowMod:SoulStrike+1"],"picked":"SKIP","floor":41.0},{"not_picked":["HollowMod:DoubleDash","HollowMod:DesolateDive+1","HollowMod:PerfectDash","HollowMod:MawleksShell+1"],"picked":"SKIP","floor":42.0},{"not_picked":["HollowMod:ZotesMagnificence+1","HollowMod:SiblingsSouls","HollowMod:DoubleDash+1"],"picked":"HollowMod:HuntersJournal","floor":44.0},{"not_picked":["HollowMod:SoulStrike+1","HollowMod:MonarchWings","HollowMod:SharpenedNail+1"],"picked":"HollowMod:HuntersJournal+1","floor":44.0},{"not_picked":["HollowMod:CloakDash+1","HollowMod:CoiledNail+1","HollowMod:HeavyBlow+1","HollowMod:DoubleDash"],"picked":"SKIP","floor":48},{"not_picked":["HollowMod:NewJinnsSoul+1","HollowMod:LuriensSpire","HollowMod:RecoilStrike+1","HollowMod:QuirrelsAssistance+1"],"picked":"SKIP","floor":48}],"player_experience":683099,"relics_obtained":[{"floor":6.0,"key":"Pantograph"},{"floor":9.0,"key":"Prayer Wheel"},{"floor":26.0,"key":"Boot"},{"floor":28.0,"key":"Bird Faced Urn"},{"floor":31.0,"key":"Lantern"},{"floor":40.0,"key":"Blood Vial"},{"floor":42.0,"key":"HollowMod:IsmasTear"},{"floor":43.0,"key":"Molten Egg 2"}],"event_choices":[{"damage_healed":0.0,"max_hp_gain":0.0,"max_hp_loss":0.0,"gold_gain":75.0,"event_name":"World of Goop","player_choice":"Gather Gold","floor":3.0,"gold_loss":0.0,"damage_taken":11.0},{"damage_healed":0.0,"max_hp_gain":0.0,"max_hp_loss":0.0,"gold_gain":0.0,"event_name":"Golden Idol","player_choice":"Take Damage","floor":12.0,"gold_loss":0.0,"damage_taken":23.0,"relics_obtained":["Golden Idol"]},{"damage_healed":0.0,"max_hp_gain":0.0,"max_hp_loss":0.0,"gold_gain":0.0,"event_name":"Purifier","player_choice":"Ignored","floor":20.0,"gold_loss":0.0,"damage_taken":0.0},{"damage_healed":0.0,"max_hp_gain":0.0,"max_hp_loss":0.0,"gold_gain":0.0,"event_name":"Designer","player_choice":"Upgrade","floor":29.0,"gold_loss":40.0,"damage_taken":0.0,"cards_upgraded":["HollowMod:HerrahsAnger"]},{"damage_healed":0.0,"max_hp_gain":0.0,"max_hp_loss":0.0,"gold_gain":0.0,"event_name":"Winding Halls","player_choice":"Embrace Madness","floor":37.0,"gold_loss":0.0,"damage_taken":13.0,"cards_obtained":["Madness","Madness"]},{"damage_healed":0.0,"max_hp_gain":0.0,"max_hp_loss":0.0,"gold_gain":0.0,"event_name":"WeMeetAgain","player_choice":"Paid Gold","floor":39.0,"gold_loss":88.0,"damage_taken":0.0,"relics_obtained":["Mercury Hourglass"]}],"is_beta":false,"boss_relics":[{"not_picked":["Velvet Choker","reliquary:RedCape"],"picked":"reliquary:WritOfMandamus"},{"not_picked":["reliquary:Ember","Busted Crown"],"picked":"Coffee Dripper"}],"items_purged_floors":[2,14,19,23,45],"is_endless":false,"potions_floor_spawned":[1,4,6,22,24,31,36,44,48],"ascension_level":3}}