{"host":"7ap89n2sm7vm35bt","time":1611919112,"event":{"mods":["AchievementEnabler","Aspiration","BaseMod","Minty Spire (QoL Compilation)","StSLib","[IsaacMod]ÒÔÈö¼âËþ"],"gold_per_floor":[20,20,36,36,36,36,52,52,52,87,107,107,120,120,120,120,120],"floor_reached":16,"language":"ZHS","playtime":376,"items_purged":[],"score":170,"play_id":"3711ac98-ba18-4b04-95c3-4bf2df68cb55","local_time":"20210129191832","is_ascension_mode":true,"campfire_choices":[{"data":"Double Tap","floor":6.0,"key":"SMITH"},{"data":"Dropkick","floor":8.0,"key":"SMITH"},{"data":"Dual Wield","floor":12.0,"key":"SMITH"},{"data":"Immolate","floor":15.0,"key":"SMITH"}],"circlet_count":0,"master_deck":["Strike_R","Strike_R","Strike_R","Defend_R","Defend_R","Defend_R","Bash","Immolate+1","Reckless Charge","Double Tap+1","Dropkick+1","Dual Wield+1"],"relics":["Burning Blood","HushsDoor","GuppysTail","Gambling Chip","Mango"],"acts_visited":["Exordium"],"potions_floor_usage":[],"damage_taken":[{"damage":0.0,"enemies":"Small Slimes","floor":1.0,"turns":2.0},{"damage":1.0,"enemies":"Cultist","floor":3.0,"turns":3.0},{"damage":0.0,"enemies":"2 Louse","floor":7.0,"turns":1.0},{"damage":10.0,"enemies":"3 Sentries","floor":10.0,"turns":3.0},{"damage":0.0,"enemies":"Looter","floor":11.0,"turns":1.0},{"damage":0.0,"enemies":"2 Fungi Beasts","floor":13.0,"turns":1.0},{"damage":100,"enemies":"Hexaghost","floor":16,"turns":9}],"seed_played":"3957075914466843587","potions_obtained":[{"floor":7.0,"key":"Fruit Juice"},{"floor":11.0,"key":"BlessingOfTheForge"}],"is_trial":false,"path_per_floor":["M","?","M","$","?","R","M","R","T","E","M","R","M","?","R","B"],"character_chosen":"IRONCLAD","items_purchased":[],"campfire_rested":0,"item_purchase_floors":[],"current_hp_per_floor":[78,78,80,80,80,80,85,85,85,95,99,99,99,99,99,0,0],"gold":120,"neow_bonus":"TRANSFORM_TWO_CARDS","is_daily":false,"chose_seed":false,"campfire_upgraded":4,"win_rate":0.0,"timestamp":1611919112,"path_taken":["M","?","M","$","?","R","M","R","T","E","M","R","M","?","R","BOSS"],"items_purchased_type":[],"build_version":"2020-12-22","purchased_purges":0,"victory":false,"max_hp_per_floor":[80,80,80,80,80,80,85,85,85,99,99,99,99,99,99,99,99],"card_choices":[{"not_picked":["Dual Wield","Warcry","Havoc"],"picked":"SKIP","floor":1.0},{"not_picked":["Heavy Blade","Intimidate"],"picked":"Double Tap","floor":3.0},{"not_picked":["Havoc","Rage"],"picked":"Dropkick","floor":7.0},{"not_picked":["Fire Breathing","Armaments"],"picked":"Dual Wield","floor":10.0},{"not_picked":["Wild Strike","Heavy Blade","Bloodletting"],"picked":"SKIP","floor":11.0},{"not_picked":["Barricade","Rupture","Anger"],"picked":"SKIP","floor":13.0}],"player_experience":238121,"relics_obtained":[{"floor":9.0,"key":"Gambling Chip"},{"floor":10.0,"key":"Mango"}],"event_choices":[{"cards_removed":["Strike_R"],"damage_healed":0.0,"max_hp_gain":0.0,"max_hp_loss":0.0,"gold_gain":0.0,"event_name":"Bonfire Elementals","player_choice":"Offered Basic","floor":2.0,"gold_loss":0.0,"damage_taken":0.0},{"damage_healed":0.0,"max_hp_gain":0.0,"max_hp_loss":0.0,"gold_gain":0.0,"event_name":"Golden Idol","player_choice":"Ignored","floor":5.0,"gold_loss":0.0,"damage_taken":0.0},{"damage_healed":0.0,"max_hp_gain":0.0,"max_hp_loss":0.0,"gold_gain":0.0,"event_name":"The Woman in Blue","player_choice":"Bought 0 Potions","floor":14.0,"gold_loss":0.0,"damage_taken":0.0}],"is_beta":false,"boss_relics":[],"items_purged_floors":[],"is_endless":false,"potions_floor_spawned":[7,11],"killed_by":"Hexaghost","ascension_level":9}}