{"host":"w06dlwhvl5cs3jlo","time":1611891909,"event":{"mods":["ATMod(°¢èªMod)","Act Like it!","BaseMod","Downfall","Gensokyo","Luminous","Marisa£¨ìFÓê¡¡Ä§ÀíÉ³£©","Minty Spire (QoL Compilation)","Quick Restart","Relic Stats","Remilia£¨ÀÙÃ×ÀòÑÇ£©","RumiaBox-Â¶Ã×æ«µÄÉñÃØºÐ×Ó","Spicy Shops","StSLib","The Servant 0.9.4","UnlockEverythingMod","Yakumo Yukari mod","Youmu£¨»êÆÇÑýÃÎ£©","Yuyuko","¡¾ÒÅÎï¿¨ÅÆ¡¿REMEMod"],"gold_per_floor":[112,132,207,207,207,207,226,226,226,245,180,62,89,157,157,276,276,344,344,394,394],"floor_reached":20,"language":"ZHS","playtime":1044,"items_purged":[],"score":232,"play_id":"b7ba1c78-ee8e-42fc-9c14-002d0b99bd49","local_time":"20210129114509","daily_mods":["ControlledChaos","Heirloom","Time Dilation","DeadlyEvents","Elite Swarm"],"is_ascension_mode":false,"campfire_choices":[{"floor":6,"key":"REST"},{"floor":8,"key":"REST"},{"floor":15,"key":"REST"}],"circlet_count":0,"master_deck":["Strike_S","Strike_S","Strike_S","Defend_S","Defend_S","Defend_S+1","Defend_S","KidneyShot","Exchange+1","DemonKingCradle","AT_FamilyPortrait","Ricochet","Comet","Solidify","BestPractice","FloweringNight","Finesse","FlawlessForm","Advance","Duplication","BottledTime"],"relics":["Uniform","Frozen Eye","AT_ATBox","REME_ComplimentaryCards","TungstenRod","Baka","The Courier","AT_ImmortalShieldbow","Mummified Hand","Shovel","AT_MibuBalloonWealth","sneckomod:SneckoTalon"],"acts_visited":["Exordium","TheCity"],"potions_floor_usage":[16,20],"damage_taken":[{"damage":8.0,"enemies":"Cultist","floor":1.0,"turns":4.0},{"damage":13,"enemies":"2 Louse","floor":2,"turns":4},{"damage":6,"enemies":"Small Slimes","floor":7,"turns":3},{"damage":3,"enemies":"2 Fungi Beasts","floor":10,"turns":4},{"damage":14,"enemies":"Lagavulin","floor":11,"turns":4},{"damage":14,"enemies":"3 Sentries","floor":13,"turns":7},{"damage":0,"enemies":"Exordium Wildlife","floor":14,"turns":3},{"damage":6,"enemies":"Hexaghost","floor":16,"turns":7},{"damage":23,"enemies":"2 Thieves","floor":18,"turns":4},{"damage":57,"enemies":"Gremlin Leader","floor":20,"turns":6}],"seed_played":"13254313918514249","potions_obtained":[{"floor":7,"key":"champ:CounterPotion"},{"floor":11,"key":"ColorlessPotion"},{"floor":16,"key":"SneckoOil"}],"is_trial":true,"path_per_floor":["M","M","?","?","?","R","M","R","T","M","E","$","E","M","R","B",null,"M","?","E"],"character_chosen":"THE_SERVANT","items_purchased":["Finesse","Shovel"],"campfire_rested":3,"item_purchase_floors":[12,12],"current_hp_per_floor":[57,44,34,22,22,41,35,54,54,51,37,37,23,23,42,36,65,42,42,0,0],"gold":394,"neow_bonus":"","is_daily":false,"chose_seed":false,"campfire_upgraded":0,"win_rate":0.0,"timestamp":1611891909,"path_taken":["M","?","?","?","?","R","M","R","T","M","?","$","E","M","R","BOSS","M","?","?"],"items_purchased_type":["Card","Relic"],"build_version":"2020-12-22","purchased_purges":0,"victory":false,"max_hp_per_floor":[65,65,65,65,65,65,65,65,65,65,65,65,65,65,65,65,65,65,65,65,65],"relic_stats":{"Shovel":0,"counters":[10,46],"Mummified Hand":[14],"obtain_stats":[{"AT_ImmortalShieldbow":9,"Frozen Eye":0,"AT_ATBox":0,"Shovel":12,"Mummified Hand":11,"AT_MibuBalloonWealth":13,"The Courier":5,"Uniform":0,"Baka":1,"sneckomod:SneckoTalon":17,"TungstenRod":0,"REME_ComplimentaryCards":0},{"AT_ImmortalShieldbow":3,"Frozen Eye":0,"AT_ATBox":0,"Shovel":5,"Mummified Hand":5,"AT_MibuBalloonWealth":6,"The Courier":2,"Uniform":0,"Baka":1,"sneckomod:SneckoTalon":8,"TungstenRod":0,"REME_ComplimentaryCards":0},{"AT_ImmortalShieldbow":11,"Frozen Eye":0,"AT_ATBox":0,"Shovel":19,"Mummified Hand":19,"AT_MibuBalloonWealth":26,"The Courier":8,"Uniform":0,"Baka":4,"sneckomod:SneckoTalon":36,"TungstenRod":0,"REME_ComplimentaryCards":0}],"TungstenRod":37},"card_choices":[{"not_picked":["Barrier","Alleviate"],"picked":"Ricochet","floor":1},{"not_picked":["Starlight","Revamp"],"picked":"Comet","floor":2},{"not_picked":["Replace","Ricochet"],"picked":"Solidify","floor":7},{"not_picked":["Unruled","FastForward"],"picked":"BestPractice","floor":10},{"not_picked":["Initiator","LightFlow"],"picked":"FloweringNight","floor":11},{"not_picked":["Initiator","Dilation"],"picked":"FlawlessForm","floor":13},{"not_picked":["TimeWarp","Replace"],"picked":"Advance","floor":14},{"not_picked":["Initiator","SoulSculpture"],"picked":"Duplication","floor":16},{"not_picked":["Defy","DoubleEdge+1"],"picked":"BottledTime","floor":18}],"player_experience":35357,"relics_obtained":[{"floor":1,"key":"Baka"},{"floor":9,"key":"AT_ImmortalShieldbow"},{"floor":11,"key":"Mummified Hand"},{"floor":13,"key":"AT_MibuBalloonWealth"}],"event_choices":[{"damage_healed":0,"gold_gain":75,"player_choice":"Gather Gold","damage_taken":11,"max_hp_gain":0,"max_hp_loss":0,"event_name":"World of Goop","floor":3,"gold_loss":0},{"damage_healed":0,"gold_gain":0,"player_choice":"Entered Light","damage_taken":13,"max_hp_gain":0,"max_hp_loss":0,"event_name":"Shining Light","floor":4,"gold_loss":0,"cards_upgraded":["Defend_S","Exchange"]},{"damage_healed":0,"gold_gain":0,"player_choice":"Box","damage_taken":0,"relics_obtained":["The Courier"],"max_hp_gain":0,"max_hp_loss":0,"event_name":"Big Fish","floor":5,"gold_loss":0,"cards_obtained":["Regret"]},{"cards_removed":["Strike_S"],"damage_healed":0,"gold_gain":0,"player_choice":"Purged","damage_taken":0,"max_hp_gain":0,"max_hp_loss":0,"event_name":"Purifier","floor":19,"gold_loss":0}],"is_beta":false,"boss_relics":[{"not_picked":["Cursed Key","Coffee Dripper"],"picked":"sneckomod:SneckoTalon"}],"items_purged_floors":[],"is_endless":false,"potions_floor_spawned":[7,11,13,16],"killed_by":"Gremlin Leader","ascension_level":0}}