{"host":"9n6i2vl93jt4o42q","time":1611916642,"event":{"mods":["BaseMod","Minty Spire (QoL Compilation)","Relic Stats"],"gold_per_floor":[11,61,80,98,110,110,110],"floor_reached":6,"language":"ENG","playtime":2038,"items_purged":[],"score":76,"play_id":"d53ed233-9a11-4917-96ce-984a27f6680d","local_time":"20210129113722","is_ascension_mode":true,"campfire_choices":[],"circlet_count":0,"master_deck":["AscendersBane","Strike_R","Strike_R","Strike_R","Strike_R","Strike_R","Defend_R","Defend_R","Defend_R","Defend_R","Bash","Master of Strategy","Wild Strike","Flex","Feed","Reckless Charge"],"relics":["Burning Blood"],"acts_visited":["Exordium"],"potions_floor_usage":[6],"damage_taken":[{"damage":14.0,"enemies":"2 Louse","floor":1.0,"turns":3.0},{"damage":6.0,"enemies":"Cultist","floor":3.0,"turns":3.0},{"damage":2.0,"enemies":"Jaw Worm","floor":4.0,"turns":3.0},{"damage":37.0,"enemies":"Gremlin Gang","floor":5.0,"turns":5.0},{"damage":32,"enemies":"Gremlin Nob","floor":6,"turns":3}],"seed_played":"2197959984267842872","potions_obtained":[{"floor":5.0,"key":"ColorlessPotion"}],"is_trial":false,"path_per_floor":["M","?","M","M","M","E"],"character_chosen":"IRONCLAD","items_purchased":[],"campfire_rested":0,"item_purchase_floors":[],"current_hp_per_floor":[60,53,53,57,29,0,0],"gold":110,"neow_bonus":"RANDOM_COLORLESS_2","is_daily":false,"chose_seed":false,"campfire_upgraded":0,"win_rate":0.0,"timestamp":1611916642,"path_taken":["M","?","?","M","M","E"],"items_purchased_type":[],"build_version":"2020-12-22","purchased_purges":0,"victory":false,"max_hp_per_floor":[75,75,75,75,78,78,78],"relic_stats":{"counters":[5,17],"obtain_stats":[{"Burning Blood":0},{"Burning Blood":0},{"Burning Blood":0}],"Burning Blood":24},"card_choices":[{"not_picked":["Chrysalis","Metamorphosis"],"picked":"Master of Strategy","floor":0.0},{"not_picked":["Metallicize","Burning Pact"],"picked":"Wild Strike","floor":1.0},{"not_picked":["Thunderclap","Hemokinesis"],"picked":"Flex","floor":3.0},{"not_picked":["Ghostly Armor","Clothesline"],"picked":"Feed","floor":4.0},{"not_picked":["Sentinel","Havoc"],"picked":"Reckless Charge","floor":5.0}],"player_experience":2309540,"relics_obtained":[],"event_choices":[{"damage_healed":0.0,"max_hp_gain":0.0,"max_hp_loss":0.0,"gold_gain":50.0,"event_name":"FaceTrader","player_choice":"Touch","floor":2.0,"gold_loss":0.0,"damage_taken":7.0}],"is_beta":false,"boss_relics":[],"items_purged_floors":[],"is_endless":false,"potions_floor_spawned":[5],"killed_by":"Gremlin Nob","ascension_level":20}}