{"host":"7vlopc64487frs6y","time":1611904139,"event":{"mods":["Aspiration","BaseMod","BetterRewards","Colored Map","Good Game Mod","Highlight Path","Minty Spire (QoL Compilation)","Quick Restart","Replay The Spire","Shop Mod","StSLib","TestMod","Unceasing Turn Reminder"],"gold_per_floor":[116,128,128,128,142,174,190,200,200,125,125,145,70,70,70,149,149,169,219,219,237,287,287,302,321,347,347,347,347,367,367,367,446,446,461,471,54,79,79,79,92,92,92,110,110,110,110,122,122,122],"floor_reached":51,"language":"ZHS","playtime":1345,"items_purged":["Massacre+1","Barricade"],"score":1778,"play_id":"e22c510f-2f73-4e03-916b-977c4467d44f","local_time":"20210129150859","is_ascension_mode":true,"campfire_choices":[{"data":"Bludgeon","floor":15,"key":"SMITH"},{"data":"Berserk","floor":23,"key":"SMITH"},{"data":"Headbutt","floor":27,"key":"SMITH"},{"data":"Bash","floor":29,"key":"SMITH"},{"data":"Carnage","floor":32,"key":"SMITH"},{"floor":40,"key":"RECALL"},{"floor":42,"key":"REST"},{"floor":45,"key":"REST"},{"floor":49,"key":"REST"}],"circlet_count":0,"master_deck":["AscendersBane","Bash+1","Bludgeon+1","Shrug It Off+1","Battle Trance+1","Rampage+1","Burning Pact+1","Carnage+1","Headbutt+1"],"relics":["Burning Blood","testmod-TestBox","testmod-Fanaticism","NeowsBlessing","Pandora\u0027s Box","aspiration:HummingbirdHeart","Replay:Bottled Snecko","Juzu Bracelet","SlaversCollar","Guide Book","Bag of Marbles","Lizard Tail","Frozen Egg 2"],"acts_visited":["Exordium","TheCity","TheBeyond"],"potions_floor_usage":[18],"damage_taken":[{"damage":0.0,"enemies":"2 Louse","floor":1.0,"turns":1.0},{"damage":0.0,"enemies":"Small Slimes","floor":2.0,"turns":1.0},{"damage":0.0,"enemies":"Jaw Worm","floor":5.0,"turns":1.0},{"damage":14.0,"enemies":"Replay:BlueRogue","floor":6.0,"turns":2.0},{"damage":18.0,"enemies":"3 Louse","floor":7.0,"turns":2.0},{"damage":12,"enemies":"2 Fungi Beasts","floor":8,"turns":3},{"damage":0,"enemies":"Large Slime","floor":12,"turns":1},{"damage":55,"enemies":"The Guardian","floor":16,"turns":4},{"damage":20,"enemies":"Shell Parasite","floor":18,"turns":2},{"damage":25,"enemies":"3 Byrds","floor":21,"turns":4},{"damage":0,"enemies":"Snecko","floor":24,"turns":3},{"damage":23,"enemies":"Centurion and Healer","floor":25,"turns":2},{"damage":0,"enemies":"Colosseum Slavers","floor":28,"turns":2},{"damage":0,"enemies":"Cultist and Chosen","floor":30,"turns":2},{"damage":93,"enemies":"Pondfish","floor":33,"turns":6},{"damage":13,"enemies":"3 Darklings","floor":35,"turns":2},{"damage":16,"enemies":"3 Shapes","floor":36,"turns":2},{"damage":0,"enemies":"Mind Bloom Boss Battle","floor":38,"turns":2},{"damage":45,"enemies":"Maw","floor":41,"turns":4},{"damage":30,"enemies":"Transient","floor":44,"turns":6},{"damage":18,"enemies":"4 Shapes","floor":48,"turns":2},{"damage":186,"enemies":"Awakened One","floor":50,"turns":6}],"seed_played":"-3543979263107245526","potions_obtained":[{"floor":5.0,"key":"LifebloodPotion"},{"floor":7,"key":"Venom Potion"},{"floor":16,"key":"LiquidMemories"},{"floor":18,"key":"testmod-SpacePotion"},{"floor":25,"key":"EssenceOfSteel"},{"floor":38,"key":"Swift Potion"}],"is_trial":false,"path_per_floor":["M","M","?","?","M","E","M","M","T","?","?","M","$","?","R","B",null,"M","?","?","M","?","R","M","M","T","R","?","R","M","?","R","B",null,"M","M","$","?","?","R","M","R","T","M","R","?","?","M","R","B",null],"character_chosen":"IRONCLAD","items_purchased":["Guide Book","Bag of Marbles"],"campfire_rested":3,"item_purchase_floors":[37,37],"current_hp_per_floor":[74,75,75,68,74,75,74,75,75,75,52,58,58,58,58,75,75,75,75,75,66,66,66,72,75,75,75,75,75,75,75,75,75,75,75,69,69,75,75,75,60,75,75,75,75,75,75,75,75,75],"gold":122,"neow_bonus":"THREE_ENEMY_KILL","is_daily":false,"chose_seed":false,"campfire_upgraded":5,"win_rate":0.0,"timestamp":1611904139,"path_taken":["M","M","?","?","M","E","M","M","T","?","?","M","$","?","R","BOSS","M","?","?","M","?","R","M","?","T","R","?","R","M","?","R","BOSS","M","M","$","?","?","R","M","R","T","M","R","?","?","M","R","BOSS"],"items_purchased_type":["Relic","Relic"],"build_version":"2020-12-22","purchased_purges":2,"victory":true,"max_hp_per_floor":[75,75,75,75,75,75,75,75,75,75,75,75,75,75,75,75,75,75,75,75,75,75,75,75,75,75,75,75,75,75,75,75,75,75,75,75,75,75,75,75,75,75,75,75,75,75,75,75,75,75],"card_choices":[{"not_picked":["Run Through","Anger","Thunderclap"],"picked":"SKIP","floor":1.0},{"not_picked":["Thunderclap","Anger","Armaments"],"picked":"SKIP","floor":2.0},{"not_picked":["Bloodletting","Anger","Sever Soul"],"picked":"SKIP","floor":5.0},{"not_picked":["Brutality","Sentinel","Twin Strike"],"picked":"SKIP","floor":6.0},{"not_picked":["Body Slam","Wild Strike","Run Through"],"picked":"SKIP","floor":7},{"not_picked":["True Grit","Armaments","Thunderclap"],"picked":"SKIP","floor":8},{"not_picked":["Havoc","ReplayTheSpireMod:Strike From Hell","Juggernaut"],"picked":"SKIP","floor":12},{"not_picked":["Run Through","Body Slam+1"],"picked":"Carnage","floor":18},{"not_picked":["Headbutt","Shrug It Off","Whirlwind"],"picked":"SKIP","floor":21},{"not_picked":["Sword Boomerang","Shockwave","Seeing Red+1"],"picked":"SKIP","floor":24},{"not_picked":["Battle Trance","Replay:Undeath\u0027s Touch"],"picked":"Headbutt","floor":25},{"not_picked":["Immolate","Shrug It Off","Iron Wave+1"],"picked":"SKIP","floor":30},{"not_picked":["Cleave","Entrench","Flex+1"],"picked":"SKIP","floor":35},{"not_picked":["Iron Wave","Flex","Feed"],"picked":"SKIP","floor":36},{"not_picked":["Blood for Blood","True Grit","Flame Barrier"],"picked":"SKIP","floor":41},{"not_picked":["Clash","Heavy Blade+1","True Grit"],"picked":"SKIP","floor":44},{"not_picked":["ReplayTheSpireMod:Limb From Limb+1","Flex","Havoc"],"picked":"SKIP","floor":48}],"player_experience":637069,"relics_obtained":[{"floor":6.0,"key":"aspiration:HummingbirdHeart"},{"floor":9,"key":"Replay:Bottled Snecko"},{"floor":26,"key":"Juzu Bracelet"},{"floor":38,"key":"Lizard Tail"},{"floor":43,"key":"Frozen Egg 2"}],"event_choices":[{"damage_healed":0.0,"max_hp_gain":0.0,"max_hp_loss":0.0,"gold_gain":0.0,"event_name":"给自己的盒子","player_choice":"Swap Relic","floor":3.0,"relics_lost":["REME:ComplimentaryCards"],"gold_loss":0.0,"damage_taken":0.0,"relics_obtained":["Pandora\u0027s Box"]},{"cards_removed":["Perfected Strike"],"damage_healed":0.0,"max_hp_gain":0.0,"max_hp_loss":0.0,"gold_gain":0.0,"event_name":"Golden Wing","player_choice":"Card Removal","floor":4.0,"gold_loss":0.0,"damage_taken":7.0},{"cards_removed":["Defy Death"],"damage_healed":0,"gold_gain":0,"player_choice":"Card Removal","damage_taken":0,"max_hp_gain":0,"max_hp_loss":0,"event_name":"The Cleric","floor":10,"gold_loss":75},{"damage_healed":0,"gold_gain":0,"player_choice":"Entered Light","damage_taken":23,"max_hp_gain":0,"max_hp_loss":0,"event_name":"Shining Light","floor":11,"gold_loss":0,"cards_upgraded":["Massacre","Shrug It Off"]},{"damage_healed":0,"gold_gain":50,"player_choice":"Stole From Cult","damage_taken":0,"max_hp_gain":0,"max_hp_loss":0,"event_name":"Nest","floor":19,"gold_loss":0},{"damage_healed":0,"gold_gain":100,"player_choice":"Bet on Murderer","damage_taken":0,"max_hp_gain":0,"max_hp_loss":0,"event_name":"The Joust","floor":22,"gold_loss":50},{"damage_healed":0,"gold_gain":0,"player_choice":"Fight","damage_taken":0,"max_hp_gain":0,"max_hp_loss":0,"event_name":"Colosseum","floor":28,"gold_loss":0},{"damage_healed":0,"gold_gain":0,"player_choice":"Fled From Nobs","damage_taken":0,"max_hp_gain":0,"max_hp_loss":0,"event_name":"Colosseum","floor":28,"gold_loss":0},{"damage_healed":0,"gold_gain":0,"player_choice":"Ignored","damage_taken":0,"max_hp_gain":0,"max_hp_loss":0,"event_name":"Vampires","floor":31,"gold_loss":0},{"damage_healed":0,"gold_gain":0,"player_choice":"Fight","damage_taken":0,"max_hp_gain":0,"max_hp_loss":0,"event_name":"MindBloom","floor":38,"gold_loss":0},{"damage_healed":0,"gold_gain":0,"player_choice":"Ignored","damage_taken":0,"max_hp_gain":0,"max_hp_loss":0,"event_name":"Mysterious Sphere","floor":39,"gold_loss":0},{"damage_healed":0,"gold_gain":0,"player_choice":"Memory 1","damage_taken":0,"max_hp_gain":0,"max_hp_loss":0,"event_name":"SensoryStone","floor":46,"gold_loss":0},{"cards_removed":["Berserk"],"damage_healed":0,"gold_gain":0,"player_choice":"Removed Power","damage_taken":0,"max_hp_gain":0,"max_hp_loss":0,"event_name":"Falling","floor":47,"gold_loss":0}],"is_beta":false,"boss_relics":[{"not_picked":["Runic Dome","aspiration:RunicSpoon","Painkiller Herb"]},{"not_picked":["aspiration:SilentSkillbook","Astrolabe"],"picked":"SlaversCollar"}],"items_purged_floors":[13,37],"is_endless":false,"potions_floor_spawned":[5,7,16,18,24,25,38,41,44,48],"ascension_level":19}}