{"host":"npubv26u89aif4fa","time":1611906070,"event":{"mods":["Astrologer","BaseMod","Better Vampires","Better-Laid Plans","Colored Powertips","GifTheSpireLib","GungeonMod","HornydragonMod","Hubris","Jedi Mod","Minty Spire (QoL Compilation)","Quick Restart","Remilia（蕾米莉亚）","Replay The Spire","StSLib","Td1madao Mod","The Administrix","The Alterego","The Bug Knight","The Cursed","The Runesmith","Yuri Mod","残留之物"],"gold_per_floor":[89,89,89,102,118,149,170,170,170,189,189,189],"floor_reached":11,"language":"ZHS","playtime":854,"items_purged":[],"score":79,"play_id":"8ef9392c-1227-4cd7-b842-dfd0440d3bad","local_time":"20210129154110","is_ascension_mode":true,"campfire_choices":[{"floor":8,"key":"REST"}],"circlet_count":0,"master_deck":["Strike_HD","Strike_HD","DrunkenFist","Defend_HD","Defend_HD","Defend_HD","Defend_HD","AlcoholBarrier","BreakDrink","Decay","BlackJackAttack+1","Blue+1","GetAll","Timmie","Yeast","Icecream","BlackJackAttack"],"relics":["WineBottle","Golden Idol","Gremlin Food"],"acts_visited":["Exordium"],"potions_floor_usage":[],"damage_taken":[{"damage":4,"enemies":"Small Slimes","floor":1,"turns":4},{"damage":4,"enemies":"Jaw Worm","floor":4,"turns":2},{"damage":13,"enemies":"Cultist","floor":5,"turns":5},{"damage":29,"enemies":"Lagavulin","floor":6,"turns":11},{"damage":0,"enemies":"3 Louse","floor":7,"turns":5},{"damage":0,"enemies":"Large Slime","floor":10,"turns":11},{"damage":42,"enemies":"3 Sentries","floor":11,"turns":14}],"seed_played":"-9167984558334738463","potions_obtained":[{"floor":6,"key":"Elixir"},{"floor":10,"key":"DuplicationPotion"}],"is_trial":false,"path_per_floor":["M","?","?","M","M","E","M","R","T","M","E"],"character_chosen":"HORNYDRAGON","items_purchased":[],"campfire_rested":1,"item_purchase_floors":[],"current_hp_per_floor":[83,62,62,58,45,16,16,42,42,42,0,0],"gold":189,"neow_bonus":"TRANSFORM_TWO_CARDS","is_daily":false,"chose_seed":false,"campfire_upgraded":0,"win_rate":0.0,"timestamp":1611906070,"path_taken":["M","?","?","?","M","E","M","R","T","M","E"],"items_purchased_type":[],"build_version":"2020-12-22","purchased_purges":0,"victory":false,"max_hp_per_floor":[87,87,87,87,87,87,87,87,87,87,87,87],"card_choices":[{"not_picked":["Conch","Fury"],"picked":"GetAll","floor":1},{"not_picked":["HeadDefend","DrunkardWalk"],"picked":"Timmie","floor":4},{"not_picked":["AlcoholAttack","HeadDefend"],"picked":"Yeast","floor":5},{"not_picked":["Bike","Conch"],"picked":"Icecream","floor":6},{"not_picked":["Ocd","CardDestruct","DrumStick"],"picked":"SKIP","floor":7},{"not_picked":["Nihilism","GetAll"],"picked":"BlackJackAttack","floor":10}],"player_experience":375089,"relics_obtained":[{"floor":6,"key":"Gremlin Food"}],"event_choices":[{"damage_healed":0,"gold_gain":0,"player_choice":"Take Damage","damage_taken":21,"relics_obtained":["Golden Idol"],"max_hp_gain":0,"max_hp_loss":0,"event_name":"Golden Idol","floor":2,"gold_loss":0}],"is_beta":false,"boss_relics":[],"items_purged_floors":[],"is_endless":false,"potions_floor_spawned":[6,10],"killed_by":"3 Sentries","ascension_level":1}}