{"host":"mnqy5xd9fdi0p1ot","time":1611921561,"event":{"mods":["BaseMod","Better Third Choice","Dota2Spire","Downfall","Hubris","Minty Spire (QoL Compilation)","Spicy Shops","StSLib","??????REMEMod"],"gold_per_floor":[99,117,117,128,141,58,58,91,116,136,155,55,55,72,92,192,192,192,216,321,321,321],"floor_reached":20,"language":"ENG","playtime":567,"items_purged":[],"score":296,"play_id":"46c6b8dc-06db-4bc0-956c-f04ffd4a9dc3","local_time":"20210129185921","is_ascension_mode":true,"campfire_choices":[{"data":"bronze:Goto","floor":1.0,"key":"SMITH"},{"floor":12.0,"key":"REST"},{"data":"bronze:Repulsor","floor":18.0,"key":"SMITH"}],"circlet_count":0,"master_deck":["bronze:Strike","bronze:Strike","bronze:Strike","bronze:Strike","bronze:Defend","bronze:Defend","bronze:Defend","bronze:Defend","bronze:Replicate","bronze:Goto+1","REME_HeartOfCthun+1","bronze:Iterate","bronze:AlphaBuild","bronze:Shield","bronze:Verify","bronze:GetLatest","bronze:ItsAFeature","hubris:Envy","hubris:Greed","bronze:Fortify+1","bronze:DigitalCarnage+1","bronze:BronzeOrb+1","bronze:Repulsor+1","bronze:WhirlingStrike+1","bronze:HardenedForm","bronze:CutThrough+1"],"relics":["bronze:BronzeCore","REME_ComplimentaryCards","downfall:ExtraCursedKey","Molten Egg 2","Dota2Spire:BlackKingBar","downfall:HeartBlessingGreen","Philosopher\u0027s Stone","MutagenicStrength"],"acts_visited":["Exordium","TheCity"],"potions_floor_usage":[20],"damage_taken":[{"damage":0.0,"enemies":"2 Louse","floor":2.0,"turns":3.0},{"damage":0.0,"enemies":"Small Slimes","floor":4.0,"turns":1.0},{"damage":0.0,"enemies":"Jaw Worm","floor":5.0,"turns":1.0},{"damage":0.0,"enemies":"downfall:FleeingMerchant","floor":6.0,"turns":4.0},{"damage":32.0,"enemies":"Lagavulin","floor":8.0,"turns":4.0},{"damage":0.0,"enemies":"Exordium Wildlife","floor":9.0,"turns":1.0},{"damage":21.0,"enemies":"Lots of Slimes","floor":10.0,"turns":4.0},{"damage":0.0,"enemies":"2 Fungi Beasts","floor":11.0,"turns":1.0},{"damage":0.0,"enemies":"Gremlin Gang","floor":14.0,"turns":2.0},{"damage":0.0,"enemies":"Blue Slaver","floor":15.0,"turns":1.0},{"damage":0.0,"enemies":"WA_ARCHETYPE_RETAIN","floor":16.0,"turns":2.0},{"damage":4.0,"enemies":"Chosen","floor":19.0,"turns":3.0},{"damage":41,"enemies":"downfall:Augmenter","floor":20,"turns":5}],"seed_played":"2634048458640319023","potions_obtained":[{"floor":4.0,"key":"GamblersBrew"},{"floor":9.0,"key":"champ:CounterPotion"},{"floor":10.0,"key":"Guardian:BlockOnCardUsePotion"},{"floor":11.0,"key":"DistilledChaos"},{"floor":14.0,"key":"LiquidMemories"},{"floor":16.0,"key":"Swift Potion"}],"is_trial":false,"path_per_floor":["R","M","?","M","M","$","T","E","M","M","M","R","?","M","M","B",null,"R","M","?"],"character_chosen":"THE_AUTOMATON","items_purchased":["bronze:ItsAFeature"],"campfire_rested":1,"item_purchase_floors":[6],"current_hp_per_floor":[63,63,63,63,63,63,63,31,31,10,10,31,31,31,31,31,60,60,56,15,15,15],"gold":321,"neow_bonus":"UPGRADE_CARD","is_daily":false,"chose_seed":false,"campfire_upgraded":2,"win_rate":0.0,"timestamp":1611921561,"path_taken":["R","M","?","M","M","$","T","E","M","M","M","R","?","M","M","BOSS","R","M","?"],"items_purchased_type":["Card"],"build_version":"2020-12-22","purchased_purges":0,"victory":false,"max_hp_per_floor":[70,70,70,70,70,70,70,70,70,70,70,70,70,70,70,70,70,70,70,70,70,70],"card_choices":[{"not_picked":["bronze:Deprecate","bronze:DelayedGuard"],"picked":"bronze:Iterate","floor":2.0},{"not_picked":["bronze:Overload","bronze:DelayedGuard"],"picked":"bronze:Shield","floor":4.0},{"not_picked":["bronze:Overheat","bronze:DelayedGuard"],"picked":"bronze:Verify","floor":5.0},{"not_picked":["bronze:Overheat","bronze:Frontload"],"picked":"bronze:GetLatest","floor":6.0},{"not_picked":["bronze:Terminator","bronze:OilSpill+1"],"picked":"bronze:Fortify+1","floor":8.0},{"not_picked":["bronze:DelayedGuard","bronze:BronzeArmor"],"picked":"bronze:DigitalCarnage+1","floor":9.0},{"not_picked":["bronze:Shield","bronze:FollowUp+1"],"picked":"bronze:BronzeOrb+1","floor":10.0},{"not_picked":["bronze:ChildClass","bronze:Iterate+1"],"picked":"bronze:Repulsor","floor":11.0},{"not_picked":["bronze:ChildClass","bronze:WildBeam+1"],"picked":"bronze:WhirlingStrike+1","floor":14.0},{"not_picked":["bronze:Frontload","bronze:ChildClass","bronze:Deprecate"],"picked":"SKIP","floor":15.0},{"not_picked":["bronze:TinkerersToolbox","bronze:Format"],"picked":"bronze:HardenedForm","floor":16.0},{"not_picked":["bronze:BitShift","bronze:Constructor"],"picked":"bronze:CutThrough+1","floor":19.0}],"player_experience":556888,"relics_obtained":[{"floor":7.0,"key":"Molten Egg 2"},{"floor":8.0,"key":"Dota2Spire:BlackKingBar"},{"floor":20,"key":"MutagenicStrength"}],"event_choices":[{"cards_removed":["hubris:Lust"],"damage_healed":0.0,"max_hp_gain":0.0,"max_hp_loss":0.0,"gold_gain":0.0,"event_name":"The Cleric","player_choice":"Card Removal","floor":13.0,"gold_loss":0.0,"damage_taken":0.0}],"is_beta":false,"boss_relics":[{"not_picked":["REME_DuelDisc","REME_ChargedStone"],"picked":"Philosopher\u0027s Stone"}],"items_purged_floors":[],"is_endless":false,"potions_floor_spawned":[4,9,10,11,14,15,16],"killed_by":"downfall:Augmenter","ascension_level":6}}