{"host":"u8jm3mkzbb0z8q6m","time":1611879085,"event":{"mods":["BaseMod","Colored Powertips","Minty Spire (QoL Compilation)","Quick Restart","Replay The Spire","StSLib","¡¾ÒÅÎï¿¨ÅÆ¡¿REMEMod"],"gold_per_floor":[114,309,322,322,341,373,384,401,424,436,436,447,458,487,487,582,582,593,593,583,583,177,177,206,222,222,240,240,190,222,236,236,335,335,351,0,0,15,34,34,81,81,135,135,154,154,154,247,247,247],"floor_reached":51,"language":"ZHS","playtime":5206,"items_purged":["Defend_G"],"score":776,"play_id":"55304370-eef7-4fdc-b881-4e7e0e29c42c","local_time":"20210129091125","is_ascension_mode":false,"campfire_choices":[{"floor":11,"key":"REST"},{"floor":15,"key":"REST"},{"floor":23,"key":"REST"},{"floor":28,"key":"REST"},{"floor":32,"key":"REST"},{"floor":40,"key":"REST"},{"floor":42,"key":"REST"},{"floor":44,"key":"REST"},{"floor":49,"key":"REST"}],"circlet_count":0,"master_deck":["Strike_G","Strike_G","Strike_G","Strike_G","Strike_G","Defend_G","Defend_G","Defend_G","Defend_G","Survivor","Neutralize","Apotheosis","Flying Knee","Hidden Blade","ReplayTheSpireMod:The Works","Cloak And Dagger","Dagger Throw","REME_ShadowStrike","Hidden Blade","Acrobatics","ReplayTheSpireMod:Speed Training","ReplayTheSpireMod:Scrap Shanks","Tactician","Burst","Acrobatics","REME_ShadowForm","RitualDagger","ReplayTheSpireMod:Scrap Shanks","PanicButton","REME_BuildACard","Underhanded Strike","Prepared","Prepared","ReplayTheSpireMod:The Works","Blade Dance+1","Die Die Die","Quick Slash","REME_WheelOfFate","Finisher","Poisoned Stab","Parasite","Outmaneuver+1","Accuracy","Acrobatics+1","Reflex+1","Prepared+1","Eviscerate","Looming Evil","Bane+1","Acrobatics+1"],"relics":["Ring of the Snake","REME_ComplimentaryCards","NeowsBlessing","Sundial","PreservedInsect","Pen Nib","Honey Jar","Darkstone Periapt","Gremlin Horn","Byrd Skull","Painkiller Herb","Nunchaku","ReplayTheSpireMod:Ninjato","Replay:Rubber Ducky","Dream Catcher","Counterbalance","Lantern"],"acts_visited":["Exordium","TheCity","TheBeyond"],"potions_floor_usage":[7,14,16,16,24,27,31,33,50],"damage_taken":[{"damage":0,"enemies":"Small Slimes","floor":1,"turns":1},{"damage":0,"enemies":"Jaw Worm","floor":3,"turns":1},{"damage":0,"enemies":"Cultist","floor":5,"turns":1},{"damage":27,"enemies":"3 Sentries","floor":6,"turns":8},{"damage":3,"enemies":"Blue Slaver","floor":7,"turns":4},{"damage":12,"enemies":"Exordium Wildlife","floor":8,"turns":5},{"damage":14,"enemies":"3 Louse","floor":10,"turns":3},{"damage":6,"enemies":"Lots of Slimes","floor":12,"turns":5},{"damage":0,"enemies":"Red Slaver","floor":13,"turns":2},{"damage":4,"enemies":"Gremlin Nob","floor":14,"turns":4},{"damage":46,"enemies":"Fading Forest","floor":16,"turns":11},{"damage":0,"enemies":"Chosen","floor":18,"turns":4},{"damage":22,"enemies":"2 Thieves","floor":20,"turns":4},{"damage":14,"enemies":"Slavers","floor":24,"turns":4},{"damage":6,"enemies":"Snecko","floor":25,"turns":3},{"damage":9,"enemies":"Centurion and Healer","floor":27,"turns":4},{"damage":15,"enemies":"Replay:Snechameleon","floor":30,"turns":4},{"damage":33,"enemies":"Chosen and Byrds","floor":31,"turns":6},{"damage":13,"enemies":"Champ","floor":33,"turns":8},{"damage":5,"enemies":"3 Darklings","floor":35,"turns":3},{"damage":28,"enemies":"Orb Walker","floor":38,"turns":3},{"damage":7,"enemies":"Writhing Mass","floor":39,"turns":5},{"damage":51,"enemies":"2 Orb Walkers","floor":41,"turns":4},{"damage":16,"enemies":"4 Shapes","floor":45,"turns":2},{"damage":5,"enemies":"Jaw Worm Horde","floor":48,"turns":2},{"damage":2,"enemies":"Donu and Deca","floor":50,"turns":2}],"seed_played":"-5408870846486107727","potions_obtained":[{"floor":3,"key":"LiquidMemories"},{"floor":5,"key":"LiquidBronze"},{"floor":7,"key":"REME_GoldPotion"},{"floor":8,"key":"LifebloodPotion"},{"floor":16,"key":"Strength Potion"},{"floor":18,"key":"Adrenaline Potion"},{"floor":20,"key":"Block Potion"},{"floor":24,"key":"Strength Potion"},{"floor":30,"key":"Flashbang"},{"floor":39,"key":"Energy Potion"},{"floor":41,"key":"SkillPotion"},{"floor":48,"key":"ColorlessPotion"}],"is_trial":false,"path_per_floor":["M","?","M","?","M","E","M","M","T","M","R","M","M","E","R","B",null,"M","?","M","?","$","R","E","M","T","M","R","?","E","M","R","B",null,"?","T","T","?","?","T","?","T","T","T","?","?","?","?","T","B",null],"character_chosen":"THE_SILENT","items_purchased":["ReplayTheSpireMod:Scrap Shanks","PanicButton","REME_BuildACard","REME_WheelOfFate","Finisher","Nunchaku"],"campfire_rested":9,"item_purchase_floors":[22,22,22,36,36,36],"current_hp_per_floor":[70,70,70,63,63,36,33,21,21,7,28,22,22,18,39,7,70,70,70,48,42,42,63,49,43,43,34,55,55,40,7,28,15,70,65,65,65,37,36,58,7,29,29,51,35,35,41,36,60,58],"gold":247,"neow_bonus":"THREE_ENEMY_KILL","is_daily":false,"chose_seed":false,"campfire_upgraded":0,"win_rate":0.0,"timestamp":1611879085,"path_taken":["M","?","M","?","M","E","M","M","T","M","R","M","M","E","R","BOSS","M","?","?","?","?","R","E","M","T","M","R","?","E","M","R","BOSS","?","T","?","?","?","T","?","T","T","T","?","?","?","?","T","BOSS"],"items_purchased_type":["Card","Card","Card","Card","Card","Relic"],"build_version":"2020-12-22","purchased_purges":1,"victory":true,"max_hp_per_floor":[70,70,70,70,70,70,70,70,70,70,70,70,70,70,70,70,70,70,70,70,70,70,70,70,70,70,70,70,70,70,70,70,70,70,70,70,70,70,76,76,76,76,76,76,76,76,82,82,82,82],"card_choices":[{"not_picked":["Dagger Throw","Leg Sweep"],"picked":"Flying Knee","floor":1},{"not_picked":["Slice","Deadly Poison"],"picked":"Hidden Blade","floor":2},{"not_picked":["Sneak Up","Leg Sweep"],"picked":"ReplayTheSpireMod:The Works","floor":3},{"not_picked":["All Out Attack","Choke"],"picked":"Cloak And Dagger","floor":5},{"not_picked":["ReplayTheSpireMod:The Works","Outmaneuver"],"picked":"Dagger Throw","floor":6},{"not_picked":["ReplayTheSpireMod:The Works","Bane"],"picked":"REME_ShadowStrike","floor":7},{"not_picked":["Slice","Skewer"],"picked":"Hidden Blade","floor":8},{"not_picked":["Deflect","Eviscerate"],"picked":"Acrobatics","floor":10},{"not_picked":["Dodge and Roll","Poison Darts"],"picked":"ReplayTheSpireMod:Speed Training","floor":12},{"not_picked":["Caltrops","Heel Hook"],"picked":"ReplayTheSpireMod:Scrap Shanks","floor":13},{"not_picked":["Predator","Backflip"],"picked":"Tactician","floor":14},{"not_picked":["ReplayTheSpireMod:Necrosis","Venomology"],"picked":"Burst","floor":16},{"not_picked":["ReplayTheSpireMod:Exploit Weakness","Bane","Bouncing Flask"],"picked":"Acrobatics","floor":18},{"not_picked":["Hidden Blade","Quick Slash","Dash"],"picked":"REME_ShadowForm","floor":20},{"not_picked":["Quick Slash+1","Acrobatics","Blade Dance+1"],"picked":"Underhanded Strike","floor":24},{"not_picked":["Draining Mist+1","Poisoned Stab+1","Bouncing Flask"],"picked":"Prepared","floor":25},{"not_picked":["Bane","Quick Slash","Deflect"],"picked":"Prepared","floor":27},{"not_picked":["Catalyst","Sucker Punch","Hidden Blade"],"picked":"ReplayTheSpireMod:The Works","floor":30},{"not_picked":["Bane","Dash","Envenom"],"picked":"Blade Dance+1","floor":31},{"not_picked":["ReplayTheSpireMod:From All Sides","Bullet Time","Unload"],"picked":"Die Die Die","floor":33},{"not_picked":["Toxin Wave","Dash","ReplayTheSpireMod:The Works"],"picked":"Quick Slash","floor":35},{"not_picked":["Outmaneuver+1","REME_ShadowStrike+1","Prepared+1"],"picked":"Poisoned Stab","floor":38},{"not_picked":["Escape Plan","Bane+1","Leg Sweep"],"picked":"Outmaneuver+1","floor":39},{"not_picked":["Slice","Catalyst","Bane+1"],"picked":"Accuracy","floor":40},{"not_picked":["Replay:Poison Smokescreen+1","Poisoned Stab","Flying Knee+1"],"picked":"Acrobatics+1","floor":41},{"not_picked":["Bane","Replay:Poison Smokescreen+1","Flechettes+1"],"picked":"Reflex+1","floor":42},{"not_picked":["Hidden Blade+1","Dagger Spray","Underhanded Strike"],"picked":"Prepared+1","floor":44},{"not_picked":["Unload","Dagger Spray","Poisoned Stab"],"picked":"Eviscerate","floor":45},{"not_picked":["Deflect+1","Adrenaline","Outmaneuver"],"picked":"Bane+1","floor":48},{"not_picked":["Slice","Heel Hook","Noxious Fumes+1"],"picked":"Acrobatics+1","floor":49}],"player_experience":22085,"relics_obtained":[{"floor":6,"key":"Sundial"},{"floor":9,"key":"PreservedInsect"},{"floor":14,"key":"Pen Nib"},{"floor":24,"key":"Darkstone Periapt"},{"floor":26,"key":"Gremlin Horn"},{"floor":30,"key":"Byrd Skull"},{"floor":37,"key":"ReplayTheSpireMod:Ninjato"},{"floor":41,"key":"Counterbalance"},{"floor":43,"key":"Lantern"}],"event_choices":[{"cards_removed":["ReplayTheSpireMod:Splinters"],"damage_healed":0,"gold_gain":0,"player_choice":"Card Removal","damage_taken":7,"max_hp_gain":0,"max_hp_loss":0,"event_name":"Golden Wing","floor":4,"gold_loss":0},{"damage_healed":0,"gold_gain":0,"player_choice":"Ignored","damage_taken":0,"max_hp_gain":0,"max_hp_loss":0,"event_name":"NoteForYourself","floor":19,"gold_loss":0},{"damage_healed":0,"gold_gain":0,"player_choice":"Joined the Cult","damage_taken":6,"max_hp_gain":0,"max_hp_loss":0,"event_name":"Nest","floor":21,"gold_loss":0,"cards_obtained":["RitualDagger"]},{"damage_healed":0,"gold_gain":0,"player_choice":"Bet on Murderer","damage_taken":0,"max_hp_gain":0,"max_hp_loss":0,"event_name":"The Joust","floor":29,"gold_loss":50},{"damage_healed":0,"gold_gain":0,"player_choice":"Fight","damage_taken":0,"max_hp_gain":0,"max_hp_loss":0,"event_name":"Mysterious Sphere","floor":41,"gold_loss":0},{"damage_healed":0,"gold_gain":0,"player_choice":"Ignored","damage_taken":0,"max_hp_gain":0,"max_hp_loss":0,"event_name":"The Moai Head","floor":46,"gold_loss":0}],"is_beta":false,"boss_relics":[{"not_picked":["Replay:Drink Me","Cursed Key"],"picked":"Honey Jar"},{"not_picked":["Coffee Dripper","ReplayTheSpireMod:DimensionalGlitch"],"picked":"Painkiller Herb"}],"items_purged_floors":[22],"is_endless":false,"potions_floor_spawned":[3,5,7,8,16,18,20,24,30,39,41,48],"ascension_level":0}}