{"host":"fortuna","time":1611944327,"event":{"mods":["100% Spire Juice","Act Like it!","Arknights The Spire","BaseMod","Downfall","Gensokyo","Hallownest","Luminous","Minty Spire (QoL Compilation)","Reimu£®≤©¿ˆ¡È√Œ£©","Relic Stats","StSLib","The Administrix","Waifu the Spire","WarShipGirlsR/’ΩΩ¢…Ÿ≈ÆR mod","Yakumo Yukari mod"],"gold_per_floor":[118,118,118,118,129,129,163,43,67,93,104,120,0,58,58,163,163,177,57,68,68,68,94,94,127,7,33,53,53,66,21,21,121,121,135,149,309,326,40,66,84,84,84,119,109,135,135,135,135,135,135,135,35,60,60],"floor_reached":56,"language":"ZHS","playtime":4088,"items_purged":["Moonworks:Strike","Moonworks:Strike"],"score":1524,"play_id":"e7f043eb-6367-4ded-9ae7-47b394a76b13","local_time":"20210130021847","is_ascension_mode":false,"campfire_choices":[{"data":"Moonworks:Ambush","floor":6.0,"key":"SMITH"},{"data":"Moonworks:UnpaidWork","floor":8.0,"key":"SMITH"},{"data":"Moonworks:ShieldCounter","floor":13.0,"key":"SMITH"},{"data":"Moonworks:EvilSpyWorkPreparation","floor":15.0,"key":"SMITH"},{"data":"Hallownest:attackMasterCycloneSlash","floor":24.0,"key":"SMITH"},{"floor":29.0,"key":"REST"},{"data":"Moonworks:CrystalBarrier","floor":32.0,"key":"SMITH"},{"data":"Moonworks:HolyNight","floor":42.0,"key":"SMITH"},{"floor":49.0,"key":"RECALL"},{"data":"Moonworks:NicePresent","floor":52,"key":"SMITH"}],"circlet_count":0,"master_deck":["Moonworks:Strike","Moonworks:Strike","Moonworks:Defend","Moonworks:Defend","Moonworks:Defend","Moonworks:Defend","Moonworks:Ambush+1","Moonworks:LongDistanceShot","Moonworks:UnpaidWork+1","Moonworks:EvilSpyWorkPreparation+1","Moonworks:EvilSpyWorkPreparation","Moonworks:SakisCookie","Moonworks:ShieldCounter+1","Moonworks:ShieldCounter","CurseOfTheBell","Moonworks:BigMagnum+1","Moonworks:Poppoformation+1","Hallownest:attackMasterCycloneSlash+1","Moonworks:LuckyCharm+1","Moonworks:CrystalBarrier+1","Moonworks:ForcedRevival","Moonworks:NicePresent+1","Moonworks:ExtendedPhotonRifle+1","Moonworks:WeAreWaruda","Moonworks:CloudOfSeagulls+1","Moonworks:ScrambledEve+1","Moonworks:Heat300Percent","Moonworks:RagingMadness","Moonworks:DeployBits+1","Moonworks:HolyNight+1","Moonworks:ForcedRevival","Moonworks:Encore","Moonworks:JonathanRush","Moonworks:BigMagnum+1"],"relics":["Moonworks:BrokenBomb","Moonworks:Homemark","NeowsBlessing","Hallownest:DreamNailRelic","Potion Belt","TungstenRod","Calling Bell","Smiling Mask","Gremlin Horn","Mango","Mastiff:ReiMu","Pen Nib","Letter Opener","Bottled Lightning","Gambling Chip","Coffee Dripper","Hallownest:GodTamersBeastRelic","Vajra","Anchor","Pear","InkBottle","Ancient Tea Set","Mercury Hourglass","Hallownest:KingsIdolRelic","Mastiff:ReiMu"],"acts_visited":["Hallownest:Greenpath","Hallownest:CityofTears","Hallownest:KingdomsEdge","TheEnding"],"potions_floor_usage":[],"damage_taken":[{"damage":0.0,"enemies":"Hallownest:2_MossCreeps","floor":1.0,"turns":1.0},{"damage":0.0,"enemies":"2_ Uuma","floor":5.0,"turns":1.0},{"damage":0.0,"enemies":"Hallownest:eliteMossKnight","floor":7.0,"turns":1.0},{"damage":20.0,"enemies":"Hallownest:eliteCrystalGuardian","floor":10.0,"turns":6.0},{"damage":0.0,"enemies":"Hallownest:monsterHuskGuard","floor":11.0,"turns":3.0},{"damage":0.0,"enemies":"Hallownest:monsterAspidMother","floor":12.0,"turns":2.0},{"damage":28.0,"enemies":"Hallownest:BossBrokenVessel","floor":16.0,"turns":10.0},{"damage":27.0,"enemies":"Hallownest:2_Mistakes","floor":18.0,"turns":10.0},{"damage":5.0,"enemies":"Hallownest:Flukemon_and_Top","floor":20.0,"turns":3.0},{"damage":25.0,"enemies":"Hallownest:eliteWatcherKnight","floor":23.0,"turns":9.0},{"damage":0.0,"enemies":"Hallownest:eliteSoulWarrior","floor":25.0,"turns":8.0},{"damage":11.0,"enemies":"Hallownest:eliteWatcherKnight","floor":27.0,"turns":13.0},{"damage":0.0,"enemies":"Hallownest:monsterShrumalOgre","floor":28.0,"turns":4.0},{"damage":0.0,"enemies":"Hallownest:3_Mistakes","floor":30.0,"turns":1.0},{"damage":43.0,"enemies":"Hallownest:BossSoulMaster","floor":33.0,"turns":7.0},{"damage":7.0,"enemies":"Hallownest:Shield_Heavy","floor":35.0,"turns":4.0},{"damage":5.0,"enemies":"Hallownest:2_Littles","floor":36.0,"turns":4.0},{"damage":5.0,"enemies":"Hallownest:2_Littles","floor":37.0,"turns":3.0},{"damage":0.0,"enemies":"Hallownest:2_Littles","floor":37.0,"turns":4.0},{"damage":30.0,"enemies":"Hallownest:2_Littles","floor":37.0,"turns":4.0},{"damage":0.0,"enemies":"Hallownest:2_Littles","floor":37.0,"turns":3.0},{"damage":12.0,"enemies":"Hallownest:Shield_Sturdy","floor":38.0,"turns":4.0},{"damage":0.0,"enemies":"Hallownest:eliteCollector","floor":40.0,"turns":8.0},{"damage":22.0,"enemies":"Hallownest:2_Wandering_and_1_Horned","floor":41.0,"turns":3.0},{"damage":17.0,"enemies":"Hallownest:eliteHiveKnight","floor":44.0,"turns":9.0},{"damage":5.0,"enemies":"Hallownest:StalkingDevout","floor":46.0,"turns":4.0},{"damage":5,"enemies":"Hallownest:BossHollowKnight","floor":50,"turns":13},{"damage":66,"enemies":"Shield and Spear","floor":54,"turns":5},{"damage":46,"enemies":"The Heart","floor":55,"turns":6}],"seed_played":"4324226806799222192","potions_obtained":[{"floor":1.0,"key":"Fire Potion"},{"floor":5.0,"key":"ColorlessPotion"},{"floor":11.0,"key":"MagicPotion:ReiMu"},{"floor":16.0,"key":"Fire Potion"},{"floor":18.0,"key":"Ancient Potion"},{"floor":20.0,"key":"SkillPotion"},{"floor":27.0,"key":"Weak Potion"},{"floor":28.0,"key":"bronze:BurnAndBuffPotion"},{"floor":35.0,"key":"Dexterity Potion"},{"floor":36.0,"key":"GrandPatriotsElixir:ReiMu"},{"floor":41.0,"key":"FearPotion"},{"floor":44.0,"key":"Explosive Potion"}],"is_trial":false,"path_per_floor":["M","?","?","$","M","R","E","R","T","E","M","M","R","?","R","B",null,"M","?","M","?","?","E","R","E","T","E","M","R","M","?","R","B",null,"M","M","?","M","$","E","M","R","T","E","?","E","T","?","R","B",null,"R","$","E","B",null],"character_chosen":"THE_STARBREAKER","items_purchased":["Vajra","Moonworks:RagingMadness","Moonworks:JonathanRush"],"campfire_rested":1,"item_purchase_floors":[39,39,53],"current_hp_per_floor":[60,60,60,60,60,60,60,60,60,40,40,40,40,40,40,24,74,47,47,42,42,42,17,17,17,17,6,11,33,33,39,39,1,80,78,78,50,43,43,48,31,31,41,31,31,31,31,28,28,28,90,90,90,36,2],"gold":60,"neow_bonus":"THREE_ENEMY_KILL","is_daily":false,"chose_seed":false,"campfire_upgraded":8,"win_rate":0.0,"timestamp":1611944327,"path_taken":["M","?","?","$","M","R","E","R","T","E","?","M","R","?","R","BOSS","M","?","M","?","?","E","R","E","T","E","?","R","M","?","R","BOSS","M","?","?","?","?","E","M","R","T","E","?","E","?","?","R","BOSS","R","$","E","BOSS"],"items_purchased_type":["Relic","Card","Card"],"build_version":"2020-12-18","purchased_purges":2,"victory":true,"max_hp_per_floor":[60,60,60,60,60,60,60,60,60,60,60,60,60,60,60,60,74,74,74,74,74,74,74,74,74,74,74,74,74,74,80,80,80,80,80,80,80,80,80,80,80,80,90,90,90,90,90,90,90,90,90,90,90,90,90],"relic_stats":{"Gremlin Horn":[19,19],"counters":[29,153],"Gambling Chip":[86],"Pen Nib":[22],"Letter Opener":[302],"Smiling Mask":75,"obtain_stats":[{"Potion Belt":7,"Pear":43,"NeowsBlessing":0,"Gremlin Horn":17,"Vajra":39,"Mango":17,"Pen Nib":23,"Hallownest:DreamNailRelic":3,"Letter Opener":25,"Hallownest:KingsIdolRelic":48,"Smiling Mask":17,"Hallownest:GodTamersBeastRelic":37,"Ancient Tea Set":46,"Mercury Hourglass":47,"Calling Bell":17,"Anchor":40,"Mastiff:ReiMu":19,"Moonworks:Homemark":0,"Gambling Chip":27,"Coffee Dripper":34,"Bottled Lightning":26,"TungstenRod":10,"InkBottle":44,"Moonworks:BrokenBomb":0},{"Potion Belt":3,"Pear":24,"NeowsBlessing":0,"Gremlin Horn":7,"Vajra":22,"Mango":7,"Pen Nib":10,"Hallownest:DreamNailRelic":1,"Letter Opener":11,"Hallownest:KingsIdolRelic":26,"Smiling Mask":7,"Hallownest:GodTamersBeastRelic":21,"Ancient Tea Set":26,"Mercury Hourglass":26,"Calling Bell":7,"Anchor":23,"Mastiff:ReiMu":8,"Moonworks:Homemark":0,"Gambling Chip":12,"Coffee Dripper":15,"Bottled Lightning":11,"TungstenRod":4,"InkBottle":25,"Moonworks:BrokenBomb":0},{"Potion Belt":3,"Pear":116,"NeowsBlessing":0,"Gremlin Horn":24,"Vajra":105,"Mango":24,"Pen Nib":46,"Hallownest:DreamNailRelic":1,"Letter Opener":54,"Hallownest:KingsIdolRelic":129,"Smiling Mask":24,"Hallownest:GodTamersBeastRelic":101,"Ancient Tea Set":129,"Mercury Hourglass":129,"Calling Bell":24,"Anchor":113,"Mastiff:ReiMu":34,"Moonworks:Homemark":0,"Gambling Chip":67,"Coffee Dripper":79,"Bottled Lightning":54,"TungstenRod":9,"InkBottle":125,"Moonworks:BrokenBomb":0}],"TungstenRod":77,"InkBottle":[14],"Mercury Hourglass":[74]},"card_choices":[{"not_picked":["Moonworks:JonathanRush","Moonworks:IntelligenceOfficer"],"picked":"Moonworks:UnpaidWork","floor":1.0},{"not_picked":["Moonworks:ForcedRevival","Moonworks:NicePresent"],"picked":"Moonworks:EvilSpyWorkPreparation","floor":5.0},{"not_picked":["Moonworks:FinalSurgery","Moonworks:BackdoorTrade"],"picked":"Moonworks:EvilSpyWorkPreparation","floor":7.0},{"not_picked":["Moonworks:Assault","Moonworks:DeployBits","Moonworks:SelfDestruct"],"picked":"SKIP","floor":10.0},{"not_picked":["Moonworks:BackdoorTrade","Moonworks:CloudOfSeagulls"],"picked":"Moonworks:SakisCookie","floor":11.0},{"not_picked":["Moonworks:Bloodlust","Moonworks:AwakeningOfTalent"],"picked":"Moonworks:ShieldCounter","floor":12.0},{"not_picked":["Moonworks:GoAway","Moonworks:ReflectiveShell"],"picked":"Moonworks:ShieldCounter","floor":16.0},{"not_picked":["Moonworks:DeployBits","Moonworks:ExtendedPhotonRifle"],"picked":"Moonworks:BigMagnum+1","floor":18.0},{"not_picked":["Moonworks:ScrambledEve","Moonworks:Assault"],"picked":"Moonworks:Poppoformation+1","floor":20.0},{"not_picked":["Moonworks:SakisCookie","Moonworks:Poppoformation+1"],"picked":"Moonworks:LuckyCharm+1","floor":23.0},{"not_picked":["Moonworks:SakisCookie","Moonworks:ReproductionOfRecords+1"],"picked":"Moonworks:CrystalBarrier","floor":25.0},{"not_picked":["Moonworks:JonathanRush","Moonworks:FullSpeedAlicianrone"],"picked":"Moonworks:ForcedRevival","floor":27.0},{"not_picked":["Moonworks:BigMagnum","Moonworks:CloudOfSeagulls"],"picked":"Moonworks:NicePresent","floor":28.0},{"not_picked":["Moonworks:IndiscriminateFireSupport","Moonworks:EvilSpyWorkPreparation"],"picked":"Moonworks:ExtendedPhotonRifle+1","floor":30.0},{"not_picked":["Moonworks:PlushieMaster","Moonworks:ShieldCounter"],"picked":"Moonworks:WeAreWaruda","floor":33.0},{"not_picked":["Moonworks:DeployBits","Moonworks:RedAndBlue"],"picked":"Moonworks:CloudOfSeagulls+1","floor":35.0},{"not_picked":["Moonworks:UnpaidWork+1","Moonworks:SakisCookie"],"picked":"Moonworks:ScrambledEve+1","floor":36.0},{"not_picked":["Moonworks:LulusLuckyEgg+1","Moonworks:CloudOfSeagulls"],"picked":"Moonworks:Heat300Percent","floor":38.0},{"not_picked":["Moonworks:Poppoformation+1","Moonworks:ImOnFire+1"],"picked":"Moonworks:DeployBits+1","floor":40.0},{"not_picked":["Moonworks:FinalSurgery","Moonworks:IndiscriminateFireSupport"],"picked":"Moonworks:HolyNight","floor":41.0},{"not_picked":["Moonworks:NicePresent","Moonworks:SakisCookie"],"picked":"Moonworks:ForcedRevival","floor":44.0},{"not_picked":[],"picked":"Moonworks:Encore","floor":45.0},{"not_picked":["Moonworks:SealedMemories+1","Moonworks:SakisCookie","Moonworks:BigMagnum+1"],"picked":"SKIP","floor":46.0},{"not_picked":["Moonworks:NicePresent+1","Moonworks:EvilSpyWorkPreparation"],"picked":"Moonworks:BigMagnum+1","floor":54}],"player_experience":285538,"relics_obtained":[{"floor":7.0,"key":"Potion Belt"},{"floor":10.0,"key":"TungstenRod"},{"floor":17.0,"key":"Smiling Mask"},{"floor":17.0,"key":"Gremlin Horn"},{"floor":17.0,"key":"Mango"},{"floor":23.0,"key":"Pen Nib"},{"floor":25.0,"key":"Letter Opener"},{"floor":26.0,"key":"Bottled Lightning"},{"floor":27.0,"key":"Gambling Chip"},{"floor":40.0,"key":"Anchor"},{"floor":43.0,"key":"Pear"},{"floor":44.0,"key":"InkBottle"},{"floor":46.0,"key":"Ancient Tea Set"},{"floor":47.0,"key":"Mercury Hourglass"},{"floor":54,"key":"Mastiff:ReiMu"}],"event_choices":[],"is_beta":true,"boss_relics":[{"not_picked":["Ectoplasm","Sozu"],"picked":"Calling Bell"},{"not_picked":["Pandora\u0027s Box","Busted Crown"],"picked":"Coffee Dripper"}],"items_purged_floors":[39,53],"is_endless":false,"potions_floor_spawned":[1,5,11,16,18,20,27,28,35,36,37,41,44],"ascension_level":0}}