{"host":"rm0ctv8qd8mnbkg1","time":1611924468,"event":{"mods":["Act Like it!","Arknights The Spire","BaseMod","BetterRewards","Colored Map","DNKmod","Dark Map","Defuse TimeMaze Blight","Friendly Minions","Gensokyo","Hallownest","Hubris","Infinite Spire","Minty Spire (QoL Compilation)","Permanent Neow","Quarter Circle Forward PUNCH!","RRrroohrrRGHHhhh!!","Rare Cards Sparkle","Relic Sorter","Reliquary","Replay The Spire","RumiaBox-????????","Shop Mod","Spicy Shops","Spire Arcade","StS++","StSLib","The Dragon Tamer","The Servant 0.9.4","Wandering Minibosses","[IsaacMod]????","??????REMEMod"],"gold_per_floor":[10014,9467,9484,9504,8874,8874,8902,8521,8521,8521,8553,8564,8564,8596,8596,8692,8692,8708,8724,8724,8738,8757,8792,8810,8810,8810,8821,8836,6536,6536,2973,2973,3076,3076,3086,3086,3098,1189,1189,1189,1189],"floor_reached":40,"language":"ENG","playtime":1690,"items_purged":[],"score":901,"play_id":"a4ad6bd3-33bb-41f9-91da-b9824ec58ba1","local_time":"20210129124748","is_ascension_mode":true,"campfire_choices":[{"data":"REME_BuildACard","floor":6,"key":"SMITH"},{"data":"infinitespire:Oblivion","floor":10,"key":"SMITH"},{"data":"StSpp:MinorTwinStrike","floor":13,"key":"SMITH"},{"data":"Chill","floor":15,"key":"SMITH"},{"data":"Loop","floor":25,"key":"SMITH"},{"data":"Consume","floor":25,"key":"SMITH"},{"data":"Redo","floor":30,"key":"SMITH"},{"data":"Redo","floor":30,"key":"SMITH"},{"data":"ElectricPowerLearning","floor":32,"key":"SMITH"},{"data":"ElectricPowerLearning","floor":32,"key":"SMITH"}],"circlet_count":0,"master_deck":["EpicFetus","REME_BuildACard+1","Ball Lightning","StSpp:TargetLocked","Bandage Up","Conserve Battery","Panacea","Chill+1","FIFO Queue","Redo+1","Redo+1","Pot Of Greed","Ball Lightning","StSpp:Igniter","hubris:Gluttony","rorgmod:Biased Cognition","infinitespire:Oblivion+1","rorgmod:Malware","Time Bomb","Redo","Multi-Cast","Loop+1","Consume+1","rorgmod:Zing-Zap","Static Discharge","Pot Of Greed","rorgmod:LRU Cache","Loop","Parasite","ReplayTheSpireMod:Fabricate Wheel+1","ReplayTheSpireMod:Omega Cannon","REME_ForAll","Multi-Cast","Electrodynamics","Buffer","REME_Shoggoth","hubris:DoWhile","Rainbow","ElectricPowerLearning+1","rorgmod:Biogeneration","Pot Of Greed","ElectricPowerLearning+1","Mirror Shield","Loop","StSpp:Igniter","StSpp:Fierceness","hubris:DoWhile","rorgmod:Black Ice","Core Surge","hubris:SpecializedCircuitry","Rainbow","All For One","Machine Learning","rorgmod:Thunder Strike","StSpp:Converter","Echo Form","ReplayTheSpireMod:Fabricate Wheel","REME_ForAll","rorgmod:Biased Cognition","Amplify","Seek","Buffer","hubris:Prefetch","rorgmod:Biogeneration","Meteor Strike","ReplayRNGCard","StSpp:Saturation","rorgmod:Loose Screws","Multi-Cast","StSpp:MemoryLeak","Hyperbeam","ElectricPowerLearning","Fission","ReplayTheSpireMod:Omega Cannon","rorgmod:Volatility","StSpp:CopyPaste","Mirror Shield","REME_Shoggoth","Electrodynamics"],"relics":["Cracked Core","NineLifeCat","REME_ComplimentaryCards","HushsDoor","SatanicBible","GodSword4","qcfpunch:Duffel_Bag","hubris:PeanutButter","GodSword7","hubris:BallOfYels","Grinning Jar","Chemical X","Chaos","ReplayTheSpireMod:SealedPack","StSpp:GiftCard","reliquary:TatteredRug","reliquary:FeatherDuster","The Courier","wanderingMiniBosses:Blackblade","Replay:Arrowhead","reliquary:BoilingFlask","Incubus","reliquary:ShortFuse","hubris:CuriousFeather","SumBook","HandDrill","Vampiric Spirits","Strange Spoon","Pondfish Scales","Bronze Scales","reliquary:KillPill","Ice Cream","Inserter","hubris:TenFootPole","Vajra","Replay:Wanted Poster","hubris:Zylophone","Replay:Wax Seal","SlaversCollar","HornCleat","White Beast Statue","infinitespire:CheckeredPen","StSpp:XCola","hubris:Towel","SteamSale","GuppysTail","infinitespire:WardingShard","Calipers","Paper Frog","Strawberry","StSpp:BrokenTotem","Letter Opener","StSpp:CrystalBall","Bag of Marbles"],"acts_visited":["Exordium","TheCity","TheBeyond"],"potions_floor_usage":[12,18],"damage_taken":[{"damage":0,"enemies":"Cultist","floor":1,"turns":3},{"damage":0,"enemies":"Small Slimes","floor":3,"turns":2},{"damage":0,"enemies":"2 Louse","floor":4,"turns":2},{"damage":0,"enemies":"Lagavulin","floor":7,"turns":4},{"damage":0,"enemies":"Replay:BlueRogue","floor":11,"turns":4},{"damage":15,"enemies":"Lots of Slimes","floor":12,"turns":3},{"damage":0,"enemies":"Gremlin Nob","floor":14,"turns":3},{"damage":0,"enemies":"The Guardian","floor":16,"turns":6},{"damage":0,"enemies":"Spheric Guardian","floor":18,"turns":2},{"damage":0,"enemies":"2 Thieves","floor":19,"turns":2},{"damage":0,"enemies":"Cultist and Chosen","floor":21,"turns":7},{"damage":0,"enemies":"3 Cultists","floor":22,"turns":5},{"damage":1,"enemies":"Slavers","floor":23,"turns":6},{"damage":0,"enemies":"Snecko","floor":24,"turns":3},{"damage":0,"enemies":"Cultist and Chosen","floor":27,"turns":4},{"damage":0,"enemies":"Shelled Parasite and Fungi","floor":28,"turns":4},{"damage":0,"enemies":"Collector","floor":33,"turns":3},{"damage":0,"enemies":"Orb Walker","floor":35,"turns":2},{"damage":0,"enemies":"3 Darklings","floor":37,"turns":2}],"seed_played":"5112539408259970466","potions_obtained":[{"floor":7,"key":"SkillPotion"},{"floor":11,"key":"EssenceOfDarkness"},{"floor":19,"key":"Venom Potion"},{"floor":37,"key":"Energy Potion"}],"is_trial":false,"path_per_floor":["M","$","M","M","$","R","E","$","T","R","E","M","R","E","R","B",null,"M","M","?","M","M","E","M","R","T","M","M","$","R","$","R","B",null,"M","?","M","$","?","R"],"character_chosen":"DEFECT","items_purchased":["GodSword4","qcfpunch:Duffel_Bag","hubris:PeanutButter","GodSword7","FIFO Queue","Redo","Chemical X","StSpp:Igniter","Chaos","Incubus","Loop","reliquary:ShortFuse","hubris:CuriousFeather","SumBook","HandDrill","Vampiric Spirits","Strange Spoon","Pondfish Scales","Bronze Scales","reliquary:KillPill","NineLifeCat","Ice Cream","Inserter","hubris:TenFootPole","Vajra","Replay:Wanted Poster","hubris:Zylophone","Replay:Wax Seal","SlaversCollar","ElectricPowerLearning","HornCleat","White Beast Statue","infinitespire:CheckeredPen","FairyPotion","Mirror Shield","SteamSale","GuppysTail","infinitespire:WardingShard","StSpp:Igniter","StSpp:Fierceness","Calipers","Paper Frog","Strawberry","StSpp:BrokenTotem","Letter Opener","StSpp:CrystalBall","Bag of Marbles"],"campfire_rested":0,"item_purchase_floors":[2,2,5,5,5,5,8,8,8,29,29,29,29,29,29,29,29,29,29,29,29,31,31,31,31,31,31,31,31,31,31,31,31,34,34,38,38,38,38,38,38,38,38,38,38,38,38],"current_hp_per_floor":[1000,1000,1000,1000,1000,1000,1000,1000,1000,1000,1000,989,989,993,993,997,999,999,999,999,1000,1000,1000,1000,1000,1000,1000,1000,250,250,250,250,250,242,242,242,242,249,249,249,249],"gold":1189,"neow_bonus":"THREE_CARDS","is_daily":false,"chose_seed":false,"campfire_upgraded":10,"win_rate":0.0,"timestamp":1611924468,"path_taken":["M","$","M","?","$","R","E","$","T","R","E","M","R","E","R","BOSS","M","M","?","M","?","E","M","R","T","M","M","$","R","$","R","BOSS","M","?","M","$","?","R"],"items_purchased_type":["Relic","Relic","Relic","Relic","Card","Card","Relic","Card","Card","Relic","Card","Relic","Relic","Relic","Relic","Relic","Relic","Relic","Relic","Relic","Relic","Relic","Relic","Relic","Relic","Relic","Relic","Relic","Relic","Card","Relic","Relic","Relic","Potion","Card","Relic","Relic","Relic","Card","Card","Relic","Relic","Relic","Relic","Relic","Relic","Relic"],"build_version":"2020-12-22","purchased_purges":0,"victory":false,"max_hp_per_floor":[1000,1000,1000,1000,1000,1000,1000,1000,1000,1000,1000,1000,1000,1000,1000,1000,1000,1000,1000,1000,1000,1000,1000,1000,1000,1000,1000,1000,250,250,250,250,250,242,242,242,242,249,249,249,249],"card_choices":[{"not_picked":[],"picked":"EpicFetus","floor":0},{"not_picked":["Bomb","rorgmod:Antivirus"],"picked":"Ball Lightning","floor":0},{"not_picked":["rorgmod:Hardcode","Streamline"],"picked":"StSpp:TargetLocked","floor":1},{"not_picked":[],"picked":"Bandage Up","floor":3},{"not_picked":["Coolheaded","Stack"],"picked":"Conserve Battery","floor":3},{"not_picked":[],"picked":"Panacea","floor":4},{"not_picked":["BasicCrystalCard","Bomb"],"picked":"Chill","floor":4},{"not_picked":["REME_Shoggoth","REME_Whirling"],"picked":"Ball Lightning","floor":7},{"not_picked":["Exchange","Vigilance"],"picked":"StSpp:MinorTwinStrike","floor":10},{"not_picked":["rorgmod:Thunder Strike","ReplayRNGCard"],"picked":"rorgmod:Biased Cognition","floor":10},{"not_picked":["Impatience","StSpp:Unbreakable"],"picked":"Blind","floor":10},{"not_picked":["hubris:InfiniteBlow+1","Replay:Fractal Strike"],"picked":"infinitespire:Oblivion","floor":10},{"not_picked":["rorgmod:Fuse Blower","Core Surge"],"picked":"rorgmod:Malware","floor":11},{"not_picked":["Undo","Barrage"],"picked":"Time Bomb","floor":12},{"not_picked":["rorgmod:Malware","ReplayGash"],"picked":"Redo","floor":14},{"not_picked":["rorgmod:Volatility","REME_Shoggoth"],"picked":"Multi-Cast","floor":16},{"not_picked":["REME_SelfUpgrade","Glacier+1","Reboot+1"],"picked":"SKIP","floor":18},{"not_picked":["Panic Button+1","Redo"],"picked":"Loop","floor":19},{"not_picked":["wanderingMiniBosses:FinaleOfPromise"],"picked":"SKIP","floor":21},{"not_picked":["ReplayTheSpireMod:Repulse","rorgmod:Refrigerate","BasicCrystalCard"],"picked":"SKIP","floor":21},{"not_picked":["hubris:Ukulele","ReplayTheSpireMod:Reroute Power"],"picked":"Consume","floor":22},{"not_picked":["Streamline","Compile Driver+1"],"picked":"rorgmod:Zing-Zap","floor":23},{"not_picked":["Cold Snap","Panic Button","rorgmod:Fragmentation+1"],"picked":"SKIP","floor":24},{"not_picked":["Genetic Algorithm+1","rorgmod:Refrigerate+1"],"picked":"Static Discharge","floor":27},{"not_picked":["REME_Whirling","rorgmod:Steady Aim+1"],"picked":"rorgmod:LRU Cache","floor":28},{"not_picked":["rorgmod:Refrigerate","Streamline","Rebound+1"],"picked":"SKIP","floor":35},{"not_picked":["rorgmod:Refrigerate","rorgmod:Leap"],"picked":"Loop","floor":37}],"player_experience":190970,"relics_obtained":[{"floor":7,"key":"hubris:BallOfYels"},{"floor":7,"key":"Grinning Jar"},{"floor":9,"key":"ReplayTheSpireMod:SealedPack"},{"floor":11,"key":"StSpp:GiftCard"},{"floor":11,"key":"reliquary:TatteredRug"},{"floor":14,"key":"reliquary:FeatherDuster"},{"floor":21,"key":"wanderingMiniBosses:Blackblade"},{"floor":23,"key":"Replay:Arrowhead"},{"floor":26,"key":"reliquary:BoilingFlask"}],"event_choices":[{"damage_healed":0,"gold_gain":0,"player_choice":"Ignored","damage_taken":0,"max_hp_gain":0,"max_hp_loss":0,"event_name":"Cursed Tome","floor":20,"gold_loss":0},{"damage_healed":0,"gold_gain":0,"player_choice":"Ignored","damage_taken":0,"max_hp_gain":0,"max_hp_loss":0,"event_name":"Tomb of Lord Red Mask","floor":39,"gold_loss":0}],"is_beta":false,"boss_relics":[{"not_picked":["TheBattery","reliquary:Stiletto"],"picked":"The Courier"},{"not_picked":[]},{"not_picked":["infinitespire:Chaos","StSpp:Dice"],"picked":"StSpp:XCola"},{"not_picked":[]}],"items_purged_floors":[],"is_endless":false,"potions_floor_spawned":[1,7,11,12,16,18,19,22,28,33,35,37],"ascension_level":5}}