{"host":"ga4s3hj9m6nkn6gp","time":1611946231,"event":{"mods":["AchievementEnabler","BaseMod","Bestiary","Colored Powertips","Highlight Path","Minty Spire (QoL Compilation)","Relic Stats","everything is the same but u backflip on backflip"],"gold_per_floor":[114,124,199,216,216,216,216,216],"floor_reached":7,"language":"ENG","playtime":604,"items_purged":[],"score":82,"play_id":"bfdbebe4-4572-4a33-8d2e-bee54b65e346","local_time":"20210129195031","is_ascension_mode":true,"campfire_choices":[{"data":"Terror","floor":6.0,"key":"SMITH"}],"circlet_count":0,"master_deck":["AscendersBane","Strike_G","Strike_G","Strike_G","Strike_G","Defend_G","Defend_G","Defend_G","Defend_G","Defend_G","Survivor","Neutralize","Crippling Poison","Blade Dance","Terror+1"],"relics":["WristBlade"],"acts_visited":["Exordium"],"potions_floor_usage":[7],"damage_taken":[{"damage":13.0,"enemies":"Small Slimes","floor":1.0,"turns":5.0},{"damage":5.0,"enemies":"Jaw Worm","floor":2.0,"turns":6.0},{"damage":2.0,"enemies":"2 Louse","floor":4.0,"turns":3.0},{"damage":23,"enemies":"3 Sentries","floor":7,"turns":8}],"seed_played":"8741085711605200508","potions_obtained":[{"floor":4.0,"key":"Poison Potion"}],"is_trial":false,"path_per_floor":["M","M","?","M","?","R","E"],"character_chosen":"THE_SILENT","items_purchased":[],"campfire_rested":0,"item_purchase_floors":[],"current_hp_per_floor":[46,41,30,28,21,21,0,0],"gold":216,"neow_bonus":"BOSS_RELIC","is_daily":false,"chose_seed":false,"campfire_upgraded":1,"win_rate":0.0,"timestamp":1611946231,"path_taken":["M","M","?","M","?","R","E"],"items_purchased_type":[],"build_version":"2020-12-22","purchased_purges":0,"victory":false,"max_hp_per_floor":[66,66,66,66,66,66,66,66],"relic_stats":{"counters":[4,22],"obtain_stats":[{"WristBlade":0,"Ring of the Snake":0},{"WristBlade":0,"Ring of the Snake":0},{"WristBlade":0,"Ring of the Snake":0}]},"card_choices":[{"not_picked":["Quick Slash","Setup"],"picked":"Crippling Poison","floor":1.0},{"not_picked":["Predator","Poisoned Stab"],"picked":"Blade Dance","floor":2.0},{"not_picked":["Heel Hook","Flying Knee"],"picked":"Terror","floor":4.0}],"player_experience":710191,"relics_obtained":[],"event_choices":[{"damage_healed":0.0,"max_hp_gain":0.0,"max_hp_loss":0.0,"gold_gain":75.0,"event_name":"World of Goop","player_choice":"Gather Gold","floor":3.0,"gold_loss":0.0,"damage_taken":11.0},{"cards_removed":["Strike_G"],"damage_healed":0.0,"max_hp_gain":0.0,"max_hp_loss":0.0,"gold_gain":0.0,"event_name":"Golden Wing","player_choice":"Card Removal","floor":5.0,"gold_loss":0.0,"damage_taken":7.0}],"is_beta":false,"boss_relics":[],"items_purged_floors":[],"is_endless":false,"potions_floor_spawned":[4],"killed_by":"3 Sentries","ascension_level":20}}