{"host":"mai03x2ekbjy4059","time":1611962066,"event":{"mods":["2.2 Compatiblity","BaseMod","Colored Map","DeckTracker","Keyboard Shortcuts","Minty Spire (QoL Compilation)","Permanent Neow","Quick Restart","SuperFastMode","everything is the same but u backflip on backflip"],"gold_per_floor":[10,10,21,21,36,66,66,100,146,146,146,186,206,206,206,326,326,350,15,49,65,89,120,120,163,187,187,220,220,49,49,49,147,147,159,159,174,193,68,103,122,134,134,160,171,171,171,186,186,186,186,186,35,61,61,61],"floor_reached":55,"language":"KOR","playtime":1401,"items_purged":["Strike_G","Strike_G","Strike_G"],"score":974,"play_id":"1b173cef-83a3-430c-b0e9-a4a6def64b4a","local_time":"20210130081426","is_ascension_mode":true,"campfire_choices":[{"data":"Terror","floor":7.0,"key":"SMITH"},{"data":"Neutralize","floor":15.0,"key":"SMITH"},{"data":"A Thousand Cuts","floor":24,"key":"SMITH"},{"data":"Accuracy","floor":32,"key":"SMITH"},{"data":"After Image","floor":47,"key":"SMITH"},{"floor":49,"key":"RECALL"},{"data":"Blade Dance","floor":52,"key":"SMITH"}],"circlet_count":0,"master_deck":["Defend_G","Defend_G","Survivor","Neutralize+1","Terror+1","Endless Agony","Backstab","Blur+1","Deflect+1","A Thousand Cuts+1","Impatience","Blade Dance+1","Masterful Stab","Die Die Die","Blade Dance","Deflect","Accuracy+1","Dramatic Entrance","Flash of Steel","Dramatic Entrance","Cloak And Dagger+1","After Image+1","Blur","Cloak And Dagger+1","Escape Plan","Infinite Blades"],"relics":["Ring of the Serpent","Bottled Lightning","Juzu Bracelet","Lantern","Bloody Idol","Boot","SlaversCollar","Vajra","Red Mask","Darkstone Periapt","Nunchaku","PreservedInsect","HornCleat","Sundial","Singing Bowl","Bird Faced Urn"],"acts_visited":["Exordium","TheCity","TheBeyond","TheEnding"],"potions_floor_usage":[23,33,50,55],"damage_taken":[{"damage":4.0,"enemies":"Jaw Worm","floor":1.0,"turns":8.0},{"damage":0.0,"enemies":"Small Slimes","floor":3.0,"turns":3.0},{"damage":0.0,"enemies":"2 Louse","floor":5.0,"turns":3.0},{"damage":5.0,"enemies":"3 Sentries","floor":6.0,"turns":12.0},{"damage":5.0,"enemies":"Gremlin Nob","floor":8.0,"turns":4.0},{"damage":4.0,"enemies":"3 Sentries","floor":12.0,"turns":14.0},{"damage":2.0,"enemies":"Exordium Thugs","floor":13.0,"turns":3.0},{"damage":0.0,"enemies":"The Guardian","floor":16.0,"turns":12.0},{"damage":0.0,"enemies":"Chosen","floor":18.0,"turns":5.0},{"damage":6,"enemies":"Masked Bandits","floor":20,"turns":4},{"damage":0,"enemies":"Shell Parasite","floor":21,"turns":4},{"damage":0,"enemies":"Snake Plant","floor":22,"turns":4},{"damage":0,"enemies":"Slavers","floor":23,"turns":4},{"damage":8,"enemies":"Book of Stabbing","floor":25,"turns":4},{"damage":0,"enemies":"Slavers","floor":28,"turns":1},{"damage":0,"enemies":"Automaton","floor":33,"turns":8},{"damage":0,"enemies":"Orb Walker","floor":35,"turns":2},{"damage":28,"enemies":"3 Shapes","floor":37,"turns":4},{"damage":8,"enemies":"3 Darklings","floor":38,"turns":2},{"damage":8,"enemies":"Nemesis","floor":40,"turns":3},{"damage":0,"enemies":"Transient","floor":41,"turns":5},{"damage":12,"enemies":"4 Shapes","floor":42,"turns":3},{"damage":0,"enemies":"Reptomancer","floor":44,"turns":3},{"damage":8,"enemies":"3 Darklings","floor":45,"turns":3},{"damage":7,"enemies":"Jaw Worm Horde","floor":48,"turns":3},{"damage":2,"enemies":"Donu and Deca","floor":50,"turns":8},{"damage":13,"enemies":"Shield and Spear","floor":54,"turns":4},{"damage":105,"enemies":"The Heart","floor":55,"turns":6}],"seed_played":"-8910787760702339298","potions_obtained":[{"floor":1.0,"key":"SteroidPotion"},{"floor":5.0,"key":"Dexterity Potion"},{"floor":8.0,"key":"AttackPotion"},{"floor":16.0,"key":"Energy Potion"},{"floor":18.0,"key":"Fire Potion"},{"floor":22,"key":"Swift Potion"},{"floor":28,"key":"Strength Potion"},{"floor":29,"key":"Block Potion"},{"floor":33,"key":"BlessingOfTheForge"},{"floor":38,"key":"DistilledChaos"}],"is_trial":false,"path_per_floor":["M","?","M","$","M","E","R","E","T","?","?","E","M","?","R","B",null,"M","$","?","M","M","E","R","E","T","?","E","?","$","?","R","B",null,"M","?","M","M","$","E","M","M","T","E","M","?","R","M","R","B",null,"R","$","E","B"],"character_chosen":"THE_SILENT","items_purchased":["Impatience","Blade Dance","Vajra","Accuracy","Escape Plan","Infinite Blades"],"campfire_rested":0,"item_purchase_floors":[19,19,19,30,53,53],"current_hp_per_floor":[66,66,66,66,66,61,61,56,56,39,32,28,26,12,12,12,70,70,70,64,64,64,64,64,56,56,56,61,61,61,61,61,66,70,70,60,37,34,34,31,36,29,29,34,33,33,33,31,31,29,72,72,72,66,0,0],"gold":61,"neow_bonus":"REMOVE_TWO","is_daily":false,"chose_seed":false,"campfire_upgraded":6,"win_rate":0.0,"timestamp":1611962066,"path_taken":["M","?","M","$","M","E","R","E","T","?","?","E","M","?","R","BOSS","M","$","?","M","M","E","R","E","T","?","E","?","$","?","R","BOSS","M","?","M","M","$","E","M","M","T","E","M","?","R","M","R","BOSS","R","$","E","BOSS"],"items_purchased_type":["Card","Card","Relic","Card","Card","Card"],"build_version":"2020-12-22","purchased_purges":3,"victory":false,"max_hp_per_floor":[70,70,70,70,70,70,70,70,70,70,70,70,70,70,70,70,70,70,70,70,70,70,70,70,70,70,70,70,70,70,70,70,70,70,70,70,70,70,70,70,70,70,70,70,72,72,72,72,72,72,72,72,72,74,74,74],"card_choices":[{"not_picked":["Poisoned Stab","Underhanded Strike"],"picked":"Terror","floor":1.0},{"not_picked":["Dagger Throw","Prepared"],"picked":"Endless Agony","floor":3.0},{"not_picked":["Underhanded Strike","Eviscerate"],"picked":"Backstab","floor":5.0},{"not_picked":["Prepared","Caltrops"],"picked":"Blur","floor":6.0},{"not_picked":["Eviscerate","Acrobatics"],"picked":"Deflect","floor":8.0},{"not_picked":["Skewer","Distraction","PiercingWail"],"picked":"SKIP","floor":12.0},{"not_picked":["Dagger Spray","Bane","Choke"],"picked":"SKIP","floor":13.0},{"not_picked":["Night Terror","Burst"],"picked":"A Thousand Cuts","floor":16.0},{"not_picked":["Eviscerate","Outmaneuver","Dagger Throw"],"picked":"SKIP","floor":18.0},{"not_picked":["Reflex","Dagger Spray"],"picked":"Masterful Stab","floor":21},{"not_picked":["Deadly Poison","Dodge and Roll","Bane"],"picked":"SKIP","floor":22},{"not_picked":["Catalyst+1","Backflip+1"],"picked":"Die Die Die","floor":23},{"not_picked":["Quick Slash","Cloak And Dagger"],"picked":"Blade Dance","floor":25},{"not_picked":["Quick Slash","Acrobatics+1"],"picked":"Deflect","floor":28},{"not_picked":["Slice","Dagger Spray","Setup"],"picked":"SKIP","floor":35},{"not_picked":["Transmutation","Violence"],"picked":"Dramatic Entrance","floor":36},{"not_picked":["Deep Breath","Secret Weapon"],"picked":"Flash of Steel","floor":36},{"not_picked":["Bandage Up","Trip"],"picked":"Dramatic Entrance","floor":36},{"not_picked":["Choke+1","Flechettes"],"picked":"Cloak And Dagger+1","floor":37},{"not_picked":["Leg Sweep","Tactician","Cloak And Dagger"],"picked":"SKIP","floor":38},{"not_picked":["Masterful Stab+1","Quick Slash+1","Choke+1"],"picked":"SKIP","floor":40},{"not_picked":["Terror","Prepared","PiercingWail"],"picked":"SKIP","floor":41},{"not_picked":["Choke","Dodge and Roll"],"picked":"After Image","floor":42},{"not_picked":["Prepared+1","Blade Dance"],"picked":"Blur","floor":44},{"not_picked":["Crippling Poison+1","All Out Attack+1","Concentrate+1"],"picked":"Singing Bowl","floor":45},{"not_picked":["Dodge and Roll","Infinite Blades"],"picked":"Cloak And Dagger+1","floor":48},{"not_picked":["Blade Dance","Backflip+1","Slice+1"],"picked":"Singing Bowl","floor":54}],"player_experience":1158978,"relics_obtained":[{"floor":6.0,"key":"Bottled Lightning"},{"floor":8.0,"key":"Juzu Bracelet"},{"floor":9.0,"key":"Lantern"},{"floor":12.0,"key":"Boot"},{"floor":20,"key":"Red Mask"},{"floor":23,"key":"Darkstone Periapt"},{"floor":25,"key":"Nunchaku"},{"floor":26,"key":"PreservedInsect"},{"floor":28,"key":"HornCleat"},{"floor":40,"key":"Sundial"},{"floor":44,"key":"Singing Bowl"},{"floor":54,"key":"Bird Faced Urn"}],"event_choices":[{"cards_removed":["Strike_G"],"damage_healed":0.0,"max_hp_gain":0.0,"max_hp_loss":0.0,"gold_gain":0.0,"event_name":"Living Wall","player_choice":"Forget","floor":2.0,"gold_loss":0.0,"damage_taken":0.0},{"damage_healed":0.0,"max_hp_gain":0.0,"max_hp_loss":0.0,"gold_gain":0.0,"event_name":"Golden Idol","player_choice":"Take Damage","floor":10.0,"gold_loss":0.0,"damage_taken":17.0,"relics_obtained":["Golden Idol"]},{"cards_removed":["Defend_G"],"damage_healed":0.0,"max_hp_gain":0.0,"max_hp_loss":0.0,"gold_gain":0.0,"event_name":"Golden Wing","player_choice":"Card Removal","floor":11.0,"gold_loss":0.0,"damage_taken":7.0},{"damage_healed":0.0,"max_hp_gain":0.0,"max_hp_loss":0.0,"gold_gain":0.0,"event_name":"Shining Light","player_choice":"Entered Light","floor":14.0,"gold_loss":0.0,"damage_taken":14.0,"cards_upgraded":["Blur","Deflect"]},{"damage_healed":0,"gold_gain":0,"player_choice":"Fought Bandits","damage_taken":0,"max_hp_gain":0,"max_hp_loss":0,"event_name":"Masked Bandits","floor":20,"gold_loss":0},{"damage_healed":0,"gold_gain":0,"player_choice":"Gave Idol","damage_taken":0,"relics_obtained":["Bloody Idol"],"max_hp_gain":0,"max_hp_loss":0,"event_name":"Forgotten Altar","floor":27,"relics_lost":["Golden Idol"],"gold_loss":0},{"damage_healed":0,"gold_gain":0,"player_choice":"Got Potions","damage_taken":0,"max_hp_gain":0,"max_hp_loss":0,"event_name":"Lab","floor":29,"gold_loss":0},{"damage_healed":0,"gold_gain":0,"player_choice":"Ignored","damage_taken":0,"max_hp_gain":0,"max_hp_loss":0,"event_name":"Ghosts","floor":31,"gold_loss":0},{"damage_healed":0,"gold_gain":0,"player_choice":"Memory 3","damage_taken":10,"max_hp_gain":0,"max_hp_loss":0,"event_name":"SensoryStone","floor":36,"gold_loss":0},{"cards_removed":["Defend_G"],"damage_healed":0,"gold_gain":0,"player_choice":"Removed Skill","damage_taken":0,"max_hp_gain":0,"max_hp_loss":0,"event_name":"Falling","floor":46,"gold_loss":0}],"is_beta":false,"boss_relics":[{"not_picked":["Tiny House","Runic Dome"],"picked":"SlaversCollar"},{"not_picked":["Philosopher\u0027s Stone","Fusion Hammer"],"picked":"Ring of the Serpent"}],"items_purged_floors":[19,30,39],"is_endless":false,"potions_floor_spawned":[1,5,8,16,18,22,28,33,38,40,48],"killed_by":"The Heart","ascension_level":1}}