{"host":"hwrdjx5eod2cxh09","time":1611916805,"event":{"mods":["AchievementEnabler","BaseMod","Bestiary","Minty Spire (QoL Compilation)","Relic Stats"],"gold_per_floor":[16,16,28,28,44,74,85,96,120,149,149,161,181,57,57,159,159,177,187,200,200,217,247,265,290,365,365,381,401,732,749,749,845,845,859,511,525,545,545,545],"floor_reached":39,"language":"ENG","playtime":2300,"items_purged":["Strike_R","Twin Strike"],"score":511,"play_id":"2bb496d0-b429-4a8a-88c4-15dca4573bfa","local_time":"20210129194005","is_ascension_mode":false,"campfire_choices":[{"data":"Demon Form","floor":11.0,"key":"SMITH"},{"data":"Bash","floor":15.0,"key":"SMITH"},{"data":"Entrench","floor":32,"key":"SMITH"}],"circlet_count":0,"master_deck":["Defend_R+1","Defend_R+1","Bash+1","Carnage+1","Shrug It Off","Thunderclap","Disarm","Demon Form+1","Cleave+1","Headbutt","Shrug It Off","Immolate+1","Armaments+1","Dark Embrace","Heavy Blade+1","Flame Barrier","Burning Pact","Entrench+1","Corruption","Reaper+1","Twin Strike+1","Twin Strike+1","True Grit","Impervious","Fire Breathing","Pommel Strike"],"relics":["Burning Blood","Toy Ornithopter","Centennial Puzzle","PreservedInsect","Sozu","Whetstone","Omamori","Kunai","Old Coin","Astrolabe"],"acts_visited":["Exordium","TheCity","TheBeyond"],"potions_floor_usage":[25],"damage_taken":[{"damage":8.0,"enemies":"2 Louse","floor":1.0,"turns":2.0},{"damage":0.0,"enemies":"Small Slimes","floor":3.0,"turns":2.0},{"damage":0.0,"enemies":"Cultist","floor":5.0,"turns":2.0},{"damage":23.0,"enemies":"3 Sentries","floor":6.0,"turns":9.0},{"damage":7.0,"enemies":"Blue Slaver","floor":7.0,"turns":4.0},{"damage":2.0,"enemies":"Large Slime","floor":8.0,"turns":5.0},{"damage":4.0,"enemies":"Gremlin Nob","floor":10.0,"turns":3.0},{"damage":8.0,"enemies":"Looter","floor":12.0,"turns":3.0},{"damage":3.0,"enemies":"Exordium Wildlife","floor":13.0,"turns":3.0},{"damage":19.0,"enemies":"Hexaghost","floor":16.0,"turns":8.0},{"damage":12.0,"enemies":"2 Thieves","floor":18.0,"turns":3.0},{"damage":6.0,"enemies":"Shell Parasite","floor":19.0,"turns":4.0},{"damage":9,"enemies":"Snake Plant","floor":20,"turns":4},{"damage":11,"enemies":"Centurion and Healer","floor":22,"turns":4},{"damage":16,"enemies":"Slavers","floor":23,"turns":2},{"damage":8,"enemies":"Shelled Parasite and Fungi","floor":24,"turns":4},{"damage":3,"enemies":"Gremlin Leader","floor":25,"turns":5},{"damage":17,"enemies":"Sentry and Sphere","floor":28,"turns":5},{"damage":1,"enemies":"Snake Plant","floor":29,"turns":4},{"damage":20,"enemies":"Slavers","floor":30,"turns":4},{"damage":4,"enemies":"Centurion and Healer","floor":31,"turns":4},{"damage":19,"enemies":"Champ","floor":33,"turns":10},{"damage":1,"enemies":"3 Shapes","floor":35,"turns":3},{"damage":14,"enemies":"Orb Walker","floor":37,"turns":4},{"damage":70,"enemies":"Transient","floor":38,"turns":5}],"seed_played":"-4923673692655411310","potions_obtained":[{"floor":3.0,"key":"EssenceOfSteel"},{"floor":5.0,"key":"Weak Potion"},{"floor":6.0,"key":"ElixirPotion"},{"floor":7.0,"key":"Energy Potion"},{"floor":12.0,"key":"GamblersBrew"}],"is_trial":false,"path_per_floor":["M","?","M","?","M","E","M","M","T","E","R","M","M","$","R","B",null,"M","M","M","?","M","E","M","E","T","?","M","M","E","M","R","B",null,"M","$","M","M","M"],"character_chosen":"IRONCLAD","items_purchased":["Shrug It Off","True Grit","Impervious","Fire Breathing"],"campfire_rested":0,"item_purchase_floors":[14,36,36,36],"current_hp_per_floor":[78,78,80,80,80,63,62,66,66,68,68,66,69,69,69,56,80,74,74,71,71,66,56,54,62,62,62,51,56,42,44,44,31,80,80,80,72,8,0,0],"gold":545,"neow_bonus":"TRANSFORM_TWO_CARDS","is_daily":false,"chose_seed":false,"campfire_upgraded":3,"win_rate":0.0,"timestamp":1611916805,"path_taken":["M","?","M","?","M","E","M","M","T","E","R","?","M","$","R","BOSS","M","M","M","?","M","E","M","E","T","?","M","M","E","M","R","BOSS","M","$","M","M","M"],"items_purchased_type":["Card","Card","Card","Card"],"build_version":"2020-12-22","purchased_purges":2,"victory":false,"max_hp_per_floor":[80,80,80,80,80,80,80,80,80,80,80,80,80,80,80,80,80,80,80,80,80,80,80,80,80,80,80,80,80,80,80,80,80,80,80,80,80,80,80,80],"relic_stats":{"Sozu":7,"Centennial Puzzle":[60],"counters":[26,112],"Astrolabe":["Reaper","Twin Strike","Twin Strike"],"PreservedInsect":124,"Whetstone":["Immolate","Cleave"],"Kunai":[3],"obtain_stats":[{"Sozu":17,"Centennial Puzzle":9,"Astrolabe":34,"PreservedInsect":10,"Omamori":25,"Whetstone":23,"Kunai":26,"Burning Blood":0,"Toy Ornithopter":6,"Old Coin":30},{"Sozu":10,"Centennial Puzzle":6,"Astrolabe":22,"PreservedInsect":7,"Omamori":17,"Whetstone":15,"Kunai":17,"Burning Blood":0,"Toy Ornithopter":4,"Old Coin":20},{"Sozu":41,"Centennial Puzzle":24,"Astrolabe":94,"PreservedInsect":27,"Omamori":67,"Whetstone":58,"Kunai":67,"Burning Blood":0,"Toy Ornithopter":15,"Old Coin":80}],"Burning Blood":135,"Toy Ornithopter":5},"card_choices":[{"not_picked":["Armaments","Wild Strike","Twin Strike"],"picked":"SKIP","floor":1.0},{"not_picked":["Power Through","Cleave"],"picked":"Shrug It Off","floor":3.0},{"not_picked":["Clash","Infernal Blade"],"picked":"Thunderclap","floor":5.0},{"not_picked":["Intimidate","Searing Blow","Clash"],"picked":"SKIP","floor":6.0},{"not_picked":["Thunderclap","Warcry","Ghostly Armor"],"picked":"SKIP","floor":7.0},{"not_picked":["Clash","Armaments"],"picked":"Disarm","floor":8.0},{"not_picked":["Whirlwind","Anger"],"picked":"Demon Form","floor":10.0},{"not_picked":["Dual Wield","Dark Embrace"],"picked":"Cleave","floor":12.0},{"not_picked":["Rampage","Uppercut"],"picked":"Headbutt","floor":13.0},{"not_picked":["Impervious","Reaper"],"picked":"Immolate","floor":16.0},{"not_picked":["Warcry+1","Anger"],"picked":"Armaments+1","floor":18.0},{"not_picked":["Infernal Blade","Havoc+1"],"picked":"Dark Embrace","floor":19.0},{"not_picked":["Iron Wave","Metallicize+1"],"picked":"Heavy Blade+1","floor":20},{"not_picked":["Sever Soul","Rampage","Infernal Blade"],"picked":"SKIP","floor":22},{"not_picked":["Anger","Second Wind","Armaments"],"picked":"SKIP","floor":23},{"not_picked":["Shrug It Off","Armaments"],"picked":"Flame Barrier","floor":24},{"not_picked":["Double Tap","Warcry"],"picked":"Burning Pact","floor":25},{"not_picked":["Heavy Blade","Second Wind","Thunderclap"],"picked":"SKIP","floor":28},{"not_picked":["Cleave","Metallicize","Twin Strike"],"picked":"SKIP","floor":29},{"not_picked":["Cleave","Body Slam+1"],"picked":"Entrench","floor":30},{"not_picked":["Clash","Perfected Strike+1","Bloodletting+1"],"picked":"SKIP","floor":31},{"not_picked":["Juggernaut","Offering"],"picked":"Corruption","floor":33},{"not_picked":["Whirlwind","Second Wind","Warcry"],"picked":"SKIP","floor":35},{"not_picked":["Thunderclap+1","Cleave+1","Searing Blow+1"],"picked":"SKIP","floor":37},{"not_picked":["Intimidate+1","Heavy Blade+1"],"picked":"Pommel Strike","floor":38}],"player_experience":328915,"relics_obtained":[{"floor":6.0,"key":"Toy Ornithopter"},{"floor":9.0,"key":"Centennial Puzzle"},{"floor":10.0,"key":"PreservedInsect"},{"floor":23,"key":"Whetstone"},{"floor":25,"key":"Omamori"},{"floor":26,"key":"Kunai"},{"floor":30,"key":"Old Coin"}],"event_choices":[{"cards_removed":["Strike_R"],"damage_healed":0.0,"max_hp_gain":0.0,"max_hp_loss":0.0,"gold_gain":0.0,"event_name":"Living Wall","player_choice":"Forget","floor":2.0,"gold_loss":0.0,"damage_taken":0.0},{"damage_healed":0.0,"max_hp_gain":0.0,"max_hp_loss":0.0,"gold_gain":0.0,"event_name":"Upgrade Shrine","player_choice":"Upgraded","floor":4.0,"gold_loss":0.0,"damage_taken":0.0,"cards_upgraded":["Carnage"]},{"damage_healed":0,"gold_gain":0,"player_choice":"Ignored","damage_taken":0,"max_hp_gain":0,"max_hp_loss":0,"event_name":"Vampires","floor":21,"gold_loss":0},{"damage_healed":0,"gold_gain":0,"player_choice":"Simplicity","damage_taken":0,"max_hp_gain":0,"max_hp_loss":0,"event_name":"Back to Basics","floor":27,"gold_loss":0,"cards_upgraded":["Strike_R","Strike_R","Defend_R","Defend_R","Defend_R"]}],"is_beta":false,"boss_relics":[{"not_picked":["Black Star","Ectoplasm"],"picked":"Sozu"},{"not_picked":["Runic Cube","Black Blood"],"picked":"Astrolabe"}],"items_purged_floors":[14,36],"is_endless":false,"potions_floor_spawned":[3,5,6,7,12,19,20,22,23,29,33,35],"killed_by":"4 Shapes","ascension_level":0}}