{"host":"7j2n82b2zha9fuyn","time":1611901702,"event":{"mods":["BaseMod","Block Reminder","Minty Spire (QoL Compilation)","Replay The Spire","StSLib"],"gold_per_floor":[118,129,129,144,159,159,193,193,216,243,307,307,21,40,40,40,40],"floor_reached":16,"language":"ENG","playtime":1323,"items_purged":[],"score":220,"play_id":"9c1f1de4-895c-4ee3-9427-ebba41514b9d","local_time":"20210128232822","is_ascension_mode":true,"campfire_choices":[{"data":"Alpha","floor":6,"key":"SMITH"},{"floor":8,"key":"REST"},{"data":"Protect","floor":12,"key":"SMITH"},{"data":"TalkToTheHand","floor":15,"key":"SMITH"}],"circlet_count":0,"master_deck":["AscendersBane","Strike_P","Strike_P","Strike_P","Strike_P+1","Defend_P","Defend_P","Defend_P","Defend_P","Eruption","Vigilance","m_Survivalism","Defend_B","Alpha+1","Protect+1","BowlingBash+1","Tantrum","Escape Plan","Perseverance","Wallop","Evaluate","TalkToTheHand+1"],"relics":["Replay:M_StaffOfTheSnake","Centennial Puzzle","Replay:Wax Seal","Whetstone","Meat on the Bone","OrangePellets"],"acts_visited":["Exordium"],"potions_floor_usage":[11,16],"damage_taken":[{"damage":2,"enemies":"Jaw Worm","floor":1,"turns":4},{"damage":3,"enemies":"Small Slimes","floor":2,"turns":7},{"damage":6,"enemies":"2 Louse","floor":4,"turns":3},{"damage":0,"enemies":"2 Fungi Beasts","floor":5,"turns":4},{"damage":22,"enemies":"3 Sentries","floor":7,"turns":5},{"damage":10,"enemies":"Replay:BlueRogue","floor":10,"turns":5},{"damage":15,"enemies":"Lagavulin Event","floor":11,"turns":5},{"damage":1,"enemies":"Exordium Wildlife","floor":14,"turns":4},{"damage":35,"enemies":"Hexaghost","floor":16,"turns":11}],"seed_played":"-4685326603475651219","potions_obtained":[{"floor":2,"key":"ColorlessPotion"},{"floor":5,"key":"Elixir"},{"floor":10,"key":"SkillPotion"},{"floor":14,"key":"Explosive Potion"}],"is_trial":false,"path_per_floor":["M","M","?","M","M","R","E","R","T","E","?","R","$","M","R","B"],"character_chosen":"WATCHER","items_purchased":["OrangePellets","Wallop","Evaluate"],"campfire_rested":1,"item_purchase_floors":[13,13,13],"current_hp_per_floor":[59,56,56,50,50,50,28,48,48,38,23,23,23,34,34,0,0],"gold":40,"neow_bonus":"THREE_RARE_CARDS","is_daily":false,"chose_seed":false,"campfire_upgraded":3,"win_rate":0.0,"timestamp":1611901702,"path_taken":["M","M","?","M","M","R","E","R","T","E","?","R","$","M","R","BOSS"],"items_purchased_type":["Relic","Card","Card"],"build_version":"2020-12-22","purchased_purges":0,"victory":false,"max_hp_per_floor":[68,68,68,68,68,68,68,68,68,68,68,68,68,68,68,68,68],"card_choices":[{"not_picked":["Replay:LoomingThreat","Replay:AllIn"],"picked":"Alpha","floor":0},{"not_picked":["EmptyBody","Replay:Cycle"],"picked":"Protect","floor":1},{"not_picked":["Sanctity","WindmillStrike"],"picked":"BowlingBash","floor":2},{"not_picked":["FollowUp","Brilliance"],"picked":"Tantrum","floor":4},{"not_picked":["Replay:AtTheReady","Crescendo","BowlingBash"],"picked":"SKIP","floor":5},{"not_picked":["EmptyBody","Wish"],"picked":"Escape Plan","floor":7},{"not_picked":["Replay:Vibes","Consecrate"],"picked":"Perseverance","floor":10},{"not_picked":["Crescendo","Halt"],"picked":"TalkToTheHand","floor":14}],"player_experience":1943318,"relics_obtained":[{"floor":7,"key":"Centennial Puzzle"},{"floor":9,"key":"Replay:Wax Seal"},{"floor":10,"key":"Whetstone"},{"floor":11,"key":"Meat on the Bone"}],"event_choices":[{"damage_healed":0,"gold_gain":30,"player_choice":"Searched \u00272\u0027 times","damage_taken":0,"max_hp_gain":0,"max_hp_loss":0,"event_name":"Dead Adventurer","floor":11,"gold_loss":0}],"is_beta":false,"boss_relics":[],"items_purged_floors":[],"is_endless":false,"potions_floor_spawned":[2,5,10,14],"killed_by":"Hexaghost","ascension_level":20}}