{"host":"1ekl8hlbnopmdapi","time":1611899540,"event":{"mods":["AchievementEnabler","BaseMod","Colored Map","Colored Powertips","DeckTracker","Googly Eyes","Highlight Path","Minty Spire (QoL Compilation)","Relic Sorter","StSLib","Synergy Search"],"gold_per_floor":[115,115,127,100,180,180,206,225,225,33,48,48,48,62,62,190,190,210,210,210],"floor_reached":19,"language":"ENG","playtime":431,"items_purged":[],"score":217,"play_id":"d1c79676-564a-415e-9f93-99c34a1f0df8","local_time":"20210129005220","is_ascension_mode":true,"campfire_choices":[{"data":"Neutralize","floor":6,"key":"SMITH"},{"floor":12,"key":"REST"},{"floor":15,"key":"REST"}],"circlet_count":0,"master_deck":["Strike_G","Strike_G","Strike_G","Defend_G","Defend_G","Defend_G","Defend_G","Defend_G","Survivor","Neutralize+1","All Out Attack","Bouncing Flask","Well Laid Plans","Injury","Phantasmal Killer"],"relics":["Busted Crown","Smiling Mask","Mummified Hand","Regal Pillow","Golden Idol","Empty Cage"],"acts_visited":["Exordium","TheCity"],"potions_floor_usage":[16,18],"damage_taken":[{"damage":0,"enemies":"2 Louse","floor":1,"turns":3},{"damage":10,"enemies":"Cultist","floor":3,"turns":5},{"damage":44,"enemies":"Lagavulin","floor":7,"turns":9},{"damage":0,"enemies":"Small Slimes","floor":8,"turns":3},{"damage":0,"enemies":"3 Louse","floor":11,"turns":2},{"damage":7,"enemies":"Blue Slaver","floor":14,"turns":3},{"damage":62,"enemies":"Hexaghost","floor":16,"turns":14},{"damage":40,"enemies":"3 Byrds","floor":18,"turns":7},{"damage":0,"enemies":"2 Thieves","floor":19,"turns":1}],"seed_played":"-2870480265634348624","potions_obtained":[{"floor":7,"key":"Dexterity Potion"},{"floor":11,"key":"SmokeBomb"},{"floor":16,"key":"SteroidPotion"},{"floor":18,"key":"FearPotion"}],"is_trial":false,"path_per_floor":["M","?","M","?","?","R","E","M","T","$","M","R","?","M","R","B",null,"M","M"],"character_chosen":"THE_SILENT","items_purchased":["Regal Pillow","Well Laid Plans"],"campfire_rested":2,"item_purchase_floors":[10,10],"current_hp_per_floor":[63,63,53,53,53,53,9,9,9,9,9,45,45,38,70,8,55,15,15,15],"gold":210,"neow_bonus":"BOSS_RELIC","is_daily":false,"chose_seed":false,"campfire_upgraded":1,"win_rate":0.0,"timestamp":1611899540,"path_taken":["M","?","?","?","?","R","E","M","T","$","M","R","?","M","R","BOSS","M","M"],"items_purchased_type":["Relic","Card"],"build_version":"2020-12-22","purchased_purges":0,"victory":false,"max_hp_per_floor":[70,70,70,70,70,70,70,70,70,70,70,70,70,70,70,70,70,70,70,70],"card_choices":[{"not_picked":["Slice"],"picked":"SKIP","floor":1},{"not_picked":[],"picked":"All Out Attack","floor":3},{"not_picked":["Backflip"],"picked":"SKIP","floor":7},{"not_picked":[],"picked":"Bouncing Flask","floor":8},{"not_picked":["Deadly Poison"],"picked":"SKIP","floor":11},{"not_picked":["Underhanded Strike"],"picked":"SKIP","floor":14},{"not_picked":[],"picked":"Phantasmal Killer","floor":16},{"not_picked":["Tactician+1"],"picked":"SKIP","floor":18}],"player_experience":510723,"relics_obtained":[{"floor":7,"key":"Smiling Mask"},{"floor":9,"key":"Mummified Hand"}],"event_choices":[{"damage_healed":0,"gold_gain":0,"player_choice":"Bought 0 Potions","damage_taken":0,"max_hp_gain":0,"max_hp_loss":0,"event_name":"The Woman in Blue","floor":2,"gold_loss":0},{"damage_healed":0,"gold_gain":0,"player_choice":"Left Gold","damage_taken":0,"max_hp_gain":0,"max_hp_loss":0,"event_name":"World of Goop","floor":4,"gold_loss":27},{"damage_healed":0,"gold_gain":80,"player_choice":"Gained Gold","damage_taken":0,"max_hp_gain":0,"max_hp_loss":0,"event_name":"Golden Wing","floor":5,"gold_loss":0},{"damage_healed":0,"gold_gain":0,"player_choice":"Take Wound","damage_taken":0,"relics_obtained":["Golden Idol"],"max_hp_gain":0,"max_hp_loss":0,"event_name":"Golden Idol","floor":13,"gold_loss":0,"cards_obtained":["Injury"]}],"is_beta":false,"boss_relics":[{"not_picked":["Velvet Choker","Coffee Dripper"],"picked":"Empty Cage"}],"items_purged_floors":[],"is_endless":false,"potions_floor_spawned":[7,11,16,18],"killed_by":"2 Thieves","ascension_level":6}}