{"host":"2q82lssse0ckn8xu","time":1611935545,"event":{"mods":["AchievementEnabler","BaseMod","Colored Map","Colored Powertips","Minty Spire (QoL Compilation)","Permanent Neow","Quick Restart","StSLib","The Saiyan","Unceasing Turn Reminder"],"gold_per_floor":[14,27,44,44,57,87,87,105,151,28,56,70,86,105,105,180,230,241,70,82,30,30,30,30],"floor_reached":23,"language":"ENG","playtime":1253,"items_purged":[],"score":369,"play_id":"f6c851d6-7650-4909-9c5b-666bdfcb0190","local_time":"20210129212225","is_ascension_mode":true,"campfire_choices":[{"floor":7.0,"key":"REST"},{"floor":15.0,"key":"REST"}],"circlet_count":0,"master_deck":["AscendersBane","Strike_B","Strike_B","Strike_B","Defend_B","Defend_B","Defend_B","Defend_B","Zap","Dualcast","Apotheosis","Chaos","Self Repair","Sweeping Beam","Conserve Battery","White Noise","Hologram","Glacier+1","Melter","Turbo+1","Leap+1","Streamline","Capacitor","Biased Cognition","Ball Lightning","Loop","Defragment","Hologram+1"],"relics":["Cracked Core","Boot","Bag of Marbles","Toxic Egg 2","Tiny House","Blood Vial"],"acts_visited":["Exordium","TheCity"],"potions_floor_usage":[23],"damage_taken":[{"damage":0.0,"enemies":"2 Louse","floor":1.0,"turns":3.0},{"damage":0.0,"enemies":"Cultist","floor":2.0,"turns":4.0},{"damage":7.0,"enemies":"Jaw Worm","floor":3.0,"turns":4.0},{"damage":38.0,"enemies":"Lots of Slimes","floor":5.0,"turns":5.0},{"damage":29.0,"enemies":"3 Sentries","floor":6.0,"turns":7.0},{"damage":7.0,"enemies":"Exordium Wildlife","floor":8.0,"turns":5.0},{"damage":23.0,"enemies":"Gremlin Nob","floor":11.0,"turns":5.0},{"damage":2.0,"enemies":"3 Louse","floor":12.0,"turns":3.0},{"damage":6.0,"enemies":"2 Fungi Beasts","floor":13.0,"turns":3.0},{"damage":7.0,"enemies":"Large Slime","floor":14.0,"turns":6.0},{"damage":34.0,"enemies":"Hexaghost","floor":16.0,"turns":12.0},{"damage":44.0,"enemies":"2 Thieves","floor":18.0,"turns":5.0},{"damage":17.0,"enemies":"Spheric Guardian","floor":20.0,"turns":6.0},{"damage":13,"enemies":"Slavers","floor":23,"turns":1}],"seed_played":"7850050264307781778","potions_obtained":[{"floor":3.0,"key":"Regen Potion"},{"floor":6.0,"key":"SkillPotion"},{"floor":8.0,"key":"FocusPotion"},{"floor":11.0,"key":"GamblersBrew"},{"floor":14.0,"key":"LiquidMemories"},{"floor":16.0,"key":"CultistPotion"}],"is_trial":false,"path_per_floor":["M","M","M","?","M","E","R","M","T","$","E","M","M","M","R","B",null,"M","$","M","$","?","E"],"character_chosen":"DEFECT","items_purchased":["Glacier","Melter","Blood Vial","Hologram+1"],"campfire_rested":2,"item_purchase_floors":[10,10,19,21],"current_hp_per_floor":[64,64,57,57,43,24,45,38,38,38,25,23,27,30,51,27,65,31,31,23,23,23,12,12],"gold":30,"neow_bonus":"RANDOM_COLORLESS_2","is_daily":false,"chose_seed":false,"campfire_upgraded":0,"win_rate":0.0,"timestamp":1611935545,"path_taken":["M","M","M","?","M","E","R","M","T","$","E","M","?","M","R","BOSS","M","$","M","$","?","E"],"items_purchased_type":["Card","Card","Relic","Card"],"build_version":"2020-12-22","purchased_purges":0,"victory":false,"max_hp_per_floor":[71,71,71,71,71,71,71,71,71,71,71,71,71,71,71,71,76,76,76,76,76,76,76,76],"card_choices":[{"not_picked":["Magnetism","Secret Technique"],"picked":"Apotheosis","floor":0.0},{"not_picked":["Gash","Auto Shields"],"picked":"Chaos","floor":1.0},{"not_picked":["Gash","Consume"],"picked":"Self Repair","floor":2.0},{"not_picked":["Steam Power","Doom and Gloom"],"picked":"Sweeping Beam","floor":3.0},{"not_picked":["Coolheaded","Undo"],"picked":"Conserve Battery","floor":5.0},{"not_picked":["Undo","Skim"],"picked":"White Noise","floor":6.0},{"not_picked":["Ball Lightning","Barrage"],"picked":"Hologram","floor":8.0},{"not_picked":["Meteor Strike","Melter"],"picked":"Turbo+1","floor":11.0},{"not_picked":["Beam Cell","Scrape"],"picked":"Leap+1","floor":12.0},{"not_picked":["Sweeping Beam","Go for the Eyes"],"picked":"Streamline","floor":13.0},{"not_picked":["Streamline","Coolheaded+1"],"picked":"Capacitor","floor":14.0},{"not_picked":["Meteor Strike","Multi-Cast+1"],"picked":"Biased Cognition","floor":16.0},{"not_picked":["Rebound","Leap+1"],"picked":"Ball Lightning","floor":17.0},{"not_picked":["Doom and Gloom","Sunder"],"picked":"Loop","floor":18.0},{"not_picked":["Sweeping Beam","Rip and Tear"],"picked":"Defragment","floor":20.0}],"player_experience":645420,"relics_obtained":[{"floor":6.0,"key":"Boot"},{"floor":9.0,"key":"Bag of Marbles"},{"floor":11.0,"key":"Toxic Egg 2"}],"event_choices":[{"cards_removed":["Strike_B"],"damage_healed":0.0,"max_hp_gain":0.0,"max_hp_loss":0.0,"gold_gain":0.0,"event_name":"Bonfire Elementals","player_choice":"Offered Basic","floor":4.0,"gold_loss":0.0,"damage_taken":0.0},{"damage_healed":0.0,"max_hp_gain":0.0,"max_hp_loss":0.0,"gold_gain":0.0,"event_name":"Ghosts","player_choice":"Ignored","floor":22.0,"gold_loss":0.0,"damage_taken":0.0}],"is_beta":false,"boss_relics":[{"not_picked":["Snecko Eye","Pandora\u0027s Box"],"picked":"Tiny House"}],"items_purged_floors":[],"is_endless":false,"potions_floor_spawned":[3,6,8,11,14,16,18],"killed_by":"Slavers","ascension_level":16}}