{"host":"xvjtz0l6trtfk8cl","time":1611935816,"event":{"mods":["BaseMod","Better Altar","Better Third Choice","Downfall","Fox Events","Hermit","Magitek Elite","Minty Spire (QoL Compilation)","StSLib","The Bladedancer","The Death Knight","The Hierophant","The Necromancer","Waifu the Spire"],"gold_per_floor":[99,112,131,116,116,116,142,160,145,165,165,183,217,317,332,430,430,430,441,441,458,468,468,468,468],"floor_reached":23,"language":"ENG","playtime":2490,"items_purged":[],"score":193,"play_id":"eab48f8f-77bb-4ac6-aa1b-9891699455c3","local_time":"20210129095656","is_ascension_mode":false,"campfire_choices":[{"data":"champ:Taunt","floor":1.0,"key":"SMITH"},{"data":"champ:EnGarde","floor":6.0,"key":"SMITH"},{"data":"champ:PerfectedStrike","floor":11.0,"key":"SMITH"},{"data":"champ:Duel","floor":18,"key":"SMITH"}],"circlet_count":0,"master_deck":["champ:Strike","champ:Strike","champ:Strike","champ:Strike","champ:Defend","champ:Defend","champ:Defend","champ:Defend","champ:Execute","champ:Taunt+1","champ:PerfectedStrike+1","champ:EnGarde+1","champ:Shatter","champ:Duel+1","champ:StanceDance","champ:Devastate","champ:Backstep+1","champ:EndlessRage+1","champ:Haymaker+1","champ:HeartStrike+1"],"relics":["champ:ChampionCrown","Oddly Smooth Stone","DeathKnight:PutricidesVial","Champion Belt","Astrolabe"],"acts_visited":["Exordium","TheCity"],"potions_floor_usage":[16,16,16,16,16,19],"damage_taken":[{"damage":22.0,"enemies":"Cultist","floor":2.0,"turns":4.0},{"damage":10.0,"enemies":"2 Louse","floor":3.0,"turns":2.0},{"damage":0.0,"enemies":"downfall:FleeingMerchant","floor":4.0,"turns":4.0},{"damage":20.0,"enemies":"Jaw Worm","floor":8.0,"turns":4.0},{"damage":29.0,"enemies":"downfall:FleeingMerchant","floor":9.0,"turns":4.0},{"damage":0.0,"enemies":"Blue Slaver","floor":10.0,"turns":4.0},{"damage":25.0,"enemies":"3 Louse","floor":12.0,"turns":4.0},{"damage":45.0,"enemies":"3 Sentries","floor":13.0,"turns":7.0},{"damage":25.0,"enemies":"3 Sentries","floor":14.0,"turns":4.0},{"damage":30.0,"enemies":"Exordium Thugs","floor":15.0,"turns":4.0},{"damage":68,"enemies":"DF_ARCHETYPE_STREAMLINE","floor":16,"turns":12},{"damage":20,"enemies":"Chosen","floor":19,"turns":6},{"damage":55,"enemies":"Centurion and Healer","floor":21,"turns":9},{"damage":25,"enemies":"Chosen and Byrds","floor":22,"turns":7},{"damage":67,"enemies":"Slavers","floor":23,"turns":3}],"seed_played":"-9109324550475161291","potions_obtained":[{"floor":3.0,"key":"PowerPotion"},{"floor":5.0,"key":"Fruit Juice"},{"floor":5.0,"key":"LiquidBronze"},{"floor":5.0,"key":"Ancient Potion"},{"floor":10.0,"key":"PowerPotion"},{"floor":14.0,"key":"Fire Potion"},{"floor":16,"key":"Block Potion"}],"is_trial":false,"path_per_floor":["R","M","M","$","?","R","T","M","$","M","R","M","E","?","M","B",null,"R","M","?","M","M","E"],"character_chosen":"THE_CHAMP","items_purchased":[],"campfire_rested":0,"item_purchase_floors":[],"current_hp_per_floor":[99,97,97,97,102,102,102,97,88,88,88,88,68,68,58,25,104,104,104,104,74,64,0,0,0],"gold":468,"neow_bonus":"TEN_PERCENT_HP_BONUS","is_daily":false,"chose_seed":false,"campfire_upgraded":4,"win_rate":0.0,"timestamp":1611935816,"path_taken":["R","M","M","?","?","R","T","M","$","M","R","?","E","?","M","BOSS","R","M","?","M","M","E"],"items_purchased_type":[],"build_version":"2020-12-22","purchased_purges":0,"victory":false,"max_hp_per_floor":[99,99,99,99,104,104,104,104,104,104,104,104,104,104,104,104,104,104,104,104,104,104,104,104,104],"card_choices":[{"not_picked":["champ:FanOfKnives","champ:BladeFlurry"],"picked":"champ:BringItOn","floor":2.0},{"not_picked":["champ:Improvising","champ:Lariat"],"picked":"champ:PerfectedStrike","floor":3.0},{"not_picked":["champ:SwordThrow","champ:FancyFootwork"],"picked":"champ:EnGarde","floor":4.0},{"not_picked":["champ:GladiatorStyle","champ:StanceDance"],"picked":"champ:Shatter","floor":8.0},{"not_picked":["champ:Shatter","champ:IgnorePain"],"picked":"champ:Duel","floor":9.0},{"not_picked":["champ:TornadoPunch","champ:FalseCounter"],"picked":"champ:StanceDance","floor":10.0},{"not_picked":["champ:EnGarde","champ:FanOfKnives"],"picked":"champ:BerserkersShout","floor":12.0},{"not_picked":["champ:BringItOn","champ:PerfectedStrike"],"picked":"champ:GutPunch","floor":13.0},{"not_picked":["champ:AdrenalArmor","champ:PreciseThrust","champ:PerfectedStrike"],"picked":"SKIP","floor":15.0},{"not_picked":["champ:IgnorePain","champ:DancingMaster"],"picked":"champ:Devastate","floor":16},{"not_picked":["champ:FlashCut+1","champ:PreciseThrust"],"picked":"champ:HeartStrike","floor":19},{"not_picked":["champ:BerserkersShout","champ:EnGarde","champ:BladeFlurry"],"picked":"SKIP","floor":21},{"not_picked":["champ:Shatter+1","champ:StanceDance+1","champ:Circumvent+1"],"picked":"SKIP","floor":22}],"player_experience":25535,"relics_obtained":[{"floor":7.0,"key":"Oddly Smooth Stone"},{"floor":13.0,"key":"DeathKnight:PutricidesVial"},{"floor":14.0,"key":"Champion Belt"}],"event_choices":[{"damage_healed":0.0,"max_hp_gain":0.0,"max_hp_loss":0.0,"gold_gain":0.0,"event_name":"Lab","player_choice":"Got Potions","floor":5.0,"gold_loss":0.0,"damage_taken":0.0},{"damage_healed":0,"gold_gain":0,"player_choice":"Forge","damage_taken":0,"max_hp_gain":0,"max_hp_loss":0,"event_name":"Accursed Blacksmith","floor":20,"gold_loss":0,"cards_upgraded":["champ:HeartStrike"]}],"is_beta":false,"boss_relics":[{"not_picked":["Philosopher\u0027s Stone","Cursed Key"],"picked":"Astrolabe"}],"items_purged_floors":[],"is_endless":false,"potions_floor_spawned":[3,10,14,16],"killed_by":"Slavers","ascension_level":0}}