{"host":"timevagabond","time":1611961753,"event":{"mods":["BaseMod","Bestiary","Colored Map","Filter the Spire","Minty Spire (QoL Compilation)"],"gold_per_floor":[213,232,232,79,97,97,129,129,184,199,199,199],"floor_reached":11,"language":"ENG","playtime":1109,"items_purged":[],"score":99,"play_id":"1cd386e3-417e-4cd8-bad3-ab2954e0c4ed","local_time":"20210129180913","is_ascension_mode":true,"campfire_choices":[{"data":"Bouncing Flask","floor":6,"key":"SMITH"},{"data":"Well Laid Plans","floor":8,"key":"SMITH"}],"circlet_count":0,"master_deck":["Strike_G","Strike_G","Strike_G","Strike_G","Strike_G","Defend_G","Defend_G","Defend_G","Defend_G","Defend_G","Survivor","Neutralize","Bane","PiercingWail","Cloak And Dagger","Dash","Blade Dance","PiercingWail","Bouncing Flask+1","Well Laid Plans+1"],"relics":["Ring of the Snake","GremlinMask","Orrery","Bronze Scales","Pen Nib"],"acts_visited":["Exordium"],"potions_floor_usage":[7,10],"damage_taken":[{"damage":1,"enemies":"Cultist","floor":1,"turns":4},{"damage":1,"enemies":"Small Slimes","floor":2,"turns":5},{"damage":6,"enemies":"Jaw Worm","floor":5,"turns":5},{"damage":22,"enemies":"3 Sentries","floor":7,"turns":7},{"damage":27,"enemies":"Gremlin Gang","floor":10,"turns":5},{"damage":6,"enemies":"Gremlin Nob","floor":11,"turns":2}],"seed_played":"4025054882125385169","potions_obtained":[{"floor":5,"key":"Explosive Potion"},{"floor":7,"key":"DuplicationPotion"},{"floor":10,"key":"Explosive Potion"}],"is_trial":false,"path_per_floor":["M","M","?","$","M","R","E","R","T","M","E"],"character_chosen":"THE_SILENT","items_purchased":["Orrery"],"campfire_rested":0,"item_purchase_floors":[4],"current_hp_per_floor":[62,61,61,61,55,55,33,33,33,6,0,0],"gold":199,"neow_bonus":"HUNDRED_GOLD","is_daily":false,"chose_seed":false,"campfire_upgraded":2,"win_rate":0.0,"timestamp":1611961753,"path_taken":["M","M","?","$","?","R","E","R","T","M","E"],"items_purchased_type":["Relic"],"build_version":"2020-12-18","purchased_purges":0,"victory":false,"max_hp_per_floor":[70,70,70,70,70,70,70,70,70,70,70,70],"card_choices":[{"not_picked":["Dodge and Roll","Backflip"],"picked":"Bane","floor":1},{"not_picked":["Expertise","Flying Knee"],"picked":"PiercingWail","floor":2},{"not_picked":["Finisher","Dodge and Roll"],"picked":"Cloak And Dagger","floor":4},{"not_picked":["Backflip","Catalyst"],"picked":"Dash","floor":4},{"not_picked":["Bullet Time","Accuracy"],"picked":"Blade Dance","floor":4},{"not_picked":["Endless Agony","Bane"],"picked":"PiercingWail","floor":4},{"not_picked":["Underhanded Strike","Eviscerate"],"picked":"Bouncing Flask","floor":5},{"not_picked":["Dagger Spray","Dagger Throw"],"picked":"Well Laid Plans","floor":7},{"not_picked":["Dodge and Roll","Quick Slash","PiercingWail"],"picked":"SKIP","floor":10}],"player_experience":152825,"relics_obtained":[{"floor":7,"key":"Bronze Scales"},{"floor":9,"key":"Pen Nib"}],"event_choices":[{"damage_healed":0,"gold_gain":0,"player_choice":"Trade","damage_taken":0,"relics_obtained":["GremlinMask"],"max_hp_gain":0,"max_hp_loss":0,"event_name":"FaceTrader","floor":3,"gold_loss":0}],"is_beta":true,"boss_relics":[],"items_purged_floors":[],"is_endless":false,"potions_floor_spawned":[5,7,10],"killed_by":"Gremlin Nob","ascension_level":7}}