{"host":"yymm","time":1611923017,"event":{"mods":["100% Spire Juice","BaseMod","Minty Spire (QoL Compilation)","StSLib","The Servant 0.9.4"],"gold_per_floor":[115,115,115,130,19,19,46,46,70,100,115,131,149,162,42,147,147,166,166,216,226,226,226,226],"floor_reached":23,"language":"ZHS","playtime":2331,"items_purged":["Moonworks:Strike"],"score":226,"play_id":"9d515654-a2f7-4289-8a5f-fe3d54530746","local_time":"20210129202337","is_ascension_mode":false,"campfire_choices":[{"data":"Moonworks:ForcedRevival","floor":6,"key":"SMITH"},{"data":"Moonworks:x16BigRocket","floor":8,"key":"SMITH"},{"data":"Moonworks:Dash","floor":15,"key":"SMITH"}],"circlet_count":0,"master_deck":["Moonworks:Strike","Moonworks:Strike","Moonworks:Defend","Moonworks:Defend","Moonworks:Defend","Moonworks:Ambush","Moonworks:LongDistanceShot","Moonworks:ForcedRevival+1","Moonworks:x16BigRocket+1","Moonworks:RedAndBlue","Moonworks:Dash+1","Moonworks:NicePresent","Moonworks:AngelHand","Moonworks:Blazing","Moonworks:BigBangBell+1","J.A.X.","Moonworks:ScrambledEve+1"],"relics":["Moonworks:BrokenBomb","Moonworks:Homemark","NeowsBlessing","Meat on the Bone","Juzu Bracelet","Dream Catcher","Boot","SacredBark"],"acts_visited":["Exordium","TheCity"],"potions_floor_usage":[10,13,16,16,18],"damage_taken":[{"damage":0,"enemies":"2 Louse","floor":1,"turns":1},{"damage":0,"enemies":"Jaw Worm","floor":4,"turns":1},{"damage":0,"enemies":"Gremlin Nob","floor":7,"turns":1},{"damage":56,"enemies":"3 Sentries","floor":10,"turns":12},{"damage":0,"enemies":"Small Slimes","floor":11,"turns":2},{"damage":3,"enemies":"Blue Slaver","floor":12,"turns":4},{"damage":6,"enemies":"Lots of Slimes","floor":13,"turns":3},{"damage":11,"enemies":"Exordium Wildlife","floor":14,"turns":3},{"damage":47,"enemies":"The Guardian","floor":16,"turns":14},{"damage":20,"enemies":"3 Byrds","floor":18,"turns":6},{"damage":44,"enemies":"Shell Parasite","floor":21,"turns":10},{"damage":15,"enemies":"Gremlin Leader","floor":23,"turns":3}],"seed_played":"1387924060713490663","potions_obtained":[{"floor":1,"key":"PowerPotion"},{"floor":7,"key":"ColorlessPotion"},{"floor":10,"key":"Explosive Potion"},{"floor":13,"key":"PowerPotion"},{"floor":16,"key":"Fruit Juice"}],"is_trial":false,"path_per_floor":["M","?","T","M","$","R","E","R","T","E","M","M","M","M","R","B",null,"M","?","?","M","?","E"],"character_chosen":"THE_STARBREAKER","items_purchased":["Moonworks:RedAndBlue"],"campfire_rested":0,"item_purchase_floors":[5],"current_hp_per_floor":[60,53,53,53,53,53,53,53,53,40,40,45,39,40,40,13,59,49,49,49,25,25,10,10],"gold":226,"neow_bonus":"THREE_ENEMY_KILL","is_daily":false,"chose_seed":false,"campfire_upgraded":3,"win_rate":0.0,"timestamp":1611923017,"path_taken":["M","?","?","M","?","R","E","R","T","E","M","M","M","M","R","BOSS","M","?","?","M","?","E"],"items_purchased_type":["Card"],"build_version":"2020-12-18","purchased_purges":1,"victory":false,"max_hp_per_floor":[60,60,60,60,60,60,60,60,60,59,59,59,59,59,59,59,59,69,69,69,69,69,69,69],"card_choices":[{"not_picked":["Moonworks:BigMagnum","Moonworks:IndiscriminateFireSupport"],"picked":"Moonworks:ForcedRevival","floor":1},{"not_picked":["Moonworks:IndiscriminateFireSupport","Moonworks:RagingMadness","Moonworks:x16BigRocket"],"picked":"SKIP","floor":4},{"not_picked":["Moonworks:IndiscriminateFireSupport","Moonworks:RagingMadness"],"picked":"Moonworks:x16BigRocket","floor":4},{"not_picked":["Moonworks:EvilSpyWorkPreparation","Moonworks:CloudOfSeagulls","Moonworks:BindingChains"],"picked":"SKIP","floor":7},{"not_picked":["Moonworks:IndiscriminateFireSupport","Moonworks:ImOnFire"],"picked":"Moonworks:Dash","floor":10},{"not_picked":["Moonworks:CloudOfSeagulls","Moonworks:JonathanRush"],"picked":"Moonworks:NicePresent","floor":11},{"not_picked":["Moonworks:BigBangBell","Moonworks:ImOnFire"],"picked":"Moonworks:AngelHand","floor":12},{"not_picked":["Moonworks:BigMagnum","Moonworks:LulusLuckyEgg","Moonworks:AngelHand"],"picked":"SKIP","floor":13},{"not_picked":["Moonworks:ForcedRevival","Moonworks:CloudOfSeagulls","Moonworks:EvilSpyWorkPreparation"],"picked":"SKIP","floor":14},{"not_picked":["Moonworks:OutOfAmmo","Moonworks:SinkOrSwim"],"picked":"Moonworks:Blazing","floor":16},{"not_picked":["Moonworks:ForcedRevival+1","Moonworks:BigMagnum"],"picked":"Moonworks:BigBangBell+1","floor":18},{"not_picked":["Moonworks:IndiscriminateFireSupport","Moonworks:ImOnFire+1"],"picked":"Moonworks:ScrambledEve+1","floor":21}],"player_experience":187740,"relics_obtained":[{"floor":3,"key":"Meat on the Bone"},{"floor":7,"key":"Juzu Bracelet"},{"floor":9,"key":"Dream Catcher"},{"floor":10,"key":"Boot"}],"event_choices":[{"cards_removed":["Moonworks:Strike"],"damage_healed":0,"gold_gain":0,"player_choice":"Card Removal","damage_taken":7,"max_hp_gain":0,"max_hp_loss":0,"event_name":"Golden Wing","floor":2,"gold_loss":0},{"damage_healed":0,"gold_gain":0,"player_choice":"Obtain J.A.X.","damage_taken":0,"max_hp_gain":0,"max_hp_loss":0,"event_name":"Drug Dealer","floor":19,"gold_loss":0,"cards_obtained":["J.A.X."]},{"damage_healed":0,"gold_gain":100,"player_choice":"Bet on Murderer","damage_taken":0,"max_hp_gain":0,"max_hp_loss":0,"event_name":"The Joust","floor":20,"gold_loss":50},{"cards_removed":["Moonworks:Defend"],"damage_healed":0,"gold_gain":0,"player_choice":"Elegance","damage_taken":0,"max_hp_gain":0,"max_hp_loss":0,"event_name":"Back to Basics","floor":22,"gold_loss":0}],"is_beta":true,"boss_relics":[{"not_picked":["Tiny House","Calling Bell"],"picked":"SacredBark"}],"items_purged_floors":[5],"is_endless":false,"potions_floor_spawned":[1,7,10,13,16],"killed_by":"Gremlin Leader","ascension_level":0}}