{"host":"oehe2dxjvdgux73m","time":1611925920,"event":{"mods":["AchievementEnabler","BaseMod","Colored Map","Colored Powertips","DeckTracker","Keyboard Shortcuts","Minty Spire (QoL Compilation)","Permanent Neow","Quick Restart","StSLib","SuperFastMode"],"gold_per_floor":[18,30,30,50,62,62,81,81,81,81,97,97,97,117,117,192,192,208,225,245,170,196,196,208,208,208,227,227,227,244,244,244],"floor_reached":31,"language":"KOR","playtime":2321,"items_purged":[],"score":502,"play_id":"74fd9224-3f3f-4a6f-83f6-15c3350557be","local_time":"20210129221200","is_ascension_mode":true,"campfire_choices":[{"data":"Cloak And Dagger","floor":6.0,"key":"SMITH"},{"data":"Blade Dance","floor":10.0,"key":"SMITH"},{"data":"Neutralize","floor":13.0,"key":"SMITH"},{"floor":15.0,"key":"REST"},{"floor":23.0,"key":"REST"},{"floor":29,"key":"REST"}],"circlet_count":0,"master_deck":["AscendersBane","Strike_G","Strike_G","Strike_G","Defend_G","Defend_G","Defend_G","Defend_G","Defend_G","Survivor","Neutralize+1","Cloak And Dagger+1","Dagger Spray","Blade Dance+1","Accuracy","Heel Hook","Dash","After Image","Dagger Throw","Heel Hook","Eviscerate","Backflip+1","Choke+1","Footwork","PiercingWail+1","Calculated Gamble"],"relics":["Ring of the Snake","Lizard Tail","Bottled Lightning","HoveringKite","Red Mask","Pear","Question Card"],"acts_visited":["Exordium","TheCity"],"potions_floor_usage":[25,27,31],"damage_taken":[{"damage":5.0,"enemies":"2 Louse","floor":1.0,"turns":2.0},{"damage":0.0,"enemies":"Jaw Worm","floor":2.0,"turns":7.0},{"damage":1.0,"enemies":"Cultist","floor":4.0,"turns":4.0},{"damage":7.0,"enemies":"Blue Slaver","floor":5.0,"turns":4.0},{"damage":18.0,"enemies":"Large Slime","floor":7.0,"turns":6.0},{"damage":6.0,"enemies":"3 Louse","floor":11.0,"turns":3.0},{"damage":10.0,"enemies":"Exordium Wildlife","floor":14.0,"turns":4.0},{"damage":26.0,"enemies":"Slime Boss","floor":16.0,"turns":10.0},{"damage":15.0,"enemies":"Spheric Guardian","floor":18.0,"turns":5.0},{"damage":8.0,"enemies":"Shell Parasite","floor":19.0,"turns":6.0},{"damage":40.0,"enemies":"3 Cultists","floor":20.0,"turns":6.0},{"damage":11.0,"enemies":"Masked Bandits","floor":22.0,"turns":3.0},{"damage":0,"enemies":"Snecko","floor":24,"turns":4},{"damage":17,"enemies":"Slavers","floor":25,"turns":8},{"damage":27,"enemies":"Sentry and Sphere","floor":27,"turns":7},{"damage":14,"enemies":"3 Cultists","floor":30,"turns":6},{"damage":13,"enemies":"Cultist and Chosen","floor":31,"turns":7}],"seed_played":"786646227719001797","potions_obtained":[{"floor":5.0,"key":"LiquidBronze"},{"floor":7.0,"key":"FearPotion"},{"floor":11.0,"key":"Energy Potion"},{"floor":20.0,"key":"PowerPotion"},{"floor":22.0,"key":"Weak Potion"},{"floor":25,"key":"SteroidPotion"},{"floor":30,"key":"GamblersBrew"}],"is_trial":false,"path_per_floor":["M","M","?","M","M","R","M","?","T","R","M","?","R","M","R","B",null,"M","M","M","?","?","R","M","E","T","M","?","R","M","M"],"character_chosen":"THE_SILENT","items_purchased":[],"campfire_rested":3,"item_purchase_floors":[],"current_hp_per_floor":[54,54,54,53,46,46,28,28,28,28,22,22,22,12,31,5,51,36,28,28,28,17,36,36,29,29,2,2,24,10,0,0],"gold":244,"neow_bonus":"ONE_RARE_RELIC","is_daily":false,"chose_seed":false,"campfire_upgraded":3,"win_rate":0.0,"timestamp":1611925920,"path_taken":["M","M","?","M","M","R","M","?","T","R","M","?","R","M","R","BOSS","M","M","?","?","?","R","M","E","T","M","?","R","M","?"],"items_purchased_type":[],"build_version":"2020-12-22","purchased_purges":0,"victory":false,"max_hp_per_floor":[66,66,66,66,66,66,66,66,66,66,66,66,66,66,66,66,66,66,66,66,66,66,66,66,76,76,76,76,76,76,76,76],"card_choices":[{"not_picked":["Bane","Poisoned Stab"],"picked":"Cloak And Dagger","floor":1.0},{"not_picked":["Bane","Catalyst"],"picked":"Dagger Spray","floor":2.0},{"not_picked":["Sucker Punch","Glass Knife"],"picked":"Blade Dance","floor":5.0},{"not_picked":["Flying Knee","Riddle With Holes"],"picked":"Accuracy","floor":7.0},{"not_picked":["Dagger Spray","Quick Slash"],"picked":"Heel Hook","floor":11.0},{"not_picked":["Blade Dance","Dodge and Roll"],"picked":"Dash","floor":14.0},{"not_picked":["Storm of Steel","Adrenaline"],"picked":"After Image","floor":16.0},{"not_picked":["Backflip+1","Footwork"],"picked":"Dagger Throw","floor":18.0},{"not_picked":["Backflip","Dagger Spray"],"picked":"Heel Hook","floor":19.0},{"not_picked":["Quick Slash","Choke"],"picked":"Eviscerate","floor":20.0},{"not_picked":["Predator","Outmaneuver"],"picked":"Backflip+1","floor":22.0},{"not_picked":["Outmaneuver","Concentrate"],"picked":"Choke+1","floor":24},{"not_picked":["Deadly Poison","Dagger Spray"],"picked":"Footwork","floor":25},{"not_picked":["Malaise","Blur","Outmaneuver"],"picked":"PiercingWail+1","floor":27},{"not_picked":["Crippling Poison","Outmaneuver","Bane"],"picked":"Calculated Gamble","floor":30}],"player_experience":318925,"relics_obtained":[{"floor":9.0,"key":"Bottled Lightning"},{"floor":22.0,"key":"Red Mask"},{"floor":25,"key":"Pear"},{"floor":26,"key":"Question Card"}],"event_choices":[{"cards_removed":["Strike_G"],"damage_healed":0.0,"max_hp_gain":0.0,"max_hp_loss":0.0,"gold_gain":0.0,"event_name":"Living Wall","player_choice":"Forget","floor":3.0,"gold_loss":0.0,"damage_taken":0.0},{"damage_healed":0.0,"max_hp_gain":0.0,"max_hp_loss":0.0,"gold_gain":0.0,"event_name":"Liars Game","player_choice":"Ignored","floor":8.0,"gold_loss":0.0,"damage_taken":0.0},{"damage_healed":0.0,"max_hp_gain":0.0,"max_hp_loss":0.0,"gold_gain":0.0,"event_name":"FaceTrader","player_choice":"Leave","floor":12.0,"gold_loss":0.0,"damage_taken":0.0},{"cards_removed":["Strike_G"],"damage_healed":0.0,"max_hp_gain":0.0,"max_hp_loss":0.0,"gold_gain":0.0,"event_name":"Beggar","player_choice":"Gave Gold","floor":21.0,"gold_loss":75.0,"damage_taken":0.0},{"damage_healed":0.0,"max_hp_gain":0.0,"max_hp_loss":0.0,"gold_gain":0.0,"event_name":"Masked Bandits","player_choice":"Fought Bandits","floor":22.0,"gold_loss":0.0,"damage_taken":0.0},{"damage_healed":0,"gold_gain":0,"player_choice":"Ignored","damage_taken":0,"max_hp_gain":0,"max_hp_loss":0,"event_name":"Vampires","floor":28,"gold_loss":0}],"is_beta":false,"boss_relics":[{"not_picked":["Tiny House","Busted Crown"],"picked":"HoveringKite"}],"items_purged_floors":[],"is_endless":false,"potions_floor_spawned":[5,7,11,20,22,25,30],"killed_by":"Cultist and Chosen","ascension_level":20}}