{"host":"wvwkddos141hgtsy","time":1611941014,"event":{"mods":["AchievementEnabler","AlwaysNeverKeys","BaseMod","Better Altar","Better Match","Better Note","Better Sensory Stone","Better Skull","Better Third Choice","Better Vampires","BetterRewards","ChefMod","Colored Map","Colored Powertips","Custom Start","Downfall","Googly Eyes","Hermit","Highlight Path","Minty Spire (QoL Compilation)","Relic Stats","StSLib","SuperFastMode","The Cursed","The Hayseed","The Hierophant"],"gold_per_floor":[99,111,124,143,163,338,338,338,366,386,386,386,396,74,86,189,189,189,202,217,232,248,261,261,261,261,261],"floor_reached":25,"language":"ENG","playtime":1377,"items_purged":[],"score":209,"play_id":"a5a74639-d75b-4f13-9865-75b933df8526","local_time":"20210129122334","is_ascension_mode":false,"campfire_choices":[{"data":"champ:Execute","floor":1,"key":"SMITH"},{"data":"champ:DefensiveShout","floor":8,"key":"SMITH"},{"data":"champ:IronFortress","floor":18,"key":"SMITH"}],"circlet_count":0,"master_deck":["champ:Strike","champ:Strike","champ:Strike","champ:Strike","champ:Defend","champ:Defend","champ:Defend","champ:Defend","champ:Execute+1","champ:Taunt","champ:DefensiveShout+1","champ:GutPunch","champ:EnGarde","Doubt","champ:TornadoPunch","champ:CrookedStrike+1","champ:TripleStrike","champ:DeathBlow","champ:IronFortress+1","champ:Haymaker","champ:SteelEdge","champ:SkillfulDodge","champ:FalseCounter+1","champ:DefensiveShout+1","champ:Endure"],"relics":["champ:ChampionCrown","Gremlin Horn","PreservedInsect","champ:DefensiveTrainingManual","Bronze Scales","Coffee Dripper","Toy Ornithopter"],"acts_visited":["Exordium","TheCity"],"potions_floor_usage":[9,9,16,16,21,21,21],"damage_taken":[{"damage":13,"enemies":"Jaw Worm","floor":2,"turns":4},{"damage":11,"enemies":"2 Louse","floor":3,"turns":2},{"damage":15,"enemies":"Cultist","floor":4,"turns":3},{"damage":16,"enemies":"Red Slaver","floor":5,"turns":4},{"damage":20,"enemies":"Gremlin Nob","floor":9,"turns":4},{"damage":40,"enemies":"Large Slime","floor":10,"turns":6},{"damage":9,"enemies":"2 Fungi Beasts","floor":13,"turns":3},{"damage":2,"enemies":"downfall:FleeingMerchant","floor":14,"turns":4},{"damage":10,"enemies":"Lots of Slimes","floor":15,"turns":1},{"damage":50,"enemies":"SI_SHIV_ARCHETYPE","floor":16,"turns":7},{"damage":19,"enemies":"Chosen","floor":19,"turns":5},{"damage":42,"enemies":"Spheric Guardian","floor":20,"turns":4},{"damage":24,"enemies":"Snake Plant","floor":21,"turns":4},{"damage":69,"enemies":"Centurion and Healer","floor":22,"turns":12},{"damage":26,"enemies":"Snecko","floor":23,"turns":5},{"damage":9,"enemies":"Shelled Parasite and Fungi","floor":25,"turns":1}],"seed_played":"-6882041565304927591","potions_obtained":[{"floor":4,"key":"champ:CounterPotion"},{"floor":5,"key":"Regen Potion"},{"floor":9,"key":"SneckoOil"},{"floor":15,"key":"Energy Potion"},{"floor":16,"key":"BlessingOfTheForge"},{"floor":20,"key":"champ:OpenerPotion"}],"is_trial":false,"path_per_floor":["R","M","M","M","M","?","T","R","E","M","?","?","M","$","M","B",null,"R","M","M","M","M","M","T","M"],"character_chosen":"THE_CHAMP","items_purchased":["champ:IronFortress","Bronze Scales","EssenceOfSteel"],"campfire_rested":0,"item_purchase_floors":[14,14,14],"current_hp_per_floor":[99,96,95,95,94,94,94,94,89,89,82,82,78,76,76,71,99,99,80,63,44,20,9,9,0,0,0],"gold":261,"neow_bonus":"TEN_PERCENT_HP_BONUS","is_daily":false,"chose_seed":false,"campfire_upgraded":3,"win_rate":0.0,"timestamp":1611941014,"path_taken":["R","M","M","M","M","?","T","R","E","M","?","?","M","$","M","BOSS","R","M","M","M","M","M","T","M"],"items_purchased_type":["Card","Relic","Potion"],"build_version":"2020-12-22","purchased_purges":0,"victory":false,"max_hp_per_floor":[99,99,99,99,99,99,99,99,99,99,99,99,99,99,99,99,99,99,99,99,99,99,99,99,99,99,99],"relic_stats":{"Gremlin Horn":[7,7],"counters":[16,69],"Bronze Scales":[95],"PreservedInsect":100,"obtain_stats":[{"Gremlin Horn":7,"champ:DefensiveTrainingManual":11,"Bronze Scales":14,"champ:ChampionCrown":0,"PreservedInsect":9,"Coffee Dripper":17,"Toy Ornithopter":24},{"Gremlin Horn":4,"champ:DefensiveTrainingManual":6,"Bronze Scales":8,"champ:ChampionCrown":0,"PreservedInsect":5,"Coffee Dripper":10,"Toy Ornithopter":15},{"Gremlin Horn":13,"champ:DefensiveTrainingManual":23,"Bronze Scales":30,"champ:ChampionCrown":0,"PreservedInsect":17,"Coffee Dripper":38,"Toy Ornithopter":68}],"Toy Ornithopter":0},"card_choices":[{"not_picked":["champ:Haymaker","champ:Encircle"],"picked":"champ:DefensiveShout","floor":2},{"not_picked":["champ:FaceSlap","champ:FanOfKnives"],"picked":"champ:GutPunch","floor":3},{"not_picked":["champ:Shatter","champ:Circumvent","champ:CrownThrow"],"picked":"SKIP","floor":4},{"not_picked":["champ:CalledShot","champ:Haymaker"],"picked":"champ:EnGarde","floor":5},{"not_picked":["champ:BladeFlurry","champ:Haymaker"],"picked":"champ:TornadoPunch","floor":9},{"not_picked":["champ:PreemptiveStrike","champ:Backstep"],"picked":"champ:CrookedStrike","floor":10},{"not_picked":["champ:AdrenalArmor","champ:TornadoPunch"],"picked":"champ:TripleStrike","floor":13},{"not_picked":["champ:PerfectedStrike","champ:HeartStrike"],"picked":"champ:DeathBlow","floor":14},{"not_picked":["champ:DeathBlow","champ:Shatter"],"picked":"champ:Haymaker","floor":15},{"not_picked":["champ:Improvising","champ:StrikeOfGenius"],"picked":"champ:SteelEdge","floor":16},{"not_picked":["champ:Haymaker","champ:GutPunch","champ:BerserkersShout+1"],"picked":"SKIP","floor":19},{"not_picked":["champ:GladiatorStyle","champ:FanOfKnives"],"picked":"champ:SkillfulDodge","floor":20},{"not_picked":["champ:FocusedBerserking","champ:GutPunch"],"picked":"champ:FalseCounter+1","floor":21},{"not_picked":["champ:Parry+1","champ:AdrenalArmor+1"],"picked":"champ:DefensiveShout+1","floor":22},{"not_picked":["champ:FaceSlap","champ:TornadoPunch"],"picked":"champ:Endure","floor":23}],"player_experience":370706,"relics_obtained":[{"floor":7,"key":"Gremlin Horn"},{"floor":9,"key":"PreservedInsect"},{"floor":24,"key":"Toy Ornithopter"}],"event_choices":[{"damage_healed":0,"gold_gain":0,"player_choice":"Relic ","damage_taken":7,"max_hp_gain":0,"max_hp_loss":0,"event_name":"betterThird:BetterScrap","floor":11,"gold_loss":0,"cards_obtained":["After Image"]},{"damage_healed":0,"gold_gain":0,"player_choice":"Grow","damage_taken":0,"max_hp_gain":0,"max_hp_loss":0,"event_name":"Living Wall","floor":12,"gold_loss":0,"cards_upgraded":["champ:CrookedStrike"]}],"is_beta":false,"boss_relics":[{"not_picked":["SlaversCollar","Pandora\u0027s Box"],"picked":"Coffee Dripper"}],"items_purged_floors":[],"is_endless":false,"potions_floor_spawned":[4,5,9,15,16,20],"killed_by":"Shelled Parasite and Fungi","ascension_level":0}}