{"host":"63yhhrjweyj22b0v","time":1611900997,"event":{"mods":["BaseMod","Minty Spire (QoL Compilation)","Quick Restart"],"gold_per_floor":[116,130,56,66,16,16,43,43,43,43,73,73,93,123,123,222,222,240,251,251,3,19,19,52,52,52,71,71,71,71],"floor_reached":29,"language":"ENG","playtime":744,"items_purged":[],"score":289,"play_id":"9f5825f0-d6f7-48da-8b27-cb8dabc684db","local_time":"20210129001637","is_ascension_mode":true,"campfire_choices":[{"data":"Defragment","floor":6,"key":"SMITH"},{"data":"Streamline","floor":8,"key":"SMITH"},{"data":"Zap","floor":10,"key":"SMITH"},{"data":"Lockon","floor":12,"key":"SMITH"},{"floor":15,"key":"REST"},{"floor":23,"key":"REST"},{"floor":25,"key":"REST"}],"circlet_count":0,"master_deck":["Strike_B","Strike_B","Strike_B","Strike_B","Defend_B","Defend_B","Defend_B","Defend_B","Zap+1","Dualcast","Auto Shields","Streamline+1","Defragment+1","Beam Cell","Ball Lightning","Lockon+1","Rip and Tear","Loop","Creative AI","Gash+1","Consume+1","Capacitor","Auto Shields+1","Thunder Strike"],"relics":["Cracked Core","NeowsBlessing","Mango","Meat on the Bone","Toxic Egg 2","Philosopher\u0027s Stone","Oddly Smooth Stone","Pear"],"acts_visited":["Exordium","TheCity"],"potions_floor_usage":[16,24,29],"damage_taken":[{"damage":0,"enemies":"Cultist","floor":1,"turns":1},{"damage":0,"enemies":"Small Slimes","floor":2,"turns":1},{"damage":0,"enemies":"2 Louse","floor":4,"turns":1},{"damage":5,"enemies":"Gremlin Nob","floor":7,"turns":3},{"damage":17,"enemies":"3 Sentries","floor":11,"turns":5},{"damage":7,"enemies":"Blue Slaver","floor":13,"turns":2},{"damage":51,"enemies":"Hexaghost","floor":16,"turns":6},{"damage":35,"enemies":"2 Thieves","floor":18,"turns":4},{"damage":33,"enemies":"Shell Parasite","floor":19,"turns":5},{"damage":13,"enemies":"Chosen and Byrds","floor":22,"turns":4},{"damage":26,"enemies":"Book of Stabbing","floor":24,"turns":4},{"damage":42,"enemies":"Centurion and Healer","floor":27,"turns":5},{"damage":94,"enemies":"Slavers","floor":29,"turns":3}],"seed_played":"-7876080559561469305","potions_obtained":[{"floor":4,"key":"DistilledChaos"},{"floor":11,"key":"LiquidBronze"},{"floor":22,"key":"Dexterity Potion"}],"is_trial":false,"path_per_floor":["M","M","$","M","$","R","E","R","T","R","E","R","M","?","R","B",null,"M","M","?","$","M","R","E","R","T","M","?","E"],"character_chosen":"DEFECT","items_purchased":["Defragment","Ball Lightning","Consume+1","Capacitor","FairyPotion"],"campfire_rested":3,"item_purchase_floors":[3,5,21,21,21],"current_hp_per_floor":[75,75,75,75,75,75,84,84,84,84,67,67,60,60,86,47,89,54,33,33,33,32,58,44,70,80,50,50,0,0],"gold":71,"neow_bonus":"THREE_ENEMY_KILL","is_daily":false,"chose_seed":false,"campfire_upgraded":4,"win_rate":0.0,"timestamp":1611900997,"path_taken":["M","M","$","?","$","R","E","R","T","R","E","R","M","?","R","BOSS","M","M","?","$","M","R","E","R","T","M","?","E"],"items_purchased_type":["Card","Card","Card","Card","Potion"],"build_version":"2020-12-22","purchased_purges":0,"victory":false,"max_hp_per_floor":[75,75,75,75,75,75,89,89,89,89,89,89,89,89,89,89,89,89,89,89,89,89,89,89,89,99,99,99,99,99],"card_choices":[{"not_picked":["Leap","Gash"],"picked":"Auto Shields","floor":1},{"not_picked":["Leap","Coolheaded"],"picked":"Streamline","floor":2},{"not_picked":["Steam","Hologram"],"picked":"Beam Cell","floor":4},{"not_picked":["FTL","Conserve Battery"],"picked":"Lockon","floor":7},{"not_picked":["Rebound","Steam+1"],"picked":"Rip and Tear","floor":11},{"not_picked":["Ball Lightning","Gash"],"picked":"Loop","floor":13},{"not_picked":["Meteor Strike","Biased Cognition"],"picked":"Creative AI","floor":16},{"not_picked":["Go for the Eyes","Reinforced Body+1"],"picked":"Gash+1","floor":18},{"not_picked":["Skim+1","BootSequence+1","Coolheaded+1"],"picked":"SKIP","floor":19},{"not_picked":["Rebound+1","Conserve Battery+1"],"picked":"Auto Shields+1","floor":22},{"not_picked":["Stack+1","Chaos+1"],"picked":"Thunder Strike","floor":24},{"not_picked":["Reprogram+1","Heatsinks","Blizzard"],"picked":"SKIP","floor":27}],"player_experience":603025,"relics_obtained":[{"floor":7,"key":"Mango"},{"floor":9,"key":"Meat on the Bone"},{"floor":11,"key":"Toxic Egg 2"},{"floor":24,"key":"Oddly Smooth Stone"},{"floor":26,"key":"Pear"}],"event_choices":[{"damage_healed":0,"gold_gain":30,"player_choice":"Searched \u00271\u0027 times","damage_taken":0,"max_hp_gain":0,"max_hp_loss":0,"event_name":"Dead Adventurer","floor":14,"gold_loss":0},{"damage_healed":0,"gold_gain":0,"player_choice":"Ignored","damage_taken":0,"max_hp_gain":0,"max_hp_loss":0,"event_name":"Cursed Tome","floor":20,"gold_loss":0},{"damage_healed":0,"gold_gain":0,"player_choice":"Ignored","damage_taken":0,"max_hp_gain":0,"max_hp_loss":0,"event_name":"Vampires","floor":28,"gold_loss":0}],"is_beta":false,"boss_relics":[{"not_picked":["Velvet Choker","Runic Dome"],"picked":"Philosopher\u0027s Stone"}],"items_purged_floors":[],"is_endless":false,"potions_floor_spawned":[4,11,22],"killed_by":"Slavers","ascension_level":1}}