{"host":"np9ouipdmi0bkas5","time":1611903227,"event":{"mods":["AchievementEnabler","Aspiration","BaseMod","Better Altar","Better Match","Better Skull","Better Third Choice","Colored Map","Downfall","Highlight Path","Hubris","Infinite Spire","Minty Spire (QoL Compilation)","Replay The Spire","StSLib"],"gold_per_floor":[109,128,128,203,220,220,250,250,277,310,310,329,339,349,349,451,451,465,465,2,102,115,131,146,71,71,71,71],"floor_reached":27,"language":"ENG","playtime":2353,"items_purged":["Strike_G"],"score":248,"play_id":"2b75816b-96ab-45c0-8361-3f636b96ac2e","local_time":"20210128225347","is_ascension_mode":true,"campfire_choices":[{"floor":6,"key":"REST"},{"floor":11,"key":"REST"},{"floor":15,"key":"REST"}],"circlet_count":0,"master_deck":["Strike_G","Strike_G","Strike_G","Strike_G","Defend_G","Defend_G","Defend_G","Defend_G","Defend_G","Survivor","Neutralize","Quick Slash","Caltrops","Hidden Blade","Deflect","Deflect","Quick Slash","Dodge and Roll","Replay:Poison Smokescreen","Bane","Dodge and Roll","Corpse Explosion","Deadly Poison","Poisoned Stab+1","Flechettes","Leg Sweep+1","Poisoned Stab","Riddle With Holes+1","Bane","Footwork"],"relics":["Velvet Choker","Blue Candle","aspiration:HatOfInfinitePower","infinitespire:Cubic Diamond","Dream Catcher","Philosopher\u0027s Stone","hubris:BottledHeart","Counterbalance","Orrery","hubris:DeckOfHolding"],"acts_visited":["Exordium","TheCity"],"potions_floor_usage":[10,16,16,24,27],"damage_taken":[{"damage":0,"enemies":"Cultist","floor":1,"turns":4},{"damage":2,"enemies":"Jaw Worm","floor":2,"turns":4},{"damage":0,"enemies":"2 Louse","floor":5,"turns":3},{"damage":17,"enemies":"3 Sentries","floor":7,"turns":9},{"damage":17,"enemies":"Replay:BlueRogue","floor":10,"turns":5},{"damage":20,"enemies":"Lots of Slimes","floor":12,"turns":3},{"damage":0,"enemies":"3 Louse","floor":13,"turns":4},{"damage":1,"enemies":"2 Fungi Beasts","floor":14,"turns":3},{"damage":24,"enemies":"The Guardian","floor":16,"turns":10},{"damage":36,"enemies":"Chosen","floor":18,"turns":7},{"damage":0,"enemies":"3 Byrds","floor":22,"turns":5},{"damage":0,"enemies":"Centurion and Healer","floor":23,"turns":4},{"damage":0,"enemies":"3 Cultists","floor":24,"turns":3},{"damage":1,"enemies":"Slavers","floor":27,"turns":3}],"seed_played":"-6047082393119026798","potions_obtained":[{"floor":5,"key":"Energy Potion"},{"floor":12,"key":"SpeedPotion"},{"floor":13,"key":"SpeedPotion"},{"floor":23,"key":"infinitespire:BlackPotion"},{"floor":24,"key":"DistilledChaos"}],"is_trial":false,"path_per_floor":["M","M","?","?","M","R","E","?","T","E","R","M","M","M","R","B",null,"M","?","$","?","M","M","M","$","T","E"],"character_chosen":"THE_SILENT","items_purchased":["Counterbalance","Orrery"],"campfire_rested":3,"item_purchase_floors":[20,20],"current_hp_per_floor":[70,68,63,52,52,70,53,53,53,36,57,37,37,36,57,33,70,34,1,1,1,1,1,1,1,1,0,0],"gold":71,"neow_bonus":"BOSS_RELIC","is_daily":false,"chose_seed":false,"campfire_upgraded":0,"win_rate":0.0,"timestamp":1611903227,"path_taken":["M","M","?","?","M","R","E","?","T","E","R","M","M","M","R","BOSS","M","?","$","?","M","M","M","$","T","E"],"items_purchased_type":["Relic","Relic"],"build_version":"2020-12-22","purchased_purges":1,"victory":false,"max_hp_per_floor":[70,70,70,70,70,70,70,70,70,70,70,70,70,70,70,70,70,70,1,1,1,1,1,1,1,1,1,1],"card_choices":[{"not_picked":["ReplayTheSpireMod:Scrap Shanks","Acrobatics"],"picked":"Quick Slash","floor":1},{"not_picked":["Blade Dance","Dodge and Roll"],"picked":"Caltrops","floor":2},{"not_picked":["Cloak And Dagger","hubris:TrickCloak"],"picked":"Hidden Blade","floor":5},{"not_picked":["ReplayTheSpireMod:Shiv Toss","ReplayTheSpireMod:Exploit Weakness"],"picked":"Deflect","floor":7},{"not_picked":["Underhanded Strike","ReplayTheSpireMod:Tripwire"],"picked":"Deflect","floor":10},{"not_picked":["Flying Knee","Hidden Blade"],"picked":"Quick Slash","floor":11},{"not_picked":["Unload","PiercingWail"],"picked":"Dodge and Roll","floor":12},{"not_picked":["Deflect","Riddle With Holes"],"picked":"Replay:Poison Smokescreen","floor":13},{"not_picked":["Dagger Throw","Sucker Punch"],"picked":"Bane","floor":14},{"not_picked":["PiercingWail","hubris:SlightOfHand"],"picked":"Dodge and Roll","floor":15},{"not_picked":["Atom Bomb","Storm of Steel"],"picked":"Corpse Explosion","floor":16},{"not_picked":["Bane","Quick Slash"],"picked":"Deadly Poison","floor":18},{"not_picked":["Bane","Terror"],"picked":"Poisoned Stab+1","floor":20},{"not_picked":["Prepared","Distraction"],"picked":"Flechettes","floor":20},{"not_picked":["Prepared","Poisoned Stab"],"picked":"Leg Sweep+1","floor":20},{"not_picked":["Acrobatics","Dagger Throw"],"picked":"Poisoned Stab","floor":20},{"not_picked":["Dodge and Roll","Slice"],"picked":"Riddle With Holes+1","floor":22},{"not_picked":["Doppelganger","Prepared"],"picked":"Bane","floor":23},{"not_picked":["Backflip+1","Predator"],"picked":"Footwork","floor":24}],"player_experience":123209,"relics_obtained":[{"floor":7,"key":"aspiration:HatOfInfinitePower"},{"floor":10,"key":"Dream Catcher"},{"floor":26,"key":"hubris:DeckOfHolding"}],"event_choices":[{"damage_healed":0,"gold_gain":75,"player_choice":"Gold","damage_taken":11,"max_hp_gain":0,"max_hp_loss":0,"event_name":"betterThird:BetterGoop","floor":4,"gold_loss":0},{"damage_healed":0,"gold_gain":100,"player_choice":"Pray","damage_taken":0,"max_hp_gain":0,"max_hp_loss":0,"event_name":"Golden Shrine","floor":21,"gold_loss":0}],"is_beta":false,"boss_relics":[{"not_picked":["aspiration:RunicSpoon","ReplayTheSpireMod:DimensionalGlitch"],"picked":"Philosopher\u0027s Stone"}],"items_purged_floors":[25],"is_endless":false,"potions_floor_spawned":[5,12,13,23,24],"killed_by":"Slavers","ascension_level":2}}