{"host":"Jinnai","time":1611931979,"event":{"mods":["BaseMod","Bestiary","Block Reminder","Colored Map","Colored Powertips","Highlight Path","Minty Spire (QoL Compilation)","Quick Restart","Relic Stats","StSLib"],"gold_per_floor":[115,133,133,146,165,196,196,33,33,360,360,380,380,391,391,462,462,473,490,415,415,58,58,86,86,86,101,121,135,135,155,155,230,230,277,291,291,291,309,309,323,373,373,405,405,418,76,96,96,96,96,96],"floor_reached":51,"language":"ENG","playtime":3235,"items_purged":["Defend_P","Strike_P","Strike_P"],"score":1451,"play_id":"8c2b95cf-322e-4c1b-843e-3d3e5f74bf2a","local_time":"20210129095259","is_ascension_mode":true,"campfire_choices":[{"data":"Fasting2","floor":7,"key":"SMITH"},{"data":"Tantrum","floor":11,"key":"SMITH"},{"floor":13,"key":"REST"},{"floor":15,"key":"REST"},{"floor":23,"key":"REST"},{"floor":25,"key":"REST"},{"floor":30,"key":"REST"},{"floor":32,"key":"REST"},{"data":"Scrawl","floor":40,"key":"SMITH"},{"floor":45,"key":"REST"},{"floor":49,"key":"RECALL"}],"circlet_count":0,"master_deck":["AscendersBane","Defend_P","Defend_P","Defend_P","Eruption+1","Vigilance","Panache","EmptyFist","FlyingSleeves","Conclude+1","Fasting2+1","SandsOfTime","Tantrum+1","Wireheading+1","LessonLearned+1","CutThroughFate+1","WheelKick+1","Scrawl+1","CurseOfTheBell","JustLucky+1","FearNoEvil+1","Wallop+1","FlurryOfBlows+1","FlurryOfBlows+1","CarveReality+1","SandsOfTime+1","FlurryOfBlows+1","Wish+1","Consecrate+1","Weave+1","Vengeance+1","Meditate+1","MentalFortress+1","WaveOfTheHand+1","Study","Tantrum+1","LikeWater+1"],"relics":["PureWater","Strawberry","Molten Egg 2","Old Coin","Calling Bell","Oddly Smooth Stone","Toxic Egg 2","Du-Vu Doll","Toy Ornithopter","Lizard Tail","CloakClasp","Runic Dome","Nunchaku"],"acts_visited":["Exordium","TheCity","TheBeyond"],"potions_floor_usage":[6,18,24,27,29,33,42,42,42,42,44,50,50],"damage_taken":[{"damage":7,"enemies":"Small Slimes","floor":1,"turns":2},{"damage":0,"enemies":"Cultist","floor":2,"turns":2},{"damage":0,"enemies":"2 Louse","floor":4,"turns":2},{"damage":1,"enemies":"Exordium Wildlife","floor":5,"turns":3},{"damage":2,"enemies":"3 Sentries","floor":6,"turns":5},{"damage":31,"enemies":"Lagavulin","floor":10,"turns":6},{"damage":9,"enemies":"Gremlin Gang","floor":12,"turns":2},{"damage":15,"enemies":"3 Louse","floor":14,"turns":3},{"damage":0,"enemies":"Slime Boss","floor":16,"turns":4},{"damage":20,"enemies":"Shell Parasite","floor":18,"turns":4},{"damage":22,"enemies":"2 Thieves","floor":19,"turns":2},{"damage":23,"enemies":"Book of Stabbing","floor":24,"turns":3},{"damage":30,"enemies":"Snake Plant","floor":27,"turns":4},{"damage":0,"enemies":"Snecko","floor":28,"turns":2},{"damage":0,"enemies":"3 Cultists","floor":29,"turns":3},{"damage":5,"enemies":"Centurion and Healer","floor":31,"turns":5},{"damage":16,"enemies":"Automaton","floor":33,"turns":6},{"damage":15,"enemies":"3 Shapes","floor":35,"turns":4},{"damage":8,"enemies":"Orb Walker","floor":36,"turns":2},{"damage":0,"enemies":"Transient","floor":39,"turns":6},{"damage":36,"enemies":"Spire Growth","floor":41,"turns":3},{"damage":13,"enemies":"Jaw Worm Horde","floor":42,"turns":2},{"damage":46,"enemies":"Reptomancer","floor":44,"turns":4},{"damage":31,"enemies":"4 Shapes","floor":46,"turns":3},{"damage":0,"enemies":"Spire Growth","floor":48,"turns":3},{"damage":16,"enemies":"Donu and Deca","floor":50,"turns":5},{"damage":23,"enemies":"Awakened One","floor":51,"turns":1}],"seed_played":"-8386069609142298651","potions_obtained":[{"floor":1,"key":"EntropicBrew"},{"floor":4,"key":"DistilledChaos"},{"floor":10,"key":"EssenceOfSteel"},{"floor":19,"key":"Ambrosia"},{"floor":31,"key":"SkillPotion"},{"floor":33,"key":"EntropicBrew"},{"floor":39,"key":"CultistPotion"},{"floor":42,"key":"Ancient Potion"},{"floor":46,"key":"DistilledChaos"}],"is_trial":false,"path_per_floor":["M","M","?","M","M","E","R","$","T","E","R","M","R","M","R","B",null,"M","M","?","?","$","R","E","R","T","M","M","M","R","M","R","B",null,"M","M","?","?","M","R","M","M","T","E","R","M","$","M","R","B","B"],"character_chosen":"WATCHER","items_purchased":["Wireheading","Wallop+1","FlurryOfBlows+1","Toy Ornithopter","BottledMiracle","Study","Tantrum+1"],"campfire_rested":7,"item_purchase_floors":[8,22,22,22,47,47,47],"current_hp_per_floor":[54,54,54,54,53,58,58,58,58,27,27,18,38,23,43,43,63,43,21,21,2,2,24,6,28,28,3,3,8,30,25,47,36,65,50,42,42,42,42,42,6,13,13,28,50,19,19,19,19,13,0,0],"gold":96,"neow_bonus":"RANDOM_COLORLESS_2","is_daily":false,"chose_seed":false,"campfire_upgraded":3,"win_rate":0.0,"timestamp":1611931979,"path_taken":["M","M","?","M","?","E","R","?","T","E","R","M","R","M","R","BOSS","M","M","?","?","?","R","E","R","T","M","M","M","R","M","R","BOSS","M","?","?","?","M","R","M","M","T","E","R","M","$","?","R","BOSS","BOSS"],"items_purchased_type":["Card","Card","Card","Relic","Potion","Card","Card"],"build_version":"2020-12-18","purchased_purges":3,"victory":false,"max_hp_per_floor":[62,62,62,62,62,69,69,69,69,69,69,69,69,69,69,69,69,69,69,69,74,74,74,74,74,74,74,74,74,74,74,74,74,74,74,74,74,74,74,74,74,74,74,74,74,74,74,74,74,74,74,74],"relic_stats":{"Lizard Tail":37,"Nunchaku":[4],"counters":[27,91],"CloakClasp":[154],"obtain_stats":[{"Oddly Smooth Stone":17,"CloakClasp":26,"Old Coin":10,"Calling Bell":17,"Du-Vu Doll":17,"Runic Dome":34,"Lizard Tail":24,"Nunchaku":44,"Strawberry":6,"Molten Egg 2":9,"PureWater":0,"Toxic Egg 2":17,"Toy Ornithopter":22},{"Oddly Smooth Stone":9,"CloakClasp":12,"Old Coin":6,"Calling Bell":9,"Du-Vu Doll":9,"Runic Dome":17,"Lizard Tail":12,"Nunchaku":23,"Strawberry":5,"Molten Egg 2":5,"PureWater":0,"Toxic Egg 2":9,"Toy Ornithopter":11},{"Oddly Smooth Stone":29,"CloakClasp":38,"Old Coin":20,"Calling Bell":29,"Du-Vu Doll":29,"Runic Dome":58,"Lizard Tail":38,"Nunchaku":79,"Strawberry":14,"Molten Egg 2":14,"PureWater":0,"Toxic Egg 2":29,"Toy Ornithopter":35}],"Toy Ornithopter":55},"card_choices":[{"not_picked":["Sadistic Nature","Magnetism"],"picked":"Panache","floor":0},{"not_picked":["CrushJoints","Evaluate"],"picked":"EmptyFist","floor":1},{"not_picked":["Halt","Nirvana"],"picked":"FlyingSleeves","floor":2},{"not_picked":["Halt","Wallop"],"picked":"Fasting2","floor":4},{"not_picked":["Evaluate","ThirdEye"],"picked":"SandsOfTime","floor":5},{"not_picked":["Consecrate","Halt"],"picked":"Tantrum","floor":6},{"not_picked":["SandsOfTime+1","SashWhip+1"],"picked":"LessonLearned+1","floor":10},{"not_picked":["ClearTheMind","Wireheading"],"picked":"CutThroughFate+1","floor":12},{"not_picked":["Indignation","Study"],"picked":"WheelKick+1","floor":14},{"not_picked":["SpiritShield","LessonLearned+1"],"picked":"Scrawl","floor":16},{"not_picked":["Protect+1","SashWhip+1"],"picked":"JustLucky+1","floor":18},{"not_picked":["WreathOfFlame+1","SashWhip+1"],"picked":"FearNoEvil+1","floor":19},{"not_picked":["FlyingSleeves+1","PathToVictory+1"],"picked":"FlurryOfBlows+1","floor":24},{"not_picked":["ClearTheMind+1","Protect+1","WreathOfFlame+1"],"picked":"SKIP","floor":27},{"not_picked":["Conclude+1","Indignation+1"],"picked":"CarveReality+1","floor":28},{"not_picked":["ReachHeaven+1","Adaptation"],"picked":"SandsOfTime+1","floor":29},{"not_picked":["Sanctity+1","Conclude+1"],"picked":"FlurryOfBlows+1","floor":31},{"not_picked":["SpiritShield+1","Alpha+1"],"picked":"Wish+1","floor":33},{"not_picked":["Wallop+1","CutThroughFate+1"],"picked":"Consecrate+1","floor":35},{"not_picked":["PathToVictory+1","Prostrate+1"],"picked":"Weave+1","floor":36},{"not_picked":["Prostrate+1","Crescendo+1"],"picked":"Vengeance+1","floor":39},{"not_picked":["PathToVictory+1","WheelKick+1","EmptyBody+1"],"picked":"SKIP","floor":41},{"not_picked":["Consecrate+1","Protect+1"],"picked":"Meditate+1","floor":42},{"not_picked":["ConjureBlade+1","CutThroughFate+1"],"picked":"MentalFortress+1","floor":44},{"not_picked":["PathToVictory+1","ForeignInfluence+1"],"picked":"WaveOfTheHand+1","floor":46},{"not_picked":["CrushJoints+1","EmptyBody+1"],"picked":"LikeWater+1","floor":48}],"player_experience":1587178,"relics_obtained":[{"floor":6,"key":"Strawberry"},{"floor":9,"key":"Molten Egg 2"},{"floor":10,"key":"Old Coin"},{"floor":17,"key":"Oddly Smooth Stone"},{"floor":17,"key":"Toxic Egg 2"},{"floor":17,"key":"Du-Vu Doll"},{"floor":24,"key":"Lizard Tail"},{"floor":26,"key":"CloakClasp"},{"floor":44,"key":"Nunchaku"}],"event_choices":[{"damage_healed":0,"gold_gain":0,"player_choice":"1 cards matched","damage_taken":0,"max_hp_gain":0,"max_hp_loss":0,"event_name":"Match and Keep!","floor":3,"gold_loss":0,"cards_obtained":["Conclude"]},{"cards_removed":["Strike_P"],"damage_healed":0,"gold_gain":0,"player_choice":"Gave Gold","damage_taken":0,"max_hp_gain":0,"max_hp_loss":0,"event_name":"Beggar","floor":20,"gold_loss":75},{"damage_healed":0,"gold_gain":0,"player_choice":"Shed Blood","damage_taken":24,"max_hp_gain":5,"max_hp_loss":0,"event_name":"Forgotten Altar","floor":21,"gold_loss":0},{"damage_healed":0,"gold_gain":0,"player_choice":"Ignored","damage_taken":0,"max_hp_gain":0,"max_hp_loss":0,"event_name":"Mysterious Sphere","floor":37,"gold_loss":0},{"cards_removed":["Strike_P"],"damage_healed":0,"gold_gain":0,"player_choice":"Purged","damage_taken":0,"max_hp_gain":0,"max_hp_loss":0,"event_name":"Purifier","floor":38,"gold_loss":0}],"is_beta":true,"boss_relics":[{"not_picked":["Tiny House","SacredBark"],"picked":"Calling Bell"},{"not_picked":["Astrolabe","VioletLotus"],"picked":"Runic Dome"}],"items_purged_floors":[8,22,47],"is_endless":false,"potions_floor_spawned":[1,4,10,16,19,28,31,33,36,39,41,42,46],"killed_by":"Awakened One","ascension_level":20}}