{"host":"qdfumeom6htv8yxl","time":1611959252,"event":{"mods":["AchievementEnabler","BaseMod","Bestiary","Block Reminder","Minty Spire (QoL Compilation)","Quick Restart","Relic Stats"],"gold_per_floor":[113,113,38,38,38,113,38,71,148,159,159,159],"floor_reached":11,"language":"ENG","playtime":229,"items_purged":["Defend_B"],"score":188,"play_id":"5ae523dd-af88-442c-bcf8-bc52e75df8ad","local_time":"20210129162732","is_ascension_mode":true,"campfire_choices":[],"circlet_count":0,"master_deck":["AscendersBane","Strike_B","Strike_B+1","Defend_B+1","Defend_B","Defend_B","Zap","Dualcast","Gash","Conserve Battery"],"relics":["Cracked Core","NeowsBlessing","Lantern","Pantograph"],"acts_visited":["Exordium"],"potions_floor_usage":[11],"damage_taken":[{"damage":0,"enemies":"Small Slimes","floor":1,"turns":1},{"damage":0,"enemies":"Gremlin Nob","floor":8,"turns":1},{"damage":0,"enemies":"2 Louse","floor":10,"turns":1},{"damage":10,"enemies":"3 Sentries","floor":11,"turns":2}],"seed_played":"-2805488022239421134","potions_obtained":[{"floor":8,"key":"FocusPotion"}],"is_trial":false,"path_per_floor":["M","?","?","$","?","?","$","E","T","M","E"],"character_chosen":"DEFECT","items_purchased":[],"campfire_rested":0,"item_purchase_floors":[],"current_hp_per_floor":[64,57,57,57,36,25,25,25,25,25,15,15],"gold":159,"neow_bonus":"THREE_ENEMY_KILL","is_daily":false,"chose_seed":false,"campfire_upgraded":0,"win_rate":0.0,"timestamp":1611959252,"path_taken":["M","?","?","$","?","?","$","E","T","M","E"],"items_purchased_type":[],"build_version":"2020-12-22","purchased_purges":1,"victory":false,"max_hp_per_floor":[71,71,71,71,71,71,71,71,71,71,71,71],"relic_stats":{"counters":[4,5],"Pantograph":0,"obtain_stats":[{"Lantern":8,"NeowsBlessing":0,"Pantograph":9,"Cracked Core":0},{"Lantern":2,"NeowsBlessing":0,"Pantograph":2,"Cracked Core":0},{"Lantern":2,"NeowsBlessing":0,"Pantograph":2,"Cracked Core":0}]},"card_choices":[{"not_picked":["Stack","Rebound"],"picked":"Gash","floor":1},{"not_picked":["Consume","Glacier","Coolheaded"],"picked":"SKIP","floor":8},{"not_picked":["Capacitor","Ball Lightning"],"picked":"Conserve Battery","floor":10}],"player_experience":1959108,"relics_obtained":[{"floor":8,"key":"Lantern"},{"floor":9,"key":"Pantograph"}],"event_choices":[{"cards_removed":["Strike_B"],"damage_healed":0,"gold_gain":0,"player_choice":"Card Removal","damage_taken":7,"max_hp_gain":0,"max_hp_loss":0,"event_name":"Golden Wing","floor":2,"gold_loss":0},{"cards_removed":["Strike_B"],"damage_healed":0,"gold_gain":0,"player_choice":"Card Removal","damage_taken":0,"max_hp_gain":0,"max_hp_loss":0,"event_name":"The Cleric","floor":3,"gold_loss":75},{"damage_healed":0,"gold_gain":0,"player_choice":"Entered Light","damage_taken":21,"max_hp_gain":0,"max_hp_loss":0,"event_name":"Shining Light","floor":5,"gold_loss":0,"cards_upgraded":["Strike_B","Defend_B"]},{"damage_healed":0,"gold_gain":75,"player_choice":"Gather Gold","damage_taken":11,"max_hp_gain":0,"max_hp_loss":0,"event_name":"World of Goop","floor":6,"gold_loss":0}],"is_beta":false,"boss_relics":[],"items_purged_floors":[7],"is_endless":false,"potions_floor_spawned":[8],"killed_by":"3 Sentries","ascension_level":20}}