{"host":"c55rmi1x32myllg1","time":1611917888,"event":{"mods":["BaseMod","BetterRewards","DeckTracker","Downfall","Duelist Mod","GifTheSpireLib","Hermit","Highlight Path","Hubris","Minty Spire (QoL Compilation)","Replay The Spire","StSLib","Stuff the Spire","The Animator","The Bug Knight"],"gold_per_floor":[135,154,80,90,101,127,127,143,143,177,177,195,195,295,295,400,400,411,411,411,336,285,311,325,325,325,358,358,368,368,368],"floor_reached":30,"language":"ENG","playtime":2115,"items_purged":[],"score":328,"play_id":"f7e9767e-1746-4bd2-9666-10a024082b61","local_time":"20210129025808","is_ascension_mode":false,"campfire_choices":[{"floor":7,"key":"REST"},{"floor":13,"key":"REST"},{"floor":15,"key":"REST"},{"data":"theDuelist:FrostflameDragon","floor":25,"key":"SMITH"},{"floor":28,"key":"RECALL"}],"circlet_count":0,"master_deck":["theDuelist:BabyDragon","theDuelist:CastleWalls+1","theDuelist:CastleWalls+1","theDuelist:CaveDragon","theDuelist:CaveDragon","theDuelist:LesserDragon","theDuelist:LesserDragon","theDuelist:YamataDragon+1","theDuelist:ChimeratechOverdragon","theDuelist:SeismicShockwave","theDuelist:TwinBarrelDragon","theDuelist:CyberValley","theDuelist:TrihornedDragon","theDuelist:MagicSparks+1","theDuelist:WaterDragon","theDuelist:Sparks+1","theDuelist:CyberDragonSieger","theDuelist:FrostflameDragon+1","theDuelist:SystemDown+1","theDuelist:BlueEyes+1","theDuelist:Lancephorhynchus+1","CurseOfTheBell","theDuelist:BlacklandFireDragon+1","theDuelist:MirageDragon+1","theDuelist:CyberDinosaur+1","theDuelist:BarrelDragon+1","theDuelist:MegafleetDragon+1","theDuelist:Hydrogeddon+1"],"relics":["theDuelist:MillenniumPuzzle","theDuelist:CardPoolRelic","theDuelist:CardPoolBasicRelic","theDuelist:BoosterPackPoolRelic","theDuelist:CardPoolAddRelic","theDuelist:CardPoolMinusRelic","theDuelist:CardPoolSaveRelic","theDuelist:CardPoolOptionsRelic","NeowsBlessing","hubris:ToyBattleship","StuffTheSpire:ForceGauntlet","Molten Egg 2","Calling Bell","HollowMod:PaleOreRelic","StuffTheSpire:NeowsTribute","theDuelist:MillenniumRing","StuffTheSpire:OldFever","Replay:Wax Seal"],"acts_visited":["Exordium","TheCity"],"potions_floor_usage":[5,23,29,30],"damage_taken":[{"damage":0,"enemies":"Jaw Worm","floor":1,"turns":1},{"damage":0,"enemies":"Small Slimes","floor":2,"turns":1},{"damage":0,"enemies":"Cultist","floor":4,"turns":1},{"damage":12,"enemies":"Exordium Wildlife","floor":5,"turns":4},{"damage":21,"enemies":"3 Sentries","floor":6,"turns":6},{"damage":7,"enemies":"3 Louse","floor":8,"turns":2},{"damage":23,"enemies":"Lagavulin","floor":10,"turns":4},{"damage":5,"enemies":"Exordium Thugs","floor":12,"turns":3},{"damage":0,"enemies":"Slime Boss","floor":16,"turns":6},{"damage":6,"enemies":"Shell Parasite","floor":18,"turns":4},{"damage":1,"enemies":"Replay:Snechameleon","floor":23,"turns":5},{"damage":1,"enemies":"Spheric Guardian","floor":24,"turns":3},{"damage":20,"enemies":"theDuelist:KaibaA2","floor":27,"turns":4},{"damage":37,"enemies":"Shelled Parasite and Fungi","floor":29,"turns":4},{"damage":25,"enemies":"Book of Stabbing","floor":30,"turns":3}],"seed_played":"6638991988704755509","potions_obtained":[{"floor":4,"key":"Explosive Potion"},{"floor":6,"key":"theDuelist:WaterBottle"},{"floor":8,"key":"theDuelist:IcePotion"},{"floor":10,"key":"theDuelist:DragonOrbPlusBottle"},{"floor":24,"key":"Weak Potion"},{"floor":27,"key":"theDuelist:IcePotion"},{"floor":29,"key":"AttackPotion"}],"is_trial":false,"path_per_floor":["M","M","$","M","M","E","R","M","T","E","?","M","R","?","R","B",null,"M","?","?","?","$","E","M","R","T","E","R","M","E"],"character_chosen":"THE_DUELIST","items_purchased":["theDuelist:TwinBarrelDragon","theDuelist:CyberValley","theDuelist:MirageDragon+1"],"campfire_rested":3,"item_purchase_floors":[3,3,22],"current_hp_per_floor":[80,80,80,80,68,47,71,64,64,41,41,36,60,60,80,80,80,74,74,74,74,74,77,76,76,76,56,56,23,0,0],"gold":368,"neow_bonus":"THREE_ENEMY_KILL","is_daily":false,"chose_seed":false,"campfire_upgraded":1,"win_rate":0.0,"timestamp":1611917888,"path_taken":["M","M","$","M","M","E","R","M","T","E","?","M","R","?","R","BOSS","M","?","?","?","$","E","M","R","T","E","R","?","E"],"items_purchased_type":["Card","Card","Card"],"build_version":"2020-12-22","purchased_purges":0,"victory":false,"max_hp_per_floor":[80,80,80,80,80,80,80,80,80,80,80,80,80,80,80,80,80,80,80,80,80,80,80,80,80,80,80,80,80,80,80],"card_choices":[{"not_picked":["theDuelist:TailSwipe","theDuelist:OceanDragonLord","theDuelist:BerserkScales","theDuelist:BSkullDragon"],"picked":"theDuelist:ChimeratechOverdragon","floor":1},{"not_picked":["theDuelist:WingedDragonRa","theDuelist:TailSwipe","theDuelist:FiveHeaded","theDuelist:ArmageddonDragonEmp"],"picked":"theDuelist:SeismicShockwave","floor":2},{"not_picked":["theDuelist:BlackTyranno","theDuelist:BarrelDragon","theDuelist:MadFlameKaiju","theDuelist:GiantRex"],"picked":"theDuelist:TrihornedDragon","floor":4},{"not_picked":["theDuelist:SurvivalFittest","theDuelist:BusterBladerDDS","theDuelist:BlueDuston","theDuelist:GravityLash"],"picked":"theDuelist:WaterDragon","floor":5},{"not_picked":["theDuelist:Vandalgyon","theDuelist:MiraculousDescent","theDuelist:AutorokketDragon","theDuelist:CyberLaserDragon"],"picked":"theDuelist:SystemDown","floor":6},{"not_picked":["theDuelist:YamataDragon","theDuelist:DefenseDraw","theDuelist:ArmedDragon5","theDuelist:RedEyesZombie"],"picked":"theDuelist:CyberDragonSieger","floor":8},{"not_picked":["theDuelist:TwinBarrelDragon+1","theDuelist:LesserDragon+1","theDuelist:SnowDragon","theDuelist:ArmedDragon3"],"picked":"theDuelist:FrostflameDragon","floor":10},{"not_picked":["theDuelist:TwinBarrelDragon+1","theDuelist:BlackPtera+1","theDuelist:SilverDragon","theDuelist:BabyDragon"],"picked":"theDuelist:BlueEyes+1","floor":12},{"not_picked":["theDuelist:TailSwipe+1","theDuelist:SurvivalFittest","theDuelist:QueenDragunDjinn","theDuelist:FiveHeaded+1"],"picked":"theDuelist:Lancephorhynchus+1","floor":16},{"not_picked":["theDuelist:MythicWaterDragon+1","theDuelist:MegafleetDragon","theDuelist:BackupSoldier","theDuelist:AncientGearGadjiltron+1"],"picked":"theDuelist:BlacklandFireDragon+1","floor":18},{"not_picked":["theDuelist:Kabazauls+1","theDuelist:Earthquake+1","theDuelist:BlackStego+1","theDuelist:MaskedDragon+1"],"picked":"theDuelist:CyberDinosaur+1","floor":23},{"not_picked":["theDuelist:GiantRex+1","theDuelist:BlackTyranno+1","theDuelist:TrihornedDragon+1","theDuelist:BlackStego+1"],"picked":"theDuelist:BarrelDragon+1","floor":24},{"not_picked":["theDuelist:Earthquake+1","theDuelist:CoralDragon","theDuelist:CloudianGhost","theDuelist:GalaxySoldier"],"picked":"theDuelist:MegafleetDragon+1","floor":27},{"not_picked":["theDuelist:BlackStego+1","theDuelist:TornadoDragon","theDuelist:CyberDragonCore","theDuelist:CloudianGhost"],"picked":"theDuelist:Hydrogeddon+1","floor":29}],"player_experience":343635,"relics_obtained":[{"floor":6,"key":"hubris:ToyBattleship"},{"floor":9,"key":"StuffTheSpire:ForceGauntlet"},{"floor":10,"key":"Molten Egg 2"},{"floor":17,"key":"HollowMod:PaleOreRelic"},{"floor":17,"key":"StuffTheSpire:NeowsTribute"},{"floor":23,"key":"StuffTheSpire:OldFever"},{"floor":27,"key":"Replay:Wax Seal"}],"event_choices":[{"damage_healed":0,"gold_gain":100,"player_choice":"Pray","damage_taken":0,"max_hp_gain":0,"max_hp_loss":0,"event_name":"Golden Shrine","floor":14,"gold_loss":0},{"damage_healed":0,"gold_gain":0,"player_choice":"Simplicity","damage_taken":0,"max_hp_gain":0,"max_hp_loss":0,"event_name":"Back to Basics","floor":19,"gold_loss":0,"cards_upgraded":["theDuelist:CastleWalls","theDuelist:CastleWalls"]},{"damage_healed":0,"gold_gain":0,"player_choice":"Took item - Received: Millennium Ring","duelist":true,"damage_taken":0,"max_hp_gain":0,"max_hp_loss":0,"event_name":"Millennium Items","floor":20,"gold_loss":0},{"cards_removed":["theDuelist:CurseAging"],"damage_healed":0,"gold_gain":0,"player_choice":"Gave Gold","damage_taken":0,"max_hp_gain":0,"max_hp_loss":0,"event_name":"Beggar","floor":21,"gold_loss":75}],"is_beta":false,"boss_relics":[{"not_picked":["Astrolabe","Fusion Hammer"],"picked":"Calling Bell"}],"items_purged_floors":[],"is_endless":false,"potions_floor_spawned":[4,6,8,10,16,24,27,29],"killed_by":"Book of Stabbing","ascension_level":0}}