{"host":"n45maixt3qrh0rsz","time":1611905701,"event":{"mods":["ATMod(°¢èªMod)","Act Like it!","Arknights The Spire","BaseMod","CapriCore","Dota2Spire","Downfall","Gensokyo","Minty Spire (QoL Compilation)","Quick Restart","Relic Stats","Replay The Spire","StSLib","¡¾ÒÅÎï¿¨ÅÆ¡¿REMEMod"],"gold_per_floor":[349,365,365,465,465,61,141,166,441,457,257,275,319,319,336,336,336,336],"floor_reached":16,"language":"ZHS","playtime":624,"items_purged":["downfall:Malfunctioning"],"score":100,"play_id":"3194dc84-e4f5-4bb8-904e-87b0391a4726","local_time":"20210129153501","is_ascension_mode":false,"campfire_choices":[{"floor":1.0,"key":"RECALL"},{"data":"hexamod:FastForward","floor":11.0,"key":"SMITH"},{"data":"AT_FamilyPortrait","floor":11.0,"key":"SMITH"}],"circlet_count":0,"master_deck":["hexamod:Strike","hexamod:Strike","hexamod:Strike","hexamod:Defend","hexamod:Defend","hexamod:Defend","hexamod:Defend","hexamod:Sear","hexamod:Float+1","downfall:Haunted","AT_FamilyPortrait+1","champ:HoldFirm+1","hexamod:ShieldOfDarkness+1","hexamod:FastForward+1","hexamod:SpectralAdrenaline","Regret","hexamod:UnleashSpirits","hexamod:FastForward","hexamod:SwordOfDarkness","hexamod:ExtraCrispy"],"relics":["AT_ATBox","REME_ComplimentaryCards","m_DevilBlood","Dota2Spire:AssaultCuirass","AT_GuinsooRageblade","AT_BellDemon","Replay:Arrowhead","downfall:HeartBlessingRed","downfall:HeartBlessingGreen","Dota2Spire:HandOfMidas","Replay:Wax Seal","Tiny Chest"],"acts_visited":["Exordium"],"potions_floor_usage":[15,16],"damage_taken":[{"damage":0.0,"enemies":"Small Slimes","floor":2.0,"turns":3.0},{"damage":0.0,"enemies":"downfall:FleeingMerchant","floor":6.0,"turns":4.0},{"damage":15.0,"enemies":"3 Sentries","floor":8.0,"turns":9.0},{"damage":0.0,"enemies":"Jaw Worm","floor":10.0,"turns":3.0},{"damage":26.0,"enemies":"Cultist","floor":12.0,"turns":3.0},{"damage":33.0,"enemies":"Gremlin Gang","floor":13.0,"turns":3.0},{"damage":20,"enemies":"3 Louse","floor":15,"turns":2},{"damage":11,"enemies":"DF_ARCHETYPE_STREAMLINE","floor":16,"turns":4}],"seed_played":"-9031427818125120221","potions_obtained":[{"floor":10.0,"key":"DuplicationPotion"},{"floor":12.0,"key":"Reflective Coating"}],"is_trial":false,"path_per_floor":["R","M","?","?","?","$","T","E","?","M","R","M","M","?","M","B"],"character_chosen":"THE_SPIRIT","items_purchased":["Dota2Spire:AssaultCuirass"],"campfire_rested":0,"item_purchase_floors":[6],"current_hp_per_floor":[70,70,70,70,70,70,70,67,67,73,73,49,22,22,4,0,0,0],"gold":336,"neow_bonus":"TWO_FIFTY_GOLD","is_daily":false,"chose_seed":false,"campfire_upgraded":2,"win_rate":0.0,"timestamp":1611905701,"path_taken":["R","M","?","?","?","$","T","E","?","M","R","?","?","?","M","BOSS"],"items_purchased_type":["Relic"],"build_version":"2020-12-22","purchased_purges":1,"victory":false,"max_hp_per_floor":[70,70,70,70,70,70,70,70,70,73,73,73,73,73,73,73,73,73],"relic_stats":{"counters":[8,31],"Tiny Chest":0,"obtain_stats":[{"AT_BellDemon":8,"Dota2Spire:HandOfMidas":12,"AT_ATBox":0,"downfall:HeartBlessingRed":11,"m_DevilBlood":5,"downfall:HeartBlessingGreen":11,"Replay:Arrowhead":10,"Tiny Chest":15,"Dota2Spire:AssaultCuirass":6,"Replay:Wax Seal":13,"AT_GuinsooRageblade":7,"hexamod:SpiritBrand":0,"REME_ComplimentaryCards":0},{"AT_BellDemon":3,"Dota2Spire:HandOfMidas":5,"AT_ATBox":0,"downfall:HeartBlessingRed":4,"m_DevilBlood":1,"downfall:HeartBlessingGreen":4,"Replay:Arrowhead":4,"Tiny Chest":7,"Dota2Spire:AssaultCuirass":2,"Replay:Wax Seal":6,"AT_GuinsooRageblade":2,"hexamod:SpiritBrand":0,"REME_ComplimentaryCards":0},{"AT_BellDemon":16,"Dota2Spire:HandOfMidas":22,"AT_ATBox":0,"downfall:HeartBlessingRed":19,"m_DevilBlood":3,"downfall:HeartBlessingGreen":19,"Replay:Arrowhead":19,"Tiny Chest":27,"Dota2Spire:AssaultCuirass":7,"Replay:Wax Seal":25,"AT_GuinsooRageblade":7,"hexamod:SpiritBrand":0,"REME_ComplimentaryCards":0}]},"card_choices":[{"not_picked":["hexamod:SkipABeat","hexamod:FlamesFromBeyond"],"picked":"hexamod:ShieldOfDarkness","floor":2.0},{"not_picked":["hexamod:Firestarter","hexamod:EmpoweredFlame"],"picked":"hexamod:FastForward","floor":6.0},{"not_picked":["hexamod:GhostShield","hexamod:HeatShield"],"picked":"hexamod:SpectralAdrenaline","floor":8.0},{"not_picked":["hexamod:SwordOfDarkness","hexamod:SuperheatedStrike"],"picked":"hexamod:UnleashSpirits","floor":10.0},{"not_picked":["hexamod:SkipABeat","hexamod:NightmareStrike"],"picked":"hexamod:FastForward","floor":12.0},{"not_picked":["hexamod:FlamesFromBeyond","hexamod:Incineration"],"picked":"hexamod:SwordOfDarkness","floor":13},{"not_picked":["hexamod:EtherealExpedition","hexamod:Firestarter"],"picked":"hexamod:ExtraCrispy","floor":15}],"player_experience":63400,"relics_obtained":[{"floor":7.0,"key":"AT_GuinsooRageblade"},{"floor":8.0,"key":"AT_BellDemon"},{"floor":10.0,"key":"Replay:Arrowhead"},{"floor":12.0,"key":"Dota2Spire:HandOfMidas"},{"floor":13,"key":"Replay:Wax Seal"},{"floor":15,"key":"Tiny Chest"}],"event_choices":[],"is_beta":false,"boss_relics":[],"items_purged_floors":[6],"is_endless":false,"potions_floor_spawned":[10,12],"killed_by":"DF_ARCHETYPE_STREAMLINE","ascension_level":0}}