{"host":"rkd2egloqduv8drx","time":1611930948,"event":{"mods":["Act Like it!","BaseMod","CapriCore","Gensokyo","Jedi Mod","Koishi","Minty Spire (QoL Compilation)","Permanent Neow","Prisma Mod","Quick Restart","Robot Space Explorer","Spicy Shops","StSLib","Td1madao Mod","The Administrix","The Bug Knight","The Immortal","WarShipGirlsR/’ΩΩ¢…Ÿ≈ÆR mod"],"gold_per_floor":[113,113,113,113,128,128,138,193,220,220,249,249,249,260,260,355,355,365,375,388,405,416,442,442,442],"floor_reached":24,"language":"ZHS","playtime":4762,"items_purged":[],"score":218,"play_id":"f5744ff1-f3ff-4a66-9953-2a75b1e45837","local_time":"20210129223548","is_ascension_mode":false,"campfire_choices":[{"data":"rmod:goodfighter","floor":6.0,"key":"SMITH"},{"data":"rmod:advancebysurprise","floor":10.0,"key":"SMITH"},{"data":"rmod:wife","floor":12.0,"key":"SMITH"},{"data":"rmod:expedition","floor":15.0,"key":"SMITH"}],"circlet_count":0,"master_deck":["rmod:strick","rmod:strick","rmod:strick","rmod:defend","rmod:defend","rmod:defend","rmod:defend","rmod:basicallowance","rmod:maingunfire","rmod:openingtorpedo","rmod:goodfighter+1","rmod:expedition+1","rmod:wife+1","rmod:advancebysurprise+1","rmod:diaomin","rmod:supportaircraftcarrier","rmod:expeditionaryescort","rmod:aviationdawn+1"],"relics":["rmod:firstchargereward","rmod:quickrepair","Boot","Smiling Mask","Mercury Hourglass","jedi:battlestandard","Orichalcum"],"acts_visited":["Exordium","TheCity"],"potions_floor_usage":[23],"damage_taken":[{"damage":0.0,"enemies":"2 Louse","floor":1.0,"turns":2.0},{"damage":0.0,"enemies":"Cultist","floor":5.0,"turns":2.0},{"damage":0.0,"enemies":"Small Slimes","floor":7.0,"turns":2.0},{"damage":36.0,"enemies":"3 Sentries","floor":8.0,"turns":7.0},{"damage":21.0,"enemies":"3 Sentries","floor":11.0,"turns":7.0},{"damage":0.0,"enemies":"3 Louse","floor":14.0,"turns":2.0},{"damage":21.0,"enemies":"The Guardian","floor":16.0,"turns":9.0},{"damage":3.0,"enemies":"Chosen","floor":18.0,"turns":2.0},{"damage":14.0,"enemies":"2 Thieves","floor":19.0,"turns":2.0},{"damage":10.0,"enemies":"Sentry and Sphere","floor":20.0,"turns":3.0},{"damage":0,"enemies":"Centurion and Healer","floor":21,"turns":4},{"damage":0,"enemies":"Snecko","floor":22,"turns":4},{"damage":11,"enemies":"Gremlin Leader","floor":23,"turns":4},{"damage":0,"enemies":"Cultist and Chosen","floor":24,"turns":1}],"seed_played":"5438116278205251060","potions_obtained":[{"floor":5.0,"key":"DuplicationPotion"},{"floor":7.0,"key":"Weak Potion"},{"floor":16.0,"key":"BlessingOfTheForge"},{"floor":19.0,"key":"SkillPotion"}],"is_trial":false,"path_per_floor":["M","?","$","?","M","R","M","?","T","R","E","R","?","M","R","B",null,"M","M","M","M","M","E","M"],"character_chosen":"PRAEFECT","items_purchased":[],"campfire_rested":0,"item_purchase_floors":[],"current_hp_per_floor":[68,68,68,62,62,62,62,26,26,26,5,5,27,27,27,6,68,65,51,41,41,41,30,30,30],"gold":442,"neow_bonus":"ONE_RARE_RELIC","is_daily":false,"chose_seed":false,"campfire_upgraded":4,"win_rate":0.0,"timestamp":1611930948,"path_taken":["M","?","$","?","?","R","M","?","T","R","E","R","?","M","R","BOSS","M","M","M","M","M","E","M"],"items_purchased_type":[],"build_version":"2020-12-22","purchased_purges":0,"victory":false,"max_hp_per_floor":[68,68,68,68,68,68,68,68,68,68,68,68,68,68,68,68,68,68,68,68,68,68,68,68,68],"card_choices":[{"not_picked":["rmod:aluminumsupply","rmod:bulid"],"picked":"rmod:openingtorpedo","floor":1.0},{"not_picked":["rmod:aluminumsupply","rmod:ammunitionsupply"],"picked":"rmod:expedition","floor":5.0},{"not_picked":["rmod:aggressivemary","rmod:victimresponsibility"],"picked":"rmod:wife","floor":7.0},{"not_picked":["rmod:maintain","rmod:aviationdawn"],"picked":"rmod:advancebysurprise","floor":8.0},{"not_picked":["rmod:fuelsupply","rmod:diamondstrike"],"picked":"rmod:diaomin","floor":11.0},{"not_picked":["rmod:tearstotiara","rmod:chargemoney"],"picked":"rmod:supportaircraftcarrier","floor":14.0},{"not_picked":["rmod:highspeedmaneuver","rmod:secretscript"],"picked":"rmod:expeditionaryescort","floor":16.0},{"not_picked":["rmod:fuelsupply","rmod:luckystar","rmod:salvage+1"],"picked":"SKIP","floor":18.0},{"not_picked":["rmod:bulid","rmod:tearstotiara+1"],"picked":"rmod:aviationdawn+1","floor":19.0},{"not_picked":["rmod:goodfighter","rmod:diamondstrike","rmod:aluminumsupply"],"picked":"SKIP","floor":20.0},{"not_picked":["rmod:wife","rmod:victimresponsibility","rmod:selfconfidence"],"picked":"SKIP","floor":21},{"not_picked":["rmod:guardianhero","rmod:openingtorpedo","rmod:steelsupply+1"],"picked":"SKIP","floor":22},{"not_picked":["rmod:ridicule","rmod:capitalist+1","rmod:spoils"],"picked":"SKIP","floor":23}],"player_experience":323282,"relics_obtained":[{"floor":8.0,"key":"Boot"},{"floor":9.0,"key":"Smiling Mask"},{"floor":11.0,"key":"Mercury Hourglass"},{"floor":23,"key":"Orichalcum"}],"event_choices":[{"damage_healed":0.0,"max_hp_gain":0.0,"max_hp_loss":0.0,"gold_gain":0.0,"cards_transformed":["rmod:strick"],"event_name":"Living Wall","player_choice":"Change","floor":2.0,"gold_loss":0.0,"damage_taken":0.0,"cards_obtained":["rmod:goodfighter"]},{"damage_healed":0.0,"max_hp_gain":0.0,"max_hp_loss":0.0,"gold_gain":0.0,"event_name":"Wheel of Change","player_choice":"Damaged","floor":4.0,"gold_loss":0.0,"damage_taken":6.0},{"damage_healed":0.0,"max_hp_gain":0.0,"max_hp_loss":0.0,"gold_gain":30.0,"event_name":"Dead Adventurer","player_choice":"Searched \u00272\u0027 times","floor":8.0,"gold_loss":0.0,"damage_taken":0.0},{"damage_healed":22.0,"max_hp_gain":0.0,"max_hp_loss":0.0,"gold_gain":0.0,"event_name":"Big Fish","player_choice":"Banana","floor":13.0,"gold_loss":0.0,"damage_taken":0.0}],"is_beta":false,"boss_relics":[{"not_picked":["Velvet Choker","rmod:mogul"],"picked":"jedi:battlestandard"}],"items_purged_floors":[],"is_endless":false,"potions_floor_spawned":[5,7,16,19,20,21],"killed_by":"Cultist and Chosen","ascension_level":0}}