{"host":"t9zjxed0utvsfjwc","time":1611892748,"event":{"mods":["2.2 Compatiblity","Aspiration","BaseMod","Better Altar","Better Match","Better Note","Better Sensory Stone","Better Skull","Better Third Choice","Block Reminder","Colored Map","Colored Powertips","Custom Start","Downfall","Hermit","Highlight Path","Hubris","Infinite Spire","Marisa????????","Minty Spire (QoL Compilation)","Quick Restart","Rare Cards Sparkle","Reliquary","Replay The Spire","StSLib","The Cursed","The Marked","The Runesmith","Unceasing Turn Reminder","everything is the same but u backflip on backflip"],"gold_per_floor":[99,99,24,24,24,42,42,27,41,63,76,87,87,148,168,265,365,365,381,381,381,381],"floor_reached":20,"language":"ENG","playtime":904,"items_purged":["bronze:Defend"],"score":170,"play_id":"4d51ecf0-8f5a-48e4-be3e-99bd471ae9b3","local_time":"20210129035908","is_ascension_mode":true,"campfire_choices":[{"data":"bronze:Hardcode","floor":18,"key":"SMITH"}],"circlet_count":0,"master_deck":["bronze:Strike","bronze:Strike","bronze:Strike","bronze:Defend","bronze:Defend","bronze:Defend","bronze:Replicate","bronze:Goto","bronze:Constructor","bronze:Constructor","infinitespire:DeathsTouch","bronze:Constructor","bronze:Hardcode+1"],"relics":["bronze:BronzeCore","downfall:HeartsMalice","reliquary:JackalopeAntler","Odd Mushroom","Mirror","Replay:Wanted Poster"],"acts_visited":["Exordium","TheCity"],"potions_floor_usage":[10,10,16,16],"damage_taken":[{"damage":0,"enemies":"2 Louse","floor":2,"turns":1},{"damage":0,"enemies":"downfall:FleeingMerchant","floor":3,"turns":1},{"damage":0,"enemies":"Cultist","floor":5,"turns":1},{"damage":0,"enemies":"Small Slimes","floor":6,"turns":4},{"damage":0,"enemies":"downfall:FleeingMerchant","floor":8,"turns":4},{"damage":0,"enemies":"2 Fungi Beasts","floor":9,"turns":5},{"damage":0,"enemies":"The Mushroom Lair","floor":10,"turns":4},{"damage":5,"enemies":"3 Louse","floor":11,"turns":4},{"damage":0,"enemies":"Blue Slaver","floor":12,"turns":4},{"damage":8,"enemies":"3 Sentries","floor":14,"turns":7},{"damage":7,"enemies":"Exordium Thugs","floor":15,"turns":6},{"damage":11,"enemies":"IC_STATUS_ARCHETYPE","floor":16,"turns":7},{"damage":0,"enemies":"Spheric Guardian","floor":19,"turns":3},{"damage":84,"enemies":"Spheric Guardian","floor":20,"turns":5}],"seed_played":"2736783452344532069","potions_obtained":[{"floor":6,"key":"SneckoOil"},{"floor":9,"key":"Slimebound:ThreeZeroPotion"},{"floor":12,"key":"SteroidPotion"},{"floor":14,"key":"Reflective Coating"}],"is_trial":false,"path_per_floor":["R_BF","M","$","?","M","M","T","$","M","?","M","M","?","?","M","B",null,"R","M","?"],"character_chosen":"THE_AUTOMATON","items_purchased":[],"campfire_rested":0,"item_purchase_floors":[],"current_hp_per_floor":[70,70,70,70,70,70,70,70,70,70,65,65,48,40,33,22,70,70,70,0,0,0],"gold":381,"neow_bonus":"THREE_ENEMY_KILL","is_daily":false,"chose_seed":false,"campfire_upgraded":1,"win_rate":0.0,"timestamp":1611892748,"path_taken":["R_BF","M","$","?","?","M","T","$","M","?","M","M","?","?","M","BOSS","R","M","?"],"items_purchased_type":[],"build_version":"2020-12-22","purchased_purges":1,"victory":false,"max_hp_per_floor":[70,70,70,70,70,70,70,70,70,70,70,70,70,70,70,70,70,70,70,70,70,70],"card_choices":[{"not_picked":["bronze:Allocate","bronze:Separator"],"picked":"bronze:Constructor","floor":2},{"not_picked":["bronze:Overheat","bronze:Backtrace","bronze:BuggyMess"],"picked":"SKIP","floor":3},{"not_picked":["bronze:BuggyMess","bronze:Optimize"],"picked":"bronze:Constructor","floor":5},{"not_picked":["bronze:DelayedGuard","bronze:BuggyMess","bronze:FineTuning"],"picked":"SKIP","floor":6},{"not_picked":["bronze:BitShift","bronze:DelayedSlice","bronze:FineTuning"],"picked":"SKIP","floor":8},{"not_picked":["bronze:Refactor","bronze:Overheat","bronze:DelayedGuard"],"picked":"SKIP","floor":9},{"not_picked":["bronze:WildBeam","bronze:InfiniteBeams","bronze:Invalidate"],"picked":"SKIP","floor":11},{"not_picked":["bronze:BitShift","bronze:BuggyMess","bronze:Overheat"],"picked":"SKIP","floor":12},{"not_picked":["ReplayTheSpireMod:Echoes of Time","infinitespire:Fortify"],"picked":"infinitespire:DeathsTouch","floor":13},{"not_picked":["bronze:WildBeam","bronze:ChildClass"],"picked":"bronze:Constructor","floor":15},{"not_picked":["bronze:RecursiveStrike","bronze:Verify"],"picked":"bronze:Hardcode","floor":16},{"not_picked":["bronze:BuggyMess+1","bronze:Iterate","bronze:ClassDefault"],"picked":"SKIP","floor":19}],"player_experience":458967,"relics_obtained":[{"floor":7,"key":"reliquary:JackalopeAntler"},{"floor":10,"key":"Odd Mushroom"},{"floor":14,"key":"Mirror"}],"event_choices":[{"cards_removed":["bronze:BronzeArmor"],"damage_healed":0,"gold_gain":0,"player_choice":"Offered Uncommon","damage_taken":0,"max_hp_gain":0,"max_hp_loss":0,"event_name":"Bonfire Elementals","floor":4,"gold_loss":0},{"damage_healed":0,"gold_gain":0,"player_choice":"Fought Mushrooms","damage_taken":0,"max_hp_gain":0,"max_hp_loss":0,"event_name":"Mushrooms","floor":10,"gold_loss":0}],"is_beta":false,"boss_relics":[{"not_picked":["hubris:GrandSneckoEye","Cursed Key"],"picked":"Replay:Wanted Poster"}],"items_purged_floors":[3],"is_endless":false,"potions_floor_spawned":[6,9,12,14],"killed_by":"Spheric Guardian","ascension_level":1}}