{"host":"igj4vwc42ivwqexo","time":1611916270,"event":{"mods":["BaseMod","Better Third Choice","Koishi","Marisa????????","Minty Spire (QoL Compilation)","Potionbrewer","Shop Mod","StS++","StSLib","The Disciple","The Hierophant","The Sage","The Servant 0.9.4"],"gold_per_floor":[179,354,374,32,32,32,51,62,62,62,79,91,91,121,121,216,216,226,245,5,5,21,21,69,88,88,88,88,88,88,120,120,255,255,265,265,276,346,346,346,378,378,378,395,395,485,84,117,117,157],"floor_reached":51,"language":"ENG","playtime":5089,"items_purged":["Writhe"],"score":717,"play_id":"37af6c97-b466-4d12-afa6-007623d1ea12","local_time":"20210129113110","is_ascension_mode":false,"campfire_choices":[{"data":"Apotheosis","floor":6.0,"key":"SMITH"},{"data":"sagemod:How_To_Poke_At_Slimes","floor":10.0,"key":"SMITH"},{"data":"sagemod:Upwards","floor":13.0,"key":"SMITH"},{"data":"sagemod:Slalom","floor":15.0,"key":"SMITH"},{"data":"sagemod:How_To_Befriend_A_Turtle","floor":23,"key":"SMITH"},{"data":"sagemod:Read_The_Riot_Act","floor":29,"key":"SMITH"},{"data":"sagemod:Bouncing_Strike","floor":32,"key":"SMITH"},{"data":"sagemod:Escape","floor":40,"key":"SMITH"},{"data":"sagemod:How_To_Charm_A_Sentry","floor":42,"key":"SMITH"},{"data":"sagemod:Meditation","floor":45,"key":"SMITH"},{"data":"Secret Technique","floor":49,"key":"SMITH"}],"circlet_count":0,"master_deck":["sagemod:Defend","sagemod:Defend","sagemod:Defend","sagemod:Defend","sagemod:Fly","sagemod:Upwards+1","sagemod:Energetic_Brew","sagemod:How_To_Charm_A_Sentry","Apotheosis+1","sagemod:Potion_Explosion","sagemod:How_To_Poke_At_Slimes+1","sagemod:How_To_Murder_Ants","sagemod:Bouncing_Strike+1","sagemod:Slalom+1","sagemod:Meditation+1","sagemod:How_To_Poke_At_Slimes+1","sagemod:How_To_Befriend_A_Turtle+1","Bite","Bite","Bite","Bite","Bite","sagemod:How_To_Warm_Elephants","sagemod:How_To_Charm_A_Sentry+1","sagemod:How_To_Charm_A_Sentry+1","sagemod:Read_The_Riot_Act+1","sagemod:Escape+1","sagemod:Tinker+1","sagemod:Bookworm+1","sagemod:Altitude+1","sagemod:On_The_Head","Secret Technique+1","sagemod:How_To_Charm_A_Sentry+1"],"relics":["sagemod:Flying_Carpet","Du-Vu Doll","Chemical X","Vajra","The Courier","Empty Cage","potionbrewer:SalesContract","Akabeko","Ancient Tea Set","Smiling Mask","StrikeDummy","potionbrewer:BhaskarasWheel","CatCart","Juzu Bracelet","Ice Cream","Membership Card","Pantograph","PreservedInsect"],"acts_visited":["Exordium","TheCity","TheBeyond"],"potions_floor_usage":[22,22,31,38,38,38,38],"damage_taken":[{"damage":4.0,"enemies":"Jaw Worm","floor":1.0,"turns":7.0},{"damage":2.0,"enemies":"Small Slimes","floor":3.0,"turns":5.0},{"damage":0.0,"enemies":"Cultist","floor":7.0,"turns":3.0},{"damage":11.0,"enemies":"Lots of Slimes","floor":8.0,"turns":4.0},{"damage":0.0,"enemies":"Looter","floor":11.0,"turns":3.0},{"damage":4.0,"enemies":"Exordium Thugs","floor":12.0,"turns":4.0},{"damage":0.0,"enemies":"3 Sentries","floor":14.0,"turns":4.0},{"damage":3.0,"enemies":"The Guardian","floor":16.0,"turns":6.0},{"damage":5,"enemies":"Shell Parasite","floor":18,"turns":3},{"damage":7,"enemies":"3 Byrds","floor":19,"turns":2},{"damage":0,"enemies":"Centurion and Healer","floor":22,"turns":2},{"damage":16,"enemies":"Book of Stabbing","floor":24,"turns":5},{"damage":0,"enemies":"3 Cultists","floor":25,"turns":5},{"damage":4,"enemies":"Cultist and Chosen","floor":31,"turns":5},{"damage":1,"enemies":"Automaton","floor":33,"turns":8},{"damage":9,"enemies":"3 Shapes","floor":35,"turns":2},{"damage":0,"enemies":"3 Darklings","floor":37,"turns":1},{"damage":8,"enemies":"Orin","floor":38,"turns":14},{"damage":24,"enemies":"Writhing Mass","floor":41,"turns":7},{"damage":0,"enemies":"Maw","floor":44,"turns":7},{"damage":8,"enemies":"Mind Bloom Boss Battle","floor":46,"turns":5},{"damage":9,"enemies":"Jaw Worm Horde","floor":48,"turns":6},{"damage":5,"enemies":"Awakened One","floor":50,"turns":12}],"seed_played":"951902412414250767","potions_obtained":[{"floor":1.0,"key":"potionbrewer:MidasPotion"},{"floor":8.0,"key":"BlessingOfTheForge"},{"floor":11.0,"key":"potionbrewer:EndurancePotion"},{"floor":12.0,"key":"ColorlessPotion"},{"floor":19,"key":"StSpp:ScatteredPotion"}],"is_trial":false,"path_per_floor":["M","?","M","$","?","R","M","M","T","R","M","M","R","E","R","B",null,"M","M","$","?","M","R","E","M","T","?","?","R","?","M","R","B",null,"M","?","M","?","?","R","M","R","T","M","R","?","$","M","R","B",null],"character_chosen":"THE_SAGE","items_purchased":["Chemical X","Apotheosis","potionbrewer:SalesContract","Akabeko","Membership Card","Secret Technique","Pantograph","PreservedInsect"],"campfire_rested":0,"item_purchase_floors":[4,4,20,20,47,47,47,47],"current_hp_per_floor":[31,31,29,29,29,29,29,18,18,18,18,14,14,14,14,11,50,45,38,38,34,34,34,21,34,34,30,30,30,30,33,33,38,39,32,32,32,39,37,37,33,33,33,37,37,35,35,29,29,37],"gold":157,"neow_bonus":"ONE_RARE_RELIC","is_daily":false,"chose_seed":false,"campfire_upgraded":11,"win_rate":0.0,"timestamp":1611916270,"path_taken":["M","?","M","$","?","R","M","M","T","R","?","M","R","E","R","BOSS","M","M","?","?","M","R","E","?","T","?","?","R","?","?","R","BOSS","M","?","M","?","?","R","M","R","T","M","R","?","$","M","R","BOSS"],"items_purchased_type":["Relic","Card","Relic","Relic","Relic","Card","Relic","Relic"],"build_version":"2020-12-22","purchased_purges":1,"victory":true,"max_hp_per_floor":[50,50,50,50,50,50,50,50,50,50,50,50,50,50,50,50,50,50,50,50,34,34,34,34,34,34,39,39,39,39,39,39,39,39,39,39,39,39,37,37,37,37,37,37,37,37,37,37,37,37],"card_choices":[{"not_picked":["sagemod:About_Clark","sagemod:Step_Back"],"picked":"sagemod:Energetic_Brew","floor":1.0},{"not_picked":["sagemod:Pincer_Repair","sagemod:Step_Back"],"picked":"sagemod:How_To_Charm_A_Sentry","floor":3.0},{"not_picked":["sagemod:Shining_Powder","sagemod:Slalom"],"picked":"sagemod:How_To_Poke_At_Slimes","floor":7.0},{"not_picked":["sagemod:Pincer_Repair","sagemod:How_To_Poke_At_Slimes"],"picked":"sagemod:How_To_Murder_Ants","floor":8.0},{"not_picked":["sagemod:Slalom","sagemod:How_To_Poke_At_Slimes"],"picked":"sagemod:Poem","floor":11.0},{"not_picked":["sagemod:How_To_Warm_Elephants","sagemod:Pincer_Repair"],"picked":"sagemod:Bouncing_Strike","floor":12.0},{"not_picked":["sagemod:Lunchtime","sagemod:Ambition"],"picked":"sagemod:Slalom","floor":14.0},{"not_picked":["sagemod:Folded_Carpet","sagemod:Alchemy_Expert"],"picked":"sagemod:Meditation","floor":16.0},{"not_picked":["sagemod:Rickety_Defense","sagemod:Crank"],"picked":"sagemod:How_To_Poke_At_Slimes+1","floor":18},{"not_picked":["sagemod:Let_It_Go","sagemod:Shining_Powder"],"picked":"sagemod:How_To_Befriend_A_Turtle","floor":19},{"not_picked":["sagemod:About_Clark","sagemod:Step_Back"],"picked":"sagemod:How_To_Warm_Elephants","floor":22},{"not_picked":["sagemod:How_To_Befriend_A_Turtle","sagemod:Energetic_Brew"],"picked":"sagemod:How_To_Charm_A_Sentry","floor":24},{"not_picked":["sagemod:Ambition","sagemod:Potion_Trance"],"picked":"sagemod:How_To_Charm_A_Sentry+1","floor":25},{"not_picked":["sagemod:Pincer_Repair","sagemod:Blurry","sagemod:How_To_Warm_Elephants"],"picked":"SKIP","floor":31},{"not_picked":["sagemod:Lecture","sagemod:Swoop_Down"],"picked":"sagemod:Escape","floor":33},{"not_picked":["sagemod:How_To_Warm_Elephants","sagemod:Ambition+1","sagemod:Salty_Strike"],"picked":"SKIP","floor":35},{"not_picked":["sagemod:How_To_Poke_At_Slimes+1","sagemod:How_To_Amuse_Sneckos"],"picked":"sagemod:Tinker+1","floor":37},{"not_picked":["sagemod:Fire_Brew+1","sagemod:Flight_Feint"],"picked":"sagemod:Bookworm+1","floor":38},{"not_picked":["sagemod:Tinker","sagemod:Fire_Brew"],"picked":"sagemod:Altitude+1","floor":41},{"not_picked":["sagemod:Rock_Oil+1","sagemod:Ambition+1"],"picked":"sagemod:On_The_Head","floor":44},{"not_picked":["sagemod:Mechanics_Break","sagemod:Rickety_Defense"],"picked":"sagemod:How_To_Charm_A_Sentry+1","floor":48}],"player_experience":394435,"relics_obtained":[{"floor":9.0,"key":"Vajra"},{"floor":14.0,"key":"The Courier"},{"floor":24,"key":"Ancient Tea Set"},{"floor":26,"key":"Smiling Mask"},{"floor":38,"key":"CatCart"},{"floor":43,"key":"Juzu Bracelet"},{"floor":46,"key":"Ice Cream"}],"event_choices":[{"damage_healed":0.0,"max_hp_gain":0.0,"max_hp_loss":0.0,"gold_gain":175.0,"event_name":"betterThird:BetterSerpent","player_choice":"AGREE","floor":2.0,"gold_loss":0.0,"damage_taken":179.0},{"damage_healed":0.0,"max_hp_gain":0.0,"max_hp_loss":0.0,"gold_gain":0.0,"event_name":"Match and Keep!","player_choice":"1 cards matched","floor":5.0,"gold_loss":0.0,"damage_taken":0.0,"cards_obtained":["sagemod:Potion_Explosion"]},{"damage_healed":0,"gold_gain":0,"player_choice":"Became a vampire","damage_taken":0,"max_hp_gain":0,"max_hp_loss":16,"event_name":"Vampires","floor":21,"gold_loss":0,"cards_obtained":["Bite","Bite","Bite","Bite","Bite"]},{"damage_healed":0,"gold_gain":0,"player_choice":"Shed Blood","damage_taken":9,"max_hp_gain":5,"max_hp_loss":0,"event_name":"Forgotten Altar","floor":27,"gold_loss":0},{"damage_healed":0,"gold_gain":0,"player_choice":"Read","damage_taken":0,"max_hp_gain":0,"max_hp_loss":0,"event_name":"The Library","floor":28,"gold_loss":0,"cards_obtained":["sagemod:Read_The_Riot_Act"]},{"damage_healed":0,"gold_gain":0,"player_choice":"Opened","damage_taken":0,"relics_obtained":["StrikeDummy"],"max_hp_gain":0,"max_hp_loss":0,"event_name":"The Mausoleum","floor":30,"gold_loss":0,"cards_obtained":["Writhe"]},{"cards_removed":["sagemod:Poem"],"damage_healed":0,"gold_gain":0,"player_choice":"Removed Skill","damage_taken":0,"max_hp_gain":0,"max_hp_loss":0,"event_name":"Falling","floor":36,"gold_loss":0},{"damage_healed":0,"gold_gain":0,"player_choice":"Fight","damage_taken":0,"max_hp_gain":0,"max_hp_loss":0,"event_name":"OrinTheCat","floor":38,"gold_loss":0},{"damage_healed":0,"gold_gain":0,"player_choice":"Max HP","damage_taken":0,"max_hp_gain":0,"max_hp_loss":2,"event_name":"Winding Halls","floor":39,"gold_loss":0},{"damage_healed":0,"gold_gain":0,"player_choice":"Fight","damage_taken":0,"max_hp_gain":0,"max_hp_loss":0,"event_name":"MindBloom","floor":46,"gold_loss":0}],"is_beta":false,"boss_relics":[{"not_picked":["StSpp:Magatama","Fusion Hammer"],"picked":"Empty Cage"},{"not_picked":["SacredBark","StSpp:FireArrow"],"picked":"potionbrewer:BhaskarasWheel"}],"items_purged_floors":[47],"is_endless":false,"potions_floor_spawned":[1,8,11,12,19,24,31,33,38,41,46],"ascension_level":0}}