{"host":"r53pw7z744tg3fxg","time":1611936100,"event":{"mods":["AchievementEnabler","BaseMod","Colored Map","Colored Powertips","Highlight Path","Minty Spire (QoL Compilation)","Quick Restart","Transform Curses"],"gold_per_floor":[117,117,136,146,159,188,200,200,200,200,234,76,140,140,140,211,211,230,230,230,243,243,243],"floor_reached":22,"language":"ENG","playtime":1652,"items_purged":[],"score":409,"play_id":"ed3f6014-3030-43e5-af4e-0ae4a84a8c9a","local_time":"20210129090140","is_ascension_mode":true,"campfire_choices":[{"floor":8.0,"key":"REST"},{"data":"Eruption","floor":10.0,"key":"SMITH"},{"floor":15.0,"key":"REST"}],"circlet_count":0,"master_deck":["AscendersBane","Strike_P","Strike_P","Strike_P","Strike_P","Defend_P","Defend_P","Defend_P","Defend_P","Eruption+1","Vigilance","Evaluate","FlurryOfBlows","FollowUp","ForeignInfluence","Pray","CutThroughFate","Devotion","EmptyBody","Brilliance","Necronomicurse","Brilliance","CarveReality"],"relics":["PureWater","Blood Vial","MealTicket","Smiling Mask","ClockworkSouvenir","Gremlin Horn","VioletLotus","Necronomicon"],"acts_visited":["Exordium","TheCity"],"potions_floor_usage":[18,21],"damage_taken":[{"damage":0.0,"enemies":"Small Slimes","floor":1.0,"turns":2.0},{"damage":7.0,"enemies":"Cultist","floor":3.0,"turns":3.0},{"damage":2.0,"enemies":"Jaw Worm","floor":4.0,"turns":4.0},{"damage":10.0,"enemies":"2 Fungi Beasts","floor":5.0,"turns":4.0},{"damage":0.0,"enemies":"Lagavulin","floor":6.0,"turns":4.0},{"damage":15.0,"enemies":"Red Slaver","floor":7.0,"turns":4.0},{"damage":24.0,"enemies":"3 Sentries","floor":11.0,"turns":8.0},{"damage":42.0,"enemies":"Lagavulin Event","floor":13.0,"turns":7.0},{"damage":0.0,"enemies":"Exordium Thugs","floor":14.0,"turns":1.0},{"damage":24.0,"enemies":"The Guardian","floor":16.0,"turns":13.0},{"damage":25,"enemies":"2 Thieves","floor":18,"turns":3},{"damage":19,"enemies":"Shell Parasite","floor":21,"turns":5},{"damage":10,"enemies":"Centurion and Healer","floor":22,"turns":1}],"seed_played":"-4220210764381510380","potions_obtained":[{"floor":1.0,"key":"SmokeBomb"},{"floor":4.0,"key":"Fruit Juice"},{"floor":5.0,"key":"SteroidPotion"},{"floor":11.0,"key":"SneckoOil"},{"floor":18,"key":"Weak Potion"},{"floor":21,"key":"SpeedPotion"}],"is_trial":false,"path_per_floor":["M","?","M","M","M","E","M","R","T","R","E","$","?","M","R","B",null,"M","?","?","M","M"],"character_chosen":"WATCHER","items_purchased":["ClockworkSouvenir"],"campfire_rested":2,"item_purchase_floors":[12],"current_hp_per_floor":[67,67,60,63,53,53,40,63,63,63,41,56,16,18,41,19,64,41,20,20,3,0,0],"gold":243,"neow_bonus":"TEN_PERCENT_HP_BONUS","is_daily":false,"chose_seed":false,"campfire_upgraded":1,"win_rate":0.0,"timestamp":1611936100,"path_taken":["M","?","M","M","M","E","M","R","T","R","E","$","?","M","R","BOSS","M","?","?","M","?"],"items_purchased_type":["Relic"],"build_version":"2020-12-22","purchased_purges":0,"victory":false,"max_hp_per_floor":[74,74,74,79,79,79,79,79,79,79,79,79,79,79,79,79,79,79,79,79,79,79,79],"card_choices":[{"not_picked":["FlyingSleeves","EmptyFist"],"picked":"Evaluate","floor":1.0},{"not_picked":["Crescendo","FlyingSleeves"],"picked":"FlurryOfBlows","floor":3.0},{"not_picked":["EmptyFist","SashWhip"],"picked":"FollowUp","floor":4.0},{"not_picked":["Protect","FlyingSleeves"],"picked":"ForeignInfluence","floor":5.0},{"not_picked":["PathToVictory","Vault"],"picked":"Pray","floor":6.0},{"not_picked":["Crescendo","Pray"],"picked":"CutThroughFate","floor":7.0},{"not_picked":["FollowUp","LikeWater"],"picked":"Devotion","floor":11.0},{"not_picked":["FlurryOfBlows","ThirdEye"],"picked":"EmptyBody","floor":13.0},{"not_picked":["ConjureBlade","Scrawl"],"picked":"Brilliance","floor":16.0},{"not_picked":["SignatureMove","JustLucky","EmptyBody"],"picked":"SKIP","floor":18},{"not_picked":["Halt","JustLucky"],"picked":"CarveReality","floor":21}],"player_experience":1386681,"relics_obtained":[{"floor":6.0,"key":"Blood Vial"},{"floor":9.0,"key":"MealTicket"},{"floor":11.0,"key":"Smiling Mask"},{"floor":13.0,"key":"Gremlin Horn"},{"floor":19,"key":"Necronomicon"}],"event_choices":[{"damage_healed":0.0,"max_hp_gain":0.0,"max_hp_loss":0.0,"gold_gain":0.0,"event_name":"Golden Wing","player_choice":"Ignored","floor":2.0,"gold_loss":0.0,"damage_taken":0.0},{"damage_healed":0.0,"max_hp_gain":0.0,"max_hp_loss":0.0,"gold_gain":0.0,"event_name":"Dead Adventurer","player_choice":"Searched \u00271\u0027 times","floor":13.0,"gold_loss":0.0,"damage_taken":0.0},{"damage_healed":0,"gold_gain":0,"player_choice":"Obtained Book","damage_taken":21,"max_hp_gain":0,"max_hp_loss":0,"event_name":"Cursed Tome","floor":19,"gold_loss":0},{"damage_healed":0,"gold_gain":0,"player_choice":"Copied","damage_taken":0,"max_hp_gain":0,"max_hp_loss":0,"event_name":"Duplicator","floor":20,"gold_loss":0,"cards_obtained":["Brilliance"]}],"is_beta":false,"boss_relics":[{"not_picked":["Empty Cage","Philosopher\u0027s Stone"],"picked":"VioletLotus"}],"items_purged_floors":[],"is_endless":false,"potions_floor_spawned":[1,4,5,11,18,21],"killed_by":"Centurion and Healer","ascension_level":17}}