{"host":"sav7uxregyirlf69","time":1611925813,"event":{"mods":["AchievementEnabler","BaseMod","Colored Map","DeckTracker","Keyboard Shortcuts","Minty Spire (QoL Compilation)","READ ME - Guardian Mod","StSLib","SuperFastMode"],"gold_per_floor":[116,126,126,146,157,157,174,174,226,226,258,258,268,286,286,363,363,377,394,156,166,179,179,209,209,209,225,38,38,50,68,68,145,145,163,163,175,200,200,200,200,234,234,247,247,265,280,314,314,314,314,314,314,28,57,57],"floor_reached":57,"language":"KOR","playtime":1742,"items_purged":["Strike_G","Strike_G","Parasite"],"score":2776,"play_id":"2e68899d-6e28-44e0-b20a-9494151d9555","local_time":"20210129221013","is_ascension_mode":true,"campfire_choices":[{"data":"Cloak And Dagger","floor":6.0,"key":"SMITH"},{"data":"Blade Dance","floor":8.0,"key":"SMITH"},{"data":"Well Laid Plans","floor":12.0,"key":"SMITH"},{"data":"Neutralize","floor":15.0,"key":"SMITH"},{"data":"Envenom","floor":23.0,"key":"SMITH"},{"floor":25.0,"key":"REST"},{"data":"Cloak And Dagger","floor":32.0,"key":"SMITH"},{"data":"Wraith Form v2","floor":40.0,"key":"SMITH"},{"data":"Wraith Form v2","floor":45.0,"key":"SMITH"},{"floor":49.0,"key":"RECALL"},{"data":"Blade Dance","floor":53,"key":"SMITH"}],"circlet_count":0,"master_deck":["AscendersBane","Strike_G","Defend_G","Defend_G","Defend_G","Defend_G","Defend_G","Survivor","Neutralize+1","Dagger Spray","Poisoned Stab","Blade Dance+1","Cloak And Dagger+1","Backflip","Well Laid Plans+1","Blade Dance+1","Envenom+1","CurseOfTheBell","Blur","Accuracy+1","Cloak And Dagger+1","Wraith Form v2+1","Wraith Form v2+1"],"relics":["Ring of the Snake","NeowsBlessing","Kunai","Pen Nib","Centennial Puzzle","Calling Bell","Oddly Smooth Stone","Ornamental Fan","Calipers","Lee\u0027s Waffle","Bird Faced Urn","Shuriken","Cursed Key","Turnip","Orichalcum","Blue Candle","ClockworkSouvenir","Incense Burner"],"acts_visited":["Exordium","TheCity","TheBeyond","TheEnding"],"potions_floor_usage":[51],"damage_taken":[{"damage":0.0,"enemies":"Jaw Worm","floor":1.0,"turns":1.0},{"damage":0.0,"enemies":"Cultist","floor":2.0,"turns":1.0},{"damage":0.0,"enemies":"Small Slimes","floor":4.0,"turns":1.0},{"damage":11.0,"enemies":"Gremlin Gang","floor":5.0,"turns":3.0},{"damage":1.0,"enemies":"Red Slaver","floor":7.0,"turns":3.0},{"damage":14.0,"enemies":"3 Sentries","floor":11.0,"turns":7.0},{"damage":2.0,"enemies":"Blue Slaver","floor":13.0,"turns":4.0},{"damage":2.0,"enemies":"Large Slime","floor":14.0,"turns":4.0},{"damage":5.0,"enemies":"Hexaghost","floor":16.0,"turns":13.0},{"damage":17.0,"enemies":"Shell Parasite","floor":18.0,"turns":6.0},{"damage":1.0,"enemies":"3 Byrds","floor":19.0,"turns":6.0},{"damage":16.0,"enemies":"Shelled Parasite and Fungi","floor":21.0,"turns":9.0},{"damage":8.0,"enemies":"Centurion and Healer","floor":22.0,"turns":10.0},{"damage":35.0,"enemies":"Slavers","floor":24.0,"turns":11.0},{"damage":6.0,"enemies":"Snecko","floor":27.0,"turns":5.0},{"damage":0.0,"enemies":"3 Cultists","floor":30.0,"turns":6.0},{"damage":9.0,"enemies":"Cultist and Chosen","floor":31.0,"turns":4.0},{"damage":19.0,"enemies":"Collector","floor":33.0,"turns":7.0},{"damage":1.0,"enemies":"Orb Walker","floor":35.0,"turns":2.0},{"damage":3.0,"enemies":"3 Shapes","floor":37.0,"turns":6.0},{"damage":0.0,"enemies":"Mind Bloom Boss Battle","floor":38.0,"turns":5.0},{"damage":0.0,"enemies":"Giant Head","floor":42.0,"turns":7.0},{"damage":3.0,"enemies":"Transient","floor":44.0,"turns":6.0},{"damage":0.0,"enemies":"3 Darklings","floor":46.0,"turns":7.0},{"damage":0.0,"enemies":"Jaw Worm Horde","floor":47.0,"turns":5.0},{"damage":0.0,"enemies":"Reptomancer","floor":48.0,"turns":7.0},{"damage":4.0,"enemies":"Donu and Deca","floor":50.0,"turns":9.0},{"damage":37,"enemies":"Time Eater","floor":51,"turns":10},{"damage":1,"enemies":"Shield and Spear","floor":55,"turns":9},{"damage":33,"enemies":"The Heart","floor":56,"turns":11}],"seed_played":"-8768902398389632591","potions_obtained":[{"floor":2.0,"key":"SneckoOil"},{"floor":11.0,"key":"GhostInAJar"},{"floor":14.0,"key":"Weak Potion"},{"floor":16.0,"key":"SteroidPotion"},{"floor":27.0,"key":"Weak Potion"},{"floor":46.0,"key":"Swift Potion"}],"is_trial":false,"path_per_floor":["M","M","?","M","M","R","M","R","T","?","E","R","M","M","R","B",null,"M","M","$","M","M","R","E","R","T","M","$","?","M","M","R","B",null,"M","?","M","?","T","R","?","E","T","M","R","M","M","E","R","B","B",null,"R","$","E","B",null],"character_chosen":"THE_SILENT","items_purchased":["Lee\u0027s Waffle","Accuracy","ClockworkSouvenir"],"campfire_rested":1,"item_purchase_floors":[20,28,54],"current_hp_per_floor":[59,59,59,59,48,48,47,47,47,47,33,33,31,29,29,24,56,39,38,73,57,49,49,14,35,35,31,31,31,37,32,32,19,60,65,65,68,73,73,73,73,73,73,73,73,73,73,73,73,72,40,65,65,65,70,42],"gold":57,"neow_bonus":"THREE_ENEMY_KILL","is_daily":false,"chose_seed":false,"campfire_upgraded":9,"win_rate":0.0,"timestamp":1611925813,"path_taken":["M","M","?","M","?","R","M","R","T","?","E","R","M","?","R","BOSS","M","M","$","M","M","R","E","R","T","M","$","?","?","M","R","BOSS","M","?","M","?","?","R","?","E","T","?","R","M","M","E","R","BOSS","BOSS","R","$","E","BOSS"],"items_purchased_type":["Relic","Card","Relic"],"build_version":"2020-12-22","purchased_purges":3,"victory":true,"max_hp_per_floor":[66,66,66,66,66,66,66,66,66,66,66,66,66,66,66,66,66,66,66,73,73,73,73,73,73,73,73,73,73,73,73,73,73,73,73,73,73,73,73,73,73,73,73,73,73,73,73,73,73,73,73,73,73,70,70,70],"card_choices":[{"not_picked":["Poisoned Stab","Deadly Poison"],"picked":"Dagger Spray","floor":1.0},{"not_picked":["Deflect","Acrobatics"],"picked":"Poisoned Stab","floor":2.0},{"not_picked":["Flying Knee","Dagger Spray"],"picked":"Blade Dance","floor":4.0},{"not_picked":["Tactician","Poisoned Stab"],"picked":"Cloak And Dagger","floor":5.0},{"not_picked":["Well Laid Plans","Escape Plan"],"picked":"Backflip","floor":7.0},{"not_picked":["Endless Agony","Poisoned Stab"],"picked":"Well Laid Plans","floor":11.0},{"not_picked":["Riddle With Holes","Prepared"],"picked":"Blade Dance","floor":13.0},{"not_picked":["Bane","Tools of the Trade","Quick Slash"],"picked":"SKIP","floor":14.0},{"not_picked":["Malaise","Die Die Die"],"picked":"Envenom","floor":16.0},{"not_picked":["Finisher","Dodge and Roll"],"picked":"Blur","floor":18.0},{"not_picked":["Quick Slash","Bane","Cloak And Dagger"],"picked":"SKIP","floor":19.0},{"not_picked":["Slice","Prepared","Sucker Punch"],"picked":"SKIP","floor":21.0},{"not_picked":["Bane","Venomology","Flying Knee"],"picked":"SKIP","floor":22.0},{"not_picked":["Bane","Backflip","Acrobatics"],"picked":"SKIP","floor":24.0},{"not_picked":["Choke","Acrobatics","Prepared"],"picked":"SKIP","floor":27.0},{"not_picked":["Die Die Die","Setup","Caltrops"],"picked":"SKIP","floor":30.0},{"not_picked":["Poisoned Stab","PiercingWail"],"picked":"Cloak And Dagger","floor":31.0},{"not_picked":["Corpse Explosion","Doppelganger"],"picked":"Wraith Form v2","floor":33.0},{"not_picked":["Riddle With Holes","Quick Slash+1","Predator"],"picked":"SKIP","floor":35.0},{"not_picked":["Poisoned Stab","Outmaneuver","Finisher"],"picked":"SKIP","floor":37.0},{"not_picked":["Expertise+1","Bouncing Flask","Cloak And Dagger"],"picked":"SKIP","floor":42.0},{"not_picked":["Poisoned Stab","Outmaneuver","Prepared"],"picked":"SKIP","floor":44.0},{"not_picked":["Heel Hook","Tactician+1","Cloak And Dagger"],"picked":"SKIP","floor":46.0},{"not_picked":["Backflip","Well Laid Plans","Caltrops"],"picked":"SKIP","floor":47.0},{"not_picked":["Wraith Form v2","Backstab+1","Masterful Stab"],"picked":"SKIP","floor":48.0},{"not_picked":["Bane+1","Expertise+1","Flying Knee"],"picked":"SKIP","floor":55}],"player_experience":1425571,"relics_obtained":[{"floor":9.0,"key":"Pen Nib"},{"floor":11.0,"key":"Centennial Puzzle"},{"floor":17.0,"key":"Oddly Smooth Stone"},{"floor":17.0,"key":"Ornamental Fan"},{"floor":17.0,"key":"Calipers"},{"floor":24.0,"key":"Bird Faced Urn"},{"floor":26.0,"key":"Shuriken"},{"floor":38.0,"key":"Turnip"},{"floor":42.0,"key":"Orichalcum"},{"floor":48.0,"key":"Blue Candle"},{"floor":55,"key":"Incense Burner"}],"event_choices":[{"damage_healed":0.0,"max_hp_gain":0.0,"max_hp_loss":0.0,"gold_gain":0.0,"event_name":"WeMeetAgain","player_choice":"Gave Potion","floor":3.0,"gold_loss":0.0,"damage_taken":0.0,"relics_obtained":["Kunai"]},{"cards_removed":["Strike_G"],"damage_healed":0.0,"max_hp_gain":0.0,"max_hp_loss":0.0,"gold_gain":0.0,"event_name":"Bonfire Elementals","player_choice":"Offered Basic","floor":10.0,"gold_loss":0.0,"damage_taken":0.0},{"damage_healed":0.0,"max_hp_gain":0.0,"max_hp_loss":0.0,"gold_gain":0.0,"event_name":"Accursed Blacksmith","player_choice":"Forge","floor":29.0,"gold_loss":0.0,"damage_taken":0.0,"cards_upgraded":["Accuracy"]},{"damage_healed":0.0,"max_hp_gain":0.0,"max_hp_loss":0.0,"gold_gain":0.0,"event_name":"Tomb of Lord Red Mask","player_choice":"Ignored","floor":36.0,"gold_loss":0.0,"damage_taken":0.0},{"damage_healed":0.0,"max_hp_gain":0.0,"max_hp_loss":0.0,"gold_gain":0.0,"event_name":"MindBloom","player_choice":"Fight","floor":38.0,"gold_loss":0.0,"damage_taken":0.0},{"damage_healed":0.0,"max_hp_gain":0.0,"max_hp_loss":0.0,"gold_gain":0.0,"cards_transformed":["Strike_G"],"event_name":"Transmorgrifier","player_choice":"Transformed","floor":41.0,"gold_loss":0.0,"damage_taken":0.0,"cards_obtained":["Wraith Form v2"]}],"is_beta":false,"boss_relics":[{"not_picked":["Runic Pyramid","Snecko Eye"],"picked":"Calling Bell"},{"not_picked":["SlaversCollar","Runic Dome"],"picked":"Cursed Key"}],"items_purged_floors":[20,28,54],"is_endless":false,"potions_floor_spawned":[2,11,14,16,22,27,30,37,42,46],"ascension_level":20}}