{"host":"3xls0xm49ftugio7","time":1611935524,"event":{"mods":["2.2 Compatiblity","A Magickal Journey","AchievementEnabler","Act Like it!","BaseMod","Bestiary","Colored Powertips","Downfall","GifTheSpireLib","Minty Spire (QoL Compilation)","Quick Restart","Relic Stats","StSLib","slay the spire mod where everything is the same but ironclad has a cowboy hat"],"gold_per_floor":[99,118,130,146,321,321,371,471,489,489,501,501,501,501],"floor_reached":12,"language":"ENG","playtime":421,"items_purged":[],"score":91,"play_id":"54436ad6-2804-4f69-9f52-10212e567f6f","local_time":"20210129175204","is_ascension_mode":true,"campfire_choices":[{"data":"sneckomod:TailWhip","floor":1,"key":"SMITH"},{"data":"sneckomod:ImprovisedAttack","floor":6,"key":"SMITH"}],"circlet_count":0,"master_deck":["sneckomod:Strike","sneckomod:Strike","sneckomod:Strike","sneckomod:Defend","sneckomod:Defend","sneckomod:Defend","sneckomod:TailWhip+1","sneckomod:SnekBite","sneckomod:Unknown","sneckomod:Unknown","sneckomod:Unknown0Cost","sneckomod:ImprovisedAttack+1","Doubt","sneckomod:SlitherStrike","Reprogram","sneckomod:Unknown3Cost"],"relics":["sneckomod:SneckoSoul","PreservedInsect"],"acts_visited":["Exordium"],"potions_floor_usage":[12,12],"damage_taken":[{"damage":7,"enemies":"2 Louse","floor":2,"turns":3},{"damage":5,"enemies":"Small Slimes","floor":3,"turns":3},{"damage":0,"enemies":"Cultist","floor":4,"turns":3},{"damage":11,"enemies":"Blue Slaver","floor":9,"turns":4},{"damage":33,"enemies":"Large Slime","floor":11,"turns":5},{"damage":38,"enemies":"Lagavulin","floor":12,"turns":5}],"seed_played":"-53847301056778235","potions_obtained":[{"floor":0,"key":"SteroidPotion"},{"floor":0,"key":"bronze:BurnAndBuffPotion"},{"floor":0,"key":"SneckoOil"},{"floor":3,"key":"sneckomod:DiceRollPotion"},{"floor":9,"key":"ColorlessPotion"}],"is_trial":false,"path_per_floor":["R","M","M","M","?","R","T","?","M","R","M","E"],"character_chosen":"THE_SNECKO","items_purchased":[],"campfire_rested":0,"item_purchase_floors":[],"current_hp_per_floor":[81,74,69,69,69,69,69,69,58,58,25,0,0,0],"gold":501,"neow_bonus":"THREE_SMALL_POTIONS","is_daily":false,"chose_seed":false,"campfire_upgraded":2,"win_rate":0.0,"timestamp":1611935524,"path_taken":["R","M","M","M","?","R","T","?","M","R","M","E"],"items_purchased_type":[],"build_version":"2020-12-22","purchased_purges":0,"victory":false,"max_hp_per_floor":[90,90,90,90,90,90,90,90,90,90,90,90,90,90],"relic_stats":{"counters":[6,23],"PreservedInsect":28,"obtain_stats":[{"PreservedInsect":7,"sneckomod:SneckoSoul":0},{"PreservedInsect":3,"sneckomod:SneckoSoul":0},{"PreservedInsect":9,"sneckomod:SneckoSoul":0}]},"card_choices":[{"not_picked":["sneckomod:UnknownBlock","sneckomod:UnknownDraw"],"picked":"sneckomod:UnknownDexterity","floor":2},{"not_picked":["sneckomod:Nope","sneckomod:UnknownStrength"],"picked":"sneckomod:Unknown0Cost","floor":3},{"not_picked":["sneckomod:SoulRoll","sneckomod:UnknownCommonAttack"],"picked":"sneckomod:ImprovisedAttack","floor":4},{"not_picked":["sneckomod:DiceBlock","sneckomod:WideSting"],"picked":"sneckomod:SlitherStrike","floor":9},{"not_picked":["sneckomod:Unknown1Cost","sneckomod:SoulDraw"],"picked":"sneckomod:Unknown3Cost","floor":11}],"player_experience":1017558,"relics_obtained":[{"floor":7,"key":"PreservedInsect"}],"event_choices":[],"is_beta":false,"boss_relics":[],"items_purged_floors":[],"is_endless":false,"potions_floor_spawned":[3,9,11],"killed_by":"Lagavulin","ascension_level":6}}