{"host":"o3b7ow6d1xe49css","time":1611903381,"event":{"mods":["Act Like it!","Aspiration","BaseMod","Bestiary","Better Altar","Better Match","Better Note","Better Sensory Stone","Better Skull","Better Third Choice","Colored Powertips","Conspire","Energized Spire","Force Act Four","GifTheSpireLib","Halation","Hermit","Hubris","Infinite Spire","Lobotomy","Minty Spire (QoL Compilation)","Quick Restart","Relic Filter Mod","Reliquary","Replay The Spire","Spicy Shops","Spikes Relics","Spire Arcade","StSLib","Stuff the Spire","The Blue Laboratory","Wandering Minibosses"],"gold_per_floor":[109,128,141,156,42,69,103,103,103,103,103,134,11,39,39,39,39],"floor_reached":16,"language":"ENG","playtime":570,"items_purged":["Strike_P"],"score":223,"play_id":"5e68ec61-6a0f-4d83-acb7-74f9ea115565","local_time":"20210128215621","daily_mods":["Heirloom","Flight"],"is_ascension_mode":true,"campfire_choices":[{"data":"1","floor":8,"key":"LIFT"},{"data":"2","floor":10,"key":"LIFT"},{"data":"CrushJoints","floor":15,"key":"SMITH"}],"circlet_count":0,"master_deck":["Strike_P","Strike_P","Strike_P","Defend_P","Defend_P","Defend_P","Defend_P","Eruption","Vigilance","UniverseFragment","FlurryOfBlows","BowlingBash","OldLady","DevaForm","Tantrum","Wallop","Scorched","CrushJoints+1"],"relics":["PureWater","Ring of Chaos","Peace Pipe","CogitoBucket","reliquary:PartyBalloon","Girya","halation:PinkSoulGem","BrokenLever","Rawhide"],"acts_visited":["Exordium"],"potions_floor_usage":[8,16],"damage_taken":[{"damage":7,"enemies":"Cultist","floor":1,"turns":3},{"damage":9,"enemies":"2 Louse","floor":2,"turns":4},{"damage":0,"enemies":"Jaw Worm","floor":3,"turns":4},{"damage":0,"enemies":"2 Fungi Beasts","floor":4,"turns":2},{"damage":32,"enemies":"Gremlin Nob","floor":6,"turns":3},{"damage":7,"enemies":"Lagavulin","floor":7,"turns":6},{"damage":0,"enemies":"3 Sentries","floor":12,"turns":2},{"damage":0,"enemies":"Gremlin Nob","floor":14,"turns":2},{"damage":22,"enemies":"The Guardian","floor":16,"turns":5}],"seed_played":"-5839031260079280274","potions_obtained":[{"floor":2,"key":"Doom Potion"},{"floor":6,"key":"blueLaboratory:ImpenetrablePotion"},{"floor":7,"key":"Fruit Juice"}],"is_trial":true,"path_per_floor":["M","M","M","M","$","E","E","R","T","R","?","E","$","E","R","B"],"character_chosen":"WATCHER","items_purchased":["Tantrum","Wallop","CrushJoints"],"campfire_rested":0,"item_purchase_floors":[5,5,13],"current_hp_per_floor":[65,56,56,56,56,24,17,22,22,22,22,22,22,22,22,0,0],"gold":39,"neow_bonus":"","is_daily":false,"chose_seed":false,"campfire_upgraded":1,"win_rate":0.0,"timestamp":1611903381,"path_taken":["M","M","M","M","?","E","E","R","T","R","?","E","$","E","R","BOSS"],"items_purchased_type":["Card","Card","Card"],"build_version":"2020-12-22","purchased_purges":1,"victory":false,"max_hp_per_floor":[72,72,72,72,72,72,72,77,77,77,77,77,77,77,77,77,77],"card_choices":[{"not_picked":["MHz","PunishingBird","QueenBee"],"picked":"Singing Bowl","floor":1},{"not_picked":["ReachHeaven","LikeWater","JustLucky"],"picked":"SKIP","floor":1},{"not_picked":["FairyFestival","OldLady"],"picked":"UniverseFragment","floor":2},{"not_picked":["CarveReality","Replay:Battleflow"],"picked":"FlurryOfBlows","floor":2},{"not_picked":["DespairKnight","CrumblingArmor","SpiderBud"],"picked":"Singing Bowl","floor":3},{"not_picked":["Evaluate","Protect"],"picked":"BowlingBash","floor":3},{"not_picked":["SnowQueen","FairyFestival","Funeral"],"picked":"Singing Bowl","floor":4},{"not_picked":["Murderer","LaLuna"],"picked":"OldLady","floor":4},{"not_picked":["Evaluate","ThirdEye"],"picked":"DevaForm","floor":4},{"not_picked":["HeroicMonk","LittlePrince","MeatLantern"],"picked":"Singing Bowl","floor":6},{"not_picked":["DevaForm","PathToVictory","Replay:ManipulateFuture"],"picked":"SKIP","floor":6},{"not_picked":["VoidDream","LittleHelper","Murderer"],"picked":"Singing Bowl","floor":7},{"not_picked":["CherryBlossoms","MeatLantern"],"picked":"Scorched","floor":7},{"not_picked":["Evaluate","Study","Perseverance"],"picked":"SKIP","floor":7},{"not_picked":["BigBadWolf","FieryBird","Wellcheers"],"picked":"Singing Bowl","floor":12},{"not_picked":["LessonLearned","Evaluate","Replay:BluntJabs"],"picked":"SKIP","floor":12},{"not_picked":["Yin","Murderer","Bloodbath"],"picked":"Singing Bowl","floor":14},{"not_picked":["EmptyBody","BowlingBash","Replay:LoomingThreat"],"picked":"SKIP","floor":14}],"player_experience":1881244,"relics_obtained":[{"floor":6,"key":"reliquary:PartyBalloon"},{"floor":7,"key":"Girya"},{"floor":12,"key":"BrokenLever"},{"floor":14,"key":"Rawhide"}],"event_choices":[],"is_beta":false,"boss_relics":[],"items_purged_floors":[13],"is_endless":false,"potions_floor_spawned":[2,6,7],"killed_by":"The Guardian","ascension_level":5}}