{"host":"l2y2hf5oty1xxg4a","time":1611899783,"event":{"mods":["BaseMod","Minty Spire (QoL Compilation)","Relic Stats","Slay-I"],"gold_per_floor":[113,132,145,163,177,177,204,204,204,204,230,250,276,303,303,398,398,412,426,125,135,149,180,180,279,327,327,360,360,393,444,444,549,549,563,575,148,168,168,168],"floor_reached":39,"language":"ENG","playtime":2174,"items_purged":["Strike_B","Sunder"],"score":484,"play_id":"1ecabc15-8352-478b-8e24-5f6c80a18c72","local_time":"20210128215623","is_ascension_mode":true,"campfire_choices":[{"floor":10,"key":"REST"},{"data":"Static Discharge","floor":15,"key":"SMITH"},{"data":"Echo Form","floor":27,"key":"SMITH"},{"data":"Biased Cognition","floor":29,"key":"SMITH"},{"floor":32,"key":"RECALL"}],"circlet_count":0,"master_deck":["Zap","Dualcast","Chill","Cold Snap","Self Repair","Defragment+1","Compile Driver","Sweeping Beam","Seek+1","Static Discharge+1","Leap","Biased Cognition+1","Capacitor","Conserve Battery","Echo Form+1","Core Surge","Thunder Strike","Beam Cell","Beam Cell","Aggregate","Reboot"],"relics":["Cracked Core","Gambling Chip","StoneCalendar","Incense Burner","Odd Mushroom","WingedGreaves","Busted Crown","Orrery","Omamori","War Paint","Vajra","MealTicket","Pandora\u0027s Box","Membership Card","Torii","Lantern"],"acts_visited":["Exordium","TheCity","TheBeyond"],"potions_floor_usage":[5,5,11,14,18,23,28,28,28,28,33,39],"damage_taken":[{"damage":8,"enemies":"2 Louse","floor":1,"turns":3},{"damage":4,"enemies":"Jaw Worm","floor":2,"turns":3},{"damage":0,"enemies":"Small Slimes","floor":3,"turns":3},{"damage":0,"enemies":"Exordium Wildlife","floor":4,"turns":3},{"damage":2,"enemies":"Looter","floor":5,"turns":3},{"damage":46,"enemies":"Gremlin Nob","floor":7,"turns":5},{"damage":16,"enemies":"3 Sentries","floor":11,"turns":6},{"damage":4,"enemies":"Blue Slaver","floor":12,"turns":5},{"damage":4,"enemies":"The Mushroom Lair","floor":13,"turns":3},{"damage":18,"enemies":"Lagavulin","floor":14,"turns":7},{"damage":1,"enemies":"Slime Boss","floor":16,"turns":7},{"damage":0,"enemies":"Shell Parasite","floor":18,"turns":5},{"damage":5,"enemies":"Chosen","floor":19,"turns":6},{"damage":7,"enemies":"Snecko","floor":21,"turns":4},{"damage":4,"enemies":"Centurion and Healer","floor":22,"turns":7},{"damage":17,"enemies":"Gremlin Leader","floor":23,"turns":6},{"damage":20,"enemies":"Slavers","floor":28,"turns":3},{"damage":13,"enemies":"Book of Stabbing","floor":30,"turns":5},{"damage":3,"enemies":"Collector","floor":33,"turns":7},{"damage":17,"enemies":"3 Darklings","floor":35,"turns":4},{"damage":7,"enemies":"3 Shapes","floor":36,"turns":5},{"damage":19,"enemies":"Jaw Worm Horde","floor":38,"turns":4},{"damage":78,"enemies":"2 Orb Walkers","floor":39,"turns":5}],"seed_played":"-6245074678085683967","potions_obtained":[{"floor":4,"key":"EntropicBrew"},{"floor":5,"key":"Dexterity Potion"},{"floor":12,"key":"EntropicBrew"},{"floor":14,"key":"GamblersBrew"},{"floor":16,"key":"FocusPotion"},{"floor":22,"key":"PowerPotion"},{"floor":23,"key":"SmokeBomb"},{"floor":33,"key":"Ancient Potion"},{"floor":35,"key":"AttackPotion"}],"is_trial":false,"path_per_floor":["M","M","M","M","M","?","E","?","T","R","E","M","?","E","R","B",null,"M","M","$","M","M","E","?","?","T","R","E","R","E","T","R","B",null,"M","M","$","M","?"],"character_chosen":"DEFECT","items_purchased":["Orrery","Capacitor","Membership Card","Torii","Lantern"],"campfire_rested":1,"item_purchase_floors":[20,20,37,37,37],"current_hp_per_floor":[67,63,63,70,75,75,36,29,29,51,42,45,48,37,37,36,75,75,75,75,75,75,65,65,65,65,65,52,52,46,46,46,50,75,65,65,75,63,0,0],"gold":168,"neow_bonus":"THREE_CARDS","is_daily":false,"chose_seed":false,"campfire_upgraded":3,"win_rate":0.0,"timestamp":1611899783,"path_taken":["M","M","M","M","M","?","E","?","T","R","E","M","?","E","R","BOSS","M","M","$","M","M","E","?","?","T","R","E","R","E","?","R","BOSS","M","M","$","M","?"],"items_purchased_type":["Relic","Card","Relic","Relic","Relic"],"build_version":"2020-12-22","purchased_purges":2,"victory":false,"max_hp_per_floor":[75,75,75,75,75,75,75,75,75,75,75,75,75,75,75,75,75,75,75,75,75,75,75,75,75,75,75,75,75,75,75,75,75,75,75,75,75,75,75,75],"relic_stats":{"Busted Crown":32,"Torii":0,"counters":[23,109],"Gambling Chip":[59],"StoneCalendar":[83],"MealTicket":10,"Pandora\u0027s Box":["Thunder Strike","Beam Cell","Sunder","Beam Cell","Aggregate","Reboot"],"War Paint":["Seek","Defend_B"],"obtain_stats":[{"Lantern":37,"Torii":37,"Vajra":30,"StoneCalendar":9,"Incense Burner":11,"Omamori":23,"Odd Mushroom":13,"War Paint":28,"Busted Crown":17,"Gambling Chip":7,"Orrery":20,"MealTicket":31,"Pandora\u0027s Box":34,"WingedGreaves":14,"Membership Card":37,"Cracked Core":0},{"Lantern":21,"Torii":21,"Vajra":18,"StoneCalendar":6,"Incense Burner":7,"Omamori":16,"Odd Mushroom":9,"War Paint":17,"Busted Crown":11,"Gambling Chip":6,"Orrery":13,"MealTicket":18,"Pandora\u0027s Box":19,"WingedGreaves":10,"Membership Card":21,"Cracked Core":0},{"Lantern":100,"Torii":100,"Vajra":84,"StoneCalendar":20,"Incense Burner":26,"Omamori":76,"Odd Mushroom":34,"War Paint":79,"Busted Crown":48,"Gambling Chip":20,"Orrery":59,"MealTicket":84,"Pandora\u0027s Box":91,"WingedGreaves":41,"Membership Card":100,"Cracked Core":0}]},"card_choices":[{"not_picked":["Hologram","Capacitor"],"picked":"Chill","floor":0},{"not_picked":["Barrage","Redo"],"picked":"Cold Snap","floor":1},{"not_picked":["Capacitor","Loop","Cold Snap"],"picked":"SKIP","floor":2},{"not_picked":["Gash","Capacitor"],"picked":"Self Repair","floor":3},{"not_picked":["Barrage","Chill"],"picked":"Defragment","floor":4},{"not_picked":["Rip and Tear","Genetic Algorithm"],"picked":"Compile Driver","floor":5},{"not_picked":["Gash","Streamline"],"picked":"Sweeping Beam","floor":7},{"not_picked":["Self Repair","Tempest"],"picked":"Seek","floor":11},{"not_picked":["Redo","Darkness"],"picked":"Static Discharge","floor":12},{"not_picked":["Hologram","Aggregate"],"picked":"Leap","floor":13},{"not_picked":["Force Field","Tempest","Cold Snap"],"picked":"SKIP","floor":14},{"not_picked":["Fission","All For One"],"picked":"Biased Cognition","floor":16},{"not_picked":["Cold Snap"],"picked":"SKIP","floor":18},{"not_picked":["Leap+1"],"picked":"SKIP","floor":19},{"not_picked":["Rip and Tear"],"picked":"SKIP","floor":21},{"not_picked":[],"picked":"Conserve Battery","floor":22},{"not_picked":["Leap"],"picked":"SKIP","floor":23},{"not_picked":["Steam"],"picked":"SKIP","floor":28},{"not_picked":["Force Field"],"picked":"SKIP","floor":30},{"not_picked":[],"picked":"Core Surge","floor":33},{"not_picked":["Sunder+1"],"picked":"SKIP","floor":35},{"not_picked":["Conserve Battery+1"],"picked":"SKIP","floor":36},{"not_picked":["Rebound+1"],"picked":"SKIP","floor":38}],"player_experience":780957,"relics_obtained":[{"floor":7,"key":"Gambling Chip"},{"floor":9,"key":"StoneCalendar"},{"floor":11,"key":"Incense Burner"},{"floor":13,"key":"Odd Mushroom"},{"floor":14,"key":"WingedGreaves"},{"floor":23,"key":"Omamori"},{"floor":28,"key":"War Paint"},{"floor":30,"key":"Vajra"},{"floor":31,"key":"MealTicket"}],"event_choices":[{"damage_healed":0,"gold_gain":0,"player_choice":"Grow","damage_taken":0,"max_hp_gain":0,"max_hp_loss":0,"event_name":"Living Wall","floor":6,"gold_loss":0,"cards_upgraded":["Defragment"]},{"cards_removed":["Strike_B"],"damage_healed":0,"gold_gain":0,"player_choice":"Card Removal","damage_taken":7,"max_hp_gain":0,"max_hp_loss":0,"event_name":"Golden Wing","floor":8,"gold_loss":0},{"damage_healed":0,"gold_gain":0,"player_choice":"Fought Mushrooms","damage_taken":0,"max_hp_gain":0,"max_hp_loss":0,"event_name":"Mushrooms","floor":13,"gold_loss":0},{"damage_healed":0,"gold_gain":0,"player_choice":"Read","damage_taken":0,"max_hp_gain":0,"max_hp_loss":0,"event_name":"The Library","floor":24,"gold_loss":0,"cards_obtained":["Echo Form"]},{"damage_healed":0,"gold_gain":99,"player_choice":"Stole From Cult","damage_taken":0,"max_hp_gain":0,"max_hp_loss":0,"event_name":"Nest","floor":25,"gold_loss":0},{"damage_healed":0,"gold_gain":0,"player_choice":"Fight","damage_taken":0,"max_hp_gain":0,"max_hp_loss":0,"event_name":"Mysterious Sphere","floor":39,"gold_loss":0}],"is_beta":false,"boss_relics":[{"not_picked":["Tiny House","Runic Pyramid"],"picked":"Busted Crown"},{"not_picked":["Black Star","Empty Cage"],"picked":"Pandora\u0027s Box"}],"items_purged_floors":[20,37],"is_endless":false,"potions_floor_spawned":[4,5,12,14,16,22,23,33,35],"killed_by":"2 Orb Walkers","ascension_level":1}}