{"host":"hbel9g7s7ibv8po6","time":1611918285,"event":{"mods":["Act Like it!","BaseMod","Minty Spire (QoL Compilation)","StSLib","The Animator"],"gold_per_floor":[126,301,318,176,176,196,96,127,127,127,152,152,165,179,179,292,292,302,212,212],"floor_reached":19,"language":"ENG","playtime":1141,"items_purged":["Doubt","animator:Strike"],"score":161,"play_id":"2902aa50-d506-4a4e-b208-a60a9f7e4e66","local_time":"20210129190445","is_ascension_mode":false,"campfire_choices":[{"data":"animator:DolaSchwi","floor":10,"key":"SMITH"},{"data":"animator:AcuraShin","floor":15,"key":"SMITH"}],"circlet_count":0,"master_deck":["animator:Strike_NoGameNoLife","animator:Defend_NoGameNoLife","animator:Strike","animator:Strike","animator:Defend","animator:Defend","animator:Defend","animator:DolaSchwi+1","animator:DolaCouronne","animator:IzunaHatsuse","animator:DolaRiku","animator:FielNirvalen","animator:ChaikaTrabant","animator:DolaStephanie","animator:KyokoSakura","animator:AcuraShin+1","animator:Jibril"],"relics":["animator:VividPicture","animator:TheMissingPiece","Anchor","Gremlin Horn","Gambling Chip","Philosopher\u0027s Stone"],"acts_visited":["Exordium","TheCity"],"potions_floor_usage":[16,16],"damage_taken":[{"damage":2.0,"enemies":"Small Slimes","floor":1.0,"turns":4.0},{"damage":1.0,"enemies":"Jaw Worm","floor":3.0,"turns":4.0},{"damage":0.0,"enemies":"2 Louse","floor":6.0,"turns":3.0},{"damage":8,"enemies":"Gremlin Gang","floor":8,"turns":4},{"damage":3,"enemies":"Exordium Thugs","floor":11,"turns":4},{"damage":0,"enemies":"2 Fungi Beasts","floor":13,"turns":3},{"damage":3,"enemies":"Exordium Wildlife","floor":14,"turns":3},{"damage":20,"enemies":"Slime Boss","floor":16,"turns":10},{"damage":8,"enemies":"Shell Parasite","floor":18,"turns":5},{"damage":46,"enemies":"2 Thieves","floor":19,"turns":3}],"seed_played":"9178631158848410650","potions_obtained":[{"floor":1.0,"key":"BlessingOfTheForge"},{"floor":8,"key":"SpeedPotion"},{"floor":13,"key":"SneckoOil"},{"floor":14,"key":"Explosive Potion"},{"floor":18,"key":"SteroidPotion"}],"is_trial":false,"path_per_floor":["M","?","M","$","?","M","$","M","T","R","M","?","M","M","R","B",null,"M","M"],"character_chosen":"THE_ANIMATOR","items_purchased":["animator:FielNirvalen"],"campfire_rested":0,"item_purchase_floors":[4],"current_hp_per_floor":[64,64,64,64,57,57,57,49,49,49,46,46,46,43,43,23,67,60,0,0],"gold":212,"neow_bonus":"RANDOM_COMMON_RELIC","is_daily":false,"chose_seed":false,"campfire_upgraded":2,"win_rate":0.0,"timestamp":1611918285,"path_taken":["M","?","M","$","?","M","$","M","T","R","?","?","M","M","R","BOSS","M","?"],"items_purchased_type":["Card"],"build_version":"2020-12-22","purchased_purges":2,"victory":false,"max_hp_per_floor":[66,66,67,67,67,67,67,67,67,67,67,67,67,67,67,67,67,68,34,34],"card_choices":[{"not_picked":["animator:Archer","animator:Kuribayashi"],"picked":"animator:IzunaHatsuse","floor":1.0},{"not_picked":["animator:ElricEdward","animator:DolaCouronne"],"picked":"animator:DolaRiku","floor":3.0},{"not_picked":["animator:Darkness","animator:Kuribayashi"],"picked":"animator:ChaikaTrabant","floor":6.0},{"not_picked":["animator:DolaSchwi","animator:Jibril"],"picked":"animator:DolaStephanie","floor":8},{"not_picked":["animator:ChaikaBohdan","animator:SakuraMatou"],"picked":"animator:KyokoSakura","floor":11},{"not_picked":["animator:Gillette","animator:Sloth"],"picked":"animator:AcuraShin","floor":13},{"not_picked":["animator:Aqua","animator:Guy","animator:Bozes"],"picked":"SKIP","floor":14},{"not_picked":["animator:Shiro","animator:Kyubey"],"picked":"animator:Father","floor":16},{"not_picked":["animator:DolaSchwi","animator:DolaCouronne"],"picked":"animator:Jibril","floor":18}],"player_experience":110352,"relics_obtained":[{"floor":9,"key":"Gambling Chip"}],"event_choices":[{"damage_healed":0.0,"max_hp_gain":0.0,"max_hp_loss":0.0,"gold_gain":175.0,"event_name":"Liars Game","player_choice":"AGREE","floor":2.0,"gold_loss":0.0,"damage_taken":0.0,"cards_obtained":["Doubt"]},{"damage_healed":0.0,"max_hp_gain":0.0,"max_hp_loss":0.0,"gold_gain":0.0,"event_name":"Scrap Ooze","player_choice":"Success","floor":5.0,"gold_loss":0.0,"damage_taken":7.0,"relics_obtained":["Gremlin Horn"]},{"damage_healed":0,"gold_gain":0,"player_choice":"Ignored","damage_taken":0,"max_hp_gain":0,"max_hp_loss":0,"event_name":"NoteForYourself","floor":12,"gold_loss":0}],"is_beta":false,"boss_relics":[{"not_picked":["SlaversCollar","animator:HolyGrailRelic"],"picked":"animator:VividPicture"}],"items_purged_floors":[4,7],"is_endless":false,"potions_floor_spawned":[1,8,13,14,18],"killed_by":"2 Thieves","ascension_level":0}}