{"host":"4qjmhxq9d28zn88n","time":1611890180,"event":{"mods":["A Magickal Journey","BaseMod","Energized Spire","Minty Spire (QoL Compilation)","Permanent Neow","Quick Restart","StSLib","The Servant 0.9.4"],"gold_per_floor":[116,116,24,47,67,67,86,86,86,106,123,123,123,136,136,236,236,254,254,269,269,269],"floor_reached":21,"language":"ENG","playtime":1750,"items_purged":[],"score":171,"play_id":"e9a70c17-f5d5-4820-b21d-2111ed3e966a","local_time":"20210129141620","is_ascension_mode":false,"campfire_choices":[{"floor":6.0,"key":"RECALL"},{"floor":12.0,"key":"REST"},{"floor":15.0,"key":"REST"}],"circlet_count":0,"master_deck":["Strike_P","Strike_P","Strike_P","Strike_P","Defend_P","Defend_P","Defend_P","Defend_P","Eruption","Vigilance","Vault","Protect","ReachHeaven","ThirdEye","LikeWater","JustLucky","PathToVictory","Establishment","JustLucky","DeusExMachina","Crescendo+1","PathToVictory+1"],"relics":["HolyWater","Nloth\u0027s Gift"],"acts_visited":[],"potions_floor_usage":[],"damage_taken":[{"damage":0.0,"enemies":"2 Louse","floor":1.0,"turns":2.0},{"damage":6.0,"enemies":"Cultist","floor":5.0,"turns":4.0},{"damage":14.0,"enemies":"Jaw Worm","floor":7.0,"turns":2.0},{"damage":44.0,"enemies":"Gremlin Gang","floor":10.0,"turns":5.0},{"damage":0.0,"enemies":"Exordium Thugs","floor":11.0,"turns":6.0},{"damage":6.0,"enemies":"Lots of Slimes","floor":14.0,"turns":4.0},{"damage":13.0,"enemies":"Slime Boss","floor":16.0,"turns":11.0},{"damage":27.0,"enemies":"Shell Parasite","floor":18.0,"turns":5.0},{"damage":21.0,"enemies":"3 Byrds","floor":20.0,"turns":8.0},{"damage":17,"enemies":"Sentry and Sphere","floor":21,"turns":4}],"seed_played":"5275957201918312765","potions_obtained":[{"floor":2.0,"key":"PowerPotion"},{"floor":2.0,"key":"ColorlessPotion"},{"floor":2.0,"key":"StancePotion"},{"floor":11.0,"key":"EntropicBrew"},{"floor":16.0,"key":"GamblersBrew"}],"is_trial":false,"path_per_floor":["M","?","$","T","M","R","M","?","T","M","M","R","?","M","R","B",null,"M","?","M","M"],"character_chosen":"WATCHER","items_purchased":["ReachHeaven","ThirdEye"],"campfire_rested":2,"item_purchase_floors":[3,3],"current_hp_per_floor":[72,72,72,72,66,66,52,52,52,8,8,29,29,23,44,31,72,45,45,24,7,7],"gold":269,"neow_bonus":"ONE_RANDOM_RARE_CARD","is_daily":false,"chose_seed":false,"campfire_upgraded":0,"win_rate":0.0,"timestamp":1611890180,"path_taken":["M","?","?","?","M","R","?","?","T","?","M","R","?","M","R","BOSS","M","?","?","M"],"items_purchased_type":["Card","Card"],"build_version":"2020-12-22","purchased_purges":0,"victory":false,"max_hp_per_floor":[72,72,72,72,72,72,72,72,72,72,72,72,72,72,72,72,72,72,72,72,72,72],"card_choices":[{"not_picked":["Halt","SashWhip"],"picked":"Protect","floor":1.0},{"not_picked":["Vengeance","FollowUp"],"picked":"LikeWater","floor":5.0},{"not_picked":["ThirdEye","Tantrum"],"picked":"JustLucky","floor":7.0},{"not_picked":["CrushJoints","SashWhip"],"picked":"PathToVictory","floor":10.0},{"not_picked":["EmptyBody","SashWhip"],"picked":"Establishment","floor":11.0},{"not_picked":["ClearTheMind","Protect"],"picked":"JustLucky","floor":14.0},{"not_picked":["Brilliance","Establishment"],"picked":"DeusExMachina","floor":16.0},{"not_picked":["Collect","CutThroughFate"],"picked":"Crescendo+1","floor":18.0},{"not_picked":["BowlingBash","CutThroughFate"],"picked":"PathToVictory+1","floor":20.0}],"player_experience":24287,"relics_obtained":[{"floor":9.0,"key":"Darkstone Periapt"}],"event_choices":[{"damage_healed":0.0,"max_hp_gain":0.0,"max_hp_loss":0.0,"gold_gain":0.0,"event_name":"Lab","player_choice":"Got Potions","floor":2.0,"gold_loss":0.0,"damage_taken":0.0},{"damage_healed":0.0,"max_hp_gain":0.0,"max_hp_loss":0.0,"gold_gain":0.0,"event_name":"The Woman in Blue","player_choice":"Bought 0 Potions","floor":8.0,"gold_loss":0.0,"damage_taken":0.0},{"damage_healed":0.0,"max_hp_gain":0.0,"max_hp_loss":0.0,"gold_gain":0.0,"event_name":"Shining Light","player_choice":"Ignored","floor":13.0,"gold_loss":0.0,"damage_taken":0.0},{"damage_healed":0.0,"max_hp_gain":0.0,"max_hp_loss":0.0,"gold_gain":0.0,"event_name":"N\u0027loth","player_choice":"Traded Relic","floor":19.0,"relics_lost":["Darkstone Periapt"],"gold_loss":0.0,"damage_taken":0.0,"relics_obtained":["Nloth\u0027s Gift"]}],"is_beta":false,"boss_relics":[{"not_picked":["Sozu","Philosopher\u0027s Stone"],"picked":"HolyWater"}],"items_purged_floors":[],"is_endless":false,"potions_floor_spawned":[5,11,16],"killed_by":"Sentry and Sphere","ascension_level":0}}