{"host":"u0qetpmu4y58k1tf","time":1611928414,"event":{"mods":["AchievementEnabler","BaseMod","Colored Map","Colored Powertips","Hermit","Marisa£¨Ùöéë¡¡Øª×âÞÞ£©","Minty Spire (QoL Compilation)","Replay The Spire","StSLib","SuperFastMode","The Bug Knight","The Cursed","The Hierophant","The Runesmith"],"gold_per_floor":[112,45,45,45,63,90,105,133,133,42,42,252,281,294,294,394,394,411,411,411,510,527,527,527],"floor_reached":23,"language":"KOR","playtime":615,"items_purged":[],"score":284,"play_id":"4353643e-2457-48da-af63-524eb1040071","local_time":"20210129225334","is_ascension_mode":true,"campfire_choices":[{"data":"ReplayTheSpireMod:Muscle Training","floor":11,"key":"SMITH"},{"data":"Disarm","floor":15,"key":"SMITH"}],"circlet_count":0,"master_deck":["Strike_R","Strike_R","Strike_R","Strike_R","Defend_R","Defend_R","Defend_R","Bash","Disarm+1","Bludgeon","Uppercut","Warcry","ReplayTheSpireMod:Muscle Training+1","Forethought","Replay:Undeath\u0027s Touch","Flex","ReplayTheSpireMod:Strike From Hell","Berserk","Flex","Flex"],"relics":["Burning Blood","NeowsBlessing","Prayer Wheel","Durian","StoneCalendar","Odd Mushroom","Black Star"],"acts_visited":["Exordium","TheCity"],"potions_floor_usage":[8,8,16],"damage_taken":[{"damage":0,"enemies":"Small Slimes","floor":1,"turns":1},{"damage":0,"enemies":"Cultist","floor":5,"turns":1},{"damage":0,"enemies":"Lagavulin","floor":6,"turns":1},{"damage":18,"enemies":"2 Louse","floor":7,"turns":3},{"damage":12,"enemies":"Gremlin Nob","floor":8,"turns":1},{"damage":30,"enemies":"The Mushroom Lair","floor":13,"turns":4},{"damage":6,"enemies":"Looter","floor":14,"turns":3},{"damage":4,"enemies":"Hexaghost","floor":16,"turns":10},{"damage":41,"enemies":"Spheric Guardian","floor":18,"turns":6},{"damage":21,"enemies":"Chosen","floor":22,"turns":5},{"damage":25,"enemies":"Gremlin Leader","floor":23,"turns":2}],"seed_played":"2675699560334505307","potions_obtained":[{"floor":6,"key":"Death Potion"},{"floor":7,"key":"Toxic Potion"},{"floor":8,"key":"ColorlessPotion"}],"is_trial":false,"path_per_floor":["M","$","?","$","M","E","M","E","T","$","R","?","?","M","R","B",null,"M","?","?","?","M","E"],"character_chosen":"IRONCLAD","items_purchased":["Bludgeon","Forethought"],"campfire_rested":0,"item_purchase_floors":[2,10],"current_hp_per_floor":[80,80,80,80,80,80,68,67,67,67,67,46,22,22,22,24,85,50,50,34,34,19,0,0],"gold":527,"neow_bonus":"THREE_ENEMY_KILL","is_daily":false,"chose_seed":false,"campfire_upgraded":2,"win_rate":0.0,"timestamp":1611928414,"path_taken":["M","$","?","$","?","E","M","E","T","?","R","?","?","M","R","BOSS","M","?","?","?","?","E"],"items_purchased_type":["Card","Card"],"build_version":"2020-12-22","purchased_purges":0,"victory":false,"max_hp_per_floor":[80,80,80,80,80,80,80,85,85,85,85,85,85,85,85,85,85,85,85,90,90,90,90,90],"card_choices":[{"not_picked":["Pommel Strike","Flame Barrier"],"picked":"Disarm","floor":1},{"not_picked":["Wild Strike","Second Wind","ReplayReversal"],"picked":"SKIP","floor":5},{"not_picked":["Wild Strike","Anger","Shrug It Off"],"picked":"SKIP","floor":6},{"not_picked":["Replay:Undeath\u0027s Touch","True Grit"],"picked":"Warcry","floor":7},{"not_picked":["Body Slam","Thunderclap","Shrug It Off"],"picked":"SKIP","floor":7},{"not_picked":["Shrug It Off","Evolve"],"picked":"ReplayTheSpireMod:Muscle Training","floor":8},{"not_picked":["Wild Strike","Heavy Blade"],"picked":"Replay:Undeath\u0027s Touch","floor":12},{"not_picked":["Dual Wield","Combust"],"picked":"Flex","floor":13},{"not_picked":["Bloodletting","Hemokinesis"],"picked":"ReplayTheSpireMod:Strike From Hell","floor":14},{"not_picked":["Perfected Strike","Sever Soul","Heavy Blade"],"picked":"SKIP","floor":14},{"not_picked":["Double Tap","Demon Form"],"picked":"Berserk","floor":16},{"not_picked":["Metallicize","Body Slam+1"],"picked":"Flex","floor":18},{"not_picked":["Body Slam+1","Anger","Iron Wave"],"picked":"SKIP","floor":18},{"not_picked":["Iron Wave","Perfected Strike"],"picked":"Flex","floor":22},{"not_picked":["Anger","Pummel+1","ReplayReversal+1"],"picked":"SKIP","floor":22}],"player_experience":61088,"relics_obtained":[{"floor":6,"key":"Prayer Wheel"},{"floor":8,"key":"Durian"},{"floor":9,"key":"StoneCalendar"},{"floor":13,"key":"Odd Mushroom"}],"event_choices":[{"damage_healed":0,"gold_gain":0,"cards_transformed":["Strike_R"],"player_choice":"Transformed","damage_taken":0,"max_hp_gain":0,"max_hp_loss":0,"event_name":"Transmorgrifier","floor":3,"gold_loss":0,"cards_obtained":["Uppercut"]},{"damage_healed":0,"gold_gain":0,"player_choice":"Fought Mushrooms","damage_taken":0,"max_hp_gain":0,"max_hp_loss":0,"event_name":"Mushrooms","floor":13,"gold_loss":0},{"cards_removed":["Defend_R"],"damage_healed":0,"gold_gain":0,"player_choice":"Elegance","damage_taken":0,"max_hp_gain":0,"max_hp_loss":0,"event_name":"Back to Basics","floor":19,"gold_loss":0},{"damage_healed":0,"gold_gain":0,"player_choice":"Shed Blood","damage_taken":21,"max_hp_gain":5,"max_hp_loss":0,"event_name":"Forgotten Altar","floor":20,"gold_loss":0},{"damage_healed":0,"gold_gain":99,"player_choice":"Stole From Cult","damage_taken":0,"max_hp_gain":0,"max_hp_loss":0,"event_name":"Nest","floor":21,"gold_loss":0}],"is_beta":false,"boss_relics":[{"not_picked":["SlaversCollar","Sozu"],"picked":"Black Star"}],"items_purged_floors":[],"is_endless":false,"potions_floor_spawned":[6,7,8],"killed_by":"Gremlin Leader","ascension_level":3}}