{"host":"l4kdldlios54gl54","time":1611893879,"event":{"mods":["AchievementEnabler","BaseMod","Colored Map","Colored Powertips","Minty Spire (QoL Compilation)","Random Character Button"],"gold_per_floor":[117,137,147,147,2,31,31,31,31,45,45,45,45,64,64,137,137,150,24,39,56,56,56,71,71,71,71,71],"floor_reached":27,"language":"ENG","playtime":1355,"items_purged":["Strike_R"],"score":426,"play_id":"3b44c08e-ab52-4bd1-b8f0-867bc43cb674","local_time":"20210129051759","is_ascension_mode":true,"campfire_choices":[{"data":"1","floor":8,"key":"LIFT"},{"data":"2","floor":13,"key":"LIFT"},{"floor":15,"key":"REST"},{"data":"3","floor":23,"key":"LIFT"}],"circlet_count":0,"master_deck":["AscendersBane","Strike_R+1","Strike_R+1","Strike_R+1","Defend_R+1","Defend_R+1","Defend_R+1","Defend_R+1","Bash","True Grit","Second Wind","Headbutt","Warcry","Rampage","Intimidate","Feel No Pain","Feed","Warcry","Clumsy"],"relics":["Burning Blood","Dead Branch","Girya","Pocketwatch","Cursed Key","Toxic Egg 2"],"acts_visited":["Exordium","TheCity"],"potions_floor_usage":[6,10,18,24,27],"damage_taken":[{"damage":14,"enemies":"2 Louse","floor":1,"turns":3},{"damage":6,"enemies":"Small Slimes","floor":2,"turns":3},{"damage":0,"enemies":"Jaw Worm","floor":3,"turns":5},{"damage":39,"enemies":"3 Sentries","floor":6,"turns":8},{"damage":7,"enemies":"Large Slime","floor":10,"turns":7},{"damage":1,"enemies":"2 Fungi Beasts","floor":14,"turns":3},{"damage":12,"enemies":"The Guardian","floor":16,"turns":8},{"damage":25,"enemies":"3 Byrds","floor":18,"turns":5},{"damage":16,"enemies":"Spheric Guardian","floor":20,"turns":4},{"damage":6,"enemies":"Centurion and Healer","floor":21,"turns":6},{"damage":25,"enemies":"Snake Plant","floor":24,"turns":5},{"damage":43,"enemies":"Slavers","floor":27,"turns":4}],"seed_played":"7180643077952764411","potions_obtained":[{"floor":3,"key":"AttackPotion"},{"floor":6,"key":"ColorlessPotion"},{"floor":14,"key":"ElixirPotion"},{"floor":20,"key":"Weak Potion"},{"floor":21,"key":"Ancient Potion"}],"is_trial":false,"path_per_floor":["M","M","M","?","$","E","?","R","T","M","?","$","R","M","R","B",null,"M","$","M","M","$","R","M","?","T","E"],"character_chosen":"IRONCLAD","items_purchased":["Warcry","Rampage","Warcry"],"campfire_rested":1,"item_purchase_floors":[5,5,19],"current_hp_per_floor":[60,60,66,71,71,38,38,38,38,37,30,30,30,35,56,50,67,48,48,38,42,42,42,26,26,26,0,0],"gold":71,"neow_bonus":"ONE_RARE_RELIC","is_daily":false,"chose_seed":false,"campfire_upgraded":0,"win_rate":0.0,"timestamp":1611893879,"path_taken":["M","M","M","?","$","E","?","R","T","M","?","$","R","M","R","BOSS","M","$","M","M","$","R","M","?","T","E"],"items_purchased_type":["Card","Card","Card"],"build_version":"2020-12-22","purchased_purges":1,"victory":false,"max_hp_per_floor":[68,68,68,73,73,73,73,73,73,73,73,73,73,73,73,73,73,73,73,73,77,77,77,80,80,80,83,83],"card_choices":[{"not_picked":["Clothesline","Blood for Blood"],"picked":"True Grit","floor":1},{"not_picked":["Flame Barrier","Thunderclap"],"picked":"Second Wind","floor":2},{"not_picked":["Blood for Blood","Searing Blow"],"picked":"Headbutt","floor":3},{"not_picked":["Second Wind","Pommel Strike","Clash"],"picked":"SKIP","floor":6},{"not_picked":["Sword Boomerang","Twin Strike"],"picked":"Intimidate","floor":10},{"not_picked":["Dark Embrace","Flame Barrier"],"picked":"Feel No Pain","floor":14},{"not_picked":["Immolate","Brutality"],"picked":"Feed","floor":16},{"not_picked":["Iron Wave","Twin Strike","Clash"],"picked":"SKIP","floor":18},{"not_picked":["True Grit","Twin Strike","Dark Embrace"],"picked":"SKIP","floor":20},{"not_picked":["Headbutt","Armaments+1","Juggernaut"],"picked":"SKIP","floor":21},{"not_picked":["Iron Wave","Uppercut+1","Hemokinesis"],"picked":"SKIP","floor":24}],"player_experience":895495,"relics_obtained":[{"floor":6,"key":"Girya"},{"floor":9,"key":"Pocketwatch"},{"floor":26,"key":"Toxic Egg 2"}],"event_choices":[{"damage_healed":0,"gold_gain":0,"player_choice":"Donut","damage_taken":0,"max_hp_gain":5,"max_hp_loss":0,"event_name":"Big Fish","floor":4,"gold_loss":0},{"damage_healed":0,"gold_gain":0,"player_choice":"Ignored","damage_taken":0,"max_hp_gain":0,"max_hp_loss":0,"event_name":"Shining Light","floor":7,"gold_loss":0},{"cards_removed":["Strike_R"],"damage_healed":0,"gold_gain":0,"player_choice":"Card Removal","damage_taken":7,"max_hp_gain":0,"max_hp_loss":0,"event_name":"Golden Wing","floor":11,"gold_loss":0},{"damage_healed":0,"gold_gain":0,"player_choice":"Simplicity","damage_taken":0,"max_hp_gain":0,"max_hp_loss":0,"event_name":"Back to Basics","floor":25,"gold_loss":0,"cards_upgraded":["Strike_R","Strike_R","Strike_R","Defend_R","Defend_R","Defend_R","Defend_R"]}],"is_beta":false,"boss_relics":[{"not_picked":["Pandora\u0027s Box","Velvet Choker"],"picked":"Cursed Key"}],"items_purged_floors":[19],"is_endless":false,"potions_floor_spawned":[3,6,14,20,21],"killed_by":"Slavers","ascension_level":20}}