{"host":"xkmvu47k9fdstweo","time":1611879098,"event":{"mods":["BaseMod","Colored Map","Conspire","HololiveMod","Hubris","Minty Spire (QoL Compilation)","Quick Restart","Shop Mod","StSLib"],"gold_per_floor":[77,57,68,82,93,124,107,134,161,195,195,195,230,248,248,343,343,360,48,48,80,80,80,128,128,153,78,78,78,89,102,102,201,201,219,234,71,71,71],"floor_reached":38,"language":"ENG","playtime":969,"items_purged":[],"score":718,"play_id":"ef845a3e-7de1-42e8-ac75-94a55a635521","local_time":"20210128191138","is_ascension_mode":true,"campfire_choices":[{"data":"Hololive_CallShishiroBotan","floor":12,"key":"SMITH"},{"data":"Hololive_CallManoAloe","floor":15,"key":"SMITH"},{"data":"Hololive_CallRoboco","floor":23,"key":"SMITH"},{"data":"Hololive_SummonFox","floor":28,"key":"SMITH"},{"data":"Hololive_CallHoushouMarine","floor":32,"key":"SMITH"}],"circlet_count":0,"master_deck":["Hololive_Strike","Hololive_Strike","Hololive_Defend","Hololive_Defend","Hololive_Sequa+1","Hololive_CallOzoraSubaru","Hololive_CallRoboco+1","Hololive_CallDoris+1","Hololive_CallOkamiMio","Hololive_ASMR+1","Hololive_CallShishiroBotan+1","Hololive_CallHoushouMarine+1","Hololive_Breathe","Hololive_Psychosis","Hololive_DurableLive","Hololive_CallNatsuiroMatsuri","Hololive_IdolExercise","Hololive_CallAmaneKanata","Hololive_CallMomosuzuNene+7","Hololive_CallManoAloe+1","Hololive_IdolExercise","Hololive_CallMinatoAqua","Hololive_SummonFox+1","Hololive_CallShishiroBotan","Hololive_CallKiryuuCoco","Hololive_CallYuzukiChoco","Hololive_Breathe","Hololive_Nanodesu","Hololive_CallTokoyamiTowa+1","Hololive_CallMoonaHoshinova","Hololive_MaximGun"],"relics":["Hololive_TheStar","Calipers","hubris:TenFootPole","Juzu Bracelet","MealTicket","Orichalcum","Sozu","Hololive_FriedShrimpLion","Bag of Preparation","Whetstone","hubris:SphereOfDissonance","Omamori","Runic Pyramid"],"acts_visited":["Exordium","TheCity","TheBeyond"],"potions_floor_usage":[3,7,7,16,24],"damage_taken":[{"damage":0,"enemies":"Jaw Worm","floor":1,"turns":3},{"damage":0,"enemies":"Cultist","floor":3,"turns":3},{"damage":0,"enemies":"2 Louse","floor":4,"turns":2},{"damage":0,"enemies":"Lots of Slimes","floor":5,"turns":3},{"damage":0,"enemies":"Lagavulin","floor":6,"turns":4},{"damage":2,"enemies":"Exordium Thugs","floor":7,"turns":4},{"damage":0,"enemies":"3 Sentries","floor":8,"turns":4},{"damage":0,"enemies":"Lagavulin","floor":10,"turns":3},{"damage":0,"enemies":"Gremlin Nob","floor":13,"turns":4},{"damage":6,"enemies":"Exordium Wildlife","floor":14,"turns":4},{"damage":0,"enemies":"The Guardian","floor":16,"turns":5},{"damage":0,"enemies":"3 Byrds","floor":18,"turns":4},{"damage":0,"enemies":"Spheric Guardian","floor":21,"turns":3},{"damage":7,"enemies":"Slavers","floor":24,"turns":6},{"damage":0,"enemies":"Snecko","floor":30,"turns":2},{"damage":0,"enemies":"Cultist and Chosen","floor":31,"turns":4},{"damage":0,"enemies":"conspire:MysteriousRune","floor":33,"turns":6},{"damage":0,"enemies":"Orb Walker","floor":35,"turns":2},{"damage":0,"enemies":"3 Darklings","floor":36,"turns":2},{"damage":49,"enemies":"4 Shapes","floor":38,"turns":3}],"seed_played":"6164754215594288104","potions_obtained":[{"floor":1,"key":"FearPotion"},{"floor":2,"key":"Fruit Juice"},{"floor":5,"key":"SkillPotion"},{"floor":6,"key":"Swift Potion"},{"floor":14,"key":"Weak Potion"}],"is_trial":false,"path_per_floor":["M","?","M","M","M","E","M","E","T","E","?","R","E","M","R","B",null,"M","$","?","M","?","R","E","T","T","$","R","?","M","M","R","B",null,"M","M","$","M"],"character_chosen":"Hololive_HololiveCharacter","items_purchased":["Hololive_FriedShrimpLion","Bag of Preparation","Hololive_CallKiryuuCoco","Hololive_MaximGun"],"campfire_rested":0,"item_purchase_floors":[19,19,27,37],"current_hp_per_floor":[35,35,40,40,40,40,38,38,38,38,38,38,38,32,32,32,40,40,40,40,40,40,40,33,33,33,45,45,45,45,45,45,45,45,45,45,45,0,0],"gold":71,"neow_bonus":"TRANSFORM_CARD","is_daily":false,"chose_seed":false,"campfire_upgraded":5,"win_rate":0.0,"timestamp":1611879098,"path_taken":["M","?","M","M","?","E","M","E","T","E","?","R","E","M","R","BOSS","M","$","?","M","?","R","E","?","T","$","R","?","M","M","R","BOSS","M","M","$","M"],"items_purchased_type":["Relic","Relic","Card","Card"],"build_version":"2020-12-22","purchased_purges":0,"victory":false,"max_hp_per_floor":[35,35,40,40,40,40,40,40,40,40,40,40,40,40,40,40,40,40,40,40,40,45,45,45,45,45,45,45,45,45,45,45,45,45,45,45,45,45,45],"card_choices":[{"not_picked":["Hololive_OvertimeWork","Hololive_HuntDinosaur","Hololive_Breathe"],"picked":"Hololive_CallShishiroBotan","floor":1},{"not_picked":["Hololive_RevenueBasedLive","Hololive_LuckPotion","Hololive_Psychosis"],"picked":"Hololive_CallHoushouMarine","floor":3},{"not_picked":["Hololive_CallOzoraSubaru","Hololive_Rebound","Hololive_Drill"],"picked":"Hololive_Breathe","floor":4},{"not_picked":["Hololive_Sequa","Hololive_Drill","Hololive_CallOzoraSubaru"],"picked":"Hololive_Psychosis","floor":5},{"not_picked":["Hololive_CandyCastle","Hololive_Breathe","Hololive_SummonFox"],"picked":"Hololive_DurableLive","floor":6},{"not_picked":["Hololive_Psychosis","Hololive_StrengthChampion","Hololive_Breathe"],"picked":"Hololive_CallNatsuiroMatsuri","floor":7},{"not_picked":["Hololive_CocoNews","Hololive_LuckPotion","Hololive_FlyingPonyTail"],"picked":"Hololive_IdolExercise","floor":8},{"not_picked":["Hololive_StarCraft","Hololive_CocoNews","Hololive_StrengthChampion"],"picked":"Hololive_CallAmaneKanata","floor":10},{"not_picked":["Hololive_CallAmaneKanata","Hololive_CallMoonaHoshinova","Hololive_Trident"],"picked":"Hololive_CallMomosuzuNene","floor":13},{"not_picked":["Hololive_CocoNews","Hololive_Trident","Hololive_Sequa"],"picked":"Hololive_CallManoAloe","floor":14},{"not_picked":["Hololive_ASMR","Hololive_Recruit","Hololive_StarCraft"],"picked":"Hololive_IdolExercise","floor":16},{"not_picked":["Hololive_Trident+1","Hololive_RevenueBasedLive+1","Hololive_CallFriendA"],"picked":"Hololive_CallMinatoAqua","floor":18},{"not_picked":["Hololive_Trident","Hololive_Drill","Hololive_CallRoboco+1"],"picked":"Hololive_SummonFox","floor":21},{"not_picked":["Hololive_HuntDinosaur","Hololive_Rebound","Hololive_Sequa"],"picked":"Hololive_CallShishiroBotan","floor":24},{"not_picked":["Hololive_LuckPotion","Hololive_CallDoris","Hololive_MaximGun"],"picked":"Hololive_CallYuzukiChoco","floor":30},{"not_picked":["Hololive_LuckPotion","Hololive_CallRoboco","Hololive_Psychosis+1"],"picked":"Hololive_Breathe","floor":31},{"not_picked":["Hololive_HighAtkLowDef","Hololive_ASMR","Hololive_DiamondStrike"],"picked":"Hololive_Nanodesu","floor":33},{"not_picked":["Hololive_Psychosis","Hololive_HuntDinosaur+1","Hololive_StrengthChampion+1"],"picked":"Hololive_CallTokoyamiTowa+1","floor":35},{"not_picked":["Hololive_Trident+1","Hololive_CallArtia+1","Hololive_Sequa"],"picked":"Hololive_CallMoonaHoshinova","floor":36}],"player_experience":317340,"relics_obtained":[{"floor":6,"key":"Calipers"},{"floor":8,"key":"hubris:TenFootPole"},{"floor":9,"key":"Juzu Bracelet"},{"floor":10,"key":"MealTicket"},{"floor":13,"key":"Orichalcum"},{"floor":24,"key":"Whetstone"},{"floor":25,"key":"hubris:SphereOfDissonance"},{"floor":26,"key":"Omamori"}],"event_choices":[{"damage_healed":0,"gold_gain":0,"player_choice":"Bought 1 Potion","damage_taken":0,"max_hp_gain":0,"max_hp_loss":0,"event_name":"The Woman in Blue","floor":2,"gold_loss":0},{"damage_healed":0,"gold_gain":0,"player_choice":"Forge","damage_taken":0,"max_hp_gain":0,"max_hp_loss":0,"event_name":"Accursed Blacksmith","floor":11,"gold_loss":0,"cards_upgraded":["Hololive_CallDoris"]},{"damage_healed":0,"gold_gain":0,"player_choice":"Full Heal","damage_taken":0,"max_hp_gain":0,"max_hp_loss":0,"event_name":"Wheel of Change","floor":20,"gold_loss":0},{"damage_healed":0,"gold_gain":0,"player_choice":"Shed Blood","damage_taken":10,"max_hp_gain":5,"max_hp_loss":0,"event_name":"Forgotten Altar","floor":22,"gold_loss":0},{"damage_healed":0,"gold_gain":0,"player_choice":"Ignored","damage_taken":0,"max_hp_gain":0,"max_hp_loss":0,"event_name":"Ghosts","floor":29,"gold_loss":0}],"is_beta":false,"boss_relics":[{"not_picked":["conspire:SeveredTorchhead","Fusion Hammer"],"picked":"Sozu"},{"not_picked":["hubris:Backtick","hubris:CrackedHourglass"],"picked":"Runic Pyramid"}],"items_purged_floors":[],"is_endless":false,"potions_floor_spawned":[1,5,6,14,18,31,36],"killed_by":"4 Shapes","ascension_level":3}}