{"host":"ty2cix8xj6r3ad26","time":1611943265,"event":{"mods":["AchievementEnabler","BaseMod","BetterRewards","Infinite Spire","Minty Spire (QoL Compilation)","Quick Restart","StSLib","SuperFastMode"],"gold_per_floor":[112,112,135,149,14,14,35,35,35,78,93,93,93,40,40,166,166,189,205,256,33,108,108,131,131,156,156,192,192,206,230,230,350,350,373,389,239,263,277,301,301],"floor_reached":40,"language":"ENG","playtime":1565,"items_purged":["Strike_B","Strike_B","Defend_B","Strike_B","Defend_B"],"score":826,"play_id":"900081b3-38a2-443d-96c8-3ef1bf4b6a51","local_time":"20210129200105","is_ascension_mode":true,"campfire_choices":[{"data":"Zap","floor":6,"key":"SMITH"},{"data":"Dualcast","floor":8,"key":"SMITH"},{"data":"Defragment","floor":12,"key":"SMITH"},{"data":"Gash","floor":15,"key":"SMITH"},{"data":"Fission","floor":23,"key":"SMITH"},{"data":"Scrape","floor":25,"key":"SMITH"},{"data":"Impatience","floor":27,"key":"SMITH"},{"data":"Coolheaded","floor":32,"key":"SMITH"}],"circlet_count":0,"master_deck":["AscendersBane","Defend_B","Defend_B","Zap+1","Dualcast+1","Gash+1","Coolheaded+1","Scrape+1","Defragment+1","All For One+1","Chill","Fission+1","Beam Cell+1","Impatience+1","Gash+1","Gash+1","Steam Power+1","Seek","Go for the Eyes+1"],"relics":["Cracked Core","Tiny Chest","MealTicket","ClockworkSouvenir","infinitespire:Lychee Nut","Golden Idol","infinitespire:CheckeredPen","Molten Egg 2","Pear","infinitespire:Cupcake","Juzu Bracelet","infinitespire:Midas Blood","Du-Vu Doll","Coffee Dripper"],"acts_visited":["Exordium","TheCity","TheBeyond"],"potions_floor_usage":[1,7,10,16,28,28,31],"damage_taken":[{"damage":0,"enemies":"Jaw Worm","floor":1,"turns":1},{"damage":6,"enemies":"2 Louse","floor":3,"turns":3},{"damage":2,"enemies":"Cultist","floor":4,"turns":5},{"damage":11,"enemies":"Looter","floor":7,"turns":2},{"damage":4,"enemies":"Lagavulin","floor":10,"turns":4},{"damage":8,"enemies":"Gremlin Gang","floor":11,"turns":4},{"damage":0,"enemies":"Slime Boss","floor":16,"turns":4},{"damage":0,"enemies":"Chosen","floor":18,"turns":2},{"damage":0,"enemies":"3 Byrds","floor":19,"turns":3},{"damage":0,"enemies":"Snake Plant","floor":24,"turns":2},{"damage":3,"enemies":"Slavers","floor":28,"turns":3},{"damage":0,"enemies":"Centurion and Healer","floor":30,"turns":2},{"damage":0,"enemies":"Shelled Parasite and Fungi","floor":31,"turns":2},{"damage":0,"enemies":"Collector","floor":33,"turns":1},{"damage":0,"enemies":"3 Darklings","floor":35,"turns":1},{"damage":0,"enemies":"3 Shapes","floor":36,"turns":2},{"damage":0,"enemies":"Spire Growth","floor":38,"turns":2},{"damage":0,"enemies":"Writhing Mass","floor":39,"turns":1},{"damage":73,"enemies":"Nightmare","floor":40,"turns":4}],"seed_played":"3656637409377474490","potions_obtained":[{"floor":4,"key":"FocusPotion"},{"floor":7,"key":"Dexterity Potion"},{"floor":11,"key":"PowerPotion"},{"floor":18,"key":"Dexterity Potion"},{"floor":19,"key":"SpeedPotion"},{"floor":28,"key":"Weak Potion"}],"is_trial":false,"path_per_floor":["M","?","M","M","$","R","M","R","T","E","M","R","?","?","R","B",null,"M","M","T","$","?","R","M","R","T","R","E","AVR","M","M","R","B",null,"M","M","$","M","M","NM"],"character_chosen":"DEFECT","items_purchased":["Tiny Chest","MealTicket","ClockworkSouvenir","Fire Potion","Coolheaded","Scrape","Impatience"],"campfire_rested":0,"item_purchase_floors":[0,0,0,0,0,5,21],"current_hp_per_floor":[33,19,18,22,37,37,29,29,29,31,29,29,29,39,39,45,61,64,66,66,66,60,60,63,63,63,63,65,65,66,66,66,66,66,66,66,66,66,66,0,0],"gold":301,"neow_bonus":"","is_daily":false,"chose_seed":false,"campfire_upgraded":8,"win_rate":0.0,"timestamp":1611943265,"path_taken":["M","?","M","M","$","R","M","R","T","E","M","R","?","?","R","BOSS","M","M","?","$","?","R","M","R","T","R","E","AVR","M","M","R","BOSS","M","M","$","M","M","NM"],"items_purchased_type":["Relic","Relic","Relic","Potion","Card","Card","Card"],"build_version":"2020-12-22","purchased_purges":5,"victory":false,"max_hp_per_floor":[56,56,56,56,56,56,56,56,56,56,56,56,56,66,66,66,66,66,66,66,66,66,66,66,66,66,66,66,66,66,66,66,66,66,66,66,66,66,66,66,66],"card_choices":[{"not_picked":["Leap","Compile Driver","Rip and Tear"],"picked":"SKIP","floor":1},{"not_picked":["Stack","Chaos","Streamline"],"picked":"SKIP","floor":3},{"not_picked":["Streamline","Consume","Hologram"],"picked":"SKIP","floor":4},{"not_picked":["Hologram","Redo"],"picked":"Defragment","floor":7},{"not_picked":["Barrage+1","Genetic Algorithm"],"picked":"All For One+1","floor":10},{"not_picked":["Loop","Conserve Battery"],"picked":"Chill","floor":11},{"not_picked":["Buffer","Rainbow"],"picked":"Fission","floor":16},{"not_picked":["Stack","Chaos+1","Force Field"],"picked":"SKIP","floor":18},{"not_picked":["Hologram","Recycle"],"picked":"Beam Cell+1","floor":19},{"not_picked":["Rebound+1","Streamline+1","Redo"],"picked":"SKIP","floor":24},{"not_picked":["Heatsinks","Streamline+1"],"picked":"Gash+1","floor":28},{"not_picked":["Beam Cell+1","Ball Lightning+1"],"picked":"Gash+1","floor":30},{"not_picked":["Cold Snap+1","Undo"],"picked":"Steam Power+1","floor":31},{"not_picked":["Biased Cognition","Echo Form"],"picked":"Seek","floor":33},{"not_picked":["Compile Driver+1","Steam","Defragment"],"picked":"SKIP","floor":35},{"not_picked":["Turbo","Stack"],"picked":"Go for the Eyes+1","floor":36},{"not_picked":["Go for the Eyes+1","Turbo+1","Rip and Tear+1"],"picked":"SKIP","floor":38},{"not_picked":["Cold Snap+1","Redo+1","Barrage+1"],"picked":"SKIP","floor":39}],"player_experience":512409,"relics_obtained":[{"floor":9,"key":"infinitespire:CheckeredPen"},{"floor":10,"key":"Molten Egg 2"},{"floor":26,"key":"Juzu Bracelet"},{"floor":28,"key":"infinitespire:Midas Blood"}],"event_choices":[{"damage_healed":0,"gold_gain":0,"player_choice":"Take Damage","damage_taken":14,"relics_obtained":["Golden Idol"],"max_hp_gain":0,"max_hp_loss":0,"event_name":"Golden Idol","floor":2,"gold_loss":0},{"damage_healed":0,"gold_gain":0,"player_choice":"Paid Gold","damage_taken":0,"relics_obtained":["Pear"],"max_hp_gain":0,"max_hp_loss":0,"event_name":"WeMeetAgain","floor":14,"gold_loss":53},{"damage_healed":0,"gold_gain":75,"player_choice":"Touch","damage_taken":6,"max_hp_gain":0,"max_hp_loss":0,"event_name":"FaceTrader","floor":22,"gold_loss":0}],"is_beta":false,"boss_relics":[{"not_picked":["Calling Bell","Sozu"],"picked":"infinitespire:Cupcake"},{"not_picked":["Fusion Hammer","Nuclear Battery"],"picked":"Coffee Dripper"}],"items_purged_floors":[0,5,21,29,37],"is_endless":false,"potions_floor_spawned":[4,7,11,18,19,28],"killed_by":"Nightmare","ascension_level":11}}