{"host":"3jpwrwmmgyabjceh","time":1611924965,"event":{"mods":["AchievementEnabler","BaseMod","Colored Map","Colored Powertips","Highlight Path","Minty Spire (QoL Compilation)","Quick Restart","Relic Stats","StSLib","SuperFastMode"],"gold_per_floor":[119,131,15,30,30,30,58,58,84,84,84],"floor_reached":10,"language":"ENG","playtime":210,"items_purged":[],"score":92,"play_id":"1f1a9834-9bc1-4ca0-a145-85931faca04e","local_time":"20210129155605","is_ascension_mode":true,"campfire_choices":[{"data":"Ball Lightning","floor":6,"key":"SMITH"},{"data":"Zap","floor":8,"key":"SMITH"}],"circlet_count":0,"master_deck":["Strike_B","Strike_B","Strike_B","Strike_B","Defend_B","Defend_B","Defend_B","Defend_B","Zap+1","Dualcast","Capacitor","Consume","Defragment","Genetic Algorithm","Ball Lightning+1","Auto Shields"],"relics":["Coffee Dripper","MealTicket","Akabeko"],"acts_visited":["Exordium"],"potions_floor_usage":[],"damage_taken":[{"damage":0,"enemies":"Cultist","floor":1,"turns":4},{"damage":5,"enemies":"Small Slimes","floor":2,"turns":3},{"damage":8,"enemies":"Jaw Worm","floor":4,"turns":3},{"damage":26,"enemies":"Gremlin Nob","floor":7,"turns":4},{"damage":37,"enemies":"3 Sentries","floor":10,"turns":6}],"seed_played":"3046393620711396807","potions_obtained":[{"floor":7,"key":"GamblersBrew"}],"is_trial":false,"path_per_floor":["M","M","$","M","$","R","E","R","T","E"],"character_chosen":"DEFECT","items_purchased":["Defragment","Genetic Algorithm"],"campfire_rested":0,"item_purchase_floors":[3,3],"current_hp_per_floor":[68,63,63,55,55,55,29,29,29,0,0],"gold":84,"neow_bonus":"BOSS_RELIC","is_daily":false,"chose_seed":false,"campfire_upgraded":2,"win_rate":0.0,"timestamp":1611924965,"path_taken":["M","M","$","M","$","R","E","R","T","E"],"items_purchased_type":["Card","Card"],"build_version":"2020-12-22","purchased_purges":0,"victory":false,"max_hp_per_floor":[75,75,75,75,75,75,75,75,75,75,75],"relic_stats":{"counters":[5,20],"MealTicket":0,"obtain_stats":[{"MealTicket":7,"Coffee Dripper":0,"Cracked Core":0,"Akabeko":9},{"MealTicket":4,"Coffee Dripper":0,"Cracked Core":0,"Akabeko":4},{"MealTicket":14,"Coffee Dripper":0,"Cracked Core":0,"Akabeko":14}]},"card_choices":[{"not_picked":["Barrage","Hologram"],"picked":"Capacitor","floor":1},{"not_picked":["BootSequence","Stack"],"picked":"Consume","floor":2},{"not_picked":["Aggregate","Static Discharge"],"picked":"Ball Lightning","floor":4},{"not_picked":["Aggregate","Go for the Eyes"],"picked":"Auto Shields","floor":7}],"player_experience":295437,"relics_obtained":[{"floor":7,"key":"MealTicket"},{"floor":9,"key":"Akabeko"}],"event_choices":[],"is_beta":false,"boss_relics":[],"items_purged_floors":[],"is_endless":false,"potions_floor_spawned":[7],"killed_by":"3 Sentries","ascension_level":8}}