{"host":"o3b7ow6d1xe49css","time":1611906704,"event":{"mods":["Act Like it!","Aspiration","BaseMod","Bestiary","Better Altar","Better Match","Better Note","Better Sensory Stone","Better Skull","Better Third Choice","Colored Powertips","Conspire","Energized Spire","Force Act Four","GifTheSpireLib","Halation","Hermit","Hubris","Infinite Spire","Lobotomy","Minty Spire (QoL Compilation)","Quick Restart","Relic Filter Mod","Reliquary","Replay The Spire","Spicy Shops","Spikes Relics","Spire Arcade","StSLib","Stuff the Spire","The Blue Laboratory","Wandering Minibosses"],"gold_per_floor":[115,128,145,164,181,211,239,239,239],"floor_reached":8,"language":"ENG","playtime":1622,"items_purged":[],"score":88,"play_id":"b6213f5e-5d53-4945-a4bd-47b312cdef34","local_time":"20210128225144","daily_mods":["Heirloom","Flight"],"is_ascension_mode":true,"campfire_choices":[],"circlet_count":0,"master_deck":["Strike_P","Strike_P","Strike_P","Strike_P","Defend_P","Defend_P","Defend_P","Defend_P","Eruption","Vigilance","CrushJoints","Prostrate","Scorched","Fasting2","BattleHymn","Prostrate","UniverseFragment"],"relics":["PureWater","Ring of Chaos","Unceasing Top","CogitoBucket","reliquary:SharkskinSheath","Art of War"],"acts_visited":["Exordium"],"potions_floor_usage":[7,8,8],"damage_taken":[{"damage":0.0,"enemies":"Cultist","floor":1.0,"turns":2.0},{"damage":0,"enemies":"Jaw Worm","floor":2,"turns":3},{"damage":7,"enemies":"Small Slimes","floor":3,"turns":3},{"damage":3,"enemies":"Looter","floor":4,"turns":6},{"damage":0,"enemies":"2 Fungi Beasts","floor":5,"turns":2},{"damage":36,"enemies":"Gremlin Nob","floor":6,"turns":5},{"damage":5,"enemies":"3 Sentries","floor":7,"turns":3},{"damage":28,"enemies":"Gremlin Nob","floor":8,"turns":3}],"seed_played":"15190768742603835","potions_obtained":[{"floor":2,"key":"Weak Potion"},{"floor":3,"key":"blueLaboratory:BottleOfRum"},{"floor":5,"key":"Swift Potion"},{"floor":7,"key":"blueLaboratory:FruitPunch"}],"is_trial":true,"path_per_floor":["M","M","M","M","M","E","E","E"],"character_chosen":"WATCHER","items_purchased":[],"campfire_rested":0,"item_purchase_floors":[],"current_hp_per_floor":[72,72,65,62,62,26,21,0,0],"gold":239,"neow_bonus":"","is_daily":false,"chose_seed":false,"campfire_upgraded":0,"win_rate":0.0,"timestamp":1611906704,"path_taken":["M","M","M","M","M","E","E","E"],"items_purchased_type":[],"build_version":"2020-12-22","purchased_purges":0,"victory":false,"max_hp_per_floor":[72,72,72,72,72,72,72,74,74],"card_choices":[{"not_picked":["BowlingBash","Consecrate"],"picked":"CrushJoints","floor":1},{"not_picked":["Bloodbath","DespairKnight","MeatLantern"],"picked":"Singing Bowl","floor":2},{"not_picked":["ShyLook","DespairKnight"],"picked":"VoidDream","floor":2},{"not_picked":["EmptyFist","Replay:Anticipation","Replay:ManipulateFuture"],"picked":"SKIP","floor":2},{"not_picked":["FairyFestival","MHz","HappyTeddy"],"picked":"Singing Bowl","floor":3},{"not_picked":["Replay:Hum","EmptyBody"],"picked":"Prostrate","floor":3},{"not_picked":["Wellcheers","CrumblingArmor","DreamingCurrent"],"picked":"Singing Bowl","floor":4},{"not_picked":["QueenBee","MHz"],"picked":"Scorched","floor":4},{"not_picked":["Pray","WreathOfFlame","Wallop"],"picked":"SKIP","floor":4},{"not_picked":["MeatLantern","VoidDream","PunishingBird"],"picked":"Singing Bowl","floor":5},{"not_picked":["BowlingBash","Replay:Anticipation"],"picked":"Fasting2","floor":5},{"not_picked":["HeroicMonk","WallGazer","OSAHOGD"],"picked":"Singing Bowl","floor":6},{"not_picked":["Alpha","Nirvana"],"picked":"BattleHymn","floor":6},{"not_picked":["Crescendo","Replay:ManipulateFuture"],"picked":"Prostrate","floor":7},{"not_picked":["WhiteNight","Alriune","UniverseFragment"],"picked":"Singing Bowl","floor":7},{"not_picked":["OSAHOGD","CherryBlossoms"],"picked":"UniverseFragment","floor":7}],"player_experience":1884421,"relics_obtained":[{"floor":6,"key":"reliquary:SharkskinSheath"},{"floor":7,"key":"Art of War"}],"event_choices":[],"is_beta":false,"boss_relics":[],"items_purged_floors":[],"is_endless":false,"potions_floor_spawned":[2,3,5,7],"killed_by":"Gremlin Nob","ascension_level":5}}