{"host":"o3b7ow6d1xe49css","time":1611920715,"event":{"mods":["Act Like it!","Aspiration","BaseMod","Bestiary","Better Altar","Better Match","Better Note","Better Sensory Stone","Better Skull","Better Third Choice","Colored Powertips","Conspire","Energized Spire","Force Act Four","GifTheSpireLib","Halation","Hermit","Hubris","Infinite Spire","Lobotomy","Minty Spire (QoL Compilation)","Quick Restart","Relic Filter Mod","Reliquary","Replay The Spire","Spicy Shops","Spikes Relics","Spire Arcade","StSLib","Stuff the Spire","The Blue Laboratory","Wandering Minibosses"],"gold_per_floor":[119,135,151,167,23,48,48,79,79,79,95,125,125,136,136,233,233,243,253,269,13,13,13,13,44,44,75,75,75,108,137,137,241,241,260,279,279,279,292,320,320,320],"floor_reached":41,"language":"ENG","playtime":1577,"items_purged":["Strike_R","Strike_R"],"score":699,"play_id":"9111f135-e56c-4eba-b62d-1f1d0f8d5324","local_time":"20210129024515","daily_mods":["Heirloom","Flight"],"is_ascension_mode":true,"campfire_choices":[{"data":"Bash","floor":7,"key":"SMITH"},{"floor":10,"key":"REST"},{"floor":13,"key":"REST"},{"data":"Infernal Blade","floor":15,"key":"SMITH"},{"data":"BarbarianYell","floor":23,"key":"SMITH"},{"floor":24,"key":"RECALL"},{"floor":29,"key":"REST"},{"data":"hubris:StunningStrike","floor":32,"key":"SMITH"},{"data":"Fiend Fire","floor":32,"key":"SMITH"}],"circlet_count":0,"master_deck":["Strike_R","Defend_R","Defend_R","Defend_R","Defend_R","Bash+1","OSAHOGD","OldLady","Disarm","Fire Breathing","Infernal Blade+1","Scorched","Fiend Fire+1","ReplayTheSpireMod:Stacked","Pummel","Bloodletting","hubris:StunningStrike+1","Twin Strike+1","UniverseFragment","BarbarianYell+1","hubris:ReadiedAction+1","Sword Boomerang","Flame Barrier","Rage","Abandon","Battle Trance"],"relics":["Burning Blood","Ring of Chaos","infinitespire:CursedDice","CogitoBucket","Omamori","Quantum Egg","Blue Doll","Champion Belt","SkinProphecy","Meat on the Bone","reliquary:WritOfMandamus","BehaviorAdjustment","Membership Card","hubris:Zylophone","halation:PenCase","Du-Vu Doll","reliquary:Knoch","Ornamental Fan","Runic Cube","AtMidnight","ResearcherNote","hubris:SlimyHat"],"acts_visited":["Exordium","TheCity","TheBeyond"],"potions_floor_usage":[16,19,25,30,31,36,41],"damage_taken":[{"damage":9,"enemies":"2 Louse","floor":1,"turns":3},{"damage":8,"enemies":"Jaw Worm","floor":2,"turns":5},{"damage":0,"enemies":"Cultist","floor":3,"turns":3},{"damage":12,"enemies":"Red Slaver","floor":4,"turns":4},{"damage":40,"enemies":"Lagavulin","floor":6,"turns":8},{"damage":25,"enemies":"3 Sentries","floor":8,"turns":6},{"damage":8,"enemies":"Gremlin Gang","floor":11,"turns":2},{"damage":31,"enemies":"Gremlin Nob","floor":12,"turns":4},{"damage":0,"enemies":"Blue Slaver","floor":14,"turns":1},{"damage":27,"enemies":"Hexaghost","floor":16,"turns":9},{"damage":10,"enemies":"Shell Parasite","floor":18,"turns":3},{"damage":21,"enemies":"2 Thieves","floor":19,"turns":6},{"damage":3,"enemies":"Snake Plant","floor":20,"turns":2},{"damage":55,"enemies":"Gremlin Leader","floor":25,"turns":4},{"damage":21,"enemies":"Nightmare","floor":27,"turns":7},{"damage":54,"enemies":"Slavers","floor":30,"turns":5},{"damage":51,"enemies":"Gremlin Leader","floor":31,"turns":6},{"damage":26,"enemies":"conspire:MysteriousRune","floor":33,"turns":8},{"damage":6,"enemies":"Orb Walker","floor":35,"turns":3},{"damage":22,"enemies":"3 Darklings","floor":36,"turns":3},{"damage":30,"enemies":"Maw","floor":39,"turns":8},{"damage":41,"enemies":"Giant Head","floor":40,"turns":6},{"damage":26,"enemies":"Nightmare","floor":41,"turns":2}],"seed_played":"6108053551544702553","potions_obtained":[{"floor":2,"key":"Elixir"},{"floor":11,"key":"Weak Potion"},{"floor":12,"key":"blueLaboratory:RecallPotion"},{"floor":18,"key":"blueLaboratory:AbyssPotion"},{"floor":25,"key":"EssenceOfSteel"},{"floor":30,"key":"Weak Potion"},{"floor":31,"key":"SpeedPotion"},{"floor":35,"key":"LiquidMemories"},{"floor":36,"key":"SteroidPotion"}],"is_trial":true,"path_per_floor":["M","M","M","M","$","E","R","E","T","R","M","E","R","M","R","B",null,"M","M","M","$","?","R","R","E","T","NM","AVR","R","E","E","R","B",null,"M","M","?","?","M","E","NM"],"character_chosen":"IRONCLAD","items_purchased":["Omamori","hubris:ReadiedAction","Membership Card","BloodPotion","Sword Boomerang"],"campfire_rested":3,"item_purchase_floors":[5,21,21,21,21],"current_hp_per_floor":[77,75,80,74,74,40,40,21,21,45,43,14,38,52,52,39,74,66,55,54,54,54,54,54,32,32,25,25,54,79,42,42,30,86,78,70,70,70,54,27,0,0],"gold":320,"neow_bonus":"","is_daily":false,"chose_seed":false,"campfire_upgraded":5,"win_rate":0.0,"timestamp":1611920715,"path_taken":["M","M","M","M","$","E","R","E","T","R","M","E","R","M","R","BOSS","M","M","M","$","?","R","R","E","T","NM","AVR","R","E","E","R","BOSS","M","?","?","?","M","E","NM"],"items_purchased_type":["Relic","Card","Relic","Potion","Card"],"build_version":"2020-12-22","purchased_purges":2,"victory":false,"max_hp_per_floor":[80,80,80,80,80,80,80,80,80,80,80,82,82,84,84,86,86,88,92,94,94,94,94,94,96,96,98,98,98,100,102,102,104,104,108,110,110,110,112,114,116,116],"card_choices":[{"not_picked":["WallGazer","MHz"],"picked":"OSAHOGD","floor":1},{"not_picked":["Thunderclap","Absolvement","Seeing Red"],"picked":"SKIP","floor":1},{"not_picked":["SpiderBud","MeatLantern"],"picked":"OldLady","floor":2},{"not_picked":["StuffTheSpire:Slingshot","Pommel Strike"],"picked":"Disarm","floor":2},{"not_picked":["Yin","Bloodbath","MeatLantern"],"picked":"Singing Bowl","floor":3},{"not_picked":["Absolvement","Eclipse","StuffTheSpire:Resist"],"picked":"SKIP","floor":3},{"not_picked":["FieryBird","WhitesApple","PunishingBird"],"picked":"Singing Bowl","floor":4},{"not_picked":["StuffTheSpire:BloodClot","conspire:Charge"],"picked":"Fire Breathing","floor":4},{"not_picked":["HappyTeddy","LaLuna","FairyFestival"],"picked":"Singing Bowl","floor":6},{"not_picked":["Second Wind","StuffTheSpire:Pyroclast"],"picked":"Infernal Blade","floor":6},{"not_picked":["WhitesApple","PunishingBird"],"picked":"Scorched","floor":8},{"not_picked":["Abandon","Warcry"],"picked":"Fiend Fire","floor":8},{"not_picked":["DespairKnight","ShyLook","Porccubus"],"picked":"Singing Bowl","floor":11},{"not_picked":["Burning Pact","Entrench"],"picked":"ReplayTheSpireMod:Stacked","floor":11},{"not_picked":["NakedNest","PunishingBird","VoidDream"],"picked":"Singing Bowl","floor":12},{"not_picked":["Clash","Flex"],"picked":"Pummel","floor":12},{"not_picked":["Clash","Blood for Blood"],"picked":"Bloodletting","floor":14},{"not_picked":["Murderer","Wellcheers","Bloodbath"],"picked":"Singing Bowl","floor":16},{"not_picked":["Limit Break","Demonic Infusion"],"picked":"hubris:StunningStrike","floor":16},{"not_picked":["Yin","VoidDream","Bloodbath"],"picked":"Singing Bowl","floor":18},{"not_picked":["ReplayTheSpireMod:Strike From Hell","Headbutt+1"],"picked":"Twin Strike+1","floor":18},{"not_picked":["Searing Blow+1","Iron Wave","Demonic Infusion"],"picked":"SKIP","floor":19},{"not_picked":["Mercenary","LittleHelper"],"picked":"UniverseFragment","floor":20},{"not_picked":["Dual Wield","Wild Strike"],"picked":"BarbarianYell","floor":20},{"not_picked":["Yin","WhitesApple","Wellcheers"],"picked":"Singing Bowl","floor":25},{"not_picked":["Sword Boomerang","Searing Blow","Rampage"],"picked":"SKIP","floor":25},{"not_picked":["Freischutz","FairyFestival","LaLuna"],"picked":"Singing Bowl","floor":27},{"not_picked":["Heavy Blade","Thunderclap"],"picked":"Flame Barrier","floor":27},{"not_picked":["QueenOfHatred","Wellcheers","BeautyBeast"],"picked":"Singing Bowl","floor":30},{"not_picked":["hubris:StunningStrike","Defy Death"],"picked":"Rage","floor":30},{"not_picked":["ShyLook","WhiteNight","Rudolta"],"picked":"Singing Bowl","floor":31},{"not_picked":["ReplayTheSpireMod:Strike From Hell","Rampage","Havoc"],"picked":"SKIP","floor":31},{"not_picked":["NothingThere","BigBadWolf","HappyTeddy"],"picked":"Singing Bowl","floor":35},{"not_picked":["ReplayTheSpireMod:Stacked+1","ReplayTheSpireMod:Limb From Limb+1","Replay:Undeath\u0027s Touch+1"],"picked":"SKIP","floor":35},{"not_picked":["hubris:ReadiedAction","Armaments+1","Perfected Strike+1"],"picked":"SKIP","floor":36},{"not_picked":["ShyLook","Yin","Bloodbath"],"picked":"Singing Bowl","floor":39},{"not_picked":["Iron Wave","Pommel Strike","Anger"],"picked":"SKIP","floor":39},{"not_picked":["QueenBee","Yin","Variant"],"picked":"Singing Bowl","floor":40},{"not_picked":["Wild Strike+1","Thunderclap+1"],"picked":"Battle Trance","floor":40}],"player_experience":1896577,"relics_obtained":[{"floor":6,"key":"Quantum Egg"},{"floor":8,"key":"Blue Doll"},{"floor":9,"key":"Champion Belt"},{"floor":12,"key":"Meat on the Bone"},{"floor":25,"key":"hubris:Zylophone"},{"floor":27,"key":"halation:PenCase"},{"floor":30,"key":"reliquary:Knoch"},{"floor":31,"key":"Ornamental Fan"},{"floor":35,"key":"AtMidnight"},{"floor":40,"key":"hubris:SlimyHat"}],"event_choices":[{"damage_healed":0,"gold_gain":0,"player_choice":"Ignored","damage_taken":0,"max_hp_gain":0,"max_hp_loss":0,"event_name":"betterNote:BetterNote","floor":22,"gold_loss":0,"cards_obtained":["Strike_P"]},{"damage_healed":0,"gold_gain":0,"cards_transformed":["Strike_R"],"player_choice":"Transformed","damage_taken":0,"max_hp_gain":0,"max_hp_loss":0,"event_name":"Transmorgrifier","floor":38,"gold_loss":0,"cards_obtained":["Abandon"]}],"is_beta":false,"boss_relics":[{"not_picked":["reliquary:RedCape","SacredBark"],"picked":"reliquary:WritOfMandamus"},{"not_picked":["Snecko Heart","StuffTheSpire:RunicHypercube"],"picked":"Runic Cube"}],"items_purged_floors":[21,28],"is_endless":false,"potions_floor_spawned":[2,11,12,14,18,25,30,31,35,36,39],"killed_by":"Nightmare","ascension_level":5}}