{"host":"1tl36azeqm6yhdgj","time":1611936285,"event":{"mods":["AchievementEnabler","BaseMod","Minty Spire (QoL Compilation)","StSLib","The IronCluck","everything is the same but u backflip on backflip"],"gold_per_floor":[117,117,117,137,153,189,189,233,233,233,40,40,78,103,103,188,188,213,213,239,5,24,24,24],"floor_reached":23,"language":"ENG","playtime":589,"items_purged":["Strike_R"],"score":418,"play_id":"6d0db110-d8be-4974-8892-a509c3e44409","local_time":"20210129110445","is_ascension_mode":true,"campfire_choices":[{"floor":10.0,"key":"REST"},{"data":"Magnetism","floor":12.0,"key":"SMITH"},{"floor":15.0,"key":"REST"}],"circlet_count":0,"master_deck":["AscendersBane","Strike_R","Strike_R","Strike_R","Defend_R","Defend_R","Defend_R","Defend_R","Bash","Whirlwind+1","Feel No Pain","Carnage","Juggernaut","Infernal Blade","Magnetism+1","Burning Pact","Thunderclap","Immolate","Reckless Charge","Flex","Rage"],"relics":["Burning Blood","NeowsBlessing","CeramicFish","Ginger","Question Card","Regal Pillow","Black Star","Membership Card"],"acts_visited":["Exordium","TheCity"],"potions_floor_usage":[22,22],"damage_taken":[{"damage":0.0,"enemies":"Jaw Worm","floor":1.0,"turns":1.0},{"damage":0.0,"enemies":"Small Slimes","floor":4.0,"turns":1.0},{"damage":0.0,"enemies":"Cultist","floor":5.0,"turns":1.0},{"damage":53.0,"enemies":"Gremlin Nob","floor":6.0,"turns":5.0},{"damage":14.0,"enemies":"3 Sentries","floor":8.0,"turns":3.0},{"damage":30.0,"enemies":"Lagavulin","floor":13.0,"turns":5.0},{"damage":13.0,"enemies":"2 Fungi Beasts","floor":14.0,"turns":3.0},{"damage":29.0,"enemies":"Slime Boss","floor":16.0,"turns":11.0},{"damage":31.0,"enemies":"3 Byrds","floor":18.0,"turns":4.0},{"damage":55,"enemies":"Shell Parasite","floor":20,"turns":7},{"damage":20,"enemies":"Snecko","floor":22,"turns":4},{"damage":15,"enemies":"Gremlin Leader","floor":23,"turns":1}],"seed_played":"-3976023981880766404","potions_obtained":[{"floor":4.0,"key":"SkillPotion"},{"floor":6.0,"key":"Fruit Juice"},{"floor":7.0,"key":"BlessingOfTheForge"},{"floor":8.0,"key":"CultistPotion"},{"floor":13.0,"key":"LiquidBronze"},{"floor":20,"key":"Fire Potion"}],"is_trial":false,"path_per_floor":["M","?","?","M","M","E","?","E","T","R","$","R","E","M","R","B",null,"M","?","M","$","M","E"],"character_chosen":"IRONCLAD","items_purchased":["Magnetism","Membership Card","BloodPotion"],"campfire_rested":2,"item_purchase_floors":[11,21,21],"current_hp_per_floor":[74,67,67,73,75,28,33,25,25,49,49,49,25,18,57,34,69,44,60,11,11,13,0,0],"gold":24,"neow_bonus":"THREE_ENEMY_KILL","is_daily":false,"chose_seed":false,"campfire_upgraded":1,"win_rate":0.0,"timestamp":1611936285,"path_taken":["M","?","?","M","?","E","?","E","T","R","?","R","E","M","R","BOSS","M","?","M","$","M","E"],"items_purchased_type":["Card","Relic","Potion"],"build_version":"2020-12-22","purchased_purges":1,"victory":false,"max_hp_per_floor":[75,75,75,75,75,75,80,80,80,80,80,80,80,80,80,80,80,80,80,80,80,80,80,80],"card_choices":[{"not_picked":["Body Slam","Iron Wave"],"picked":"Whirlwind","floor":1.0},{"not_picked":["Whirlwind","Havoc"],"picked":"Feel No Pain","floor":4.0},{"not_picked":["Wild Strike","Body Slam"],"picked":"Carnage","floor":5.0},{"not_picked":["Heavy Blade","Sword Boomerang"],"picked":"Juggernaut","floor":6.0},{"not_picked":["Feel No Pain","Shrug It Off"],"picked":"Infernal Blade","floor":8.0},{"not_picked":["Perfected Strike","Whirlwind","Barricade"],"picked":"Burning Pact","floor":13.0},{"not_picked":["Searing Blow","Rampage","Armaments"],"picked":"Thunderclap","floor":14.0},{"not_picked":["Corruption","Offering","Bludgeon"],"picked":"Immolate","floor":16.0},{"not_picked":["Cleave","Iron Wave","Sword Boomerang"],"picked":"Reckless Charge","floor":18.0},{"not_picked":["Evolve+1","Feel No Pain","Reckless Charge"],"picked":"Flex","floor":20},{"not_picked":["Pommel Strike","Sword Boomerang+1","Armaments"],"picked":"Rage","floor":22}],"player_experience":2100830,"relics_obtained":[{"floor":6.0,"key":"CeramicFish"},{"floor":8.0,"key":"Ginger"},{"floor":9.0,"key":"Question Card"},{"floor":13.0,"key":"Regal Pillow"}],"event_choices":[{"cards_removed":["Strike_R"],"damage_healed":0.0,"max_hp_gain":0.0,"max_hp_loss":0.0,"gold_gain":0.0,"event_name":"Golden Wing","player_choice":"Card Removal","floor":2.0,"gold_loss":0.0,"damage_taken":7.0},{"damage_healed":0.0,"max_hp_gain":0.0,"max_hp_loss":0.0,"gold_gain":0.0,"event_name":"Upgrade Shrine","player_choice":"Upgraded","floor":3.0,"gold_loss":0.0,"damage_taken":0.0,"cards_upgraded":["Whirlwind"]},{"damage_healed":0.0,"max_hp_gain":0.0,"max_hp_loss":0.0,"gold_gain":0.0,"event_name":"Lab","player_choice":"Got Potions","floor":7.0,"gold_loss":0.0,"damage_taken":0.0},{"damage_healed":16.0,"max_hp_gain":0.0,"max_hp_loss":0.0,"gold_gain":0.0,"event_name":"The Library","player_choice":"Heal","floor":19.0,"gold_loss":0.0,"damage_taken":0.0}],"is_beta":false,"boss_relics":[{"not_picked":["SlaversCollar","Sozu"],"picked":"Black Star"}],"items_purged_floors":[21],"is_endless":false,"potions_floor_spawned":[4,6,8,13,20],"killed_by":"Gremlin Leader","ascension_level":20}}