{"host":"bx8ylsmj2ob6hd5u","time":1611944168,"event":{"mods":["AchievementEnabler","Act Like it!","Aspiration","BaseMod","Colored Map","Downfall","Duelist Mod","Friendly Minions","Gensokyo","GifTheSpireLib","Hallownest","Hermit","HololiveMod","Hubris","Infinite Spire","Jorbs\u0027s Wanderer Trilogy","KinomotoSakuraMod(????)","Kiyohime????","Koishi","KomeijiMod","Lobotomy","LobotomyExtend","Marisa????????","Minty Spire (QoL Compilation)","Prisma Mod","Rare Cards Sparkle","Reimu??????","Remilia??????","Replay The Spire","StSLib","Td1madao Mod","The Administrix","The Animator","The Bug Knight","The Construct","The Cursed","The Disciple","The Hierophant","The Necromancer","The Poker Player","The Runesmith","The Senshi","The Servant 0.9.4","WarShipGirlsR/????R mod"],"gold_per_floor":[17,27,27,39,50,50,70,70,70,70,70,87,87,97,97,198,198,213,463,433,447,447,447,447,447,447,466,416,416],"floor_reached":28,"language":"ENG","playtime":1906,"items_purged":[],"score":237,"play_id":"7ae817de-5c9d-46e3-a33d-87e1a3842d80","local_time":"20210129201608","is_ascension_mode":false,"campfire_choices":[{"data":"DoubleButterfly:ReiMu","floor":8,"key":"SMITH"},{"data":"NB:ReiMu","floor":10,"key":"SMITH"},{"data":"UniversalSpiritual:ReiMu","floor":15,"key":"SMITH"},{"floor":23,"key":"REST"},{"data":"DependentForm:ReiMu","floor":25,"key":"SMITH"}],"circlet_count":0,"master_deck":["Strike_Lin:ReiMu","Strike_Lin:ReiMu","Strike_Lin:ReiMu","Strike_Lin:ReiMu","Defend_Lin:ReiMu","Defend_Lin:ReiMu","Defend_Lin:ReiMu","Defend_Lin:ReiMu","NB:ReiMu+1","Stagnation:ReiMu","UniversalSpiritual:ReiMu+1","DoubleButterfly:ReiMu+1","SpiritualOutbreak2:ReiMu","ForcedLanding:ReiMu","WonderfulDomain:ReiMu","FoulBorder2:ReiMu","SpreadBorder2:ReiMu","DependentForm:ReiMu+1","AirStrike:ReiMu","PayForSelf:ReiMu","Amulet:ReiMu","BlastKick2:ReiMu"],"relics":["FlyPower:ReiMu","LetterFromLob","hubris:Icosahedron","aspiration:RitualDagger","Toy Ornithopter"],"acts_visited":["Exordium","Exordium"],"potions_floor_usage":[5,7,14,21,27],"damage_taken":[{"damage":0,"enemies":"2 Louse","floor":1,"turns":3},{"damage":14,"enemies":"infinitespire:Voidling","floor":2,"turns":7},{"damage":1,"enemies":"Small Slimes","floor":4,"turns":4},{"damage":0,"enemies":"Exordium Wildlife","floor":5,"turns":4},{"damage":13,"enemies":"Large Slime","floor":7,"turns":5},{"damage":0,"enemies":"2 Fungi Beasts","floor":12,"turns":2},{"damage":0,"enemies":"Looter","floor":14,"turns":3},{"damage":32,"enemies":"Slime Boss","floor":16,"turns":12},{"damage":63,"enemies":"Gensokyo:Chomper","floor":18,"turns":7},{"damage":30,"enemies":"Gensokyo:2_Gloops","floor":20,"turns":6},{"damage":35,"enemies":"Gensokyo:Swordslinger","floor":21,"turns":7},{"damage":77,"enemies":"Gensokyo:Monolith_and_Dog","floor":27,"turns":8},{"damage":23,"enemies":"Gensokyo:Mirror_and_Dog","floor":28,"turns":2}],"seed_played":"150871994891739180","potions_obtained":[{"floor":2,"key":"Fire Potion"},{"floor":5,"key":"LiquidMemories"},{"floor":7,"key":"ExcitationPotion"},{"floor":21,"key":"Energy Potion"}],"is_trial":false,"path_per_floor":["M","M","?","M","M","?","M","R","T","R","?","M","$","M","R","B",null,"M","?","M","M","?","R","?","R","T","M","M"],"character_chosen":"REIMU","items_purchased":[],"campfire_rested":1,"item_purchase_floors":[],"current_hp_per_floor":[65,61,75,74,74,74,62,62,62,62,67,67,67,67,67,35,80,17,17,75,50,50,74,80,80,80,22,0,0],"gold":416,"neow_bonus":"RANDOM_COLORLESS_2","is_daily":false,"chose_seed":false,"campfire_upgraded":4,"win_rate":0.0,"timestamp":1611944168,"path_taken":["M","M","?","?","M","?","M","R","T","R","?","M","?","M","R","BOSS","M","?","M","M","?","R","?","R","T","?","M"],"items_purchased_type":[],"build_version":"2020-12-22","purchased_purges":0,"victory":false,"max_hp_per_floor":[65,65,75,75,75,75,75,75,75,75,80,80,80,80,80,80,80,80,80,80,80,80,80,80,80,80,80,80,80],"card_choices":[{"not_picked":["ReplayTheSpireMod:Necrogeddon","Panache"],"picked":"RidiculousThoughts","floor":0},{"not_picked":["SpreadBorder2:ReiMu","PassingAway:ReiMu"],"picked":"UniversalSpiritual:ReiMu","floor":1},{"not_picked":["Meditation:ReiMu","RainPray2:ReiMu"],"picked":"DoubleButterfly:ReiMu","floor":2},{"not_picked":["FoulBorder2:ReiMu","Intuition:ReiMu"],"picked":"SpiritualOutbreak2:ReiMu","floor":4},{"not_picked":["EmergencyTakeOff:ReiMu","PassingAway:ReiMu"],"picked":"ForcedLanding:ReiMu","floor":5},{"not_picked":["SpringWay:ReiMu","SubcavityInstant:ReiMu"],"picked":"WonderfulDomain:ReiMu","floor":7},{"not_picked":["YinYangSange:ReiMu","AirManeuver:ReiMu"],"picked":"FoulBorder2:ReiMu","floor":12},{"not_picked":["Intuition:ReiMu","FoulBorder2:ReiMu"],"picked":"SpreadBorder2:ReiMu","floor":14},{"not_picked":["PrayRite:ReiMu","KamiRite:ReiMu"],"picked":"DependentForm:ReiMu","floor":16},{"not_picked":["TightArray:ReiMu","CollectionFlower2:ReiMu+1"],"picked":"AirStrike:ReiMu","floor":18},{"not_picked":["YinYangSign:ReiMu","Meditation:ReiMu"],"picked":"PayForSelf:ReiMu","floor":20},{"not_picked":["AirStrike:ReiMu","SubAcupoint:ReiMu"],"picked":"Amulet:ReiMu","floor":21},{"not_picked":["CareerPray:ReiMu","Meditation:ReiMu"],"picked":"BlastKick2:ReiMu","floor":27}],"player_experience":1507899,"relics_obtained":[{"floor":1,"key":"LetterFromLob"},{"floor":9,"key":"Boot"},{"floor":26,"key":"Toy Ornithopter"}],"event_choices":[{"cards_removed":["RidiculousThoughts"],"damage_healed":4,"gold_gain":0,"player_choice":"Offered Rare","damage_taken":0,"max_hp_gain":10,"max_hp_loss":0,"event_name":"Bonfire Elementals","floor":3,"gold_loss":0},{"damage_healed":0,"gold_gain":0,"player_choice":"Donut","damage_taken":0,"max_hp_gain":5,"max_hp_loss":0,"event_name":"Big Fish","floor":11,"gold_loss":0}],"is_beta":false,"boss_relics":[{"not_picked":["SacredBark","ChewingGum"],"picked":"aspiration:RitualDagger"}],"items_purged_floors":[],"is_endless":false,"potions_floor_spawned":[2,5,7,21],"killed_by":"Gensokyo:Mirror_and_Dog","ascension_level":0}}