{"host":"4rvakrj1idbgia3f","time":1611907729,"event":{"mods":["BaseMod","Colored Map","Colored Powertips","DeckTracker","Highlight Path","Minty Spire (QoL Compilation)","Random Character Button","StSLib"],"gold_per_floor":[111,128,144,69,87,116,127,46,46,62,62,87,87,102,102,177,177,191,27,27,27,27,27,52,65,65,65,91,111,111,127,127,127,127],"floor_reached":33,"language":"JPN","playtime":1943,"items_purged":[],"score":594,"play_id":"115d7e60-a294-4991-9786-4f99a3dba4f6","local_time":"20210129170849","is_ascension_mode":true,"campfire_choices":[{"data":"Crippling Poison","floor":11,"key":"SMITH"},{"data":"Night Terror","floor":13,"key":"SMITH"},{"data":"Catalyst","floor":15,"key":"SMITH"},{"data":"Footwork","floor":23,"key":"SMITH"},{"data":"Footwork","floor":27,"key":"SMITH"},{"floor":30,"key":"REST"},{"data":"Malaise","floor":32,"key":"SMITH"}],"circlet_count":0,"master_deck":["AscendersBane","Strike_G","Strike_G","Strike_G","Defend_G","Defend_G","Defend_G","Defend_G","Survivor","Neutralize","Footwork+1","Crippling Poison+1","Outmaneuver","Flying Knee","Flechettes","Terror","Catalyst+1","Leg Sweep","Night Terror+1","Grand Finale","Grand Finale","Blur","Footwork+1","Backflip","Dagger Throw+1","Backstab","Malaise+1"],"relics":["Runic Pyramid","Ornamental Fan","Ginger","Dead Branch","Empty Cage","Lee\u0027s Waffle","FossilizedHelix","Sundial","Regal Pillow"],"acts_visited":["Exordium","TheCity"],"potions_floor_usage":[6,6,7,12,33],"damage_taken":[{"damage":0,"enemies":"2 Louse","floor":1,"turns":3},{"damage":0,"enemies":"Jaw Worm","floor":2,"turns":6},{"damage":0,"enemies":"Small Slimes","floor":3,"turns":4},{"damage":4,"enemies":"Blue Slaver","floor":5,"turns":5},{"damage":3,"enemies":"Lagavulin","floor":6,"turns":7},{"damage":5,"enemies":"3 Louse","floor":7,"turns":4},{"damage":2,"enemies":"Exordium Thugs","floor":10,"turns":5},{"damage":14,"enemies":"3 Sentries","floor":12,"turns":6},{"damage":4,"enemies":"Red Slaver","floor":14,"turns":3},{"damage":20,"enemies":"The Guardian","floor":16,"turns":7},{"damage":27,"enemies":"Shell Parasite","floor":18,"turns":5},{"damage":33,"enemies":"Slavers","floor":24,"turns":6},{"damage":1,"enemies":"Spheric Guardian","floor":25,"turns":9},{"damage":6,"enemies":"Book of Stabbing","floor":28,"turns":7},{"damage":26,"enemies":"Centurion and Healer","floor":29,"turns":7},{"damage":0,"enemies":"Snecko","floor":31,"turns":6},{"damage":46,"enemies":"Automaton","floor":33,"turns":6}],"seed_played":"8492526590369735731","potions_obtained":[{"floor":1,"key":"ColorlessPotion"},{"floor":2,"key":"CunningPotion"},{"floor":3,"key":"Explosive Potion"},{"floor":6,"key":"Swift Potion"},{"floor":7,"key":"DuplicationPotion"},{"floor":12,"key":"PowerPotion"},{"floor":18,"key":"EssenceOfSteel"}],"is_trial":false,"path_per_floor":["M","M","M","?","M","E","M","$","T","M","R","E","R","M","R","B",null,"M","$","?","?","?","R","E","M","T","R","E","M","R","M","R","B"],"character_chosen":"THE_SILENT","items_purchased":["Catalyst","Lee\u0027s Waffle"],"campfire_rested":1,"item_purchase_floors":[8,19],"current_hp_per_floor":[59,59,59,59,55,52,47,47,47,45,45,31,31,27,27,7,51,24,73,73,73,73,73,40,39,39,39,33,7,43,43,43,0,0],"gold":127,"neow_bonus":"BOSS_RELIC","is_daily":false,"chose_seed":false,"campfire_upgraded":6,"win_rate":0.0,"timestamp":1611907729,"path_taken":["M","M","M","?","M","E","M","$","T","M","R","E","R","M","R","BOSS","M","$","?","?","?","R","E","M","T","R","E","M","R","M","R","BOSS"],"items_purchased_type":["Card","Relic"],"build_version":"2020-12-22","purchased_purges":0,"victory":false,"max_hp_per_floor":[66,66,66,66,66,66,66,66,66,66,66,66,66,66,66,66,66,66,73,73,73,73,73,73,73,73,73,73,73,73,73,73,73,73],"card_choices":[{"not_picked":["Poisoned Stab","Leg Sweep"],"picked":"Footwork","floor":1},{"not_picked":["Dodge and Roll","Blade Dance"],"picked":"Crippling Poison","floor":2},{"not_picked":["Envenom","Leg Sweep"],"picked":"Outmaneuver","floor":3},{"not_picked":["Dagger Throw","Dodge and Roll"],"picked":"Flying Knee","floor":5},{"not_picked":["Eviscerate","Outmaneuver"],"picked":"Flechettes","floor":6},{"not_picked":["Reflex","Finisher"],"picked":"Terror","floor":7},{"not_picked":["Expertise","Distraction"],"picked":"Leg Sweep","floor":10},{"not_picked":["Slice","Dagger Throw"],"picked":"Night Terror","floor":12},{"not_picked":["Blur","Dodge and Roll"],"picked":"Grand Finale","floor":14},{"not_picked":["Unload","A Thousand Cuts"],"picked":"Grand Finale","floor":16},{"not_picked":["Caltrops","Dagger Throw","Eviscerate"],"picked":"SKIP","floor":18},{"not_picked":["Concentrate","Bane"],"picked":"Footwork","floor":24},{"not_picked":["Dodge and Roll","Cloak And Dagger"],"picked":"Backflip","floor":25},{"not_picked":["Caltrops","Quick Slash"],"picked":"Dagger Throw+1","floor":28},{"not_picked":["Deflect","Poisoned Stab"],"picked":"Backstab","floor":29},{"not_picked":["Finisher","Prepared"],"picked":"Malaise","floor":31}],"player_experience":2129483,"relics_obtained":[{"floor":6,"key":"Ornamental Fan"},{"floor":9,"key":"Ginger"},{"floor":12,"key":"Dead Branch"},{"floor":24,"key":"FossilizedHelix"},{"floor":26,"key":"Sundial"},{"floor":28,"key":"Regal Pillow"}],"event_choices":[{"cards_removed":["Defend_G"],"damage_healed":0,"gold_gain":0,"player_choice":"Card Removal","damage_taken":0,"max_hp_gain":0,"max_hp_loss":0,"event_name":"The Cleric","floor":4,"gold_loss":75},{"damage_healed":0,"gold_gain":0,"player_choice":"Read","damage_taken":0,"max_hp_gain":0,"max_hp_loss":0,"event_name":"The Library","floor":20,"gold_loss":0,"cards_obtained":["Blur"]},{"damage_healed":0,"gold_gain":0,"player_choice":"Ignored","damage_taken":0,"max_hp_gain":0,"max_hp_loss":0,"event_name":"The Mausoleum","floor":22,"gold_loss":0}],"is_beta":false,"boss_relics":[{"not_picked":["Velvet Choker","HoveringKite"],"picked":"Empty Cage"}],"items_purged_floors":[],"is_endless":false,"potions_floor_spawned":[1,2,3,6,7,12,18,25],"killed_by":"Automaton","ascension_level":20}}