{"host":"vyjryxuuuxkt43k4","time":1611927798,"event":{"mods":["AchievementEnabler","BaseMod","Colored Map","DeckTracker","Keyboard Shortcuts","Minty Spire (QoL Compilation)","Permanent Neow","Quick Restart","Rare Cards Sparkle","StSLib","SuperFastMode","everything is the same but u backflip on backflip"],"gold_per_floor":[118,138,138,156,176,176,207,207,257,291,15,15,29,41,41,144,144,155,170,187,203,203,203,218,218,218,238,256,4,4,23,23,120,120,139,17,29,45,45,45,73,73,73,105,121,144,8,8,8,8,8,8,8,41,41,41],"floor_reached":55,"language":"KOR","playtime":3152,"items_purged":["Defend_B"],"score":1027,"play_id":"777ed539-cc83-45b8-ac60-97d32c5f5f59","local_time":"20210129224318","is_ascension_mode":true,"campfire_choices":[{"data":"Zap","floor":6.0,"key":"SMITH"},{"floor":15.0,"key":"REST"},{"floor":23.0,"key":"REST"},{"floor":25.0,"key":"REST"},{"data":"Defragment","floor":32.0,"key":"SMITH"},{"data":"Turbo","floor":40.0,"key":"SMITH"},{"data":"Heatsinks","floor":42.0,"key":"SMITH"},{"floor":49,"key":"RECALL"},{"data":"Dualcast","floor":52,"key":"SMITH"}],"circlet_count":0,"master_deck":["Defend_B","Zap+1","Dualcast+1","FTL","Glacier","Genetic Algorithm","Go for the Eyes","Streamline","Turbo+1","Self Repair","Redo+1","Defragment+1","Fusion+1","Heatsinks+1","Multi-Cast+1","Tempest+1","Stack+1","Conserve Battery+1","Aggregate+1","Electrodynamics","Chaos+1","Skim+1","Coolheaded+1","Capacitor","Biased Cognition","Buffer+1","Go for the Eyes+1","Machine Learning+1","Conserve Battery+1","Parasite","Defragment+1","Trip+1","Deep Breath+1","Impatience+1","Recycle+1","Hologram+1","Melter+1"],"relics":["Cracked Core","Darkstone Periapt","Toxic Egg 2","Anchor","Pantograph","Membership Card","Bag of Preparation","Kunai","Nuclear Battery","Potion Belt","DataDisk","Meat on the Bone","Astrolabe","Cables","Nunchaku","Ancient Tea Set","Boot","Lantern","Akabeko"],"acts_visited":["Exordium","TheCity","TheBeyond","TheEnding"],"potions_floor_usage":[],"damage_taken":[{"damage":6.0,"enemies":"2 Louse","floor":1.0,"turns":4.0},{"damage":0.0,"enemies":"Jaw Worm","floor":2.0,"turns":4.0},{"damage":6.0,"enemies":"Small Slimes","floor":4.0,"turns":4.0},{"damage":6.0,"enemies":"Blue Slaver","floor":5.0,"turns":4.0},{"damage":16.0,"enemies":"Lagavulin","floor":7.0,"turns":7.0},{"damage":9.0,"enemies":"Gremlin Nob","floor":10.0,"turns":5.0},{"damage":9.0,"enemies":"2 Fungi Beasts","floor":13.0,"turns":4.0},{"damage":23.0,"enemies":"3 Louse","floor":14.0,"turns":4.0},{"damage":19.0,"enemies":"Hexaghost","floor":16.0,"turns":10.0},{"damage":27.0,"enemies":"Spheric Guardian","floor":18.0,"turns":11.0},{"damage":12.0,"enemies":"Shell Parasite","floor":19.0,"turns":4.0},{"damage":39.0,"enemies":"Cultist and Chosen","floor":20.0,"turns":7.0},{"damage":5.0,"enemies":"Snake Plant","floor":21.0,"turns":3.0},{"damage":20.0,"enemies":"Shelled Parasite and Fungi","floor":24.0,"turns":10.0},{"damage":12.0,"enemies":"Cultist and Chosen","floor":27.0,"turns":5.0},{"damage":0.0,"enemies":"Snake Plant","floor":28.0,"turns":4.0},{"damage":0.0,"enemies":"Shelled Parasite and Fungi","floor":31.0,"turns":4.0},{"damage":55.0,"enemies":"Collector","floor":33.0,"turns":14.0},{"damage":0.0,"enemies":"3 Darklings","floor":35.0,"turns":5.0},{"damage":11.0,"enemies":"3 Shapes","floor":37.0,"turns":2.0},{"damage":13.0,"enemies":"Writhing Mass","floor":38.0,"turns":6.0},{"damage":3.0,"enemies":"Giant Head","floor":41.0,"turns":13.0},{"damage":33.0,"enemies":"Reptomancer","floor":44.0,"turns":6.0},{"damage":9.0,"enemies":"4 Shapes","floor":45.0,"turns":4.0},{"damage":36,"enemies":"Time Eater","floor":50,"turns":17},{"damage":41,"enemies":"Shield and Spear","floor":54,"turns":4},{"damage":79,"enemies":"The Heart","floor":55,"turns":5}],"seed_played":"584445179603515173","potions_obtained":[{"floor":5.0,"key":"AttackPotion"},{"floor":7.0,"key":"Swift Potion"},{"floor":10.0,"key":"CultistPotion"},{"floor":16.0,"key":"Block Potion"},{"floor":19.0,"key":"FocusPotion"},{"floor":20.0,"key":"DuplicationPotion"},{"floor":24.0,"key":"SpeedPotion"},{"floor":31.0,"key":"PowerPotion"},{"floor":33.0,"key":"DuplicationPotion"},{"floor":41.0,"key":"Weak Potion"}],"is_trial":false,"path_per_floor":["M","M","?","M","M","R","E","T","T","E","$","?","M","M","R","B",null,"M","M","M","M","?","R","M","R","T","M","M","$","?","M","R","B",null,"M","$","M","M","?","R","E","R","T","E","M","T","$","?","R","B",null,"R","$","E","B"],"character_chosen":"DEFECT","items_purchased":["Membership Card","Defragment","Bag of Preparation","Fusion+1","DataDisk","Meat on the Bone","Coolheaded+1","PowerPotion","Cables","Hologram+1","Lantern"],"campfire_rested":3,"item_purchase_floors":[11,11,11,11,29,29,29,29,36,47,47],"current_hp_per_floor":[62,62,67,61,55,55,39,39,39,37,37,30,28,12,33,46,66,46,41,9,11,11,32,19,40,40,35,42,42,42,49,49,37,64,71,71,60,60,50,50,54,54,54,40,50,50,50,50,50,51,72,72,72,50,0,0],"gold":41,"neow_bonus":"TRANSFORM_TWO_CARDS","is_daily":false,"chose_seed":false,"campfire_upgraded":5,"win_rate":0.0,"timestamp":1611927798,"path_taken":["M","M","?","M","M","R","E","?","T","E","$","?","M","M","R","BOSS","M","M","M","M","?","R","M","R","T","M","M","$","?","M","R","BOSS","M","$","M","M","?","R","E","R","T","E","M","?","$","?","R","BOSS","R","$","E","BOSS"],"items_purchased_type":["Relic","Card","Relic","Card","Relic","Relic","Card","Potion","Relic","Card","Relic"],"build_version":"2020-12-22","purchased_purges":1,"victory":false,"max_hp_per_floor":[68,68,73,73,73,73,73,73,73,73,73,73,73,73,73,73,73,73,73,73,73,73,73,73,73,73,73,73,73,73,73,73,73,73,73,73,73,79,79,79,79,79,79,79,79,79,79,79,79,79,79,79,79,79,79,79],"card_choices":[{"not_picked":["Coolheaded","Barrage"],"picked":"Genetic Algorithm","floor":1.0},{"not_picked":["Hello World","Reprogram"],"picked":"Go for the Eyes","floor":2.0},{"not_picked":["Consume","Sweeping Beam"],"picked":"Streamline","floor":4.0},{"not_picked":["Barrage","Blizzard"],"picked":"Turbo","floor":5.0},{"not_picked":["Beam Cell","Lockon"],"picked":"Self Repair","floor":7.0},{"not_picked":["Hyperbeam","Streamline"],"picked":"Redo+1","floor":10.0},{"not_picked":["Storm","Stack+1"],"picked":"Heatsinks","floor":13.0},{"not_picked":["Stack+1","White Noise+1"],"picked":"Cold Snap","floor":14.0},{"not_picked":["Fission+1","Rainbow+1"],"picked":"Multi-Cast+1","floor":16.0},{"not_picked":["Stack+1","BootSequence+1"],"picked":"Tempest+1","floor":18.0},{"not_picked":["Leap+1","Rebound"],"picked":"Stack+1","floor":19.0},{"not_picked":["Gash","Streamline"],"picked":"Conserve Battery+1","floor":20.0},{"not_picked":["Self Repair","Hologram+1"],"picked":"Aggregate+1","floor":21.0},{"not_picked":["Coolheaded+1","Go for the Eyes"],"picked":"Electrodynamics","floor":24.0},{"not_picked":["Beam Cell+1","Self Repair"],"picked":"Chaos+1","floor":27.0},{"not_picked":["Cold Snap","Genetic Algorithm+1"],"picked":"Skim+1","floor":28.0},{"not_picked":["Turbo+1","Go for the Eyes"],"picked":"Capacitor","floor":31.0},{"not_picked":["Rainbow+1","Multi-Cast+1"],"picked":"Biased Cognition","floor":33.0},{"not_picked":["Rebound","Sweeping Beam+1"],"picked":"Conserve Battery+1","floor":35.0},{"not_picked":["Leap+1","Hello World","Barrage+1"],"picked":"SKIP","floor":37.0},{"not_picked":["Beam Cell","Stack+1"],"picked":"Defragment+1","floor":38.0},{"not_picked":["Sadistic Nature","Forethought+1"],"picked":"Trip+1","floor":39.0},{"not_picked":["Magnetism","Impatience+1"],"picked":"Deep Breath+1","floor":39.0},{"not_picked":["Dramatic Entrance","PanicButton+1"],"picked":"Impatience+1","floor":39.0},{"not_picked":["Sunder","Hello World","Melter+1"],"picked":"SKIP","floor":41.0},{"not_picked":["Force Field+1","Conserve Battery+1"],"picked":"Recycle+1","floor":44.0},{"not_picked":["Reprogram+1","Barrage+1","Rebound"],"picked":"SKIP","floor":45.0},{"not_picked":["Rip and Tear","Beam Cell+1"],"picked":"Melter+1","floor":54}],"player_experience":497920,"relics_obtained":[{"floor":7.0,"key":"Darkstone Periapt"},{"floor":8.0,"key":"Toxic Egg 2"},{"floor":9.0,"key":"Anchor"},{"floor":10.0,"key":"Pantograph"},{"floor":26.0,"key":"Potion Belt"},{"floor":41.0,"key":"Nunchaku"},{"floor":44.0,"key":"Ancient Tea Set"},{"floor":46.0,"key":"Boot"},{"floor":54,"key":"Akabeko"}],"event_choices":[{"damage_healed":0.0,"max_hp_gain":5.0,"max_hp_loss":0.0,"gold_gain":0.0,"event_name":"Big Fish","player_choice":"Donut","floor":3.0,"gold_loss":0.0,"damage_taken":0.0},{"damage_healed":0.0,"max_hp_gain":0.0,"max_hp_loss":0.0,"gold_gain":0.0,"event_name":"Scrap Ooze","player_choice":"Success","floor":12.0,"gold_loss":0.0,"damage_taken":7.0,"relics_obtained":["Kunai"]},{"cards_removed":["Strike_B"],"damage_healed":0.0,"max_hp_gain":0.0,"max_hp_loss":0.0,"gold_gain":0.0,"event_name":"Back to Basics","player_choice":"Elegance","floor":22.0,"gold_loss":0.0,"damage_taken":0.0},{"damage_healed":0.0,"max_hp_gain":0.0,"max_hp_loss":0.0,"gold_gain":0.0,"event_name":"The Mausoleum","player_choice":"Ignored","floor":30.0,"gold_loss":0.0,"damage_taken":0.0},{"damage_healed":0.0,"max_hp_gain":0.0,"max_hp_loss":0.0,"gold_gain":0.0,"event_name":"SensoryStone","player_choice":"Memory 3","floor":39.0,"gold_loss":0.0,"damage_taken":10.0},{"cards_removed":["Cold Snap"],"damage_healed":0.0,"max_hp_gain":0.0,"max_hp_loss":0.0,"gold_gain":0.0,"event_name":"Falling","player_choice":"Removed Attack","floor":48.0,"gold_loss":0.0,"damage_taken":0.0}],"is_beta":false,"boss_relics":[{"not_picked":["FrozenCore","Runic Dome"],"picked":"Nuclear Battery"},{"not_picked":["Philosopher\u0027s Stone","Sozu"],"picked":"Astrolabe"}],"items_purged_floors":[47],"is_endless":false,"potions_floor_spawned":[5,7,10,16,19,20,24,31,33,41],"killed_by":"The Heart","ascension_level":9}}