{"host":"bht7q8dqip9du99t","time":1611953583,"event":{"mods":["BaseMod","Colored Map","Colored Powertips","Highlight Path","Minty Spire (QoL Compilation)","Quick Restart","StSLib"],"gold_per_floor":[111,130,55,105,123,156,156,175,175,175,75,75,90,121,121,193,193,203,203,213,88,88,88,115,115,139,166,181,181,198,113,113,190,190,209,209,209,221,221,221,256,49,49,49,64,64,64,84,84,84],"floor_reached":51,"language":"ENG","playtime":3090,"items_purged":["Defend_P","Strike_P","Strike_P"],"score":1243,"play_id":"d88912a6-99af-4718-bd2c-e79c27a6ec79","local_time":"20210129155303","is_ascension_mode":true,"campfire_choices":[{"data":"Alpha","floor":7.0,"key":"SMITH"},{"floor":10.0,"key":"REST"},{"data":"Sanctity","floor":15.0,"key":"SMITH"},{"data":"Vigilance","floor":23.0,"key":"SMITH"},{"data":"Sanctity","floor":25.0,"key":"SMITH"},{"floor":32.0,"key":"REST"},{"floor":40,"key":"REST"},{"data":"Madness","floor":46,"key":"SMITH"},{"floor":49,"key":"REST"}],"circlet_count":0,"master_deck":["AscendersBane","Defend_P","Defend_P","Defend_P","Vigilance+1","Sanctity+1","Alpha+1","Sanctity+1","Perseverance","ThirdEye","Wireheading","Vault","SignatureMove+1","Madness+1","Madness","Sanctity+1","LikeWater"],"relics":["Runic Dome","Meat on the Bone","Blue Candle","Gremlin Horn","Empty Cage","Strawberry","Happy Flower","MealTicket","Oddly Smooth Stone","Cursed Key","The Courier","Sundial","Bottled Lightning"],"acts_visited":["Exordium","TheCity","TheBeyond"],"potions_floor_usage":[41,50],"damage_taken":[{"damage":2.0,"enemies":"2 Louse","floor":1.0,"turns":4.0},{"damage":0.0,"enemies":"Cultist","floor":2.0,"turns":4.0},{"damage":16.0,"enemies":"Small Slimes","floor":5.0,"turns":4.0},{"damage":10.0,"enemies":"Lagavulin","floor":6.0,"turns":9.0},{"damage":9.0,"enemies":"Exordium Wildlife","floor":8.0,"turns":3.0},{"damage":15.0,"enemies":"3 Louse","floor":13.0,"turns":3.0},{"damage":7.0,"enemies":"3 Sentries","floor":14.0,"turns":4.0},{"damage":19.0,"enemies":"The Guardian","floor":16.0,"turns":8.0},{"damage":17.0,"enemies":"Spheric Guardian","floor":18.0,"turns":4.0},{"damage":5.0,"enemies":"Shell Parasite","floor":20.0,"turns":5.0},{"damage":11.0,"enemies":"Gremlin Leader","floor":24.0,"turns":4.0},{"damage":35.0,"enemies":"Slavers","floor":27.0,"turns":4.0},{"damage":6.0,"enemies":"Centurion and Healer","floor":28.0,"turns":4.0},{"damage":23.0,"enemies":"Snake Plant","floor":30.0,"turns":4.0},{"damage":14,"enemies":"Automaton","floor":33,"turns":9},{"damage":12,"enemies":"Orb Walker","floor":35,"turns":4},{"damage":30,"enemies":"3 Darklings","floor":38,"turns":3},{"damage":0,"enemies":"Reptomancer","floor":41,"turns":5},{"damage":0,"enemies":"Maw","floor":45,"turns":6},{"damage":30,"enemies":"Jaw Worm Horde","floor":48,"turns":4},{"damage":44,"enemies":"Awakened One","floor":50,"turns":11}],"seed_played":"-2884333873381020231","potions_obtained":[{"floor":2.0,"key":"SpeedPotion"},{"floor":8.0,"key":"Weak Potion"},{"floor":16.0,"key":"Fruit Juice"},{"floor":18.0,"key":"PowerPotion"},{"floor":20.0,"key":"Energy Potion"},{"floor":28.0,"key":"SteroidPotion"},{"floor":35,"key":"SkillPotion"},{"floor":45,"key":"AttackPotion"}],"is_trial":false,"path_per_floor":["M","M","$","?","M","E","R","M","T","R","$","$","M","E","R","B",null,"M","?","M","$","?","R","E","R","T","E","M","?","M","?","R","B",null,"M","?","?","M","?","R","E","$","T","?","M","R","$","M","R","B",null],"character_chosen":"WATCHER","items_purchased":["Sundial"],"campfire_rested":4,"item_purchase_floors":[42],"current_hp_per_floor":[59,59,59,59,43,33,33,36,36,56,56,56,41,46,46,44,66,49,28,35,35,51,51,47,47,47,24,30,30,19,19,44,42,74,62,62,85,55,40,65,65,80,80,80,80,80,85,55,80,48],"gold":84,"neow_bonus":"BOSS_RELIC","is_daily":false,"chose_seed":false,"campfire_upgraded":5,"win_rate":0.0,"timestamp":1611953583,"path_taken":["M","M","$","?","?","E","R","M","T","R","?","$","M","E","R","BOSS","M","?","M","$","?","R","E","R","T","E","M","?","M","?","R","BOSS","M","?","?","?","?","R","E","$","T","?","M","R","$","M","R","BOSS"],"items_purchased_type":["Relic"],"build_version":"2020-12-22","purchased_purges":3,"victory":true,"max_hp_per_floor":[68,68,68,68,68,68,68,68,68,68,68,68,68,68,68,73,73,73,78,78,78,78,78,85,85,85,85,85,85,85,85,85,85,85,85,85,85,85,85,85,85,85,85,85,85,85,85,85,85,85],"card_choices":[{"not_picked":["CrushJoints","Fasting2"],"picked":"Sanctity","floor":1.0},{"not_picked":["Vengeance","Tantrum"],"picked":"Swivel","floor":2.0},{"not_picked":["CrushJoints","Crescendo","ClearTheMind"],"picked":"SKIP","floor":5.0},{"not_picked":["Consecrate","Evaluate"],"picked":"Alpha","floor":6.0},{"not_picked":["EmptyBody","ClearTheMind","WheelKick"],"picked":"SKIP","floor":8.0},{"not_picked":["Wallop","BowlingBash","Wireheading"],"picked":"SKIP","floor":13.0},{"not_picked":["FlyingSleeves","WreathOfFlame"],"picked":"Sanctity","floor":14.0},{"not_picked":["CutThroughFate","Wallop"],"picked":"Perseverance","floor":18.0},{"not_picked":["SashWhip","Halt","Prostrate"],"picked":"SKIP","floor":20.0},{"not_picked":["FlyingSleeves","EmptyBody","Weave"],"picked":"SKIP","floor":24.0},{"not_picked":["EmptyMind","ThirdEye","FlurryOfBlows"],"picked":"SKIP","floor":27.0},{"not_picked":["EmptyMind","FlurryOfBlows"],"picked":"ThirdEye","floor":27.0},{"not_picked":["MasterReality","BowlingBash","Consecrate+1"],"picked":"SKIP","floor":28.0},{"not_picked":["CrushJoints","Consecrate","ReachHeaven"],"picked":"SKIP","floor":30.0},{"not_picked":["MasterReality","ConjureBlade"],"picked":"Vault","floor":33},{"not_picked":["CarveReality","Crescendo+1","BattleHymn"],"picked":"SKIP","floor":35},{"not_picked":["Tantrum","BowlingBash+1"],"picked":"SignatureMove+1","floor":38},{"not_picked":["LessonLearned","BowlingBash+1","PathToVictory"],"picked":"SKIP","floor":41},{"not_picked":["BowlingBash","Prostrate+1"],"picked":"Sanctity+1","floor":45},{"not_picked":["FollowUp","CutThroughFate"],"picked":"LikeWater","floor":48}],"player_experience":682410,"relics_obtained":[{"floor":6.0,"key":"Meat on the Bone"},{"floor":9.0,"key":"Blue Candle"},{"floor":14.0,"key":"Gremlin Horn"},{"floor":24.0,"key":"Strawberry"},{"floor":26.0,"key":"Happy Flower"},{"floor":27.0,"key":"MealTicket"},{"floor":41,"key":"The Courier"},{"floor":43,"key":"Bottled Lightning"}],"event_choices":[{"damage_healed":0.0,"max_hp_gain":0.0,"max_hp_loss":0.0,"gold_gain":50.0,"event_name":"Golden Shrine","player_choice":"Pray","floor":4.0,"gold_loss":0.0,"damage_taken":0.0},{"damage_healed":0.0,"max_hp_gain":5.0,"max_hp_loss":0.0,"gold_gain":0.0,"event_name":"Forgotten Altar","player_choice":"Shed Blood","floor":19.0,"gold_loss":0.0,"damage_taken":26.0},{"damage_healed":16.0,"max_hp_gain":0.0,"max_hp_loss":0.0,"gold_gain":0.0,"event_name":"The Library","player_choice":"Heal","floor":22.0,"gold_loss":0.0,"damage_taken":0.0},{"damage_healed":0.0,"max_hp_gain":0.0,"max_hp_loss":0.0,"gold_gain":0.0,"cards_transformed":["Strike_P","Swivel"],"event_name":"Drug Dealer","player_choice":"Became Test Subject","floor":29.0,"gold_loss":0.0,"damage_taken":0.0,"cards_obtained":["Wireheading","BowlingBash"]},{"damage_healed":0.0,"max_hp_gain":0.0,"max_hp_loss":0.0,"gold_gain":0.0,"event_name":"Addict","player_choice":"Obtained Relic","floor":31.0,"gold_loss":85.0,"damage_taken":0.0,"relics_obtained":["Oddly Smooth Stone"]},{"cards_removed":["BowlingBash"],"damage_healed":0,"gold_gain":0,"player_choice":"Removed Attack","damage_taken":0,"max_hp_gain":0,"max_hp_loss":0,"event_name":"Falling","floor":36,"gold_loss":0},{"damage_healed":23,"gold_gain":0,"player_choice":"Full Heal","damage_taken":0,"max_hp_gain":0,"max_hp_loss":0,"event_name":"Wheel of Change","floor":37,"gold_loss":0},{"damage_healed":0,"gold_gain":0,"player_choice":"Embrace Madness","damage_taken":15,"max_hp_gain":0,"max_hp_loss":0,"event_name":"Winding Halls","floor":39,"gold_loss":0,"cards_obtained":["Madness","Madness"]},{"cards_removed":["Writhe"],"damage_healed":0,"gold_gain":0,"player_choice":"Purged","damage_taken":0,"max_hp_gain":0,"max_hp_loss":0,"event_name":"Purifier","floor":44,"gold_loss":0}],"is_beta":false,"boss_relics":[{"not_picked":["SacredBark","Busted Crown"],"picked":"Empty Cage"},{"not_picked":["Astrolabe","Tiny House"],"picked":"Cursed Key"}],"items_purged_floors":[3,11,21],"is_endless":false,"potions_floor_spawned":[2,8,16,18,20,28,35,38,45],"ascension_level":15}}