{"host":"9slw7l0ws16384qq","time":1611946750,"event":{"mods":["A Penny For Your Troubles","BaseMod","Colored Map","Downfall","Evolution","Hubris","Minty Spire (QoL Compilation)","Replay The Spire","StS++","StSLib"],"gold_per_floor":[99,111,126,126,126,126,138,150,175,187,199,226,238,160,173,276,276,276,287,299,149,165,50,50,100,100,100,135,187,203,219,230,329,329,329,339,339,339,37,37,64,98,98,113,113,113,113,113,123,124],"floor_reached":51,"language":"FRA","playtime":2617,"items_purged":["Slimebound:Strike_Slimebound","Slimebound:Tackle","Slimebound:Defend_Slimebound","Slimebound:Split+1"],"score":1019,"play_id":"c39d635d-261c-49a1-acf0-676e18feb35c","local_time":"20210129195910","is_ascension_mode":true,"campfire_choices":[{"data":"Slimebound:CorrosiveSpit","floor":1.0,"key":"SMITH"},{"data":"Slimebound:Schlurp","floor":8.0,"key":"SMITH"},{"data":"Slimebound:TagTeam","floor":10.0,"key":"SMITH"},{"data":"Slimebound:Split","floor":13.0,"key":"SMITH"},{"data":"Slimebound:Teamwork","floor":18.0,"key":"SMITH"},{"data":"Ghostly","floor":26.0,"key":"SMITH"},{"data":"Slimebound:LeechEnergy","floor":35.0,"key":"SMITH"},{"data":"Slimebound:LeechEnergy","floor":40.0,"key":"SMITH"},{"data":"Slimebound:LeechEnergy","floor":43,"key":"SMITH"},{"data":"Slimebound:Defend_Slimebound","floor":47,"key":"SMITH"}],"circlet_count":0,"master_deck":["Slimebound:LeechEnergy+1","Slimebound:LeechEnergy+1","Slimebound:Defend_Slimebound+1","Slimebound:CorrosiveSpit+1","Slimebound:LeechEnergy+1","Slimebound:Schlurp+1","Slimebound:TagTeam+1","Slimebound:Teamwork+1","Slimebound:LeechEnergy+1","Ghostly+1","Slimebound:LeadByExample+1","Slimebound:LeechEnergy+1"],"relics":["Slimebound:AbsorbEndCombatUpgraded","EVO:Axolotl","MawBank","Quantum Egg","Pear","Boot","Eternal Feather","Matryoshka","Slimebound:TarBlob","Guide Book","Omamori","hubris:DisguiseKit","Anchor"],"acts_visited":["Exordium","TheCity","TheBeyond"],"potions_floor_usage":[50],"damage_taken":[{"damage":2.0,"enemies":"Jaw Worm","floor":2.0,"turns":3.0},{"damage":4.0,"enemies":"2 Louse","floor":3.0,"turns":3.0},{"damage":0.0,"enemies":"Small Slimes","floor":9.0,"turns":2.0},{"damage":0.0,"enemies":"Exordium Wildlife","floor":12.0,"turns":2.0},{"damage":0.0,"enemies":"downfall:FleeingMerchant","floor":14.0,"turns":4.0},{"damage":0.0,"enemies":"3 Louse","floor":15.0,"turns":1.0},{"damage":26.0,"enemies":"IC_STATUS_ARCHETYPE","floor":16.0,"turns":5.0},{"damage":6.0,"enemies":"Spheric Guardian","floor":19.0,"turns":3.0},{"damage":0.0,"enemies":"Chosen","floor":20.0,"turns":3.0},{"damage":12.0,"enemies":"Sentry and Sphere","floor":22.0,"turns":4.0},{"damage":5.0,"enemies":"downfall:FleeingMerchant","floor":23.0,"turns":4.0},{"damage":0.0,"enemies":"downfall:FleeingMerchant","floor":25.0,"turns":3.0},{"damage":0.0,"enemies":"Chosen and Byrds","floor":27.0,"turns":1.0},{"damage":0.0,"enemies":"Gremlin Leader","floor":28.0,"turns":4.0},{"damage":0.0,"enemies":"Snake Plant","floor":30.0,"turns":3.0},{"damage":0.0,"enemies":"Centurion and Healer","floor":31.0,"turns":5.0},{"damage":3.0,"enemies":"3 Cultists","floor":32.0,"turns":4.0},{"damage":2.0,"enemies":"WA_ARCHETYPE_CALM","floor":33.0,"turns":5.0},{"damage":3.0,"enemies":"Orb Walker","floor":36.0,"turns":3.0},{"damage":24,"enemies":"R_Hoarder","floor":42,"turns":4},{"damage":0,"enemies":"3 Darklings","floor":44,"turns":2},{"damage":0,"enemies":"Sphere and 2 Shapes","floor":49,"turns":2},{"damage":1,"enemies":"SI_POISON_ARCHETYPE","floor":50,"turns":2}],"seed_played":"6804308201987659610","potions_obtained":[{"floor":9.0,"key":"Languid Potion"},{"floor":12.0,"key":"ColorlessPotion"},{"floor":16.0,"key":"StSpp:ScatteredPotion"},{"floor":20.0,"key":"SmokeBomb"},{"floor":28.0,"key":"BlessingOfTheForge"},{"floor":29.0,"key":"FairyPotion"},{"floor":32.0,"key":"Flashbang"},{"floor":42,"key":"Strength Potion"}],"is_trial":false,"path_per_floor":["R","M","M","?","?","?","T","R","M","R","?","M","R","$","M","B",null,"R","M","M","?","M","$","T","$","R","M","E","?","M","M","M","B",null,"R","M","?","?","$","R","T","E","R","M","?","?","R","?","M","B",null],"character_chosen":"SLIMEBOUND","items_purchased":["Boot","Guide Book"],"campfire_rested":0,"item_purchase_floors":[25,39],"current_hp_per_floor":[65,65,61,61,61,49,49,49,55,55,60,68,68,70,70,44,64,64,64,70,70,61,68,78,80,80,80,80,60,63,78,80,80,80,80,80,80,80,80,80,80,56,62,77,77,77,80,80,80,80],"gold":124,"neow_bonus":"REMOVE_CARD","is_daily":false,"chose_seed":false,"campfire_upgraded":10,"win_rate":0.0,"timestamp":1611946750,"path_taken":["R","M","M","?","?","?","T","R","M","R","?","?","R","$","M","BOSS","R","M","M","?","M","$","T","$","R","M","E","?","?","M","M","BOSS","R","M","?","?","$","R","T","E","R","?","?","?","R","?","M","BOSS"],"items_purchased_type":["Relic","Relic"],"build_version":"2020-12-22","purchased_purges":4,"victory":true,"max_hp_per_floor":[65,65,65,65,65,65,65,65,65,65,70,70,70,70,70,70,70,70,70,70,70,70,70,80,80,80,80,80,80,80,80,80,80,80,80,80,80,80,80,80,80,80,80,80,80,80,80,80,80,80],"card_choices":[{"not_picked":["Slimebound:LivingWall","Slimebound:SlimeSpikes"],"picked":"Slimebound:LeechEnergy","floor":2.0},{"not_picked":["Slimebound:RollThrough","Slimebound:SplitMire"],"picked":"Slimebound:Schlurp","floor":3.0},{"not_picked":["Slimebound:ProtectTheBoss","Slimebound:LeechingTouch"],"picked":"Slimebound:TagTeam","floor":9.0},{"not_picked":["Slimebound:SamplingLick","Slimebound:RollThrough","Slimebound:FinishingTackle"],"picked":"SKIP","floor":12.0},{"not_picked":["Slimebound:Equalize","Slimebound:Prepare","Slimebound:FirmFortitude"],"picked":"SKIP","floor":14.0},{"not_picked":["Slimebound:GoopTackle","Slimebound:ServeAndProtect","Slimebound:FlameTackle"],"picked":"SKIP","floor":15.0},{"not_picked":["Slimebound:CheckThePlaybook","Slimebound:SlimeSlap"],"picked":"Slimebound:Teamwork","floor":16.0},{"not_picked":["Slimebound:Nibble","Slimebound:GoopSpray"],"picked":"Slimebound:LeechEnergy+1","floor":19.0},{"not_picked":["Slimebound:SplitMire+1","Slimebound:Dissolve","Slimebound:Grow"],"picked":"SKIP","floor":20.0},{"not_picked":["Slimebound:ProtectTheBoss","Slimebound:SplitLeeching","Slimebound:GrowthPunch"],"picked":"SKIP","floor":22.0},{"not_picked":["Slimebound:ItLooksTasty+1","Slimebound:SlimeSpikes"],"picked":"Slimebound:LeadByExample","floor":23.0},{"not_picked":["Slimebound:PressTheAttack","Slimebound:ViciousTackle+1","Slimebound:Equalize"],"picked":"SKIP","floor":25.0},{"not_picked":["Slimebound:GoopTackle","Slimebound:LevelUp"],"picked":"Slimebound:LeechEnergy","floor":28.0},{"not_picked":["Slimebound:SplitBruiser+1","Slimebound:SpikyOuterGoop","Slimebound:SplitAcid"],"picked":"SKIP","floor":30.0},{"not_picked":["Slimebound:LivingWall","Slimebound:SlimeBrawl","Slimebound:LeechingTouch+1"],"picked":"SKIP","floor":31.0},{"not_picked":["Slimebound:AcidTongue","Slimebound:ServeAndProtect","Slimebound:DisruptingSlam"],"picked":"SKIP","floor":32.0},{"not_picked":["Slimebound:GoopTackle","Slimebound:GoopSpray","Slimebound:ItLooksTasty+1"],"picked":"SKIP","floor":36.0},{"not_picked":["Slimebound:HauntingLick","Slimebound:MassFeed","Slimebound:Gluttony+1","Blizzard"],"picked":"SKIP","floor":42},{"not_picked":["Slimebound:ComboTackle","Slimebound:LevelUp+1","Slimebound:Nibble+1","Loop"],"picked":"SKIP","floor":44},{"not_picked":["Slimebound:SplitLeeching","Slimebound:SplitSpecialist+1","Slimebound:LivingWall","Sweeping Beam"],"picked":"SKIP","floor":49}],"player_experience":1541601,"relics_obtained":[{"floor":7.0,"key":"Quantum Egg"},{"floor":24.0,"key":"Pear"},{"floor":28.0,"key":"Eternal Feather"},{"floor":29.0,"key":"Matryoshka"},{"floor":41.0,"key":"Omamori"},{"floor":41.0,"key":"hubris:DisguiseKit"},{"floor":42,"key":"Anchor"}],"event_choices":[{"cards_removed":["Slimebound:Defend_Slimebound"],"damage_healed":0.0,"max_hp_gain":0.0,"max_hp_loss":0.0,"gold_gain":0.0,"event_name":"The Cleric","player_choice":"Card Removal","floor":4.0,"gold_loss":0.0,"damage_taken":0.0},{"damage_healed":0.0,"max_hp_gain":0.0,"max_hp_loss":0.0,"gold_gain":0.0,"event_name":"Scrap Ooze","player_choice":"Success","floor":6.0,"gold_loss":0.0,"damage_taken":12.0,"relics_obtained":["MawBank"]},{"damage_healed":0.0,"max_hp_gain":5.0,"max_hp_loss":0.0,"gold_gain":0.0,"event_name":"Big Fish","player_choice":"Donut","floor":11.0,"gold_loss":0.0,"damage_taken":0.0},{"damage_healed":0,"gold_gain":0,"player_choice":"Ignored","damage_taken":0,"max_hp_gain":0,"max_hp_loss":0,"event_name":"Accursed Blacksmith","floor":48,"gold_loss":0}],"is_beta":false,"boss_relics":[{"not_picked":["SacredBark","hubris:Stopwatch"],"picked":"Slimebound:AbsorbEndCombatUpgraded"},{"not_picked":["Runic Dome","ReplayTheSpireMod:DimensionalGlitch"],"picked":"Slimebound:TarBlob"}],"items_purged_floors":[14,23,25,39],"is_endless":false,"potions_floor_spawned":[9,12,16,20,27,28,32,36,42],"ascension_level":5}}