{"host":"6cq08l203i8iyh3k","time":1611949454,"event":{"mods":["BaseMod","Better Note","Better Silent Start","Colored Map","Colored Powertips","Minty Spire (QoL Compilation)","Quick Restart","Replay The Spire","Spicy Shops","StSLib","The Servant 0.9.4"],"gold_per_floor":[113,124,299,123,134,164,164,164,164,164,181,214,214,227,227,324,324,337,199,209,259,275,275,310,100,151,162,162,162,116,134,134,134,134],"floor_reached":33,"language":"ENG","playtime":1736,"items_purged":["Doubt"],"score":300,"play_id":"36693782-cc7f-4134-8e0b-021cae1ddbce","local_time":"20210129134414","daily_mods":["Heirloom"],"is_ascension_mode":false,"campfire_choices":[{"data":"Poisoned Stab","floor":7,"key":"SMITH"},{"floor":10,"key":"REST"},{"data":"Defend_G","floor":13,"key":"SMITH"},{"data":"Defend_G","floor":15,"key":"SMITH"},{"floor":23,"key":"REST"},{"floor":28,"key":"REST"}],"circlet_count":0,"master_deck":["Strike_G","Strike_G","Strike_G","Strike_G","Defend_G+1","Defend_G+1","Defend_G","Defend_G+1","Survivor","Neutralize","Deadly Poison","Deadly Poison","Poisoned Stab+1","Poisoned Stab+1","Skewer","Venomology+1","Backstab","Doubt","Footwork+1","Deadly Poison","Poisoned Stab","Backstab","J.A.X."],"relics":["Ring of the Snake","Byrd Skull","Orichalcum","Pear","Darkstone Periapt","Tiny Chest","Sozu","Regal Pillow","War Paint","Replay:Multitool","Vajra","Quantum Egg"],"acts_visited":["Exordium","TheCity"],"potions_floor_usage":[2,6,18,22],"damage_taken":[{"damage":0,"enemies":"Small Slimes","floor":1,"turns":4},{"damage":0,"enemies":"2 Louse","floor":2,"turns":2},{"damage":3,"enemies":"Cultist","floor":5,"turns":4},{"damage":23,"enemies":"3 Sentries","floor":6,"turns":12},{"damage":0,"enemies":"Looter","floor":11,"turns":2},{"damage":18,"enemies":"Lagavulin","floor":12,"turns":5},{"damage":0,"enemies":"Large Slime","floor":14,"turns":5},{"damage":26,"enemies":"Hexaghost","floor":16,"turns":8},{"damage":9,"enemies":"Spheric Guardian","floor":18,"turns":5},{"damage":6,"enemies":"Shell Parasite","floor":20,"turns":5},{"damage":25,"enemies":"Snecko","floor":22,"turns":6},{"damage":68,"enemies":"Gremlin Leader","floor":24,"turns":8},{"damage":9,"enemies":"Snake Plant","floor":27,"turns":4},{"damage":17,"enemies":"3 Cultists","floor":31,"turns":6},{"damage":47,"enemies":"Champ","floor":33,"turns":8}],"seed_played":"-7711147369483568373","potions_obtained":[{"floor":1,"key":"Toxic Potion"},{"floor":2,"key":"Ancient Potion"},{"floor":12,"key":"Swift Potion"},{"floor":16,"key":"Milkshake"}],"is_trial":true,"path_per_floor":["M","M","?","$","M","E","R","?","T","R","M","E","R","M","R","B",null,"M","$","M","?","M","R","E","$","T","M","R","T","$","M","R_BF","B"],"character_chosen":"THE_SILENT","items_purchased":["Orichalcum","Poisoned Stab","Backstab","Regal Pillow","Deadly Poison","Replay:Multitool","Poisoned Stab"],"campfire_rested":3,"item_purchase_floors":[4,4,19,19,25,25,30],"current_hp_per_floor":[70,70,70,70,67,54,54,54,54,78,78,60,60,60,60,34,80,71,77,71,71,46,86,18,18,18,9,49,49,49,32,32,0,0],"gold":134,"neow_bonus":"","is_daily":false,"chose_seed":false,"campfire_upgraded":3,"win_rate":0.0,"timestamp":1611949454,"path_taken":["M","M","?","$","M","E","R","?","T","R","M","E","R","?","R","BOSS","M","$","M","?","M","R","E","$","T","M","R","?","$","M","R_BF","BOSS"],"items_purchased_type":["Relic","Card","Card","Relic","Card","Relic","Card"],"build_version":"2020-12-22","purchased_purges":1,"victory":false,"max_hp_per_floor":[70,70,70,70,70,80,80,80,80,80,80,80,80,80,80,80,80,80,86,86,86,86,86,86,86,86,86,86,86,86,86,86,86,86],"card_choices":[{"not_picked":["Terror","ReplayTheSpireMod:The Works"],"picked":"Deadly Poison","floor":1},{"not_picked":["Leg Sweep","Flying Knee"],"picked":"Deadly Poison","floor":2},{"not_picked":["Toxin Wave","Skewer","Well Laid Plans"],"picked":"SKIP","floor":5},{"not_picked":["Toxin Wave","Tactician"],"picked":"Poisoned Stab","floor":6},{"not_picked":["Underhanded Strike","Distraction","ReplayTheSpireMod:Exploit Weakness"],"picked":"SKIP","floor":11},{"not_picked":["Blade Dance","Replay:Bag of Tricks"],"picked":"Skewer","floor":12},{"not_picked":["Masterful Stab","ReplayTheSpireMod:The Works","Bane"],"picked":"SKIP","floor":14},{"not_picked":["ReplayTheSpireMod:Necrosis","Glass Knife"],"picked":"Venomology","floor":16},{"not_picked":["Blade Dance","Underhanded Strike+1","Backflip+1"],"picked":"SKIP","floor":18},{"not_picked":["Hidden Blade+1","Predator","Crippling Poison"],"picked":"SKIP","floor":20},{"not_picked":["Acrobatics","Setup"],"picked":"Footwork+1","floor":22},{"not_picked":["ReplayTheSpireMod:The Works+1","Doppelganger","Dash"],"picked":"SKIP","floor":24},{"not_picked":["Escape Plan","Prepared","Leg Sweep"],"picked":"SKIP","floor":27},{"not_picked":["Prepared","Leg Sweep"],"picked":"Backstab","floor":31}],"player_experience":378634,"relics_obtained":[{"floor":6,"key":"Pear"},{"floor":9,"key":"Darkstone Periapt"},{"floor":12,"key":"Tiny Chest"},{"floor":24,"key":"War Paint"},{"floor":26,"key":"Vajra"},{"floor":29,"key":"Quantum Egg"}],"event_choices":[{"damage_healed":0,"gold_gain":175,"player_choice":"AGREE","damage_taken":0,"max_hp_gain":0,"max_hp_loss":0,"event_name":"Liars Game","floor":3,"gold_loss":0,"cards_obtained":["Doubt"]},{"damage_healed":0,"gold_gain":0,"player_choice":"Forge","damage_taken":0,"max_hp_gain":0,"max_hp_loss":0,"event_name":"Accursed Blacksmith","floor":8,"gold_loss":0,"cards_upgraded":["Poisoned Stab"]},{"damage_healed":0,"gold_gain":100,"player_choice":"Bet on Murderer","damage_taken":0,"max_hp_gain":0,"max_hp_loss":0,"event_name":"The Joust","floor":21,"gold_loss":50},{"damage_healed":0,"gold_gain":0,"player_choice":"Obtain J.A.X.","damage_taken":0,"max_hp_gain":0,"max_hp_loss":0,"event_name":"Drug Dealer","floor":32,"gold_loss":0,"cards_obtained":["J.A.X."]}],"is_beta":false,"boss_relics":[{"not_picked":["HoveringKite","Velvet Choker"],"picked":"Sozu"}],"items_purged_floors":[4],"is_endless":true,"potions_floor_spawned":[1,2,12,16,18,22,31],"killed_by":"Champ","ascension_level":0}}