{"host":"8b2tzytxrazqquwe","time":1611960050,"event":{"mods":["BaseMod","Card Forge","Colored Map","Highlight Path","Minty Spire (QoL Compilation)","StSLib"],"gold_per_floor":[118,136,86,104,116,116,133,59,106,106,121,136,136,146,146,249,249,268,268,116,116,42,42,59,79,79,91,108,140,140,171,171,273,273,287,41,52,52,66,66,0,0,0,0,0],"floor_reached":44,"language":"ENG","playtime":1852,"items_purged":["Strike_R+1","Strike_R+1"],"score":542,"play_id":"8e577851-4d76-48db-b51e-bff5ad9a2f6d","local_time":"20210129224050","is_ascension_mode":false,"campfire_choices":[{"data":"Inflame","floor":6.0,"key":"SMITH"},{"data":"Barricade","floor":10.0,"key":"SMITH"},{"data":"Flex","floor":15.0,"key":"SMITH"},{"data":"Flex","floor":23,"key":"SMITH"},{"floor":30,"key":"REST"},{"floor":32,"key":"REST"},{"data":"Double Tap","floor":40,"key":"SMITH"}],"circlet_count":0,"master_deck":["Defend_R+1","Bash+1","Inflame+1","Shrug It Off+1","Inflame+1","Metallicize","Barricade+1","Flex+1","Flex+1","Juggernaut","Body Slam","Panacea+1","Whirlwind","Flex+1","Seeing Red","Double Tap+1","Blood for Blood","Flex","Inflame","Rupture+1"],"relics":["Burning Blood","Hammer of Thor","Seething Fire","Anvil of the Gods","NeowsBlessing","Pen Nib","Busted Crown","Membership Card","Mummified Hand","Ornamental Fan","Happy Flower","Runic Pyramid","Frozen Egg 2","Red Mask","Juzu Bracelet"],"acts_visited":["Exordium","TheCity","TheBeyond"],"potions_floor_usage":[25,27,31,39],"damage_taken":[{"damage":0.0,"enemies":"Cultist","floor":1.0,"turns":1.0},{"damage":0.0,"enemies":"2 Louse","floor":2.0,"turns":1.0},{"damage":0.0,"enemies":"Small Slimes","floor":4.0,"turns":2.0},{"damage":0.0,"enemies":"Red Slaver","floor":5.0,"turns":4.0},{"damage":0.0,"enemies":"2 Fungi Beasts","floor":7.0,"turns":3.0},{"damage":0.0,"enemies":"Looter","floor":11.0,"turns":4.0},{"damage":1.0,"enemies":"Blue Slaver","floor":12.0,"turns":3.0},{"damage":0.0,"enemies":"Red Slaver","floor":14.0,"turns":3.0},{"damage":0.0,"enemies":"The Guardian","floor":16.0,"turns":13.0},{"damage":12.0,"enemies":"2 Thieves","floor":18.0,"turns":4.0},{"damage":30,"enemies":"Spheric Guardian","floor":24,"turns":4},{"damage":4,"enemies":"Snecko","floor":25,"turns":3},{"damage":10,"enemies":"3 Cultists","floor":27,"turns":4},{"damage":25,"enemies":"Snake Plant","floor":28,"turns":3},{"damage":28,"enemies":"Gremlin Leader","floor":29,"turns":4},{"damage":22,"enemies":"Book of Stabbing","floor":31,"turns":3},{"damage":3,"enemies":"Champ","floor":33,"turns":6},{"damage":29,"enemies":"Orb Walker","floor":35,"turns":4},{"damage":33,"enemies":"3 Shapes","floor":37,"turns":5},{"damage":18,"enemies":"Transient","floor":39,"turns":5},{"damage":0,"enemies":"Spire Growth","floor":44,"turns":2}],"seed_played":"-7788529134175866869","potions_obtained":[{"floor":4.0,"key":"Fire Potion"},{"floor":7.0,"key":"Fire Potion"},{"floor":11.0,"key":"GamblersBrew"},{"floor":24,"key":"DistilledChaos"},{"floor":25,"key":"GamblersBrew"},{"floor":29,"key":"Energy Potion"},{"floor":35,"key":"BlessingOfTheForge"},{"floor":37,"key":"BlessingOfTheForge"}],"is_trial":false,"path_per_floor":["M","M","$","M","M","R","M","$","T","R","M","M","$","M","R","B",null,"M","?","$","?","$","R","M","M","T","M","M","E","R","E","R","B",null,"M","$","M","?","M","R","?","$","T","M"],"character_chosen":"IRONCLAD","items_purchased":["Shrug It Off","Barricade","Membership Card","Whirlwind","Flex","Inflame","Frozen Egg 2"],"campfire_rested":2,"item_purchase_floors":[3,8,20,22,36,36,36],"current_hp_per_floor":[80,80,80,80,80,80,80,80,80,80,80,80,80,80,80,80,80,74,74,74,74,74,74,50,52,52,48,29,7,31,15,39,42,80,57,57,30,30,18,18,18,18,18,18,18],"gold":0,"neow_bonus":"THREE_ENEMY_KILL","is_daily":false,"chose_seed":false,"campfire_upgraded":5,"win_rate":0.0,"timestamp":1611960050,"path_taken":["M","M","?","M","M","R","?","$","T","R","M","M","?","M","R","BOSS","M","?","$","?","$","R","?","M","T","M","M","E","R","E","R","BOSS","M","$","M","?","?","R","?","$","T","M"],"items_purchased_type":["Card","Card","Relic","Card","Card","Card","Relic"],"build_version":"2020-12-22","purchased_purges":2,"victory":false,"max_hp_per_floor":[80,80,80,80,80,80,80,80,80,80,80,80,80,80,80,80,80,80,80,80,80,80,80,80,80,80,80,80,80,80,80,80,80,80,80,80,80,80,80,80,80,80,80,80,80],"card_choices":[{"not_picked":["Shrug It Off","Rampage","Sword Boomerang"],"picked":"SKIP","floor":1.0},{"not_picked":["Clothesline","Warcry"],"picked":"Inflame","floor":2.0},{"not_picked":["Body Slam","Shrug It Off","Iron Wave"],"picked":"SKIP","floor":4.0},{"not_picked":["Headbutt","Perfected Strike"],"picked":"Inflame","floor":5.0},{"not_picked":["Perfected Strike","True Grit"],"picked":"Metallicize","floor":7.0},{"not_picked":["Shockwave","Sever Soul","Iron Wave"],"picked":"SKIP","floor":11.0},{"not_picked":["Perfected Strike","Hemokinesis"],"picked":"Flex","floor":12.0},{"not_picked":["Blood for Blood","Seeing Red"],"picked":"Flex","floor":14.0},{"not_picked":["Offering","Impervious"],"picked":"Juggernaut","floor":16.0},{"not_picked":[],"picked":"Body Slam","floor":18.0},{"not_picked":["Warcry"],"picked":"SKIP","floor":24},{"not_picked":["Pommel Strike"],"picked":"SKIP","floor":25},{"not_picked":[],"picked":"Flex+1","floor":27},{"not_picked":["Clothesline"],"picked":"SKIP","floor":28},{"not_picked":["Hemokinesis"],"picked":"SKIP","floor":29},{"not_picked":[],"picked":"Seeing Red","floor":31},{"not_picked":[],"picked":"Double Tap","floor":33},{"not_picked":[],"picked":"Blood for Blood","floor":35},{"not_picked":[],"picked":"Rupture+1","floor":37},{"not_picked":["Rupture+1"],"picked":"SKIP","floor":39}],"player_experience":0,"relics_obtained":[{"floor":9.0,"key":"Pen Nib"},{"floor":26,"key":"Mummified Hand"},{"floor":29,"key":"Ornamental Fan"},{"floor":31,"key":"Happy Flower"},{"floor":43,"key":"Juzu Bracelet"}],"event_choices":[{"damage_healed":0.0,"max_hp_gain":0.0,"max_hp_loss":0.0,"gold_gain":0.0,"event_name":"Vampires","player_choice":"Ignored","floor":19.0,"gold_loss":0.0,"damage_taken":0.0},{"damage_healed":0,"gold_gain":0,"player_choice":"1 cards matched","damage_taken":0,"max_hp_gain":0,"max_hp_loss":0,"event_name":"Match and Keep!","floor":21,"gold_loss":0,"cards_obtained":["Panacea"]},{"damage_healed":0,"gold_gain":0,"player_choice":"Upgraded","damage_taken":0,"max_hp_gain":0,"max_hp_loss":0,"event_name":"Upgrade Shrine","floor":38,"gold_loss":0,"cards_upgraded":["Panacea"]},{"damage_healed":0,"gold_gain":0,"player_choice":"Paid","damage_taken":0,"relics_obtained":["Red Mask"],"max_hp_gain":0,"max_hp_loss":0,"event_name":"Tomb of Lord Red Mask","floor":41,"gold_loss":66}],"is_beta":false,"boss_relics":[{"not_picked":["Mark of Pain","SlaversCollar"],"picked":"Busted Crown"},{"not_picked":["Empty Cage","Tiny House"],"picked":"Runic Pyramid"}],"items_purged_floors":[22,36],"is_endless":false,"potions_floor_spawned":[4,7,11,12,24,25,29,35,37],"killed_by":"Spire Growth","ascension_level":0}}