{"host":"elk86etthq2g0y8k","time":1611891040,"event":{"mods":["2.2 Compatiblity","Act Like it!","BaseMod","BetterRewards","Colored Powertips","Elementarium","Minty Spire (QoL Compilation)","Permanent Neow","Quick Restart","Shop Mod","StSLib","The Marked","The Runesmith"],"gold_per_floor":[367,442,245,263,263,288,288,344,344,355,355,355,371,63,63,168,168,185,95,95],"floor_reached":19,"language":"ENG","playtime":1346,"items_purged":[],"score":165,"play_id":"5bfd0663-9a91-4cb1-96a3-1dff071440f8","local_time":"20210128223040","is_ascension_mode":false,"campfire_choices":[{"floor":7.0,"key":"RECALL"},{"floor":12.0,"key":"REST"},{"floor":15.0,"key":"REST"}],"circlet_count":0,"master_deck":["Runesmith:Strike_RS","Runesmith:Strike_RS","Runesmith:Strike_RS","Runesmith:Strike_RS","Runesmith:Defend_RS","Runesmith:Defend_RS","Runesmith:Defend_RS","Runesmith:Defend_RS","Runesmith:CraftFirestone","Runesmith:Fortify","Runesmith:HeatExchange","Runesmith:Firestorm","Runesmith:CraftSpiculum","Runesmith:Firewall","Runesmith:Superposition","Runesmith:EnergizedChisel","Runesmith:Repurpose","Runesmith:Terraform","Runesmith:CraftIndustria","Runesmith:LithiumIon","Runesmith:Supernova","Runesmith:CraftMedicinae","Runesmith:BackupBattery"],"relics":["Runesmith:BrokenRuby","PreservedInsect","Ornamental Fan","Art of War","Black Star"],"acts_visited":["Exordium","TheCity"],"potions_floor_usage":[],"damage_taken":[{"damage":3.0,"enemies":"Small Slimes","floor":1.0,"turns":4.0},{"damage":3.0,"enemies":"Jaw Worm","floor":4.0,"turns":5.0},{"damage":6.0,"enemies":"Lagavulin","floor":6.0,"turns":6.0},{"damage":6.0,"enemies":"Gremlin Nob","floor":8.0,"turns":3.0},{"damage":4.0,"enemies":"Cultist","floor":10.0,"turns":4.0},{"damage":9.0,"enemies":"2 Fungi Beasts","floor":13.0,"turns":3.0},{"damage":17.0,"enemies":"The Guardian","floor":16.0,"turns":10.0},{"damage":31,"enemies":"Shell Parasite","floor":18,"turns":8},{"damage":40,"enemies":"2 Thieves","floor":19,"turns":3}],"seed_played":"8609528045402773556","potions_obtained":[{"floor":4.0,"key":"AttackPotion"},{"floor":10.0,"key":"SpeedPotion"},{"floor":11.0,"key":"Fire Potion"},{"floor":11.0,"key":"Block Potion"},{"floor":16.0,"key":"Regen Potion"},{"floor":18,"key":"Weak Potion"}],"is_trial":false,"path_per_floor":["M","?","$","M","?","E","R","?","T","M","?","R","M","$","R","B",null,"M","M"],"character_chosen":"RUNESMITH_CLASS","items_purchased":["Runesmith:Firestorm","Runesmith:CraftSpiculum","Runesmith:Firewall","Runesmith:CraftIndustria","Runesmith:LithiumIon","Runesmith:Supernova"],"campfire_rested":2,"item_purchase_floors":[3,3,3,14,14,14],"current_hp_per_floor":[60,49,49,46,34,28,28,22,22,18,18,36,27,27,45,28,63,34,0,0],"gold":95,"neow_bonus":"TWO_FIFTY_GOLD","is_daily":false,"chose_seed":false,"campfire_upgraded":0,"win_rate":0.0,"timestamp":1611891040,"path_taken":["M","?","$","M","?","E","R","?","T","?","?","R","M","$","R","BOSS","M","M"],"items_purchased_type":["Card","Card","Card","Card","Card","Card"],"build_version":"2020-12-22","purchased_purges":0,"victory":false,"max_hp_per_floor":[63,63,63,63,63,63,63,63,63,63,63,63,63,63,63,63,63,63,63,63],"card_choices":[{"not_picked":["Runesmith:Grindstone","Runesmith:HammerThrow"],"picked":"Runesmith:HeatExchange","floor":1.0},{"not_picked":["Runesmith:StaticCage","Runesmith:ShiftingStrike","Runesmith:Overpower"],"picked":"SKIP","floor":4.0},{"not_picked":["Runesmith:UnlimitedPower","Runesmith:Grindstone"],"picked":"Runesmith:Superposition","floor":6.0},{"not_picked":["Runesmith:Accelerate","Runesmith:HeatExchange"],"picked":"Runesmith:EnergizedChisel","floor":8.0},{"not_picked":["Runesmith:DoubleUp","Runesmith:HammerAndChisel"],"picked":"Runesmith:Repurpose","floor":10.0},{"not_picked":["Runesmith:PoweredAnvil","Runesmith:BackupBattery"],"picked":"Runesmith:Terraform","floor":13.0},{"not_picked":["Runesmith:UnlimitedPower","Runesmith:Supernova"],"picked":"Runesmith:CraftMedicinae","floor":16.0},{"not_picked":["Runesmith:HeatExchange","Runesmith:EnergizedChisel"],"picked":"Runesmith:BackupBattery","floor":18}],"player_experience":164054,"relics_obtained":[{"floor":6.0,"key":"Ornamental Fan"},{"floor":8.0,"key":"Art of War"}],"event_choices":[{"damage_healed":0.0,"max_hp_gain":0.0,"max_hp_loss":0.0,"gold_gain":75.0,"event_name":"World of Goop","player_choice":"Gather Gold","floor":2.0,"gold_loss":0.0,"damage_taken":11.0},{"damage_healed":0.0,"max_hp_gain":0.0,"max_hp_loss":0.0,"gold_gain":0.0,"event_name":"Scrap Ooze","player_choice":"Success","floor":5.0,"gold_loss":0.0,"damage_taken":12.0,"relics_obtained":["PreservedInsect"]},{"damage_healed":0.0,"max_hp_gain":0.0,"max_hp_loss":0.0,"gold_gain":0.0,"event_name":"Dead Adventurer","player_choice":"Searched \u00271\u0027 times","floor":8.0,"gold_loss":0.0,"damage_taken":0.0},{"damage_healed":0.0,"max_hp_gain":0.0,"max_hp_loss":0.0,"gold_gain":0.0,"event_name":"Lab","player_choice":"Got Potions","floor":11.0,"gold_loss":0.0,"damage_taken":0.0}],"is_beta":false,"boss_relics":[{"not_picked":["Ectoplasm","Runic Pyramid"],"picked":"Black Star"}],"items_purged_floors":[],"is_endless":false,"potions_floor_spawned":[4,10,16,18],"killed_by":"2 Thieves","ascension_level":0}}