{"host":"6d5iy6ecydeygvj8","time":1611940778,"event":{"mods":["BaseMod","Colored Map","Colored Powertips","DeckTracker","Highlight Path","Minty Spire (QoL Compilation)","Quick Restart","Random Character Button","SuperFastMode","Synergy Search"],"gold_per_floor":[112,112,65,65,80,90,90,90,90],"floor_reached":8,"language":"ENG","playtime":189,"items_purged":[],"score":69,"play_id":"6b5cf82e-63a9-406f-a421-4bd4e7831e6f","local_time":"20210129181938","is_ascension_mode":true,"campfire_choices":[{"data":"Terror","floor":7,"key":"SMITH"}],"circlet_count":0,"master_deck":["AscendersBane","Strike_G","Strike_G","Strike_G","Strike_G","Strike_G","Defend_G","Defend_G","Defend_G","Defend_G","Defend_G","Survivor","Neutralize","Terror+1","Backflip","Terror"],"relics":["Ring of the Snake","NeowsBlessing","Ninja Scroll"],"acts_visited":["Exordium"],"potions_floor_usage":[],"damage_taken":[{"damage":0,"enemies":"Small Slimes","floor":1,"turns":1},{"damage":0,"enemies":"Cultist","floor":5,"turns":1},{"damage":0,"enemies":"Jaw Worm","floor":6,"turns":1},{"damage":2,"enemies":"3 Sentries","floor":8,"turns":3}],"seed_played":"313877745946977958","potions_obtained":[{"floor":1,"key":"Explosive Potion"},{"floor":4,"key":"DistilledChaos"},{"floor":4,"key":"FearPotion"},{"floor":4,"key":"Regen Potion"}],"is_trial":false,"path_per_floor":["M","?","$","?","M","M","R","E"],"character_chosen":"THE_SILENT","items_purchased":["Backflip"],"campfire_rested":0,"item_purchase_floors":[3],"current_hp_per_floor":[63,63,63,63,63,63,63,61,61],"gold":90,"neow_bonus":"THREE_ENEMY_KILL","is_daily":false,"chose_seed":false,"campfire_upgraded":1,"win_rate":0.0,"timestamp":1611940778,"path_taken":["M","?","?","?","M","M","R","E"],"items_purchased_type":["Card"],"build_version":"2020-12-22","purchased_purges":0,"victory":false,"max_hp_per_floor":[70,70,70,70,70,70,70,70,70],"card_choices":[{"not_picked":["Caltrops","Leg Sweep"],"picked":"Terror","floor":1},{"not_picked":["Poisoned Stab","Quick Slash","Reflex"],"picked":"SKIP","floor":5},{"not_picked":["Backflip","Sucker Punch"],"picked":"Terror","floor":6}],"player_experience":295891,"relics_obtained":[],"event_choices":[{"damage_healed":0,"gold_gain":0,"player_choice":"Gave Potion","damage_taken":0,"relics_obtained":["Ninja Scroll"],"max_hp_gain":0,"max_hp_loss":0,"event_name":"WeMeetAgain","floor":2,"gold_loss":0},{"damage_healed":0,"gold_gain":0,"player_choice":"Got Potions","damage_taken":0,"max_hp_gain":0,"max_hp_loss":0,"event_name":"Lab","floor":4,"gold_loss":0}],"is_beta":false,"boss_relics":[],"items_purged_floors":[],"is_endless":false,"potions_floor_spawned":[1],"killed_by":"3 Sentries","ascension_level":10}}