{"host":"qfskrnw3pl1q86j0","time":1611933774,"event":{"mods":["BaseMod","Block Reminder","Hermit","Marisa????????","Minty Spire (QoL Compilation)","Quick Restart","Random Character Button","Relic Stats","StSLib","The Poker Player","slay the spire mod where everything is the same but ironclad has a cowboy hat"],"gold_per_floor":[115,115,131,142,142,142,67,67,67,87,87,87,100,115,115,214,214,225,55,65,24,43,43,58,58,58,58,78,78,78,25,25,122,122,135,135,135,57,57,57,76,76,103,118,134,145,145,163,163,163],"floor_reached":51,"language":"ENG","playtime":1262,"items_purged":["Strike_B","Strike_B"],"score":639,"play_id":"2ac52c03-cdf5-4b1f-bec9-cd555498b022","local_time":"20210129162254","is_ascension_mode":false,"campfire_choices":[{"data":"Dualcast","floor":6,"key":"SMITH"},{"data":"Ball Lightning","floor":8,"key":"SMITH"},{"data":"Core Surge","floor":11,"key":"SMITH"},{"data":"Ball Lightning","floor":15,"key":"SMITH"},{"data":"Rainbow","floor":23,"key":"SMITH"},{"data":"Self Repair","floor":27,"key":"SMITH"},{"data":"Defragment","floor":29,"key":"SMITH"},{"floor":32,"key":"REST"},{"data":"Buffer","floor":40,"key":"SMITH"},{"data":"Barrage","floor":42,"key":"SMITH"},{"data":"Defragment","floor":47,"key":"SMITH"},{"floor":49,"key":"REST"}],"circlet_count":0,"master_deck":["Strike_B+1","Strike_B","Defend_B","Defend_B","Defend_B","Zap+1","Dualcast+1","Ball Lightning+1","Conserve Battery","Capacitor","Core Surge+1","Ball Lightning+1","BootSequence","Rainbow+1","Capacitor","Ball Lightning+1","Self Repair+1","Defragment+1","Barrage+1","Buffer+1","Conserve Battery","Barrage","FTL+1","Defragment+1"],"relics":["Cracked Core","Strawberry","Pantograph","Runic Dome","Whetstone","Busted Crown","Juzu Bracelet"],"acts_visited":["Exordium","TheCity","TheBeyond"],"potions_floor_usage":[16,20,24,24,33,50,50,50,50,50,50],"damage_taken":[{"damage":1,"enemies":"Jaw Worm","floor":1,"turns":3},{"damage":0,"enemies":"Cultist","floor":3,"turns":2},{"damage":0,"enemies":"2 Louse","floor":4,"turns":2},{"damage":5,"enemies":"Exordium Thugs","floor":10,"turns":3},{"damage":0,"enemies":"Large Slime","floor":13,"turns":3},{"damage":6,"enemies":"Exordium Wildlife","floor":14,"turns":4},{"damage":24,"enemies":"Hexaghost","floor":16,"turns":9},{"damage":1,"enemies":"Chosen","floor":18,"turns":4},{"damage":14,"enemies":"2 Thieves","floor":20,"turns":4},{"damage":37,"enemies":"Sentry and Sphere","floor":22,"turns":6},{"damage":12,"enemies":"Snake Plant","floor":24,"turns":3},{"damage":22,"enemies":"Snecko","floor":28,"turns":5},{"damage":25,"enemies":"Champ","floor":33,"turns":8},{"damage":45,"enemies":"3 Darklings","floor":35,"turns":5},{"damage":0,"enemies":"3 Shapes","floor":41,"turns":7},{"damage":23,"enemies":"Sphere and 2 Shapes","floor":44,"turns":6},{"damage":26,"enemies":"3 Darklings","floor":45,"turns":5},{"damage":8,"enemies":"Spire Growth","floor":46,"turns":5},{"damage":4,"enemies":"Transient","floor":48,"turns":5},{"damage":78,"enemies":"Donu and Deca","floor":50,"turns":10}],"seed_played":"7066146343572413752","potions_obtained":[{"floor":1,"key":"Swift Potion"},{"floor":10,"key":"Fruit Juice"},{"floor":14,"key":"Weak Potion"},{"floor":16,"key":"LiquidMemories"},{"floor":22,"key":"Energy Potion"},{"floor":30,"key":"FearPotion"},{"floor":30,"key":"CultistPotion"},{"floor":33,"key":"BlessingOfTheForge"},{"floor":35,"key":"EntropicBrew"}],"is_trial":false,"path_per_floor":["M","?","M","M","$","R","$","R","T","M","R","?","M","M","R","B",null,"M","$","M","$","M","R","M","$","T","R","M","R","?","$","R","B",null,"M","?","?","$","?","R","M","R","T","M","M","M","R","M","R","B",null],"character_chosen":"DEFECT","items_purchased":["Capacitor","Self Repair","Barrage","Conserve Battery","Barrage"],"campfire_rested":2,"item_purchase_floors":[19,21,31,38,38],"current_hp_per_floor":[81,81,81,81,81,81,81,81,81,76,76,76,76,70,70,58,82,81,81,67,67,37,37,30,30,30,30,18,18,18,18,44,54,87,52,52,52,52,44,44,54,54,54,41,25,27,27,33,59,16],"gold":163,"neow_bonus":"RANDOM_COMMON_RELIC","is_daily":false,"chose_seed":false,"campfire_upgraded":10,"win_rate":0.0,"timestamp":1611933774,"path_taken":["M","?","M","?","$","R","$","R","T","M","R","?","M","M","R","BOSS","M","$","M","$","M","R","M","$","T","R","M","R","?","?","R","BOSS","M","?","?","?","?","R","M","R","T","M","M","M","R","M","R","BOSS"],"items_purchased_type":["Card","Card","Card","Card","Card"],"build_version":"2020-12-22","purchased_purges":2,"victory":true,"max_hp_per_floor":[82,82,82,82,82,82,82,82,82,82,82,82,82,82,82,82,82,82,82,82,82,82,82,87,87,87,87,87,87,87,87,87,87,87,87,87,87,87,87,87,87,87,87,87,87,87,87,87,87,87],"relic_stats":{"Busted Crown":12,"counters":[20,99],"Pantograph":62,"Juzu Bracelet":0,"Whetstone":["Ball Lightning","Strike_B"],"obtain_stats":[{"Runic Dome":17,"Busted Crown":34,"Strawberry":0,"Pantograph":9,"Juzu Bracelet":43,"Whetstone":26,"Cracked Core":0},{"Runic Dome":7,"Busted Crown":13,"Strawberry":0,"Pantograph":3,"Juzu Bracelet":15,"Whetstone":11,"Cracked Core":0},{"Runic Dome":26,"Busted Crown":56,"Strawberry":0,"Pantograph":7,"Juzu Bracelet":68,"Whetstone":43,"Cracked Core":0}]},"card_choices":[{"not_picked":["Fusion","Barrage"],"picked":"Ball Lightning","floor":1},{"not_picked":["Barrage","Go for the Eyes"],"picked":"Conserve Battery","floor":3},{"not_picked":["Coolheaded","Gash"],"picked":"Capacitor","floor":4},{"not_picked":["Compile Driver","Streamline"],"picked":"Core Surge","floor":10},{"not_picked":["Gash","Hologram"],"picked":"Ball Lightning","floor":13},{"not_picked":["Gash","Rebound"],"picked":"BootSequence","floor":14},{"not_picked":["Fission","Seek"],"picked":"Rainbow","floor":16},{"not_picked":["Beam Cell+1","Reprogram","Turbo"],"picked":"SKIP","floor":18},{"not_picked":["Storm","Turbo+1"],"picked":"Ball Lightning","floor":20},{"not_picked":["Lockon","Reprogram","Streamline"],"picked":"SKIP","floor":22},{"not_picked":["Scrape+1","Conserve Battery","Turbo"],"picked":"SKIP","floor":24},{"not_picked":["Scrape","Beam Cell+1"],"picked":"Defragment","floor":28},{"not_picked":["Biased Cognition","Core Surge"],"picked":"Buffer","floor":33},{"not_picked":["Genetic Algorithm+1"],"picked":"SKIP","floor":35},{"not_picked":[],"picked":"FTL+1","floor":41},{"not_picked":["Compile Driver"],"picked":"SKIP","floor":44},{"not_picked":["Heatsinks"],"picked":"SKIP","floor":45},{"not_picked":[],"picked":"Defragment","floor":46},{"not_picked":["Stack"],"picked":"SKIP","floor":48}],"player_experience":1016772,"relics_obtained":[{"floor":9,"key":"Pantograph"},{"floor":26,"key":"Whetstone"},{"floor":43,"key":"Juzu Bracelet"}],"event_choices":[{"damage_healed":0,"gold_gain":0,"player_choice":"Upgraded","damage_taken":0,"max_hp_gain":0,"max_hp_loss":0,"event_name":"Upgrade Shrine","floor":2,"gold_loss":0,"cards_upgraded":["Zap"]},{"damage_healed":0,"gold_gain":0,"player_choice":"Ignored","damage_taken":0,"max_hp_gain":0,"max_hp_loss":0,"event_name":"Liars Game","floor":12,"gold_loss":0},{"damage_healed":0,"gold_gain":0,"player_choice":"Got Potions","damage_taken":0,"max_hp_gain":0,"max_hp_loss":0,"event_name":"Lab","floor":30,"gold_loss":0},{"cards_removed":["Defend_B"],"damage_healed":0,"gold_gain":0,"player_choice":"Removed Skill","damage_taken":0,"max_hp_gain":0,"max_hp_loss":0,"event_name":"Falling","floor":36,"gold_loss":0},{"damage_healed":0,"gold_gain":0,"player_choice":"Ignored","damage_taken":0,"max_hp_gain":0,"max_hp_loss":0,"event_name":"Mysterious Sphere","floor":37,"gold_loss":0},{"damage_healed":0,"gold_gain":0,"player_choice":"Damaged","damage_taken":8,"max_hp_gain":0,"max_hp_loss":0,"event_name":"Wheel of Change","floor":39,"gold_loss":0}],"is_beta":false,"boss_relics":[{"not_picked":["FrozenCore","Calling Bell"],"picked":"Runic Dome"},{"not_picked":["Coffee Dripper","Cursed Key"],"picked":"Busted Crown"}],"items_purged_floors":[7,19],"is_endless":false,"potions_floor_spawned":[1,10,14,16,22,33,35,45],"ascension_level":0}}