{"host":"94aus4jnk6thj94q","time":1611929893,"event":{"mods":["BaseMod","Minty Spire (QoL Compilation)","Quick Restart","StSLib"],"gold_per_floor":[114,114,128,140,156,184,184,201,201,201,214,243,258,270,270,371,371,358,376,203,203,221,221,221,221],"floor_reached":24,"language":"ENG","playtime":1590,"items_purged":[],"score":212,"play_id":"66162257-49cd-40da-becc-20bdf1f03d60","local_time":"20210129161813","is_ascension_mode":false,"campfire_choices":[{"floor":7.0,"key":"REST"},{"floor":10.0,"key":"REST"},{"floor":15.0,"key":"REST"},{"floor":23.0,"key":"REST"}],"circlet_count":0,"master_deck":["Strike_R","Strike_R","Strike_R","Strike_R","Strike_R","Defend_R","Defend_R","Defend_R","Defend_R","Bash","Cleave","Shockwave","Flex","Thunderclap","Perfected Strike","Flex","Shrug It Off","Limit Break","Inflame","Shockwave","Body Slam","Armaments"],"relics":["Black Blood","NeowsBlessing","Centennial Puzzle","Turnip","Thread and Needle","ClockworkSouvenir"],"acts_visited":["Exordium","TheCity"],"potions_floor_usage":[],"damage_taken":[{"damage":0.0,"enemies":"Small Slimes","floor":1.0,"turns":1.0},{"damage":0.0,"enemies":"Cultist","floor":3.0,"turns":1.0},{"damage":0.0,"enemies":"2 Louse","floor":4.0,"turns":1.0},{"damage":10.0,"enemies":"Looter","floor":5.0,"turns":3.0},{"damage":40.0,"enemies":"Lagavulin","floor":6.0,"turns":7.0},{"damage":26.0,"enemies":"Large Slime","floor":8.0,"turns":7.0},{"damage":4.0,"enemies":"Exordium Thugs","floor":11.0,"turns":3.0},{"damage":26.0,"enemies":"3 Sentries","floor":12.0,"turns":5.0},{"damage":5.0,"enemies":"Exordium Wildlife","floor":13.0,"turns":4.0},{"damage":4.0,"enemies":"Blue Slaver","floor":14.0,"turns":3.0},{"damage":41.0,"enemies":"The Guardian","floor":16.0,"turns":9.0},{"damage":23.0,"enemies":"2 Thieves","floor":18.0,"turns":4.0},{"damage":10.0,"enemies":"Chosen","floor":19.0,"turns":5.0},{"damage":30.0,"enemies":"Snake Plant","floor":22.0,"turns":6.0},{"damage":0,"enemies":"Shelled Parasite and Fungi","floor":24,"turns":1}],"seed_played":"8116707835902607434","potions_obtained":[{"floor":1.0,"key":"LiquidMemories"},{"floor":4.0,"key":"Regen Potion"},{"floor":5.0,"key":"SkillPotion"},{"floor":12.0,"key":"AttackPotion"},{"floor":13.0,"key":"Ancient Potion"},{"floor":16.0,"key":"GamblersBrew"},{"floor":18.0,"key":"FearPotion"},{"floor":19.0,"key":"Ancient Potion"}],"is_trial":false,"path_per_floor":["M","?","M","M","M","E","R","M","T","R","M","E","M","M","R","B",null,"M","M","$","?","M","R","M"],"character_chosen":"IRONCLAD","items_purchased":["ClockworkSouvenir","Body Slam"],"campfire_rested":4,"item_purchase_floors":[20,20],"current_hp_per_floor":[80,80,80,80,76,55,79,59,59,80,80,60,61,63,80,45,80,69,71,71,56,38,63,63,63],"gold":221,"neow_bonus":"THREE_ENEMY_KILL","is_daily":false,"chose_seed":false,"campfire_upgraded":0,"win_rate":0.0,"timestamp":1611929893,"path_taken":["M","?","M","M","?","E","R","M","T","R","M","E","M","M","R","BOSS","M","M","$","?","M","R","M"],"items_purchased_type":["Relic","Card"],"build_version":"2020-12-22","purchased_purges":0,"victory":false,"max_hp_per_floor":[80,80,80,80,80,80,80,80,80,80,80,80,80,80,80,80,80,80,80,80,85,85,85,85,85],"card_choices":[{"not_picked":["Carnage","Flex"],"picked":"Disarm","floor":1.0},{"not_picked":["Heavy Blade","Fire Breathing"],"picked":"Cleave","floor":3.0},{"not_picked":["Wild Strike","Shrug It Off"],"picked":"Shockwave","floor":4.0},{"not_picked":["Pommel Strike","Heavy Blade"],"picked":"Flex","floor":5.0},{"not_picked":["Immolate","Shrug It Off"],"picked":"Thunderclap","floor":6.0},{"not_picked":["Clash","Dark Embrace"],"picked":"Perfected Strike","floor":8.0},{"not_picked":["Offering","Body Slam"],"picked":"Flex","floor":11.0},{"not_picked":["Havoc","Feel No Pain","Sever Soul"],"picked":"SKIP","floor":12.0},{"not_picked":["Searing Blow","Headbutt","Combust"],"picked":"SKIP","floor":13.0},{"not_picked":["Thunderclap","Rupture"],"picked":"Shrug It Off","floor":14.0},{"not_picked":["Exhume","Juggernaut"],"picked":"Limit Break","floor":16.0},{"not_picked":["Iron Wave","Dropkick"],"picked":"Inflame","floor":18.0},{"not_picked":["Cleave","Pommel Strike+1"],"picked":"Shockwave","floor":19.0},{"not_picked":["Sword Boomerang","Dropkick"],"picked":"Armaments","floor":22.0}],"player_experience":6013473,"relics_obtained":[{"floor":6.0,"key":"Centennial Puzzle"},{"floor":9.0,"key":"Turnip"},{"floor":12.0,"key":"Thread and Needle"}],"event_choices":[{"cards_removed":["Disarm"],"damage_healed":0.0,"max_hp_gain":0.0,"max_hp_loss":0.0,"gold_gain":0.0,"event_name":"Bonfire Elementals","player_choice":"Offered Uncommon","floor":2.0,"gold_loss":0.0,"damage_taken":0.0},{"damage_healed":0.0,"max_hp_gain":5.0,"max_hp_loss":0.0,"gold_gain":0.0,"event_name":"Forgotten Altar","player_choice":"Shed Blood","floor":21.0,"gold_loss":0.0,"damage_taken":20.0}],"is_beta":false,"boss_relics":[{"not_picked":["Snecko Eye","Calling Bell"],"picked":"Black Blood"}],"items_purged_floors":[],"is_endless":false,"potions_floor_spawned":[1,4,5,12,13,16,18,19],"killed_by":"Shelled Parasite and Fungi","ascension_level":0}}