{"host":"cijhj3091wf4aho3","time":1611898432,"event":{"mods":["BaseMod","Colored Map","Colored Powertips","Downfall","Friendly Minions","GifTheSpireLib","Highlight Path","Minty Spire (QoL Compilation)","Permanent Neow","Random Character Button","Relic Sorter","Relic Stats","StSLib","everything is the same but u backflip on backflip","slay the spire mod where everything is the same but ironclad has a cowboy hat"],"gold_per_floor":[99,109,109,119,119,29,56,41,73,73,373,384,384,404,417,516,516,516,528,628,638,652,685,755,770,78,78,98,108,108,91,108,207,207,207,224,74,126,176,202,202,231,243,273,73,73,73,73],"floor_reached":46,"language":"ENG","playtime":2696,"items_purged":["Regret","bronze:Strike","Writhe"],"score":768,"play_id":"a244951e-0b3d-49e5-81e0-0a98dd222eae","local_time":"20210128213352","is_ascension_mode":true,"campfire_choices":[{"data":"Chrysalis","floor":1,"key":"SMITH"},{"data":"bronze:Goto","floor":10,"key":"SMITH"},{"floor":13,"key":"REST"},{"data":"bronze:Library","floor":18,"key":"SMITH"},{"floor":30,"key":"REST"},{"floor":35,"key":"RECALL"},{"data":"bronze:HardenedForm","floor":45,"key":"SMITH"}],"circlet_count":0,"master_deck":["bronze:Strike","bronze:Strike","bronze:Strike","bronze:Defend","bronze:Defend","bronze:Defend","bronze:Defend","bronze:Replicate","bronze:Goto+1","Chrysalis+1","bronze:Branch","bronze:InfiniteBeams","bronze:Library+1","bronze:HardenedForm+1","Deep Breath","Finesse","bronze:Virus","bronze:HyperBeam"],"relics":["bronze:BronzeCore","Bag of Preparation","Lantern","Boot","Art of War","Old Coin","Busted Crown","Guardian:PocketSentry","Singing Bowl","bronze:BronzeIdol","Pocketwatch","Lee\u0027s Waffle","Sozu","Thread and Needle","Peace Pipe","InkBottle","Bronze Scales","MealTicket","downfall:HeartBlessingRed","downfall:HeartBlessingBlue"],"acts_visited":["Exordium","TheCity","TheBeyond"],"potions_floor_usage":[16,23,23,33,33,38,44],"damage_taken":[{"damage":13,"enemies":"Jaw Worm","floor":2,"turns":4},{"damage":0,"enemies":"Small Slimes","floor":4,"turns":3},{"damage":6,"enemies":"downfall:FleeingMerchant","floor":6,"turns":4},{"damage":0,"enemies":"downfall:FleeingMerchant","floor":8,"turns":4},{"damage":0,"enemies":"Lagavulin","floor":9,"turns":6},{"damage":3,"enemies":"2 Louse","floor":12,"turns":3},{"damage":0,"enemies":"2 Fungi Beasts","floor":14,"turns":3},{"damage":6,"enemies":"Red Slaver","floor":15,"turns":3},{"damage":15,"enemies":"IC_STATUS_ARCHETYPE","floor":16,"turns":6},{"damage":2,"enemies":"3 Byrds","floor":19,"turns":4},{"damage":7,"enemies":"Cultist and Chosen","floor":21,"turns":5},{"damage":1,"enemies":"Centurion and Healer","floor":22,"turns":3},{"damage":18,"enemies":"Slavers","floor":23,"turns":6},{"damage":5,"enemies":"Snecko","floor":25,"turns":4},{"damage":0,"enemies":"downfall:FleeingMerchant","floor":26,"turns":4},{"damage":8,"enemies":"Shelled Parasite and Fungi","floor":28,"turns":5},{"damage":22,"enemies":"Sentry and Sphere","floor":29,"turns":5},{"damage":2,"enemies":"downfall:FleeingMerchant","floor":31,"turns":3},{"damage":7,"enemies":"Cultist and Chosen","floor":32,"turns":4},{"damage":16,"enemies":"SI_MIRROR_ARCHETYPE","floor":33,"turns":6},{"damage":7,"enemies":"3 Shapes","floor":36,"turns":4},{"damage":27,"enemies":"2 Orb Walkers","floor":38,"turns":5},{"damage":0,"enemies":"2 Orb Walkers","floor":39,"turns":5},{"damage":0,"enemies":"Reptomancer","floor":40,"turns":4},{"damage":10,"enemies":"Giant Head","floor":42,"turns":6},{"damage":7,"enemies":"3 Darklings","floor":43,"turns":3},{"damage":39,"enemies":"Reptomancer","floor":44,"turns":6},{"damage":0,"enemies":"Maw","floor":46,"turns":1}],"seed_played":"5147123770286025853","potions_obtained":[{"floor":2,"key":"Energy Potion"},{"floor":9,"key":"bronze:FreeFunctionsPotion"},{"floor":12,"key":"Weak Potion"},{"floor":19,"key":"FearPotion"},{"floor":21,"key":"CultistPotion"},{"floor":28,"key":"DuplicationPotion"},{"floor":33,"key":"Weak Potion"}],"is_trial":false,"path_per_floor":["R","M","?","M","?","$","T","$","E","R","?","M","R","M","M","B",null,"R","M","?","M","M","E","T","M","$","?","M","M","R","$","M","B",null,"R","M","$","?","?","E","T","E","M","E","R","M"],"character_chosen":"THE_AUTOMATON","items_purchased":["bronze:BronzeIdol","bronze:HardenedForm","Weak Potion","Pocketwatch","Lee\u0027s Waffle","Finesse","bronze:HyperBeam"],"campfire_rested":2,"item_purchase_floors":[26,26,26,26,31,31,37],"current_hp_per_floor":[63,50,50,50,50,44,44,44,44,44,11,8,26,26,20,5,63,63,61,61,54,53,35,35,32,34,34,28,8,29,80,75,59,82,82,77,77,52,54,56,56,48,43,6,16,16,16,16],"gold":73,"neow_bonus":"RANDOM_COLORLESS_2","is_daily":false,"chose_seed":false,"campfire_upgraded":4,"win_rate":0.0,"timestamp":1611898432,"path_taken":["R","M","?","M","?","?","T","$","E","R","?","M","R","M","M","BOSS","R","M","?","?","M","E","T","?","$","?","M","?","R","$","M","BOSS","R","M","?","?","?","E","T","E","M","E","R","?"],"items_purchased_type":["Relic","Card","Potion","Relic","Relic","Card","Card"],"build_version":"2020-12-22","purchased_purges":3,"victory":false,"max_hp_per_floor":[63,63,63,63,63,63,63,63,63,63,63,63,63,63,63,63,63,63,63,63,63,63,63,63,65,67,67,69,71,71,80,82,82,82,82,84,84,86,88,90,90,92,94,96,106,106,106,106],"relic_stats":{"Lee\u0027s Waffle":51,"Singing Bowl":26,"counters":[28,119],"Bag of Preparation":[54],"Boot":[464],"Sozu":1,"Peace Pipe":0,"Busted Crown":36,"Bronze Scales":[36],"MealTicket":0,"Art of War":[3],"obtain_stats":[{"Lantern":5,"Lee\u0027s Waffle":31,"bronze:BronzeCore":0,"Singing Bowl":24,"downfall:HeartBlessingRed":45,"Thread and Needle":38,"Bag of Preparation":3,"Guardian:PocketSentry":23,"Boot":7,"Old Coin":11,"bronze:BronzeIdol":26,"Sozu":34,"Peace Pipe":39,"Busted Crown":17,"downfall:HeartBlessingBlue":45,"Bronze Scales":42,"MealTicket":44,"Art of War":9,"InkBottle":40,"Pocketwatch":26},{"Lantern":2,"Lee\u0027s Waffle":18,"bronze:BronzeCore":0,"Singing Bowl":13,"downfall:HeartBlessingRed":27,"Thread and Needle":22,"Bag of Preparation":1,"Guardian:PocketSentry":13,"Boot":3,"Old Coin":5,"bronze:BronzeIdol":15,"Sozu":20,"Peace Pipe":23,"Busted Crown":9,"downfall:HeartBlessingBlue":27,"Bronze Scales":25,"MealTicket":27,"Art of War":5,"InkBottle":24,"Pocketwatch":15},{"Lantern":7,"Lee\u0027s Waffle":75,"bronze:BronzeCore":0,"Singing Bowl":54,"downfall:HeartBlessingRed":118,"Thread and Needle":94,"Bag of Preparation":4,"Guardian:PocketSentry":54,"Boot":11,"Old Coin":21,"bronze:BronzeIdol":62,"Sozu":85,"Peace Pipe":99,"Busted Crown":36,"downfall:HeartBlessingBlue":118,"Bronze Scales":109,"MealTicket":118,"Art of War":21,"InkBottle":103,"Pocketwatch":62}],"InkBottle":[11],"Pocketwatch":[0]},"card_choices":[{"not_picked":["Secret Weapon","Secret Technique"],"picked":"Chrysalis","floor":0},{"not_picked":["bronze:ChildClass","bronze:DelayedGuard"],"picked":"bronze:Branch","floor":2},{"not_picked":["bronze:BuggyMess","bronze:FineTuning"],"picked":"bronze:InfiniteBeams","floor":4},{"not_picked":["bronze:Iterate","bronze:Refactor","bronze:FineTuning"],"picked":"SKIP","floor":6},{"not_picked":["bronze:Shell","bronze:FollowUp","bronze:ForLoop"],"picked":"SKIP","floor":8},{"not_picked":["bronze:FollowUp","bronze:DelayedGuard","bronze:Invalidate"],"picked":"SKIP","floor":9},{"not_picked":["bronze:Shield","bronze:FineTuning"],"picked":"bronze:Library","floor":12},{"not_picked":["bronze:Overheat","bronze:WhirlingStrike","bronze:InfiniteBeams"],"picked":"SKIP","floor":14},{"not_picked":["bronze:DelayedGuard","bronze:Overheat","bronze:DarkDash"],"picked":"SKIP","floor":15},{"not_picked":["bronze:WhirlingStrike"],"picked":"SKIP","floor":19},{"not_picked":["bronze:WildBeam"],"picked":"SKIP","floor":21},{"not_picked":["bronze:FineTuning+1"],"picked":"SKIP","floor":22},{"not_picked":["bronze:WhirlingStrike"],"picked":"SKIP","floor":23},{"not_picked":["bronze:InfiniteBeams+1"],"picked":"Singing Bowl","floor":25},{"not_picked":["bronze:CloningBeam+1"],"picked":"Singing Bowl","floor":26},{"not_picked":["bronze:Backtrace"],"picked":"Singing Bowl","floor":28},{"not_picked":["bronze:BitShift"],"picked":"Singing Bowl","floor":29},{"not_picked":["bronze:Refactor"],"picked":"Singing Bowl","floor":31},{"not_picked":["bronze:Frontload"],"picked":"Singing Bowl","floor":32},{"not_picked":[],"picked":"bronze:Virus","floor":33},{"not_picked":["bronze:Frontload"],"picked":"Singing Bowl","floor":36},{"not_picked":["bronze:DelayedGuard"],"picked":"Singing Bowl","floor":38},{"not_picked":["bronze:ForLoop"],"picked":"Singing Bowl","floor":39},{"not_picked":["bronze:TinkerersToolbox"],"picked":"Singing Bowl","floor":40},{"not_picked":["bronze:Invalidate+1"],"picked":"Singing Bowl","floor":42},{"not_picked":["bronze:Separator"],"picked":"Singing Bowl","floor":43},{"not_picked":["bronze:FollowUp"],"picked":"Singing Bowl","floor":44}],"player_experience":530575,"relics_obtained":[{"floor":7,"key":"Boot"},{"floor":9,"key":"Art of War"},{"floor":23,"key":"Guardian:PocketSentry"},{"floor":24,"key":"Singing Bowl"},{"floor":38,"key":"Thread and Needle"},{"floor":39,"key":"Peace Pipe"},{"floor":40,"key":"InkBottle"},{"floor":42,"key":"Bronze Scales"},{"floor":44,"key":"MealTicket"}],"event_choices":[{"damage_healed":0,"gold_gain":0,"player_choice":"Box","damage_taken":0,"relics_obtained":["Lantern"],"max_hp_gain":0,"max_hp_loss":0,"event_name":"Big Fish","floor":5,"gold_loss":0,"cards_obtained":["Regret"]},{"damage_healed":0,"gold_gain":0,"player_choice":"Success","damage_taken":33,"relics_obtained":["Old Coin"],"max_hp_gain":0,"max_hp_loss":0,"event_name":"Scrap Ooze","floor":11,"gold_loss":0},{"damage_healed":0,"gold_gain":0,"player_choice":"Fight","damage_taken":0,"max_hp_gain":0,"max_hp_loss":0,"event_name":"Mysterious Sphere","floor":38,"gold_loss":0}],"is_beta":false,"boss_relics":[{"not_picked":["Runic Dome","Black Star"],"picked":"Busted Crown"},{"not_picked":["Fusion Hammer","bronze:PlatinumCore"],"picked":"Sozu"}],"items_purged_floors":[6,26,31],"is_endless":false,"potions_floor_spawned":[2,9,12,14,15,19,21,28,29,33,39],"killed_by":"Maw","ascension_level":3}}