{"host":"c1oza4x7xlyuasvd","time":1611906484,"event":{"mods":["ATMod(阿瑾Mod)","BaseMod","Better Vampires","Colored Powertips","Minty Spire (QoL Compilation)","MostiFishMod","StSLib","TestMod","Waifu the Spire","【遗物卡牌】REMEMod"],"gold_per_floor":[112,124,124,144,29,63,81,81,81,81,155,155,155,155],"floor_reached":13,"language":"ZHS","playtime":388,"items_purged":["Strike_B"],"score":116,"play_id":"727c0c5e-4f03-4637-ab04-e9998a8a3bd4","local_time":"20210129154804","is_ascension_mode":true,"campfire_choices":[{"data":"Recycle","floor":8,"key":"SMITH"},{"data":"Dualcast","floor":10,"key":"SMITH"}],"circlet_count":0,"master_deck":["Strike_B","Strike_B","Strike_B","Defend_B","Defend_B","Defend_B","Defend_B","Zap","Dualcast+1","AT_ThunderBolt","Master of Strategy","AT_HeatAcrobatics","Glacier","REME_Whirling","Recycle+1"],"relics":["Cracked Core","testmod-TestBox","AT_ATBox","DaveBox","REME_ComplimentaryCards","testmod-ObsoleteBoomerang","BionicSphere","NeowsBlessing","SynthV:TestCard","testmod-Antiphasic","Tiny Chest","testmod-BalancedPeriapt","testmod-DragonStarHat"],"acts_visited":["Exordium"],"potions_floor_usage":[],"damage_taken":[{"damage":0,"enemies":"2 Louse","floor":1,"turns":1},{"damage":0,"enemies":"Jaw Worm","floor":2,"turns":1},{"damage":0,"enemies":"Small Slimes","floor":4,"turns":1},{"damage":24,"enemies":"Gremlin Nob","floor":6,"turns":6},{"damage":6,"enemies":"Looter","floor":7,"turns":3},{"damage":14,"enemies":"Lagavulin","floor":13,"turns":4}],"seed_played":"2084179447070067424","potions_obtained":[{"floor":1,"key":"FocusPotion"},{"floor":4,"key":"Swift Potion"},{"floor":6,"key":"testmod-TestPotion"}],"is_trial":false,"path_per_floor":["M","M","?","M","$","E","M","R","T","R","T","?","E"],"character_chosen":"DEFECT","items_purchased":["Recycle"],"campfire_rested":0,"item_purchase_floors":[5],"current_hp_per_floor":[68,68,68,68,68,44,38,38,38,38,38,13,0,0],"gold":155,"neow_bonus":"THREE_ENEMY_KILL","is_daily":false,"chose_seed":false,"campfire_upgraded":2,"win_rate":0.0,"timestamp":1611906484,"path_taken":["M","M","?","M","$","E","M","R","T","R","?","?","E"],"items_purchased_type":["Card"],"build_version":"2020-12-22","purchased_purges":1,"victory":false,"max_hp_per_floor":[75,75,75,75,75,75,75,75,75,75,75,75,75,75],"card_choices":[{"not_picked":["Stack","Static Discharge"],"picked":"AT_HeatAcrobatics","floor":1},{"not_picked":["Cold Snap","Hello World","Ball Lightning","Static Discharge"],"picked":"Glacier","floor":2},{"not_picked":["Stack","Conserve Battery","Streamline","Reprogram"],"picked":"REME_Whirling","floor":4},{"not_picked":["Beam Cell","Go for the Eyes","MostiFishMod:DawningShadow","Gash","Chaos"],"picked":"SKIP","floor":6},{"not_picked":["Beam Cell","Go for the Eyes","MostiFishMod:DawningShadow","Gash","Chaos"],"picked":"SKIP","floor":6},{"not_picked":["Hologram","Leap","Gash","Go for the Eyes","Streamline"],"picked":"SKIP","floor":7}],"player_experience":207539,"relics_obtained":[{"floor":1,"key":"SynthV:TestCard"},{"floor":6,"key":"testmod-Antiphasic"},{"floor":9,"key":"Tiny Chest"},{"floor":11,"key":"testmod-BalancedPeriapt"}],"event_choices":[{"damage_healed":0,"gold_gain":0,"player_choice":"Ignored","damage_taken":0,"max_hp_gain":0,"max_hp_loss":0,"event_name":"给自己的盒子","floor":3,"gold_loss":0},{"damage_healed":0,"gold_gain":0,"player_choice":"Success","damage_taken":25,"relics_obtained":["testmod-DragonStarHat"],"max_hp_gain":0,"max_hp_loss":0,"event_name":"Scrap Ooze","floor":12,"gold_loss":0}],"is_beta":false,"boss_relics":[],"items_purged_floors":[5],"is_endless":false,"potions_floor_spawned":[1,4,6],"killed_by":"Lagavulin","ascension_level":8}}