{"host":"nlowmoq7gy18n72d","time":1611963476,"event":{"mods":["BaseMod","Colored Powertips","Conspire","Downfall","Hermit","Highlight Path","Infinite Spire","Jorbs\u0027s Wanderer Trilogy","Minty Spire (QoL Compilation)","Rare Cards Sparkle","Replay The Spire","StSLib","The Cursed","The Hierophant"],"gold_per_floor":[199,210,210,226,226,126,151,151,164,193,193,193,205,232,249,354,354,254,273,55,66,80,180,204,219,219,252,252,252,252,268,284,382,382,382,400,400,416,416,311,311,93,93,118,118,152,152,152,152],"floor_reached":47,"language":"ENG","playtime":2359,"items_purged":["hexamod:Strike","hexamod:Strike+1","hexamod:Strike+1"],"score":556,"play_id":"1af55a28-6782-4e84-a765-0cd7a52a4a54","local_time":"20210130023756","is_ascension_mode":true,"campfire_choices":[{"floor":1,"key":"RECALL"},{"data":"hexamod:BacktrackSmack","floor":6,"key":"SMITH"},{"data":"hexamod:NightmareGuise","floor":8,"key":"SMITH"},{"data":"hexamod:NightmareStrike","floor":12,"key":"SMITH"},{"floor":18,"key":"DIG"},{"floor":26,"key":"REST"},{"data":"hexamod:GhostOfSpireFuture","floor":26,"key":"SMITH"},{"floor":30,"key":"REST"},{"data":"hexamod:TurnItUp","floor":30,"key":"SMITH"},{"data":"hexamod:GiftsFromTheDead","floor":35,"key":"SMITH"}],"circlet_count":0,"master_deck":["hexamod:Defend","hexamod:Defend","hexamod:Defend","hexamod:Defend","hexamod:Sear","hexamod:Float","hexamod:BacktrackSmack+1","hexamod:NightmareGuise+1","hexamod:NightmareStrike+1","hexamod:Again+1","hexamod:Incineration","hexamod:FirstSeal","hexamod:TurnItUp+1","AbeCurse","hexamod:GhostOfSpireFuture+1","hexamod:ThirdSeal","hexamod:FourthSeal","hexamod:FlamesFromBeyond+1","hexamod:ForkedFlame","hexamod:EtherealExpedition","hexamod:PowerFromBeyond","hexamod:GiftsFromTheDead","hexamod:PowerFromBeyond+1","hexamod:GiftsFromTheDead+1","hexamod:GhostOfSpirePast","hexamod:SecondSeal","hexamod:Rewind","expansioncontent:YouAreMine"],"relics":["hexamod:SpiritBrand","downfall:HeartBlessingRed","ReplayTheSpireMod:TigerMarble","Mirror","infinitespire:Magic Flask","Abe\u0027s Treasure","downfall:HeartBlessingGreen","HornCleat","White Beast Statue","Whetstone","Centennial Puzzle","ReplayTheSpireMod:Lightbulb","downfall:KnowingSkull","Runic Pyramid","OrangePellets","Gremlin Horn","hexamod:RecyclingMachine","Pear"],"acts_visited":["Exordium","TheCity","TheBeyond"],"potions_floor_usage":[16,19,20,23,27,27,31,40,40,40,40,47,47,47,47],"damage_taken":[{"damage":5,"enemies":"2 Louse","floor":2,"turns":2},{"damage":1,"enemies":"Cultist","floor":4,"turns":3},{"damage":0,"enemies":"Jaw Worm","floor":9,"turns":2},{"damage":8,"enemies":"3 Sentries","floor":10,"turns":8},{"damage":0,"enemies":"2 Fungi Beasts","floor":13,"turns":2},{"damage":13,"enemies":"Lagavulin","floor":14,"turns":5},{"damage":0,"enemies":"Blue Slaver","floor":15,"turns":3},{"damage":18,"enemies":"IC_STATUS_ARCHETYPE","floor":16,"turns":5},{"damage":0,"enemies":"Spheric Guardian","floor":19,"turns":3},{"damage":0,"enemies":"downfall:FleeingMerchant","floor":20,"turns":4},{"damage":5,"enemies":"Shell Parasite","floor":21,"turns":4},{"damage":29,"enemies":"Snecko","floor":22,"turns":5},{"damage":24,"enemies":"downfall:LadyInBlue","floor":23,"turns":12},{"damage":13,"enemies":"Centurion and Healer","floor":25,"turns":7},{"damage":25,"enemies":"Gremlin Leader","floor":27,"turns":5},{"damage":1,"enemies":"3 Cultists","floor":31,"turns":4},{"damage":26,"enemies":"Snake Plant","floor":32,"turns":3},{"damage":29,"enemies":"WA_ARCHETYPE_CALM","floor":33,"turns":10},{"damage":9,"enemies":"Orb Walker","floor":36,"turns":4},{"damage":27,"enemies":"3 Darklings","floor":38,"turns":6},{"damage":1,"enemies":"downfall:FleeingMerchant","floor":40,"turns":4},{"damage":1,"enemies":"Maw","floor":44,"turns":5},{"damage":54,"enemies":"Nightmare","floor":46,"turns":8},{"damage":10,"enemies":"infinitespire:Three Voidlings","floor":47,"turns":3},{"damage":41,"enemies":"Nightmare_Alpha","floor":47,"turns":6}],"seed_played":"1519198538493483147","potions_obtained":[{"floor":9,"key":"Fire Potion"},{"floor":15,"key":"ColorlessPotion"},{"floor":16,"key":"SkillPotion"},{"floor":19,"key":"PowerPotion"},{"floor":21,"key":"hexamod:EctoCoolerPotion"},{"floor":23,"key":"FairyPotion"},{"floor":27,"key":"infinitespire:BlackPotion"},{"floor":31,"key":"Fire Potion"},{"floor":31,"key":"Languid Potion"},{"floor":32,"key":"EntropicBrew"},{"floor":40,"key":"bronze:BurnAndBuffPotion"},{"floor":46,"key":"AttackPotion"}],"is_trial":false,"path_per_floor":["R","M","?","M","?","R","T","R","M","E","?","R","M","E","M","B",null,"R","M","$","M","M","?","T","M","R","E","?","?","R","M","M","B",null,"R","M","?","M","AVR","?","T","$","?","M","$","NM","?"],"character_chosen":"THE_SPIRIT","items_purchased":["hexamod:FourthSeal","Adrenaline Potion","hexamod:SecondSeal","Gremlin Horn","hexamod:RecyclingMachine","hexamod:Rewind"],"campfire_rested":2,"item_purchase_floors":[20,20,40,40,42,42],"current_hp_per_floor":[70,65,65,64,64,64,64,64,64,56,56,56,56,43,50,39,70,70,70,70,70,48,31,31,25,46,28,28,21,42,48,33,11,70,70,68,68,48,48,48,48,48,48,54,54,31,0,0,0],"gold":152,"neow_bonus":"HUNDRED_GOLD","is_daily":false,"chose_seed":false,"campfire_upgraded":6,"win_rate":0.0,"timestamp":1611963476,"path_taken":["R","M","?","?","?","R","T","R","M","E","?","R","M","E","M","BOSS","R","M","$","M","M","?","T","?","R","E","?","?","R","?","M","BOSS","R","M","?","M","AVR","?","T","$","?","M","?","NM","?"],"items_purchased_type":["Card","Potion","Card","Relic","Relic","Card"],"build_version":"2020-12-22","purchased_purges":3,"victory":false,"max_hp_per_floor":[70,70,70,70,70,70,70,70,70,70,70,70,70,70,70,70,70,70,70,70,70,70,70,70,70,70,70,70,70,70,70,70,70,70,70,70,70,70,70,71,71,71,71,71,71,81,81,81,81],"card_choices":[{"not_picked":["hexamod:SkipABeat","hexamod:FastForward"],"picked":"hexamod:BacktrackSmack","floor":2},{"not_picked":["hexamod:NightmareStrike","hexamod:PhantomCloak"],"picked":"hexamod:NightmareGuise","floor":4},{"not_picked":["hexamod:GhostLash","hexamod:NecessarySacrifice"],"picked":"hexamod:NightmareStrike","floor":9},{"not_picked":["hexamod:Firestarter","hexamod:HeatCrush"],"picked":"hexamod:Again","floor":10},{"not_picked":["hexamod:NecessarySacrifice","hexamod:BurningTouch"],"picked":"hexamod:Incineration","floor":13},{"not_picked":["hexamod:DynamicBlow","hexamod:SwordOfDarkness"],"picked":"hexamod:FirstSeal","floor":14},{"not_picked":["hexamod:RadiantFlame","hexamod:SuperheatedStrike","hexamod:Haunt"],"picked":"SKIP","floor":15},{"not_picked":["hexamod:ApocalypseNow","hexamod:GhostflameInferno"],"picked":"hexamod:TurnItUp","floor":16},{"not_picked":["hexamod:NightmareStrike","hexamod:Haunt"],"picked":"hexamod:GhostOfSpireFuture","floor":19},{"not_picked":["hexamod:HauntingEcho","hexamod:FlamesFromBeyond"],"picked":"hexamod:ThirdSeal","floor":20},{"not_picked":["hexamod:ShieldOfDarkness","hexamod:HeatCrush+1"],"picked":"hexamod:FlamesFromBeyond+1","floor":21},{"not_picked":["hexamod:InspiringFlames","hexamod:NightmareStrike","hexamod:Haunt"],"picked":"SKIP","floor":21},{"not_picked":["hexamod:SpectralAdrenaline","hexamod:FlamesFromBeyond+1","hexamod:HauntingEcho"],"picked":"SKIP","floor":22},{"not_picked":["hexamod:AdvancingGuard+1","hexamod:GhostLash","hexamod:ChargedBarrage"],"picked":"SKIP","floor":22},{"not_picked":["hexamod:NightmareStrike+1","hexamod:Incineration"],"picked":"hexamod:ForkedFlame","floor":25},{"not_picked":["hexamod:BacktrackSmack+1","hexamod:HeatMetal+1","hexamod:BurningTouch"],"picked":"SKIP","floor":25},{"not_picked":["hexamod:GhostShield","hexamod:SuperheatedStrike"],"picked":"hexamod:EtherealExpedition","floor":27},{"not_picked":["hexamod:SwordOfDarkness","hexamod:SkipABeat"],"picked":"hexamod:PowerFromBeyond","floor":27},{"not_picked":["hexamod:GhostLash","hexamod:AdvancingGuard"],"picked":"hexamod:GiftsFromTheDead","floor":31},{"not_picked":["hexamod:Firestarter","hexamod:BacktrackSmack","hexamod:InspiringFlames"],"picked":"SKIP","floor":31},{"not_picked":["hexamod:RadiantFlame","hexamod:GhostOfSpirePast"],"picked":"hexamod:PowerFromBeyond+1","floor":32},{"not_picked":["hexamod:ChargedBarrage","hexamod:SpectralSpark","hexamod:SoulSteal+1"],"picked":"SKIP","floor":32},{"not_picked":["hexamod:GhostOfSpirePresent","hexamod:UnleashSpirits"],"picked":"hexamod:GiftsFromTheDead","floor":33},{"not_picked":["hexamod:PhantomCloak+1","hexamod:Hexaguard","hexamod:PowerFromBeyond+1"],"picked":"SKIP","floor":36},{"not_picked":["hexamod:InspiringFlames","hexamod:SuperheatedStrike+1","hexamod:AdvancingGuard+1"],"picked":"SKIP","floor":36},{"not_picked":["hexamod:GhostShield+1","hexamod:AdvancingGuard"],"picked":"hexamod:GhostOfSpirePast","floor":38},{"not_picked":["hexamod:NightmareStrike+1","hexamod:HauntingEcho","hexamod:HeatMetal"],"picked":"SKIP","floor":38},{"not_picked":["hexamod:VolcanoVisage","hexamod:SoulSteal","hexamod:BurningTouch+1"],"picked":"SKIP","floor":40},{"not_picked":["hexamod:PhantomCloak","hexamod:ShieldOfDarkness+1","hexamod:Firestarter+1"],"picked":"SKIP","floor":40},{"not_picked":["Replay:SS_fish_1","expansioncontent:PrepareCrush"],"picked":"expansioncontent:YouAreMine","floor":43},{"not_picked":["hexamod:GhostOfSpirePast","hexamod:PhantomFireball+1","hexamod:ShieldOfDarkness"],"picked":"SKIP","floor":44},{"not_picked":["hexamod:SpectersWail","hexamod:SoulSteal","hexamod:GhostLash+1"],"picked":"SKIP","floor":44},{"not_picked":["hexamod:Firestarter","hexamod:SwordOfDarkness+1","hexamod:CatchUp+1"],"picked":"SKIP","floor":46},{"not_picked":["hexamod:SuperheatedStrike+1","hexamod:BacktrackSmack+1","hexamod:FastForward+1"],"picked":"SKIP","floor":46}],"player_experience":741836,"relics_obtained":[{"floor":7,"key":"ReplayTheSpireMod:TigerMarble"},{"floor":10,"key":"Mirror"},{"floor":14,"key":"infinitespire:Magic Flask"},{"floor":18,"key":"HornCleat"},{"floor":23,"key":"White Beast Statue"},{"floor":24,"key":"Whetstone"},{"floor":27,"key":"Centennial Puzzle"},{"floor":46,"key":"Pear"}],"event_choices":[{"cards_removed":["hexamod:Strike"],"damage_healed":0,"gold_gain":0,"player_choice":"Offered Basic","damage_taken":0,"max_hp_gain":0,"max_hp_loss":0,"event_name":"Bonfire Elementals","floor":3,"gold_loss":0},{"damage_healed":0,"gold_gain":0,"player_choice":"Leave","damage_taken":0,"max_hp_gain":0,"max_hp_loss":0,"event_name":"conspire:Investor","floor":37,"gold_loss":0}],"is_beta":false,"boss_relics":[{"not_picked":["Runic Dome","Busted Crown"],"picked":"Abe\u0027s Treasure"},{"not_picked":["Pandora\u0027s Box","Snecko Eye"],"picked":"Runic Pyramid"}],"items_purged_floors":[20,39,40],"is_endless":false,"potions_floor_spawned":[9,15,16,19,23,25,27,31,32,33,36,38,40,44,46,47],"killed_by":"Nightmare_Alpha","ascension_level":2}}