{"host":"jhy70w0yh8dayqay","time":1611918089,"event":{"mods":["AchievementEnabler","BaseMod","Colored Map","Colored Powertips","DeckTracker","Minty Spire (QoL Compilation)","Permanent Neow","SuperFastMode"],"gold_per_floor":[119,139,151,168,168,197,197,227,273,22,41,63,63,87,87,198,225,236,259,259,259],"floor_reached":20,"language":"KOR","playtime":716,"items_purged":[],"score":294,"play_id":"062024fb-34a5-40ac-bf81-0528c4327a44","local_time":"20210129200129","is_ascension_mode":true,"campfire_choices":[{"data":"Eruption","floor":7,"key":"SMITH"},{"data":"ConjureBlade","floor":15,"key":"SMITH"}],"circlet_count":0,"master_deck":["Strike_P","Strike_P","Defend_P","Defend_P","Defend_P","Eruption+1","Vigilance","FollowUp","Meditate","ConjureBlade+1","FlurryOfBlows","ClearTheMind+1","Protect+1","InnerPeace+1","Crescendo+1","Scrawl+1","FollowUp+1","DeceiveReality+1","ThirdEye+1","Halt+1"],"relics":["PureWater","Happy Flower","Toxic Egg 2","CeramicFish","Blood Vial","Molten Egg 2","Ginger","Astrolabe"],"acts_visited":["Exordium","TheCity"],"potions_floor_usage":[6,16,19,19],"damage_taken":[{"damage":0,"enemies":"2 Louse","floor":1,"turns":2},{"damage":0,"enemies":"Jaw Worm","floor":2,"turns":2},{"damage":0,"enemies":"Cultist","floor":3,"turns":2},{"damage":0,"enemies":"Large Slime","floor":4,"turns":4},{"damage":0,"enemies":"Gremlin Nob","floor":6,"turns":2},{"damage":3,"enemies":"Blue Slaver","floor":11,"turns":3},{"damage":4,"enemies":"3 Louse","floor":12,"turns":4},{"damage":7,"enemies":"Lots of Slimes","floor":14,"turns":3},{"damage":12,"enemies":"The Guardian","floor":16,"turns":8},{"damage":16,"enemies":"Shell Parasite","floor":18,"turns":4},{"damage":15,"enemies":"3 Byrds","floor":19,"turns":5},{"damage":6,"enemies":"Shelled Parasite and Fungi","floor":20,"turns":2}],"seed_played":"-6009668002974136012","potions_obtained":[{"floor":2,"key":"BlessingOfTheForge"},{"floor":6,"key":"FearPotion"},{"floor":11,"key":"LiquidMemories"},{"floor":14,"key":"PowerPotion"},{"floor":18,"key":"SkillPotion"}],"is_trial":false,"path_per_floor":["M","M","M","M","?","E","R","?","T","$","M","M","T","M","R","B",null,"M","M","M"],"character_chosen":"WATCHER","items_purchased":["Molten Egg 2"],"campfire_rested":0,"item_purchase_floors":[10],"current_hp_per_floor":[65,65,65,65,65,65,65,65,65,65,64,62,62,57,57,47,66,52,39,35,35],"gold":259,"neow_bonus":"RANDOM_COMMON_RELIC","is_daily":false,"chose_seed":false,"campfire_upgraded":2,"win_rate":0.0,"timestamp":1611918089,"path_taken":["M","M","M","M","?","E","R","?","T","$","M","M","?","M","R","BOSS","M","?","M"],"items_purchased_type":["Relic"],"build_version":"2020-12-22","purchased_purges":0,"victory":false,"max_hp_per_floor":[72,72,72,72,72,72,72,72,72,72,72,72,72,72,72,72,72,72,72,72,72],"card_choices":[{"not_picked":["WaveOfTheHand","ThirdEye"],"picked":"FollowUp","floor":1},{"not_picked":["Halt","Protect"],"picked":"Meditate","floor":2},{"not_picked":["CutThroughFate","Protect"],"picked":"ConjureBlade","floor":3},{"not_picked":["Swivel","CrushJoints"],"picked":"FlurryOfBlows","floor":4},{"not_picked":["JustLucky","Nirvana"],"picked":"ClearTheMind+1","floor":6},{"not_picked":["Pray+1","ClearTheMind+1"],"picked":"Protect+1","floor":11},{"not_picked":["CrushJoints+1","Crescendo+1"],"picked":"InnerPeace+1","floor":12},{"not_picked":["CutThroughFate+1","Nirvana"],"picked":"Crescendo+1","floor":14},{"not_picked":["Wish+1","Brilliance+1"],"picked":"Scrawl+1","floor":16},{"not_picked":["EmptyBody+1","WaveOfTheHand+1","Vengeance+1"],"picked":"SKIP","floor":18},{"not_picked":["FlyingSleeves+1","Consecrate+1"],"picked":"Halt+1","floor":19}],"player_experience":455173,"relics_obtained":[{"floor":6,"key":"Toxic Egg 2"},{"floor":9,"key":"Blood Vial"},{"floor":13,"key":"Ginger"}],"event_choices":[{"damage_healed":0,"gold_gain":0,"player_choice":"Ignored","damage_taken":0,"max_hp_gain":0,"max_hp_loss":0,"event_name":"Liars Game","floor":5,"gold_loss":0},{"damage_healed":0,"gold_gain":30,"player_choice":"Searched \u00273\u0027 times","damage_taken":0,"relics_obtained":["CeramicFish"],"max_hp_gain":0,"max_hp_loss":0,"event_name":"Dead Adventurer","floor":8,"gold_loss":0}],"is_beta":false,"boss_relics":[{"not_picked":["Cursed Key","Empty Cage"],"picked":"Astrolabe"}],"items_purged_floors":[],"is_endless":false,"potions_floor_spawned":[2,6,11,14,18],"killed_by":"Shelled Parasite and Fungi","ascension_level":9}}