{"host":"ut3qe46kys7sl3ey","time":1611917109,"event":{"mods":["2.2 Compatiblity","AchievementEnabler","Bard","BaseMod","Bestiary","Better Altar","Better Match","Better Note","Better Sensory Stone","Better Skull","Better Third Choice","BetterRewards","Block Reminder","Colored Map","Colored Powertips","Curses Come First","DeckTracker","Downfall","Energized Spire","Friendly Minions","Highlight Path","Hubris","Infinite Spire","Minty Spire (QoL Compilation)","Permanent Neow","Quick Restart","Random Character Button","Relic Sorter","Relic Stats","Reliquary","Replay The Spire","StSLib","The Blue Laboratory","The Bug Knight","The Construct","The Cursed","The Jungle","The Mystic","The Spell Scribe","Unceasing Turn Reminder","Unknown Chances","Wandering Minibosses"],"gold_per_floor":[115,128,147,147,130,130,156,168,168,168,187,112,144,158,158,257,257,274,52,52,52,66,91,91,101,125,125,137,137,62,62,62,62,62],"floor_reached":33,"language":"ENG","playtime":3175,"items_purged":["Shame"],"score":277,"play_id":"130cad4b-3626-4b52-8f47-fb9ee5f846a6","local_time":"20210129124509","is_ascension_mode":false,"campfire_choices":[{"data":"HollowMod:FocusHealStart","floor":6,"key":"SMITH"},{"data":"HollowMod:InfectedCysts","floor":10,"key":"SMITH"},{"data":"HollowMod:ShapeofUnn","floor":15,"key":"SMITH"},{"floor":24,"key":"REST"},{"data":"HollowMod:SoulSplash","floor":29,"key":"SMITH"},{"data":"HollowMod:QuirrelsAssistance","floor":32,"key":"SMITH"}],"circlet_count":0,"master_deck":["HollowMod:NailStrikeStart","HollowMod:NailStrikeStart","HollowMod:NailStrikeStart","HollowMod:NailStrikeStart","HollowMod:QuickDashStart","HollowMod:QuickDashStart","HollowMod:QuickDashStart","HollowMod:QuickDashStart","HollowMod:FocusHealStart+1","HollowMod:PogoStrike","HollowMod:PerfectDash+1","HollowMod:InfectedCysts+1","HollowMod:DashSlash","HollowMod:QuirrelsAssistance+1","HollowMod:SoulVessel","HollowMod:NewInfectedGuardian+1","HollowMod:InfectedAttack","HollowMod:ShapeofUnn+1","HollowMod:LifebloodCore+1","HollowMod:HowlingWraiths+1","HollowMod:PerfectDash","Apotheosis+1","HollowMod:RecoilStrike+1","HollowMod:ChannelNail+1","HollowMod:SoulSplash+1","infinitespire:Execution"],"relics":["HollowMod:VesselMask","theJungle:SneckoAutograph","hubris:DeckOfHolding","HollowMod:PaleOreRelic","Matryoshka","HollowMod:KingsBrand","reliquary:QuartzCube","hubris:SlimyHat","hubris:ScarierMask","Guide Book","MealTicket","HollowMod:StagPassRelic","Bronze Scales","Orichalcum","Frozen Eye"],"acts_visited":["Exordium","Exordium"],"potions_floor_usage":[16,16,33,33],"damage_taken":[{"damage":1,"enemies":"Jaw Worm","floor":1,"turns":2},{"damage":0,"enemies":"Small Slimes","floor":2,"turns":2},{"damage":0,"enemies":"Cultist","floor":3,"turns":2},{"damage":16,"enemies":"Exordium Thugs","floor":5,"turns":4},{"damage":17,"enemies":"HollowMod:MossKnight","floor":7,"turns":9},{"damage":6,"enemies":"Gremlin Gang","floor":8,"turns":2},{"damage":4,"enemies":"Blue Slaver","floor":11,"turns":4},{"damage":20,"enemies":"3 Sentries","floor":13,"turns":6},{"damage":14,"enemies":"Exordium Wildlife","floor":14,"turns":3},{"damage":40,"enemies":"The Guardian","floor":16,"turns":12},{"damage":40,"enemies":"theJungle:MUSHROOMGANG","floor":18,"turns":7},{"damage":18,"enemies":"Shell Parasite","floor":22,"turns":5},{"damage":1,"enemies":"theJungle:2_Phrogs","floor":23,"turns":6},{"damage":10,"enemies":"theJungle:Snecko_Cultist_And_Trap","floor":25,"turns":6},{"damage":0,"enemies":"theJungle:2_Snecko_Cultists","floor":28,"turns":4},{"damage":79,"enemies":"theJungle:TotemBoss","floor":33,"turns":6}],"seed_played":"6737557642288068570","potions_obtained":[{"floor":3,"key":"blueLaboratory:LouseDecoction"},{"floor":7,"key":"Languid Potion"},{"floor":11,"key":"Dexterity Potion"},{"floor":13,"key":"Elixir"},{"floor":25,"key":"Languid Potion"},{"floor":28,"key":"Explosive Potion"}],"is_trial":false,"path_per_floor":["M","M","M","?","M","R","E","M","T","R","M","?","E","M","R","B",null,"M","$","?","T","M","E","R","M","T","?","M","R","$","AVR","R","B"],"character_chosen":"THE_BUGKNIGHT","items_purchased":["Guide Book","HollowMod:PerfectDash"],"campfire_rested":1,"item_purchase_floors":[19,19],"current_hp_per_floor":[74,74,74,74,64,64,57,57,57,57,63,63,49,41,41,13,75,41,41,41,41,29,34,56,52,52,52,52,52,67,67,67,0,0],"gold":62,"neow_bonus":"RANDOM_COMMON_RELIC","is_daily":false,"chose_seed":false,"campfire_upgraded":5,"win_rate":0.0,"timestamp":1611917109,"path_taken":["M","M","M","?","M","R","E","M","T","R","M","?","E","M","R","BOSS","M","$","?","?","M","E","R","M","T","?","M","R","?","AVR","R","BOSS"],"items_purchased_type":["Relic","Card"],"build_version":"2020-12-22","purchased_purges":1,"victory":false,"max_hp_per_floor":[75,75,75,75,75,75,75,75,75,75,75,75,75,75,75,75,75,75,75,75,75,75,75,75,75,75,75,75,75,75,75,75,75,75],"relic_stats":{"counters":[16,80],"Bronze Scales":[62],"MealTicket":15,"Orichalcum":[12],"obtain_stats":[{"Guide Book":19,"HollowMod:VesselMask":0,"hubris:SlimyHat":13,"Orichalcum":30,"HollowMod:KingsBrand":9,"reliquary:QuartzCube":9,"HollowMod:StagPassRelic":21,"Frozen Eye":31,"theJungle:SneckoAutograph":27,"Matryoshka":7,"Bronze Scales":26,"hubris:ScarierMask":17,"MealTicket":21,"hubris:DeckOfHolding":23,"HollowMod:PaleOreRelic":0},{"Guide Book":11,"HollowMod:VesselMask":0,"hubris:SlimyHat":8,"Orichalcum":15,"HollowMod:KingsBrand":6,"reliquary:QuartzCube":6,"HollowMod:StagPassRelic":11,"Frozen Eye":15,"theJungle:SneckoAutograph":14,"Matryoshka":5,"Bronze Scales":14,"hubris:ScarierMask":10,"MealTicket":11,"hubris:DeckOfHolding":13,"HollowMod:PaleOreRelic":0},{"Guide Book":53,"HollowMod:VesselMask":0,"hubris:SlimyHat":31,"Orichalcum":74,"HollowMod:KingsBrand":21,"reliquary:QuartzCube":21,"HollowMod:StagPassRelic":53,"Frozen Eye":74,"theJungle:SneckoAutograph":70,"Matryoshka":19,"Bronze Scales":70,"hubris:ScarierMask":46,"MealTicket":53,"hubris:DeckOfHolding":64,"HollowMod:PaleOreRelic":0}]},"card_choices":[{"not_picked":["HollowMod:ShadowDash","HollowMod:CornifersMapStart"],"picked":"HollowMod:PerfectDash","floor":1},{"not_picked":["HollowMod:HeavyBlow","HollowMod:ChannelNail","HollowMod:DashSlash"],"picked":"SKIP","floor":2},{"not_picked":["HollowMod:NewJinnsSoul","HollowMod:NewLittleFool","HollowMod:SoulSplash"],"picked":"SKIP","floor":3},{"not_picked":["HollowMod:PerfectDash","HollowMod:GoodIntentions"],"picked":"HollowMod:InfectedCysts","floor":5},{"not_picked":["HollowMod:SiblingsShadow","HollowMod:SiblingsSouls"],"picked":"HollowMod:DashSlash","floor":7},{"not_picked":["HollowMod:theNailsmith","HollowMod:SoulSplash"],"picked":"HollowMod:QuirrelsAssistance","floor":8},{"not_picked":["HollowMod:BlackTendrils","HollowMod:ShadowDash"],"picked":"HollowMod:SoulVessel","floor":11},{"not_picked":["HollowMod:LifebloodCore+1","HollowMod:HornetsHelp+1"],"picked":"HollowMod:NewInfectedGuardian+1","floor":12},{"not_picked":["HollowMod:SoulSplash","HollowMod:FastStrike"],"picked":"HollowMod:InfectedAttack","floor":13},{"not_picked":["HollowMod:DescendingDark","HollowMod:SharpenedNail"],"picked":"HollowMod:ShapeofUnn","floor":14},{"not_picked":["HollowMod:ElderbugsWisdom","HollowMod:AwokenDreamNail"],"picked":"HollowMod:LifebloodCore","floor":16},{"not_picked":["HollowMod:SharpenedNail","HollowMod:CloakDash+1"],"picked":"HollowMod:HowlingWraiths+1","floor":18},{"not_picked":["HollowMod:DashSlash","HollowMod:CrystalDash","HollowMod:LifebloodCocoon"],"picked":"SKIP","floor":22},{"not_picked":["HollowMod:SoulEater","HollowMod:DashSlash"],"picked":"HollowMod:RecoilStrike+1","floor":23},{"not_picked":["HollowMod:InfectionAssault+1","HollowMod:DoubleDash"],"picked":"HollowMod:ChannelNail+1","floor":25},{"not_picked":["HollowMod:DoubleDash+1","HollowMod:ShadowDash"],"picked":"HollowMod:SoulSplash","floor":28}],"player_experience":196829,"relics_obtained":[{"floor":7,"key":"Matryoshka"},{"floor":9,"key":"HollowMod:KingsBrand"},{"floor":9,"key":"reliquary:QuartzCube"},{"floor":13,"key":"hubris:SlimyHat"},{"floor":21,"key":"MealTicket"},{"floor":21,"key":"HollowMod:StagPassRelic"},{"floor":23,"key":"hubris:DeckOfHolding"},{"floor":26,"key":"Bronze Scales"}],"event_choices":[{"damage_healed":0,"gold_gain":0,"player_choice":"2","damage_taken":0,"max_hp_gain":0,"max_hp_loss":0,"event_name":"betterMatch:BetterMatch","floor":12,"gold_loss":0,"cards_obtained":["betterMatch:RareCard"]},{"cards_removed":["HollowMod:InfectedCysts"],"damage_healed":0,"gold_gain":0,"player_choice":"Take \u0026 Give","damage_taken":0,"max_hp_gain":0,"max_hp_loss":0,"event_name":"betterNote:BetterNote","floor":20,"gold_loss":0,"cards_obtained":["Apotheosis"]}],"is_beta":false,"boss_relics":[{"not_picked":["Replay:Wanted Poster","Runic Pyramid"],"picked":"hubris:ScarierMask"}],"items_purged_floors":[30],"is_endless":false,"potions_floor_spawned":[3,7,11,13,25,28],"killed_by":"theJungle:TotemBoss","ascension_level":0}}