{"host":"cxn6tbf67hppzwy1","time":1611918466,"event":{"mods":["BaseMod","Minty Spire (QoL Compilation)","Replay The Spire","Shop Mod","StSLib","Waifu the Spire","¡¾ÒÅÎï¿¨ÅÆ¡¿REMEMod"],"gold_per_floor":[149,149,179,52,52,105,143,283,283,283,347,456,542,586,586,708,708,773,773,210,410,449,449,449],"floor_reached":23,"language":"ZHS","playtime":750,"items_purged":["Strike_P","Strike_P"],"score":344,"play_id":"e31684e8-a122-4e17-9023-73d6f72e11c6","local_time":"20210129190746","is_ascension_mode":true,"campfire_choices":[{"data":"Eruption","floor":10.0,"key":"SMITH"}],"circlet_count":0,"master_deck":["Strike_P","Strike_P","Defend_P","Defend_P","Defend_P","Defend_P","Eruption+1","Vigilance","HandOfGreed+1","Crescendo","FlurryOfBlows+1","Scrawl","Vault","BowlingBash","CrushJoints"],"relics":["PureWater","REME_ComplimentaryCards","NeowsBlessing","Shuriken","ReplayTheSpireMod:Lightbulb","Regal Pillow","Black Star","Mirror","ClockworkSouvenir","CaptainsWheel"],"acts_visited":["Exordium","TheCity"],"potions_floor_usage":[18],"damage_taken":[{"damage":0.0,"enemies":"Small Slimes","floor":1.0,"turns":4.0},{"damage":0.0,"enemies":"Cultist","floor":3.0,"turns":3.0},{"damage":0.0,"enemies":"Gremlin Nob","floor":6.0,"turns":2.0},{"damage":0.0,"enemies":"Jaw Worm","floor":7.0,"turns":1.0},{"damage":23.0,"enemies":"Lots of Slimes","floor":8.0,"turns":10.0},{"damage":4.0,"enemies":"2 Fungi Beasts","floor":11.0,"turns":3.0},{"damage":4.0,"enemies":"3 Sentries","floor":12.0,"turns":4.0},{"damage":17.0,"enemies":"3 Louse","floor":13.0,"turns":6.0},{"damage":0.0,"enemies":"Gremlin Gang","floor":14.0,"turns":2.0},{"damage":29.0,"enemies":"Hexaghost","floor":16.0,"turns":7.0},{"damage":37,"enemies":"3 Byrds","floor":18,"turns":6},{"damage":0,"enemies":"Spheric Guardian","floor":22,"turns":1},{"damage":1,"enemies":"Book of Stabbing","floor":23,"turns":3}],"seed_played":"-8984275525512964217","potions_obtained":[{"floor":7.0,"key":"Languid Potion"},{"floor":12.0,"key":"EssenceOfSteel"},{"floor":13.0,"key":"SneckoOil"},{"floor":14.0,"key":"Energy Potion"}],"is_trial":false,"path_per_floor":["M","?","M","$","?","E","M","M","T","R","M","E","M","M","R","B",null,"M","T","$","?","M","E"],"character_chosen":"WATCHER","items_purchased":["FlurryOfBlows","ClockworkSouvenir","CaptainsWheel"],"campfire_rested":0,"item_purchase_floors":[4,20,20],"current_hp_per_floor":[65,53,53,53,53,53,53,30,30,30,26,22,5,5,41,12,57,20,20,20,20,20,19,19],"gold":449,"neow_bonus":"THREE_ENEMY_KILL","is_daily":false,"chose_seed":false,"campfire_upgraded":1,"win_rate":0.0,"timestamp":1611918466,"path_taken":["M","?","M","$","?","E","?","M","T","R","M","E","M","M","R","BOSS","M","?","$","?","?","E"],"items_purchased_type":["Card","Relic","Relic"],"build_version":"2020-12-22","purchased_purges":2,"victory":false,"max_hp_per_floor":[72,72,72,72,72,72,72,72,72,72,72,72,72,72,72,72,72,72,72,72,72,72,72,72],"card_choices":[{"not_picked":["CarveReality","Replay:ManipulateFuture"],"picked":"Crescendo","floor":1.0},{"not_picked":["Protect","Replay:ManipulateFuture","Replay:AtTheReady"],"picked":"SKIP","floor":3.0},{"not_picked":["CutThroughFate","JustLucky","MentalFortress"],"picked":"SKIP","floor":6.0},{"not_picked":["FlurryOfBlows","EmptyFist","EmptyBody"],"picked":"SKIP","floor":7.0},{"not_picked":["FearNoEvil","Consecrate"],"picked":"Scrawl","floor":8.0},{"not_picked":["Replay:Anticipation","EmptyFist","FollowUp"],"picked":"SKIP","floor":11.0},{"not_picked":["JustLucky","Fasting2","Replay:AtTheReady"],"picked":"SKIP","floor":12.0},{"not_picked":["FlyingSleeves","ClearTheMind","Replay:BluntJabs"],"picked":"SKIP","floor":13.0},{"not_picked":["FollowUp","REME_CRH","InnerPeace"],"picked":"SKIP","floor":14.0},{"not_picked":["REME_WorshipGod","DeusExMachina"],"picked":"Vault","floor":16.0},{"not_picked":["Crescendo+1","JustLucky+1"],"picked":"BowlingBash","floor":18},{"not_picked":["EmptyFist","Evaluate"],"picked":"CrushJoints","floor":22}],"player_experience":53194,"relics_obtained":[{"floor":6.0,"key":"ReplayTheSpireMod:Lightbulb"},{"floor":12.0,"key":"Regal Pillow"},{"floor":19,"key":"Mirror"}],"event_choices":[{"damage_healed":0.0,"max_hp_gain":0.0,"max_hp_loss":0.0,"gold_gain":0.0,"event_name":"Scrap Ooze","player_choice":"Success","floor":2.0,"gold_loss":0.0,"damage_taken":12.0,"relics_obtained":["Shuriken"]},{"damage_healed":0.0,"max_hp_gain":0.0,"max_hp_loss":0.0,"gold_gain":0.0,"event_name":"Accursed Blacksmith","player_choice":"Forge","floor":5.0,"gold_loss":0.0,"damage_taken":0.0,"cards_upgraded":["HandOfGreed"]},{"damage_healed":0,"gold_gain":250,"player_choice":"Bet on Owner","damage_taken":0,"max_hp_gain":0,"max_hp_loss":0,"event_name":"The Joust","floor":21,"gold_loss":50}],"is_beta":false,"boss_relics":[{"not_picked":["SlaversCollar","REME_DemonsWealth"],"picked":"Black Star"}],"items_purged_floors":[4,20],"is_endless":false,"potions_floor_spawned":[7,12,13,14],"killed_by":"Book of Stabbing","ascension_level":8}}