{"host":"sc0o2qwpf9j16a4i","time":1611934715,"event":{"mods":["AchievementEnabler","BaseMod","BetterRewards","Block Reminder","Colored Map","Colored Powertips","Custom Start","Highlight Path","Minty Spire (QoL Compilation)","Relic Stats"],"gold_per_floor":[113,288,302,7,7,7,43,43,70,110,133,146,180,193,193,314,314,328,344,344,23,42,83,83,83,83,147,168,168,189,1,1,130,130,151,151,219,219,179,179,212,235,235,260,281,305,341,361,361,361],"floor_reached":51,"language":"ENG","playtime":1892,"items_purged":["Doubt"],"score":892,"play_id":"6a0c7f80-e59b-4076-9041-d5f3c15695cd","local_time":"20210129173835","daily_mods":["Allstar","Purple Cards","Night Terrors"],"is_ascension_mode":false,"campfire_choices":[{"data":"Immolate","floor":15,"key":"SMITH"},{"data":"Feed","floor":25,"key":"SMITH"},{"data":"Dark Embrace","floor":29,"key":"SMITH"},{"data":"Body Slam","floor":32,"key":"SMITH"},{"data":"Master of Strategy","floor":40,"key":"SMITH"},{"floor":49,"key":"DIG"}],"circlet_count":0,"master_deck":["Strike_R","Strike_R","Defend_R","Defend_R","Defend_R","Defend_R","Bash","Master of Strategy+1","Master of Strategy","Transmutation+1","Trip","Discovery+1","Twin Strike+1","Twin Strike+1","Feel No Pain+1","Injury","CutThroughFate","Immolate+1","Infernal Blade+1","Meditate+1","True Grit+1","ClearTheMind+1","Exhume+1","Flame Barrier+1","Body Slam+1","ForeignInfluence+1","ConjureBlade+1","Bloodletting+1","Crescendo+1","Feed+1","Dark Embrace+1","Indignation+1","Warcry+1","Warcry+1","Offering+1","True Grit+1","Protect+1","CutThroughFate+1","Whirlwind+1","Armaments+1","Feel No Pain+1","Fiend Fire","TalkToTheHand+1"],"relics":["Burning Blood","Toxic Egg 2","Golden Idol","Gambling Chip","Omamori","Red Skull","Magic Flower","SlaversCollar","Ice Cream","Pen Nib","Gremlin Horn","Akabeko","Membership Card","Mark of Pain","FossilizedHelix","Ornamental Fan","Calipers","Shovel","StoneCalendar"],"acts_visited":["Exordium","TheCity","TheBeyond"],"potions_floor_usage":[10,10,16,22,27,30,37,50,50,50],"damage_taken":[{"damage":6.0,"enemies":"2 Louse","floor":1.0,"turns":2.0},{"damage":3.0,"enemies":"Small Slimes","floor":3.0,"turns":3.0},{"damage":32,"enemies":"Gremlin Nob","floor":7,"turns":4},{"damage":14,"enemies":"Lagavulin","floor":10,"turns":6},{"damage":0,"enemies":"Cultist","floor":11,"turns":2},{"damage":0,"enemies":"Blue Slaver","floor":12,"turns":1},{"damage":16,"enemies":"Gremlin Nob","floor":13,"turns":3},{"damage":0,"enemies":"3 Louse","floor":14,"turns":1},{"damage":26,"enemies":"Slime Boss","floor":16,"turns":5},{"damage":1,"enemies":"Spheric Guardian","floor":18,"turns":3},{"damage":0,"enemies":"3 Byrds","floor":19,"turns":1},{"damage":0,"enemies":"3 Cultists","floor":22,"turns":4},{"damage":8,"enemies":"Book of Stabbing","floor":23,"turns":4},{"damage":14,"enemies":"Slavers","floor":27,"turns":3},{"damage":5,"enemies":"Chosen and Byrds","floor":28,"turns":3},{"damage":24,"enemies":"Snake Plant","floor":30,"turns":4},{"damage":16,"enemies":"Automaton","floor":33,"turns":6},{"damage":3,"enemies":"Orb Walker","floor":35,"turns":1},{"damage":6,"enemies":"2 Orb Walkers","floor":37,"turns":2},{"damage":0,"enemies":"Reptomancer","floor":41,"turns":1},{"damage":27,"enemies":"3 Darklings","floor":42,"turns":2},{"damage":12,"enemies":"Transient","floor":44,"turns":5},{"damage":0,"enemies":"4 Shapes","floor":45,"turns":1},{"damage":0,"enemies":"Spire Growth","floor":46,"turns":3},{"damage":0,"enemies":"Giant Head","floor":47,"turns":1},{"damage":0,"enemies":"Sphere and 2 Shapes","floor":48,"turns":3},{"damage":19,"enemies":"Donu and Deca","floor":50,"turns":2}],"seed_played":"-3360192634938540212","potions_obtained":[{"floor":1.0,"key":"LiquidMemories"},{"floor":3.0,"key":"Block Potion"},{"floor":7,"key":"BlessingOfTheForge"},{"floor":11,"key":"LiquidBronze"},{"floor":14,"key":"SpeedPotion"},{"floor":18,"key":"Swift Potion"},{"floor":23,"key":"ElixirPotion"},{"floor":28,"key":"ColorlessPotion"},{"floor":33,"key":"ColorlessPotion"},{"floor":41,"key":"LiquidBronze"},{"floor":42,"key":"DuplicationPotion"},{"floor":47,"key":"Strength Potion"}],"is_trial":true,"path_per_floor":["M","?","M","$","?","?","E","?","T","E","M","M","E","M","R","B",null,"M","M","?","$","M","E","?","R","T","E","M","R","M","$","R","B",null,"M","?","?","?","?","R","E","M","T","M","M","M","E","M","R","B",null],"character_chosen":"IRONCLAD","items_purchased":["Toxic Egg 2","Feel No Pain","Ice Cream","Bloodletting+1","Membership Card"],"campfire_rested":0,"item_purchase_floors":[4,4,21,21,31],"current_hp_per_floor":[80,80,80,80,80,64,38,38,38,30,36,42,32,41,41,24,80,80,80,80,80,80,80,80,80,80,75,79,79,70,70,70,63,84,88,88,92,87,87,87,87,69,69,66,75,84,91,91,91,81],"gold":361,"neow_bonus":"","is_daily":false,"chose_seed":false,"campfire_upgraded":5,"win_rate":0.0,"timestamp":1611934715,"path_taken":["M","?","M","$","?","?","E","?","T","E","M","M","E","M","R","BOSS","M","M","?","$","M","E","?","R","T","E","M","R","M","$","R","BOSS","M","?","?","?","?","R","E","M","T","M","?","M","E","M","R","BOSS"],"items_purchased_type":["Relic","Card","Relic","Card","Relic"],"build_version":"2020-12-22","purchased_purges":1,"victory":true,"max_hp_per_floor":[80,80,80,80,80,80,80,80,80,80,80,80,80,80,80,80,80,80,80,80,80,80,80,80,80,80,80,80,80,84,84,84,84,84,88,88,92,87,87,87,87,87,87,87,87,87,91,91,91,91],"relic_stats":{"Shovel":1,"Gremlin Horn":[13,13],"counters":[27,76],"Golden Idol":197,"Ornamental Fan":[24],"Gambling Chip":[68],"Magic Flower":[43],"StoneCalendar":[0],"Pen Nib":[8],"obtain_stats":[{"Ice Cream":21,"Calipers":43,"Gremlin Horn":26,"Golden Idol":5,"Magic Flower":13,"StoneCalendar":49,"Pen Nib":23,"Omamori":9,"Burning Blood":0,"Akabeko":27,"SlaversCollar":17,"Shovel":47,"Ornamental Fan":41,"Gambling Chip":7,"Mark of Pain":34,"Membership Card":31,"Toxic Egg 2":4,"Red Skull":10,"FossilizedHelix":37},{"Ice Cream":11,"Calipers":21,"Gremlin Horn":13,"Golden Idol":2,"Magic Flower":7,"StoneCalendar":26,"Pen Nib":13,"Omamori":3,"Burning Blood":0,"Akabeko":14,"SlaversCollar":9,"Shovel":25,"Ornamental Fan":20,"Gambling Chip":3,"Mark of Pain":17,"Membership Card":16,"Toxic Egg 2":2,"Red Skull":4,"FossilizedHelix":19},{"Ice Cream":31,"Calipers":61,"Gremlin Horn":39,"Golden Idol":5,"Magic Flower":21,"StoneCalendar":74,"Pen Nib":39,"Omamori":9,"Burning Blood":0,"Akabeko":42,"SlaversCollar":27,"Shovel":71,"Ornamental Fan":59,"Gambling Chip":9,"Mark of Pain":55,"Membership Card":49,"Toxic Egg 2":5,"Red Skull":15,"FossilizedHelix":58}],"Burning Blood":153},"card_choices":[{"not_picked":["ClearTheMind","Clothesline"],"picked":"Twin Strike","floor":1.0},{"not_picked":["Halt","Crescendo"],"picked":"Twin Strike","floor":3.0},{"not_picked":["JustLucky","Wild Strike"],"picked":"CutThroughFate","floor":7},{"not_picked":["CrushJoints","Perfected Strike"],"picked":"Immolate","floor":10},{"not_picked":["Indignation+1","FollowUp"],"picked":"Infernal Blade+1","floor":11},{"not_picked":["JustLucky","Adaptation"],"picked":"Meditate+1","floor":12},{"not_picked":["FollowUp","MentalFortress"],"picked":"True Grit+1","floor":13},{"not_picked":["Entrench+1","Consecrate"],"picked":"ClearTheMind+1","floor":14},{"not_picked":["Limit Break+1","Juggernaut"],"picked":"Exhume+1","floor":16},{"not_picked":["Halt+1","Clothesline"],"picked":"Flame Barrier+1","floor":18},{"not_picked":["MentalFortress","Fire Breathing"],"picked":"Body Slam","floor":19},{"not_picked":["ReachHeaven","Collect+1"],"picked":"Crescendo+1","floor":22},{"not_picked":["Headbutt","Entrench+1"],"picked":"Feed","floor":23},{"not_picked":["Infernal Blade+1","Crescendo+1"],"picked":"Indignation+1","floor":27},{"not_picked":["ReachHeaven","Iron Wave"],"picked":"Warcry+1","floor":28},{"not_picked":["Pray+1","ReachHeaven"],"picked":"Warcry+1","floor":30},{"not_picked":["Bludgeon","Devotion"],"picked":"Offering+1","floor":33},{"not_picked":["Warcry+1","Perfected Strike+1"],"picked":"True Grit+1","floor":35},{"not_picked":["Metallicize","Collect+1"],"picked":"Protect+1","floor":37},{"not_picked":["Fasting2","Wild Strike"],"picked":"CutThroughFate+1","floor":41},{"not_picked":["EmptyFist+1","EmptyBody+1"],"picked":"Whirlwind+1","floor":42},{"not_picked":["FlurryOfBlows+1","Clothesline","BowlingBash"],"picked":"SKIP","floor":44},{"not_picked":["Clash","Thunderclap+1"],"picked":"Armaments+1","floor":45},{"not_picked":["SandsOfTime","Conclude+1"],"picked":"Feel No Pain+1","floor":46},{"not_picked":["CutThroughFate+1","Armaments+1"],"picked":"Fiend Fire","floor":47},{"not_picked":["Crescendo+1","FearNoEvil"],"picked":"TalkToTheHand+1","floor":48}],"player_experience":1047949,"relics_obtained":[{"floor":7,"key":"Gambling Chip"},{"floor":9,"key":"Omamori"},{"floor":10,"key":"Red Skull"},{"floor":13,"key":"Magic Flower"},{"floor":23,"key":"Pen Nib"},{"floor":26,"key":"Gremlin Horn"},{"floor":27,"key":"Akabeko"},{"floor":37,"key":"FossilizedHelix"},{"floor":41,"key":"Ornamental Fan"},{"floor":43,"key":"Calipers"},{"floor":47,"key":"Shovel"},{"floor":49,"key":"StoneCalendar"}],"event_choices":[{"damage_healed":0.0,"max_hp_gain":0.0,"max_hp_loss":0.0,"gold_gain":175.0,"event_name":"Liars Game","player_choice":"AGREE","floor":2.0,"gold_loss":0.0,"damage_taken":0.0,"cards_obtained":["Doubt"]},{"damage_healed":0,"gold_gain":0,"player_choice":"Take Wound","damage_taken":0,"relics_obtained":["Golden Idol"],"max_hp_gain":0,"max_hp_loss":0,"event_name":"Golden Idol","floor":5,"gold_loss":0,"cards_obtained":["Injury"]},{"damage_healed":0,"gold_gain":0,"player_choice":"Entered Light","damage_taken":16,"max_hp_gain":0,"max_hp_loss":0,"event_name":"Shining Light","floor":6,"gold_loss":0,"cards_upgraded":["Twin Strike","Feel No Pain"]},{"damage_healed":0,"gold_gain":0,"player_choice":"Grow","damage_taken":0,"max_hp_gain":0,"max_hp_loss":0,"event_name":"Living Wall","floor":8,"gold_loss":0,"cards_upgraded":["Discovery"]},{"damage_healed":0,"gold_gain":0,"cards_transformed":["Strike_R","Strike_R"],"player_choice":"Became Test Subject","damage_taken":0,"max_hp_gain":0,"max_hp_loss":0,"event_name":"Drug Dealer","floor":20,"gold_loss":0,"cards_obtained":["ForeignInfluence","ConjureBlade"]},{"damage_healed":0,"gold_gain":0,"player_choice":"Read","damage_taken":0,"max_hp_gain":0,"max_hp_loss":0,"event_name":"The Library","floor":24,"gold_loss":0,"cards_obtained":["Dark Embrace"]},{"cards_removed":["Strike_R"],"damage_healed":0,"gold_gain":0,"player_choice":"Removed Attack","damage_taken":0,"max_hp_gain":0,"max_hp_loss":0,"event_name":"Falling","floor":36,"gold_loss":0},{"damage_healed":0,"gold_gain":0,"player_choice":"Fight","damage_taken":0,"max_hp_gain":0,"max_hp_loss":0,"event_name":"Mysterious Sphere","floor":37,"gold_loss":0},{"damage_healed":0,"gold_gain":0,"player_choice":"Max HP","damage_taken":0,"max_hp_gain":0,"max_hp_loss":5,"event_name":"Winding Halls","floor":38,"gold_loss":0},{"damage_healed":0,"gold_gain":0,"player_choice":"Upgraded Two","damage_taken":0,"max_hp_gain":0,"max_hp_loss":0,"event_name":"Designer","floor":39,"gold_loss":40,"cards_upgraded":["Transmutation","Twin Strike"]}],"is_beta":false,"boss_relics":[{"not_picked":["Black Blood","Busted Crown"],"picked":"SlaversCollar"},{"not_picked":["Runic Dome","SacredBark"],"picked":"Mark of Pain"}],"items_purged_floors":[31],"is_endless":false,"potions_floor_spawned":[1,3,7,11,14,18,23,28,33,41,42,44,47],"ascension_level":0}}