{"host":"aukiz5jlacd3g5yc","time":1611899957,"event":{"mods":["2.2 Compatiblity","BaseMod","Bestiary","Colored Map","Colored Powertips","Downfall","GifTheSpireLib","Hubris","Minty Spire (QoL Compilation)","Permanent Neow","Quick Restart","Random Character Button","Rare Cards Sparkle","Relic Sorter","Relic Stats","Replay The Spire","StSLib","everything is the same but u backflip on backflip","slay the spire mod where everything is the same but ironclad has a cowboy hat"],"gold_per_floor":[99,119,136,152,152,152,152,152,172,172,172,172],"floor_reached":10,"language":"ENG","playtime":342,"items_purged":[],"score":61,"play_id":"cb8da9ca-7084-4825-8da6-652a03c3cd6d","local_time":"20210128235917","is_ascension_mode":true,"campfire_choices":[{"data":"Mayhem","floor":1,"key":"SMITH"},{"data":"Slimebound:Split","floor":6,"key":"SMITH"},{"data":"Slimebound:Split","floor":8,"key":"SMITH"}],"circlet_count":0,"master_deck":["Slimebound:Strike_Slimebound","Slimebound:Strike_Slimebound","Slimebound:Strike_Slimebound","Slimebound:Tackle","Slimebound:Defend_Slimebound","Slimebound:Defend_Slimebound","Slimebound:Defend_Slimebound","Slimebound:Defend_Slimebound","Slimebound:Split+1","Slimebound:CorrosiveSpit","Mayhem+1","Slimebound:SplitBruiser","Slimebound:SplitAcid","Slimebound:SplitAcid","Mayhem+1","Slimebound:Split+1","hubris:Sloth","Slimebound:MinionMaster"],"relics":["Slimebound:AbsorbEndCombat"],"acts_visited":["Exordium"],"potions_floor_usage":[],"damage_taken":[{"damage":5,"enemies":"2 Louse","floor":2,"turns":3},{"damage":4,"enemies":"Cultist","floor":3,"turns":3},{"damage":15,"enemies":"Small Slimes","floor":4,"turns":3},{"damage":28,"enemies":"Exordium Thugs","floor":9,"turns":3},{"damage":22,"enemies":"Lagavulin","floor":10,"turns":5}],"seed_played":"8686091771916357094","potions_obtained":[{"floor":3,"key":"hexamod:SoulburnPotion"},{"floor":9,"key":"Milkshake"}],"is_trial":false,"path_per_floor":["R","M","M","M","?","R","T","R","M","E"],"character_chosen":"SLIMEBOUND","items_purchased":[],"campfire_rested":0,"item_purchase_floors":[],"current_hp_per_floor":[59,56,56,41,41,41,41,41,15,0,0,0],"gold":172,"neow_bonus":"RANDOM_COLORLESS_2","is_daily":false,"chose_seed":false,"campfire_upgraded":3,"win_rate":0.0,"timestamp":1611899957,"path_taken":["R","M","M","M","?","R","T","R","M","E"],"items_purchased_type":[],"build_version":"2020-12-22","purchased_purges":0,"victory":false,"max_hp_per_floor":[59,59,59,59,59,59,59,59,59,59,59,59],"relic_stats":{"counters":[5,16],"obtain_stats":[{"Slimebound:AbsorbEndCombat":0},{"Slimebound:AbsorbEndCombat":0},{"Slimebound:AbsorbEndCombat":0}]},"card_choices":[{"not_picked":["Poisoned Strike","Metamorphosis"],"picked":"Mayhem","floor":0},{"not_picked":["Slimebound:ServeAndProtect","Slimebound:Schlurp"],"picked":"Slimebound:SplitBruiser","floor":2},{"not_picked":["Slimebound:Gluttony","Slimebound:SamplingLick"],"picked":"Slimebound:SplitAcid","floor":3},{"not_picked":["Slimebound:FormOfPuddle","Slimebound:FinishingTackle"],"picked":"Slimebound:SplitAcid","floor":4},{"not_picked":["Slimebound:HauntingLick","Slimebound:FinishingTackle"],"picked":"Slimebound:MinionMaster","floor":9}],"player_experience":373688,"relics_obtained":[],"event_choices":[],"is_beta":false,"boss_relics":[],"items_purged_floors":[],"is_endless":false,"potions_floor_spawned":[3,9],"killed_by":"Lagavulin","ascension_level":1}}