{"host":"9slw7l0ws16384qq","time":1611910115,"event":{"mods":["A Penny For Your Troubles","BaseMod","Colored Map","Downfall","Evolution","Hubris","Minty Spire (QoL Compilation)","Replay The Spire","StS++","StSLib"],"gold_per_floor":[199,213,223,223,234,234,261,277,277,297,297,310,310,323,339,439,439,439,439,439,200,200,85,85,114,142,42,83,83,108,137,163,274,274,174,200,222,62,62,212,258,271,271,306,206,219,0,19,39,39,39,39],"floor_reached":50,"language":"FRA","playtime":4507,"items_purged":["Spreading Infection","Parasite"],"score":531,"play_id":"c213ca72-6316-4f64-a693-030413a98874","local_time":"20210129094835","is_ascension_mode":false,"campfire_choices":[{"data":"hexamod:Sear","floor":1.0,"key":"SMITH"},{"data":"hexamod:Hexaguard","floor":9.0,"key":"SMITH"},{"data":"hexamod:EmpoweredFlame","floor":11.0,"key":"SMITH"},{"data":"hexamod:Defend","floor":13.0,"key":"SMITH"},{"data":"hexamod:SearingWound","floor":18.0,"key":"SMITH"},{"data":"hexamod:Firestarter","floor":27.0,"key":"SMITH"},{"floor":29.0,"key":"RECALL"},{"data":"hexamod:HexaLevel","floor":35.0,"key":"SMITH"},{"floor":43.0,"key":"REST"},{"data":"hexamod:Defend","floor":45.0,"key":"SMITH"}],"circlet_count":0,"master_deck":["hexamod:Strike","hexamod:Strike","hexamod:Strike","hexamod:Strike","hexamod:Defend+1","hexamod:Defend+1","hexamod:Defend","hexamod:Defend","hexamod:Sear+1","hexamod:Float","hexamod:SpectersWail+1","hexamod:Hexaguard+1","hexamod:EmpoweredFlame+1","hexamod:SearingWound+1","Writhe","hexamod:Firestarter+1","hexamod:Firestarter+1","hexamod:GhostOfSpireFuture+1","hexamod:HexaLevel+1","hexamod:Hexaguard+1","hexamod:GhostOfSpireFuture","hexamod:HexaLevel","hexamod:GhostShield+1","hexamod:Hexaguard+1"],"relics":["hexamod:SpiritBrand","EVO:Axolotl","Blood Vial","Replay:Ancient Bell","Guardian:PocketSentry","hubris:MysteriousPyramids","hubris:MedicalManual","ClockworkSouvenir","downfall:HeartBlessingBlue","Happy Flower","Runic Pyramid","downfall:HeartBlessingRed","Lee\u0027s Waffle","Toy Ornithopter","Replay:Bottled Flurry","downfall:HeartBlessingGreen"],"acts_visited":["Exordium","TheCity","TheBeyond"],"potions_floor_usage":[50,50,50],"damage_taken":[{"damage":1.0,"enemies":"Jaw Worm","floor":2.0,"turns":3.0},{"damage":0.0,"enemies":"Cultist","floor":3.0,"turns":3.0},{"damage":0.0,"enemies":"Small Slimes","floor":5.0,"turns":2.0},{"damage":0.0,"enemies":"2 Fungi Beasts","floor":8.0,"turns":2.0},{"damage":0.0,"enemies":"Red Slaver","floor":10.0,"turns":3.0},{"damage":0.0,"enemies":"3 Louse","floor":12.0,"turns":4.0},{"damage":11.0,"enemies":"Lots of Slimes","floor":14.0,"turns":2.0},{"damage":0.0,"enemies":"Large Slime","floor":15.0,"turns":5.0},{"damage":42.0,"enemies":"WA_ARCHETYPE_RETAIN","floor":16.0,"turns":9.0},{"damage":0.0,"enemies":"downfall:FleeingMerchant","floor":21.0,"turns":4.0},{"damage":0.0,"enemies":"downfall:FleeingMerchant","floor":23.0,"turns":4.0},{"damage":18.0,"enemies":"Slavers","floor":25.0,"turns":5.0},{"damage":2.0,"enemies":"3 Byrds","floor":26.0,"turns":4.0},{"damage":10.0,"enemies":"Replay:Snechameleon","floor":28.0,"turns":5.0},{"damage":0.0,"enemies":"Spheric Guardian","floor":30.0,"turns":4.0},{"damage":0.0,"enemies":"Snecko","floor":31.0,"turns":4.0},{"damage":8.0,"enemies":"Snake Plant","floor":32.0,"turns":3.0},{"damage":33.0,"enemies":"IC_MUSHROOM_ARCHETYPE","floor":33.0,"turns":7.0},{"damage":1.0,"enemies":"3 Shapes","floor":36.0,"turns":4.0},{"damage":4.0,"enemies":"3 Darklings","floor":37.0,"turns":7.0},{"damage":0.0,"enemies":"downfall:FleeingMerchant","floor":38.0,"turns":4.0},{"damage":29.0,"enemies":"Writhing Mass","floor":42.0,"turns":6.0},{"damage":11.0,"enemies":"R_Hoarder","floor":44.0,"turns":9.0},{"damage":5.0,"enemies":"Sphere and 2 Shapes","floor":46.0,"turns":6.0},{"damage":0.0,"enemies":"downfall:FleeingMerchant","floor":47.0,"turns":4.0},{"damage":6.0,"enemies":"Jaw Worm Horde","floor":48.0,"turns":5.0},{"damage":2.0,"enemies":"3 Darklings","floor":49.0,"turns":5.0},{"damage":96,"enemies":"DF_ARCHETYPE_ORBS","floor":50,"turns":8}],"seed_played":"4585716754298956949","potions_obtained":[{"floor":3.0,"key":"FearPotion"},{"floor":8.0,"key":"Elixir"},{"floor":14.0,"key":"LiquidBronze"},{"floor":16.0,"key":"PowerPotion"},{"floor":25.0,"key":"Ancient Potion"},{"floor":28.0,"key":"Toxic Potion"},{"floor":33.0,"key":"SkillPotion"},{"floor":42.0,"key":"SkillPotion"},{"floor":48.0,"key":"PowerPotion"}],"is_trial":false,"path_per_floor":["R","M","M","?","M","?","T","M","R","M","R","M","R","M","M","B",null,"R","?","?","$","?","$","T","E","M","R","E","R","M","M","M","B",null,"R_BF","M","M","$","?","?","T","M","R","E","R","M","$","M","M","B"],"character_chosen":"THE_SPIRIT","items_purchased":["ClockworkSouvenir","Lee\u0027s Waffle","hexamod:HexaLevel","champ:CounterPotion"],"campfire_rested":1,"item_purchase_floors":[21,38,47,47],"current_hp_per_floor":[70,69,69,69,69,69,69,70,70,70,70,70,70,59,61,21,70,70,57,57,59,52,54,54,38,38,48,40,40,42,44,38,7,82,82,81,78,89,89,89,89,60,86,79,79,76,78,74,74,0,0,0],"gold":39,"neow_bonus":"HUNDRED_GOLD","is_daily":false,"chose_seed":false,"campfire_upgraded":8,"win_rate":0.0,"timestamp":1611910115,"path_taken":["R","M","M","?","?","?","T","M","R","?","R","M","R","M","M","BOSS","R","?","?","$","?","$","T","E","M","R","E","R","M","?","M","BOSS","R_BF","M","M","$","?","?","T","?","R","E","R","M","$","M","M","BOSS"],"items_purchased_type":["Relic","Relic","Card","Potion"],"build_version":"2020-12-22","purchased_purges":2,"victory":false,"max_hp_per_floor":[70,70,70,70,70,70,70,70,70,70,70,70,70,70,70,70,70,70,75,75,75,75,72,72,72,72,82,82,82,82,82,82,82,82,82,82,82,89,89,89,89,89,89,89,89,89,89,89,89,89,89,89],"card_choices":[{"not_picked":["hexamod:GhostShield","hexamod:HeatShield"],"picked":"hexamod:SpectersWail","floor":2.0},{"not_picked":["hexamod:FastForward","hexamod:SpectralAdrenaline","hexamod:HauntingEcho"],"picked":"SKIP","floor":3.0},{"not_picked":["hexamod:NecessarySacrifice","hexamod:ChargedBarrage"],"picked":"hexamod:Hexaguard","floor":5.0},{"not_picked":["hexamod:AdvancingGuard","hexamod:NightmareGuise","hexamod:NightmareStrike"],"picked":"SKIP","floor":8.0},{"not_picked":["hexamod:GhostShield","hexamod:SkipABeat"],"picked":"hexamod:EmpoweredFlame","floor":10.0},{"not_picked":["hexamod:Haunt","hexamod:RadiantFlame","hexamod:ChargedBarrage"],"picked":"SKIP","floor":12.0},{"not_picked":["hexamod:Haunt","hexamod:RadiantFlame","hexamod:ChargedBarrage"],"picked":"SKIP","floor":12.0},{"not_picked":["hexamod:SwordOfDarkness","hexamod:GhostShield","hexamod:AdvancingGuard"],"picked":"SKIP","floor":14.0},{"not_picked":["hexamod:HauntingEcho","hexamod:GhostLash","hexamod:FastForward"],"picked":"SKIP","floor":15.0},{"not_picked":["hexamod:SixthSeal","hexamod:GhostOfSpirePresent"],"picked":"hexamod:SearingWound","floor":16.0},{"not_picked":["Decay","Sickly"],"picked":"Writhe","floor":17.0},{"not_picked":["Amnesia","hubris:Compulsion"],"picked":"Parasite","floor":17.0},{"not_picked":["hubris:Envy","Sickly"],"picked":"Spreading Infection","floor":17.0},{"not_picked":["hexamod:InspiringFlames","hexamod:BurningTouch","hexamod:EtherealExpedition"],"picked":"SKIP","floor":21.0},{"not_picked":["hexamod:ThirdSeal","hexamod:ThermalTransfer","hexamod:GhostLash"],"picked":"SKIP","floor":23.0},{"not_picked":["hexamod:Again","hexamod:HauntingEcho"],"picked":"hexamod:Firestarter","floor":25.0},{"not_picked":["hexamod:PhantomFireball+1","hexamod:NightmareGuise"],"picked":"hexamod:Firestarter+1","floor":26.0},{"not_picked":["hexamod:PhantomFireball","hexamod:EtherealExpedition+1","hexamod:ThermalTransfer"],"picked":"SKIP","floor":28.0},{"not_picked":["hexamod:FifthSeal","hexamod:GhostLash","hexamod:SoulSteal+1"],"picked":"SKIP","floor":30.0},{"not_picked":["hexamod:SpectersWail","hexamod:HauntingEcho","hexamod:CatchUp"],"picked":"SKIP","floor":31.0},{"not_picked":["hexamod:Rewind+1","hexamod:SwordOfDarkness+1"],"picked":"hexamod:GhostOfSpireFuture+1","floor":32.0},{"not_picked":["hexamod:GhostOfSpirePresent","hexamod:ParanormalForm"],"picked":"hexamod:HexaLevel","floor":33.0},{"not_picked":["hexamod:HeatMetal+1","hexamod:SpectralAdrenaline","hexamod:StepThrough+1"],"picked":"SKIP","floor":36.0},{"not_picked":["hexamod:ThermalTransfer","hexamod:SpectersWail+1","hexamod:AdvancingGuard+1"],"picked":"SKIP","floor":37.0},{"not_picked":["hexamod:ShieldOfDarkness+1","hexamod:RecurringNightmare","hexamod:Again"],"picked":"SKIP","floor":38.0},{"not_picked":["hexamod:ThermalTransfer","hexamod:NightmareGuise+1"],"picked":"hexamod:Hexaguard+1","floor":42.0},{"not_picked":["hexamod:NightmareStrike+1","hexamod:ThermalTransfer","hexamod:ShieldOfDarkness"],"picked":"SKIP","floor":44.0},{"not_picked":["hexamod:GhostflameBarrier","hexamod:ExtraCrispy"],"picked":"hexamod:GhostOfSpireFuture","floor":46.0},{"not_picked":["hexamod:ThirdSeal","hexamod:GhostOfSpirePast","hexamod:StepThrough+1"],"picked":"SKIP","floor":47.0},{"not_picked":["hexamod:HauntingEcho+1","hexamod:TimeWarp"],"picked":"hexamod:GhostShield+1","floor":48.0},{"not_picked":["hexamod:CatchUp+1","hexamod:NightmareGuise+1"],"picked":"hexamod:Hexaguard+1","floor":49.0}],"player_experience":1526964,"relics_obtained":[{"floor":7.0,"key":"Blood Vial"},{"floor":25.0,"key":"Replay:Bandana"},{"floor":28.0,"key":"Happy Flower"},{"floor":41.0,"key":"Toy Ornithopter"},{"floor":44.0,"key":"Replay:Bottled Flurry"}],"event_choices":[{"damage_healed":0.0,"max_hp_gain":0.0,"max_hp_loss":0.0,"gold_gain":0.0,"event_name":"Accursed Blacksmith","player_choice":"Forge","floor":4.0,"gold_loss":0.0,"damage_taken":0.0,"cards_upgraded":["hexamod:SpectersWail"]},{"damage_healed":0.0,"max_hp_gain":0.0,"max_hp_loss":0.0,"gold_gain":0.0,"event_name":"FaceTrader","player_choice":"Leave","floor":6.0,"gold_loss":0.0,"damage_taken":0.0},{"damage_healed":0.0,"max_hp_gain":0.0,"max_hp_loss":0.0,"gold_gain":0.0,"event_name":"Wheel of Change","player_choice":"Damaged","floor":22.0,"gold_loss":0.0,"damage_taken":7.0}],"is_beta":false,"boss_relics":[{"not_picked":["hubris:VirtuousBlindfold","Replay:Bronze Core"],"picked":"Replay:Ancient Bell"},{"not_picked":["MealTicket","hubris:OldNail"],"picked":"Guardian:PocketSentry"},{"not_picked":["Replay:Ringing Soul","StSpp:PetrifiedCaterpillar"],"picked":"hubris:MysteriousPyramids"},{"not_picked":["Replay:Kaleidoscope","Ginger"],"picked":"hubris:MedicalManual"},{"not_picked":["hubris:BlackHole","Honey Jar"],"picked":"Runic Pyramid"}],"items_purged_floors":[21,23],"is_endless":false,"potions_floor_spawned":[3,8,14,16,25,28,31,33,42,48,49],"killed_by":"DF_ARCHETYPE_ORBS","ascension_level":0}}