{"host":"l5zfpd2l2htson6l","time":1611961564,"event":{"mods":["AchievementEnabler","BaseMod","Colored Map","Colored Powertips","Minty Spire (QoL Compilation)","Permanent Neow","Quick Restart","Rare Cards Sparkle","Relic Stats","SuperFastMode"],"gold_per_floor":[13,30,30,30,42,42,74,74,100,100,130,148,148,162,162,240,240,257,277,62,79,79,112,131,166,166,166,197,297,297,310,310,310,310],"floor_reached":33,"language":"ENG","playtime":2086,"items_purged":[],"score":536,"play_id":"e484be01-2dbb-45c1-8e4d-f5a62ba1e8e3","local_time":"20210129150604","is_ascension_mode":true,"campfire_choices":[{"data":"Bash","floor":6.0,"key":"SMITH"},{"floor":10.0,"key":"REST"},{"data":"Hemokinesis","floor":13.0,"key":"SMITH"},{"data":"Disarm","floor":15.0,"key":"SMITH"},{"data":"Double Tap","floor":27.0,"key":"SMITH"},{"data":"Impervious","floor":30.0,"key":"SMITH"},{"floor":32.0,"key":"REST"}],"circlet_count":0,"master_deck":["AscendersBane","Strike_R+1","Strike_R+1","Strike_R","Strike_R","Strike_R","Defend_R","Defend_R+1","Defend_R","Defend_R+1","Bash+1","Twin Strike","Carnage+1","Clash","Hemokinesis+1","Immolate","Rage","Disarm+1","Double Tap+1","Headbutt","Impervious+1","Blood for Blood","Dual Wield","Flame Barrier","Offering","Disarm"],"relics":["Burning Blood","StoneCalendar","War Paint","FaceOfCleric","Pocketwatch","Snecko Eye","ClockworkSouvenir","Oddly Smooth Stone","Sundial","Bird Faced Urn","Ginger","Shuriken"],"acts_visited":["Exordium","TheCity"],"potions_floor_usage":[],"damage_taken":[{"damage":1.0,"enemies":"Small Slimes","floor":1.0,"turns":5.0},{"damage":1.0,"enemies":"Cultist","floor":2.0,"turns":3.0},{"damage":6.0,"enemies":"2 Louse","floor":5.0,"turns":2.0},{"damage":30.0,"enemies":"Lagavulin","floor":7.0,"turns":6.0},{"damage":7.0,"enemies":"Gremlin Nob","floor":11.0,"turns":3.0},{"damage":2.0,"enemies":"Looter","floor":12.0,"turns":2.0},{"damage":2.0,"enemies":"Large Slime","floor":14.0,"turns":3.0},{"damage":34.0,"enemies":"Hexaghost","floor":16.0,"turns":8.0},{"damage":2.0,"enemies":"Shell Parasite","floor":18.0,"turns":1.0},{"damage":15.0,"enemies":"Spheric Guardian","floor":19.0,"turns":4.0},{"damage":1.0,"enemies":"Chosen and Byrds","floor":21.0,"turns":3.0},{"damage":30.0,"enemies":"Gremlin Leader","floor":23.0,"turns":3.0},{"damage":16.0,"enemies":"Centurion and Healer","floor":24.0,"turns":5.0},{"damage":22.0,"enemies":"Book of Stabbing","floor":25.0,"turns":3.0},{"damage":20.0,"enemies":"Gremlin Leader","floor":28.0,"turns":3.0},{"damage":5.0,"enemies":"Colosseum Slavers","floor":29.0,"turns":3.0},{"damage":18.0,"enemies":"Colosseum Nobs","floor":29.0,"turns":3.0},{"damage":0.0,"enemies":"Snake Plant","floor":31.0,"turns":2.0},{"damage":50,"enemies":"Automaton","floor":33,"turns":5}],"seed_played":"-3715261553351464796","potions_obtained":[{"floor":7.0,"key":"AttackPotion"},{"floor":11.0,"key":"Dexterity Potion"},{"floor":18.0,"key":"DuplicationPotion"},{"floor":23.0,"key":"Regen Potion"},{"floor":24.0,"key":"Fire Potion"},{"floor":28.0,"key":"Weak Potion"}],"is_trial":false,"path_per_floor":["M","M","?","?","M","R","E","?","T","R","E","M","R","M","R","B",null,"M","M","$","M","?","E","M","E","T","R","E","?","R","M","R","B"],"character_chosen":"IRONCLAD","items_purchased":["Impervious","ClockworkSouvenir"],"campfire_rested":2,"item_purchase_floors":[20,20],"current_hp_per_floor":[73,75,75,60,60,60,36,36,36,58,58,63,63,68,68,41,70,75,67,67,73,73,50,53,38,38,38,25,16,16,23,49,0,0],"gold":310,"neow_bonus":"ONE_RARE_RELIC","is_daily":false,"chose_seed":false,"campfire_upgraded":5,"win_rate":0.0,"timestamp":1611961564,"path_taken":["M","M","?","?","M","R","E","?","T","R","E","M","R","M","R","BOSS","M","M","?","M","?","E","M","E","T","R","E","?","R","M","R","BOSS"],"items_purchased_type":["Card","Relic"],"build_version":"2020-12-22","purchased_purges":0,"victory":false,"max_hp_per_floor":[75,75,75,75,75,75,75,75,75,75,76,77,77,78,78,79,79,80,81,81,82,82,83,84,85,85,85,86,88,88,89,89,89,89],"relic_stats":{"FaceOfCleric":14,"counters":[19,67],"Sundial":[2],"Shuriken":[2],"Bird Faced Urn":[0],"Snecko Eye":[76,69,63,73],"StoneCalendar":[52],"Ginger":[0],"War Paint":["Defend_R","Defend_R"],"obtain_stats":[{"FaceOfCleric":8,"Sundial":26,"Shuriken":29,"Bird Faced Urn":28,"Snecko Eye":17,"Oddly Smooth Stone":25,"StoneCalendar":0,"Ginger":29,"War Paint":7,"Burning Blood":0,"Pocketwatch":11,"ClockworkSouvenir":20},{"FaceOfCleric":4,"Sundial":14,"Shuriken":17,"Bird Faced Urn":15,"Snecko Eye":8,"Oddly Smooth Stone":14,"StoneCalendar":0,"Ginger":17,"War Paint":4,"Burning Blood":0,"Pocketwatch":5,"ClockworkSouvenir":10},{"FaceOfCleric":16,"Sundial":51,"Shuriken":60,"Bird Faced Urn":54,"Snecko Eye":32,"Oddly Smooth Stone":51,"StoneCalendar":0,"Ginger":60,"War Paint":16,"Burning Blood":0,"Pocketwatch":19,"ClockworkSouvenir":37}],"Burning Blood":105,"Pocketwatch":[66]},"card_choices":[{"not_picked":["Perfected Strike","Shrug It Off"],"picked":"Twin Strike","floor":1.0},{"not_picked":["Pommel Strike","Perfected Strike"],"picked":"Carnage","floor":2.0},{"not_picked":["Heavy Blade","Havoc"],"picked":"Clash","floor":5.0},{"not_picked":["Dropkick","Shockwave"],"picked":"Hemokinesis","floor":7.0},{"not_picked":["True Grit","Inflame"],"picked":"Immolate","floor":11.0},{"not_picked":["Flame Barrier","Pommel Strike"],"picked":"Rage","floor":12.0},{"not_picked":["True Grit","Power Through"],"picked":"Disarm","floor":14.0},{"not_picked":["Immolate","Demon Form"],"picked":"Double Tap","floor":16.0},{"not_picked":["Iron Wave","Dropkick","Thunderclap"],"picked":"SKIP","floor":18.0},{"not_picked":["Warcry","Flex+1"],"picked":"Headbutt","floor":19.0},{"not_picked":["Clothesline","Armaments"],"picked":"Blood for Blood","floor":21.0},{"not_picked":["Evolve","Searing Blow"],"picked":"Dual Wield","floor":23.0},{"not_picked":["Armaments+1","Iron Wave"],"picked":"Flame Barrier","floor":24.0},{"not_picked":["Body Slam","Clothesline"],"picked":"Offering","floor":25.0},{"not_picked":["Intimidate","Limit Break","Headbutt"],"picked":"SKIP","floor":28.0},{"not_picked":["Feel No Pain","Whirlwind"],"picked":"Disarm","floor":29.0},{"not_picked":["Flex","Anger","Feel No Pain"],"picked":"SKIP","floor":31.0}],"player_experience":775351,"relics_obtained":[{"floor":7.0,"key":"War Paint"},{"floor":11.0,"key":"Pocketwatch"},{"floor":25.0,"key":"Oddly Smooth Stone"},{"floor":26.0,"key":"Sundial"},{"floor":28.0,"key":"Bird Faced Urn"},{"floor":29.0,"key":"Ginger"},{"floor":29.0,"key":"Shuriken"}],"event_choices":[{"damage_healed":0.0,"max_hp_gain":0.0,"max_hp_loss":0.0,"gold_gain":0.0,"event_name":"Living Wall","player_choice":"Grow","floor":3.0,"gold_loss":0.0,"damage_taken":0.0,"cards_upgraded":["Carnage"]},{"damage_healed":0.0,"max_hp_gain":0.0,"max_hp_loss":0.0,"gold_gain":0.0,"event_name":"Shining Light","player_choice":"Entered Light","floor":4.0,"gold_loss":0.0,"damage_taken":15.0,"cards_upgraded":["Strike_R","Strike_R"]},{"damage_healed":0.0,"max_hp_gain":0.0,"max_hp_loss":0.0,"gold_gain":0.0,"event_name":"FaceTrader","player_choice":"Trade","floor":8.0,"gold_loss":0.0,"damage_taken":0.0,"relics_obtained":["FaceOfCleric"]},{"damage_healed":0.0,"max_hp_gain":0.0,"max_hp_loss":0.0,"gold_gain":0.0,"event_name":"Colosseum","player_choice":"Fight","floor":29.0,"gold_loss":0.0,"damage_taken":0.0},{"damage_healed":0.0,"max_hp_gain":0.0,"max_hp_loss":0.0,"gold_gain":0.0,"event_name":"Colosseum","player_choice":"Fought Nobs","floor":29.0,"gold_loss":0.0,"damage_taken":0.0}],"is_beta":false,"boss_relics":[{"not_picked":["Calling Bell","Fusion Hammer"],"picked":"Snecko Eye"}],"items_purged_floors":[],"is_endless":false,"potions_floor_spawned":[7,11,16,18,23,24,25,28],"killed_by":"Automaton","ascension_level":14}}