{"host":"63beink0jfv5ch5g","time":1611888773,"event":{"mods":["ATMod(阿瑾Mod)","AchievementEnabler","Act Like it!","Aspiration","BaseMod","CapriCore","Conspire","Gensokyo","GungeonMod","Hallownest","Marisa（F雨　魔理沙）","Minty Spire (QoL Compilation)","MostiFishMod","Pale of the Ancients","Quick Restart","Reimu（博丽灵梦）","Remilia（蕾米莉亚）","Replay The Spire","SOS（斯巴达之子）","Shop Mod","StSLib","The Bug Knight","The Servant 0.9.4","Waifu the Spire","Youmu（魂魄妖梦）","篝火指南"],"gold_per_floor":[113,213,229,246,246,281,299,326,353,353,379,379,370,370,33,33,33],"floor_reached":16,"language":"ZHS","playtime":886,"items_purged":["Poor:ReiMu"],"score":145,"play_id":"95de9045-c565-4129-80ce-de548475eb19","local_time":"20210129105253","is_ascension_mode":false,"campfire_choices":[],"circlet_count":0,"master_deck":["Strike_Lin:ReiMu+1","Strike_Lin:ReiMu","Strike_Lin:ReiMu+1","Strike_Lin:ReiMu+1","Defend_Lin:ReiMu+1","Defend_Lin:ReiMu","Defend_Lin:ReiMu","Defend_Lin:ReiMu+1","NB:ReiMu+1","Stagnation:ReiMu","SpreadBorder2:ReiMu+1","WonderfulDomain:ReiMu+1","FantasyBorder:ReiMu+1","Meditation:ReiMu","TightArray:ReiMu","CleanRite:ReiMu","Dreaming:ReiMu+1","FoulBorder2:ReiMu","Gathering:ReiMu","Gathering:ReiMu","Crusade:ReiMu","DemoMod:Deposit"],"relics":["FlyPower:ReiMu","DaveBox","AT_ATBox","DSteel32","NeowsBlessing","SynthV:TestCard","DemoMod:BigBoy","AT_DeathDance","SkyOrb:ReiMu","Pen Nib","aspiration:SeaSaltIceCream","DaveBox","MostiFishMod:AdaptiveDefenses","YidongShenshe:ReiMu","Smiling Mask"],"acts_visited":["Exordium"],"potions_floor_usage":[16],"damage_taken":[{"damage":0.0,"enemies":"Cultist","floor":1.0,"turns":1.0},{"damage":0.0,"enemies":"2 Louse","floor":3.0,"turns":2.0},{"damage":0.0,"enemies":"Jaw Worm","floor":4.0,"turns":1.0},{"damage":24.0,"enemies":"Lagavulin","floor":6.0,"turns":10.0},{"damage":0.0,"enemies":"Gremlin Gang","floor":7.0,"turns":1.0},{"damage":12.0,"enemies":"Gremlin Nob","floor":8.0,"turns":5.0},{"damage":0.0,"enemies":"3 Sentries","floor":11.0,"turns":12.0},{"damage":5,"enemies":"Large Slime","floor":13,"turns":6},{"damage":30,"enemies":"Fading Forest","floor":16,"turns":7}],"seed_played":"-4080152594698426516","potions_obtained":[{"floor":1.0,"key":"Adrenaline Potion"},{"floor":6.0,"key":"Adrenaline Potion"},{"floor":8.0,"key":"DemoMod:LeadSkinPotion"},{"floor":13,"key":"SteroidPotion"}],"is_trial":false,"path_per_floor":["M","?","M","M","?","E","M","E","T","?","E","?","M","T","R","B"],"character_chosen":"REIMU","items_purchased":["Gathering:ReiMu","Crusade:ReiMu","DemoMod:Deposit"],"campfire_rested":0,"item_purchase_floors":[15,15,15],"current_hp_per_floor":[65,65,65,65,52,28,28,16,16,16,16,16,11,11,11,0,0],"gold":33,"neow_bonus":"THREE_ENEMY_KILL","is_daily":false,"chose_seed":false,"campfire_upgraded":0,"win_rate":0.0,"timestamp":1611888773,"path_taken":["M","?","?","M","?","E","M","E","T","?","E","?","M","?","R","BOSS"],"items_purchased_type":["Card","Card","Card"],"build_version":"2020-12-22","purchased_purges":1,"victory":false,"max_hp_per_floor":[65,65,65,65,65,65,65,65,65,65,65,65,65,65,65,65,65],"card_choices":[{"not_picked":["OrbThrow:ReiMu","CareerPray:ReiMu"],"picked":"SpreadBorder2:ReiMu","floor":1.0},{"not_picked":["EmergencyTakeOff:ReiMu","CareerPray:ReiMu","PayForSelf:ReiMu","FineLineFantasy:ReiMu"],"picked":"WonderfulDomain:ReiMu","floor":3.0},{"not_picked":["PassingAway:ReiMu","WonderfulDomain:ReiMu","CeremonyResonance:ReiMu","Amulet:ReiMu"],"picked":"FantasyBorder:ReiMu","floor":4.0},{"not_picked":["AirStrike:ReiMu","SpreadBorder2:ReiMu","EmergencyTakeOff:ReiMu","Intuition:ReiMu"],"picked":"Meditation:ReiMu","floor":6.0},{"not_picked":["AirManeuver:ReiMu","RainPray2:ReiMu","Conquer:ReiMu","SpreadBorder2:ReiMu"],"picked":"TightArray:ReiMu","floor":7.0},{"not_picked":["PhosphorusFlame:ReiMu","SubcavityInstant:ReiMu","WonderfulDomain:ReiMu","Conquer:ReiMu"],"picked":"CleanRite:ReiMu","floor":8.0},{"not_picked":["ManaGlint:ReiMu","YinYangSign:ReiMu","Revelation:ReiMu","Mountainwind:ReiMu"],"picked":"Dreaming:ReiMu","floor":11},{"not_picked":["PayForSelf:ReiMu","Amulet:ReiMu","EmergencyTakeOff:ReiMu","AirStrike:ReiMu"],"picked":"FoulBorder2:ReiMu","floor":13}],"player_experience":157771,"relics_obtained":[{"floor":1.0,"key":"SynthV:TestCard"},{"floor":6.0,"key":"DemoMod:BigBoy"},{"floor":8.0,"key":"AT_DeathDance"},{"floor":9.0,"key":"SkyOrb:ReiMu"},{"floor":11,"key":"aspiration:SeaSaltIceCream"},{"floor":14,"key":"Smiling Mask"}],"event_choices":[{"damage_healed":0.0,"max_hp_gain":0.0,"max_hp_loss":0.0,"gold_gain":100.0,"event_name":"Golden Shrine","player_choice":"Pray","floor":2.0,"gold_loss":0.0,"damage_taken":0.0},{"damage_healed":0.0,"max_hp_gain":0.0,"max_hp_loss":0.0,"gold_gain":0.0,"event_name":"Shining Light","player_choice":"Entered Light","floor":5.0,"gold_loss":0.0,"damage_taken":13.0,"cards_upgraded":["WonderfulDomain:ReiMu","Strike_Lin:ReiMu"]},{"damage_healed":0.0,"max_hp_gain":0.0,"max_hp_loss":0.0,"gold_gain":0.0,"event_name":"Dead Adventurer","player_choice":"Searched \u00272\u0027 times","floor":10.0,"gold_loss":0.0,"damage_taken":0.0,"relics_obtained":["Pen Nib"]},{"damage_healed":0,"gold_gain":0,"player_choice":"带走神社","damage_taken":0,"relics_obtained":["YidongShenshe:ReiMu"],"max_hp_gain":0,"max_hp_loss":0,"event_name":"yidonshenshe","floor":12,"gold_loss":0,"cards_obtained":["Poor:ReiMu"]}],"is_beta":false,"boss_relics":[],"items_purged_floors":[15],"is_endless":false,"potions_floor_spawned":[1,6,8,13],"killed_by":"Fading Forest","ascension_level":0}}