{"host":"juoup3p5tvzzktl5","time":1611887040,"event":{"mods":["ATMod(∞¢Ë™Mod)","Aspiration","BaseMod","Better Vampires","BetterRewards","Colored Map","Colored Powertips","Friendly Minions","GifTheSpireLib","Hermit","Hubris","Infinite Spire","KinomotoSakuraMod(ƒæ÷Æ±æ”£)","Koishi","KomeijiMod","Marisa£®ÏF”Í°°ƒß¿Ì…≥£©","Minty Spire (QoL Compilation)","Quick Restart","Reimu£®≤©¿ˆ¡È√Œ£©","Relic Filter Mod","Reliquary","Replay The Spire","Shop Mod","StSLib","The Administrix","The Alterego","The Bug Knight","The Construct","The Cursed","The Jungle","The Mystic","The Runesmith","The Senshi","Youmu£®ªÍ∆«—˝√Œ£©","Yuyuko"],"gold_per_floor":[112,187,237,248,261,291,291,319,319,56,56,69,85,95,95,171,171,188,188,188],"floor_reached":19,"language":"ZHS","playtime":1055,"items_purged":["Strike_R"],"score":358,"play_id":"3c766eeb-ac65-4cad-86db-a6e5a8aab570","local_time":"20210129112400","is_ascension_mode":true,"campfire_choices":[{"floor":7.0,"key":"REST"},{"floor":11.0,"key":"REST"},{"floor":15.0,"key":"REST"}],"circlet_count":0,"master_deck":["AscendersBane","Strike_R+1","Strike_R+1","Strike_R+1","Strike_R+1","Defend_R","Defend_R","Defend_R","Defend_R","Bash","AT_FamilyPortrait+1","Dual Wield","Armaments","Bloodletting+1","AT_ManFootWork","Wild Strike","Fiend Fire","Limit Break","CurseOfTheBell"],"relics":["Burning Blood","AT_ATBox","Gremlin Food","Replay:Bottled Eggs","The Courier","Vajra","HandDrill","Calling Bell","Blood Vial","AT_ForceNature","StoneCalendar"],"acts_visited":["Exordium","Exordium"],"potions_floor_usage":[],"damage_taken":[{"damage":2.0,"enemies":"Jaw Worm","floor":1.0,"turns":5.0},{"damage":0.0,"enemies":"Cultist","floor":4.0,"turns":3.0},{"damage":7.0,"enemies":"Small Slimes","floor":5.0,"turns":4.0},{"damage":15.0,"enemies":"Gremlin Nob","floor":6.0,"turns":3.0},{"damage":63.0,"enemies":"3 Sentries","floor":8.0,"turns":15.0},{"damage":9.0,"enemies":"Looter","floor":12.0,"turns":3.0},{"damage":9.0,"enemies":"3 Louse","floor":13.0,"turns":3.0},{"damage":15.0,"enemies":"Exordium Thugs","floor":14.0,"turns":4.0},{"damage":46.0,"enemies":"Slime Boss","floor":16.0,"turns":11.0},{"damage":34.0,"enemies":"theJungle:GiantWrat","floor":18.0,"turns":5.0},{"damage":24,"enemies":"theJungle:MUSHROOMGANG","floor":19,"turns":2}],"seed_played":"-5154456158572044510","potions_obtained":[{"floor":4.0,"key":"SpeedPotion"},{"floor":6.0,"key":"BlessingOfTheForge"},{"floor":8.0,"key":"AttackPotion"},{"floor":13.0,"key":"SteroidPotion"},{"floor":14.0,"key":"DistilledChaos"},{"floor":16.0,"key":"BloodPotion"}],"is_trial":false,"path_per_floor":["M","?","?","M","M","E","R","E","T","$","R","M","M","M","R","B",null,"M","M"],"character_chosen":"IRONCLAD","items_purchased":["Vajra","HandDrill"],"campfire_rested":3,"item_purchase_floors":[10,10],"current_hp_per_floor":[72,61,61,67,66,57,75,18,18,18,40,37,34,25,47,7,58,32,10,10],"gold":188,"neow_bonus":"","is_daily":false,"chose_seed":false,"campfire_upgraded":0,"win_rate":0.0,"timestamp":1611887040,"path_taken":["M","?","?","?","M","E","R","E","T","?","R","M","M","M","R","BOSS","M","M"],"items_purchased_type":["Relic","Relic"],"build_version":"2020-12-22","purchased_purges":1,"victory":false,"max_hp_per_floor":[75,75,75,75,75,75,75,75,75,75,75,75,75,75,75,75,75,75,75,75],"card_choices":[{"not_picked":["Replay:Undeath\u0027s Touch","Clash"],"picked":"Dual Wield","floor":1.0},{"not_picked":["Perfected Strike","Flame Barrier"],"picked":"Armaments","floor":4.0},{"not_picked":["Pummel","hubris:ReadiedAction"],"picked":"Bloodletting","floor":5.0},{"not_picked":["Run Through","ReplayTheSpireMod:Corrosion Curse"],"picked":"AT_ManFootWork","floor":6.0},{"not_picked":["ReplayTheSpireMod:LeadingStrike","Armaments"],"picked":"Wild Strike","floor":8.0},{"not_picked":["Havoc","Headbutt"],"picked":"Fiend Fire","floor":12.0},{"not_picked":["Body Slam","Anger","Replay:Undeath\u0027s Touch"],"picked":"SKIP","floor":13.0},{"not_picked":["Armaments","Flex","AT_IchimonjiDouble"],"picked":"SKIP","floor":14.0},{"not_picked":["Replay:Many Hands","Fiend Fire"],"picked":"Limit Break","floor":16.0},{"not_picked":["Armaments","Life Link","Iron Wave"],"picked":"SKIP","floor":18.0}],"player_experience":1082635,"relics_obtained":[{"floor":6.0,"key":"Gremlin Food"},{"floor":8.0,"key":"Replay:Bottled Eggs"},{"floor":9.0,"key":"The Courier"},{"floor":17.0,"key":"Blood Vial"},{"floor":17.0,"key":"AT_ForceNature"},{"floor":17.0,"key":"StoneCalendar"}],"event_choices":[{"damage_healed":0.0,"max_hp_gain":0.0,"max_hp_loss":0.0,"gold_gain":75.0,"event_name":"World of Goop","player_choice":"Gather Gold","floor":2.0,"gold_loss":0.0,"damage_taken":11.0},{"damage_healed":0.0,"max_hp_gain":0.0,"max_hp_loss":0.0,"gold_gain":50.0,"event_name":"Golden Shrine","player_choice":"Pray","floor":3.0,"gold_loss":0.0,"damage_taken":0.0}],"is_beta":false,"boss_relics":[{"not_picked":["SlaversCollar","Painkiller Herb"],"picked":"Calling Bell"}],"items_purged_floors":[0],"is_endless":false,"potions_floor_spawned":[4,6,8,13,14,16],"killed_by":"theJungle:MUSHROOMGANG","ascension_level":20}}