{"host":"rmsq46plbpwfbxcc","time":1611937688,"event":{"mods":["AchievementEnabler","BaseMod","Colored Map","Colored Powertips","DeckTracker","KOR Keyword Fix","Minty Spire (QoL Compilation)","Permanent Neow","Quick Restart","SuperFastMode"],"gold_per_floor":[117,117,130,130,143,169,169,184,265,265,265,265],"floor_reached":11,"language":"KOR","playtime":352,"items_purged":[],"score":110,"play_id":"cd225f86-45dc-4dba-81c2-a39dc352288b","local_time":"20210130012808","is_ascension_mode":true,"campfire_choices":[{"data":"Neutralize","floor":7,"key":"SMITH"},{"floor":10,"key":"REST"}],"circlet_count":0,"master_deck":["AscendersBane","Strike_G","Strike_G","Strike_G","Strike_G","Strike_G","Defend_G","Defend_G","Defend_G","Defend_G","Survivor","Neutralize+1","Escape Plan","Pain","Escape Plan","PiercingWail"],"relics":["Black Star","WarpedTongs","TungstenRod","Happy Flower","Gremlin Horn"],"acts_visited":["Exordium"],"potions_floor_usage":[6],"damage_taken":[{"damage":2,"enemies":"2 Louse","floor":1,"turns":3},{"damage":7,"enemies":"Small Slimes","floor":3,"turns":3},{"damage":2,"enemies":"Cultist","floor":5,"turns":4},{"damage":28,"enemies":"Lagavulin","floor":6,"turns":11},{"damage":6,"enemies":"Gremlin Gang","floor":8,"turns":8},{"damage":56,"enemies":"Gremlin Nob","floor":11,"turns":5}],"seed_played":"2617309997580371010","potions_obtained":[{"floor":3,"key":"AttackPotion"},{"floor":8,"key":"Energy Potion"}],"is_trial":false,"path_per_floor":["M","?","M","?","M","E","R","M","T","R","E"],"character_chosen":"THE_SILENT","items_purchased":[],"campfire_rested":1,"item_purchase_floors":[],"current_hp_per_floor":[61,54,47,47,45,17,17,11,11,32,0,0],"gold":265,"neow_bonus":"BOSS_RELIC","is_daily":false,"chose_seed":false,"campfire_upgraded":1,"win_rate":0.0,"timestamp":1611937688,"path_taken":["M","?","M","?","?","E","R","?","T","R","E"],"items_purchased_type":[],"build_version":"2020-12-22","purchased_purges":0,"victory":false,"max_hp_per_floor":[70,70,70,70,70,70,70,70,70,70,70,70],"card_choices":[{"not_picked":["Prepared","Calculated Gamble","Underhanded Strike"],"picked":"SKIP","floor":1},{"not_picked":["Well Laid Plans","Distraction"],"picked":"Escape Plan","floor":3},{"not_picked":["Poisoned Stab","Riddle With Holes"],"picked":"Escape Plan","floor":5},{"not_picked":["Underhanded Strike","Eviscerate","Quick Slash"],"picked":"SKIP","floor":6},{"not_picked":["Underhanded Strike","Leg Sweep"],"picked":"PiercingWail","floor":8}],"player_experience":654682,"relics_obtained":[{"floor":6,"key":"TungstenRod"},{"floor":6,"key":"Happy Flower"},{"floor":9,"key":"Gremlin Horn"}],"event_choices":[{"cards_removed":["Defend_G"],"damage_healed":0,"gold_gain":0,"player_choice":"Card Removal","damage_taken":7,"max_hp_gain":0,"max_hp_loss":0,"event_name":"Golden Wing","floor":2,"gold_loss":0},{"damage_healed":0,"gold_gain":0,"player_choice":"Rummage","damage_taken":0,"relics_obtained":["WarpedTongs"],"max_hp_gain":0,"max_hp_loss":0,"event_name":"Accursed Blacksmith","floor":4,"gold_loss":0,"cards_obtained":["Pain"]}],"is_beta":false,"boss_relics":[],"items_purged_floors":[],"is_endless":false,"potions_floor_spawned":[3,8],"killed_by":"Gremlin Nob","ascension_level":10}}