{"host":"ul3z8ex5o8l5j7mh","time":1611954329,"event":{"mods":["AchievementEnabler","BaseMod","Colored Map","Colored Powertips","DeckTracker","Minty Spire (QoL Compilation)","SuperFastMode"],"gold_per_floor":[110,110,110,110,125,155,170,199,225,236,236,40,40,52,52,149,149,161,177,30,30,43,43,56,66,118,132,33,45,45,64,64,167,167,181,198,198,198,29,29,29,29],"floor_reached":41,"language":"ENG","playtime":3040,"items_purged":["Strike_R","Strike_R+1"],"score":430,"play_id":"2515a432-6832-424e-a582-2a07e5eb2690","local_time":"20210129220529","is_ascension_mode":false,"campfire_choices":[{"floor":15.0,"key":"RECALL"},{"data":"Entrench","floor":23.0,"key":"SMITH"},{"data":"Barricade","floor":32.0,"key":"SMITH"},{"data":"Fire Breathing","floor":40.0,"key":"SMITH"}],"circlet_count":0,"master_deck":["Strike_R+1","Strike_R+1","Strike_R+1","Defend_R+1","Defend_R+1","Bash","Rampage+1","Clash","Inflame","Twin Strike","Inflame","Entrench+1","Anger","Immolate","True Grit+1","Armaments+1","Shrug It Off","Fire Breathing+1","Barricade+1","Disarm","Shrug It Off","Evolve+1","Dark Embrace","Bludgeon","Wild Strike+1","Iron Wave+1","Magnetism","Parasite"],"relics":["Burning Blood","NeowsBlessing","Smiling Mask","Red Skull","Girya","DollysMirror","Mark of Pain","Brimstone","Akabeko","MutagenicStrength","Empty Cage"],"acts_visited":["Exordium","TheCity","TheBeyond"],"potions_floor_usage":[41],"damage_taken":[{"damage":0.0,"enemies":"Small Slimes","floor":1.0,"turns":1.0},{"damage":0.0,"enemies":"Jaw Worm","floor":5.0,"turns":1.0},{"damage":0.0,"enemies":"Gremlin Nob","floor":6.0,"turns":1.0},{"damage":8.0,"enemies":"2 Louse","floor":7.0,"turns":2.0},{"damage":4.0,"enemies":"3 Sentries","floor":8.0,"turns":5.0},{"damage":12.0,"enemies":"Exordium Thugs","floor":10.0,"turns":4.0},{"damage":14.0,"enemies":"Large Slime","floor":14.0,"turns":4.0},{"damage":57.0,"enemies":"The Guardian","floor":16.0,"turns":12.0},{"damage":12.0,"enemies":"Shell Parasite","floor":18.0,"turns":4.0},{"damage":2.0,"enemies":"Chosen","floor":19.0,"turns":3.0},{"damage":16.0,"enemies":"Shelled Parasite and Fungi","floor":22.0,"turns":4.0},{"damage":18.0,"enemies":"Centurion and Healer","floor":24.0,"turns":5.0},{"damage":0.0,"enemies":"3 Cultists","floor":25.0,"turns":4.0},{"damage":27.0,"enemies":"Snake Plant","floor":27.0,"turns":3.0},{"damage":1.0,"enemies":"Snecko","floor":29.0,"turns":4.0},{"damage":0.0,"enemies":"Shelled Parasite and Fungi","floor":31.0,"turns":2.0},{"damage":60.0,"enemies":"Collector","floor":33.0,"turns":9.0},{"damage":37.0,"enemies":"3 Darklings","floor":35.0,"turns":5.0},{"damage":18.0,"enemies":"Orb Walker","floor":36.0,"turns":3.0},{"damage":40,"enemies":"Writhing Mass","floor":41,"turns":4}],"seed_played":"-2186382096271595488","potions_obtained":[{"floor":1.0,"key":"Energy Potion"},{"floor":4.0,"key":"SteroidPotion"},{"floor":4.0,"key":"Dexterity Potion"},{"floor":5.0,"key":"Explosive Potion"},{"floor":14.0,"key":"BloodPotion"},{"floor":16.0,"key":"Swift Potion"},{"floor":22.0,"key":"Explosive Potion"},{"floor":24.0,"key":"LiquidMemories"},{"floor":29.0,"key":"SkillPotion"},{"floor":33.0,"key":"Strength Potion"},{"floor":36.0,"key":"DuplicationPotion"}],"is_trial":false,"path_per_floor":["M","?","?","?","M","E","M","E","T","M","T","$","?","M","R","B",null,"M","M","$","?","M","R","M","M","T","M","$","M","?","M","R","B",null,"M","M","?","?","$","R","M"],"character_chosen":"IRONCLAD","items_purchased":["DollysMirror","Brimstone","Shrug It Off","Magnetism"],"campfire_rested":0,"item_purchase_floors":[12,20,28,39],"current_hp_per_floor":[80,64,64,64,70,76,74,76,76,70,70,70,70,62,62,11,80,74,78,78,78,68,68,56,62,62,41,41,62,62,68,68,14,80,49,37,37,37,37,37,0,0],"gold":29,"neow_bonus":"THREE_ENEMY_KILL","is_daily":false,"chose_seed":false,"campfire_upgraded":3,"win_rate":0.0,"timestamp":1611954329,"path_taken":["M","?","?","?","M","E","M","E","T","?","?","$","?","M","R","BOSS","M","M","$","?","M","R","M","M","T","M","$","M","?","M","R","BOSS","M","M","?","?","$","R","?"],"items_purchased_type":["Relic","Relic","Card","Card"],"build_version":"2020-12-22","purchased_purges":2,"victory":false,"max_hp_per_floor":[80,80,80,80,80,80,80,80,80,80,80,80,80,80,80,80,80,80,80,80,80,80,80,80,80,80,80,80,80,80,80,80,80,80,80,80,80,80,80,80,80,80],"card_choices":[{"not_picked":["Havoc","Reckless Charge"],"picked":"Rampage","floor":1.0},{"not_picked":["Sword Boomerang","True Grit"],"picked":"Clash","floor":5.0},{"not_picked":["Clothesline","Fire Breathing","Body Slam"],"picked":"SKIP","floor":6.0},{"not_picked":["Blood for Blood","Uppercut","Havoc"],"picked":"SKIP","floor":7.0},{"not_picked":["Body Slam","True Grit"],"picked":"Inflame","floor":8.0},{"not_picked":["Blood for Blood","Dark Embrace"],"picked":"Twin Strike","floor":10.0},{"not_picked":["Power Through","True Grit"],"picked":"Anger","floor":14.0},{"not_picked":["Berserk","Barricade"],"picked":"Immolate","floor":16.0},{"not_picked":["Cleave","Perfected Strike"],"picked":"True Grit+1","floor":18.0},{"not_picked":["Iron Wave","Flex"],"picked":"Armaments+1","floor":19.0},{"not_picked":["Clothesline+1","Body Slam"],"picked":"Shrug It Off","floor":22.0},{"not_picked":["Metallicize+1","Clash"],"picked":"Fire Breathing","floor":24.0},{"not_picked":["Warcry","Uppercut"],"picked":"Barricade","floor":25.0},{"not_picked":["Twin Strike","Reckless Charge"],"picked":"Disarm","floor":27.0},{"not_picked":["Disarm","Flex+1"],"picked":"Evolve+1","floor":29.0},{"not_picked":["Headbutt+1","Armaments+1"],"picked":"Dark Embrace","floor":31.0},{"not_picked":["Barricade","Exhume"],"picked":"Bludgeon","floor":33.0},{"not_picked":["Headbutt+1","Havoc+1"],"picked":"Wild Strike+1","floor":35.0},{"not_picked":["Clash+1","Havoc+1"],"picked":"Iron Wave+1","floor":36.0}],"player_experience":286026,"relics_obtained":[{"floor":6.0,"key":"Smiling Mask"},{"floor":8.0,"key":"Red Skull"},{"floor":11.0,"key":"Girya"},{"floor":26.0,"key":"Akabeko"}],"event_choices":[{"damage_healed":0.0,"max_hp_gain":0.0,"max_hp_loss":0.0,"gold_gain":0.0,"event_name":"Shining Light","player_choice":"Entered Light","floor":2.0,"gold_loss":0.0,"damage_taken":16.0,"cards_upgraded":["Defend_R","Strike_R"]},{"damage_healed":0.0,"max_hp_gain":0.0,"max_hp_loss":0.0,"gold_gain":0.0,"event_name":"Living Wall","player_choice":"Grow","floor":3.0,"gold_loss":0.0,"damage_taken":0.0,"cards_upgraded":["Rampage"]},{"damage_healed":0.0,"max_hp_gain":0.0,"max_hp_loss":0.0,"gold_gain":0.0,"event_name":"Lab","player_choice":"Got Potions","floor":4.0,"gold_loss":0.0,"damage_taken":0.0},{"damage_healed":0.0,"max_hp_gain":0.0,"max_hp_loss":0.0,"gold_gain":0.0,"event_name":"Match and Keep!","player_choice":"1 cards matched","floor":13.0,"gold_loss":0.0,"damage_taken":0.0,"cards_obtained":["Entrench"]},{"damage_healed":0.0,"max_hp_gain":0.0,"max_hp_loss":0.0,"gold_gain":0.0,"event_name":"Back to Basics","player_choice":"Simplicity","floor":21.0,"gold_loss":0.0,"damage_taken":0.0,"cards_upgraded":["Strike_R","Strike_R","Strike_R","Defend_R","Defend_R","Defend_R"]},{"damage_healed":0.0,"max_hp_gain":0.0,"max_hp_loss":0.0,"gold_gain":0.0,"event_name":"Drug Dealer","player_choice":"Inject Mutagens","floor":30.0,"gold_loss":0.0,"damage_taken":0.0,"relics_obtained":["MutagenicStrength"]},{"damage_healed":0.0,"max_hp_gain":0.0,"max_hp_loss":0.0,"gold_gain":0.0,"event_name":"Mysterious Sphere","player_choice":"Ignored","floor":37.0,"gold_loss":0.0,"damage_taken":0.0},{"damage_healed":0.0,"max_hp_gain":0.0,"max_hp_loss":0.0,"gold_gain":0.0,"event_name":"SecretPortal","player_choice":"Ignored","floor":38.0,"gold_loss":0.0,"damage_taken":0.0}],"is_beta":false,"boss_relics":[{"not_picked":["Sozu","Snecko Eye"],"picked":"Mark of Pain"},{"not_picked":["Runic Pyramid","Runic Cube"],"picked":"Empty Cage"}],"items_purged_floors":[12,28],"is_endless":false,"potions_floor_spawned":[1,5,14,16,22,24,29,33,36],"killed_by":"Writhing Mass","ascension_level":0}}