{"host":"2hea6pl5vmah38iy","time":1611893694,"event":{"mods":["AchievementEnabler","BaseMod","Colored Map","DeckTracker","Keyboard Shortcuts","Minty Spire (QoL Compilation)","Rare Cards Sparkle","StSLib","SuperFastMode","everything is the same but u backflip on backflip"],"gold_per_floor":[367,377,395,395,395,395,41,85,109,109,109,152,193,218,218,314,314,333,356,169,192,242,242,242],"floor_reached":23,"language":"KOR","playtime":767,"items_purged":["Strike_B","Defend_B"],"score":357,"play_id":"c33496bb-345e-453a-95bf-7f02ec5864a2","local_time":"20210129131454","is_ascension_mode":true,"campfire_choices":[{"data":"Zap","floor":6,"key":"SMITH"},{"data":"HandOfGreed","floor":10,"key":"SMITH"},{"data":"Storm","floor":15,"key":"SMITH"}],"circlet_count":0,"master_deck":["AscendersBane","Strike_B","Strike_B","Defend_B","Defend_B","Zap+1","Dualcast","Defragment+1","Capacitor","BootSequence","HandOfGreed+1","Coolheaded","Barrage","Glacier","Skim","Storm+1","Ball Lightning","Biased Cognition","Consume","Heatsinks","Capacitor","Cold Snap"],"relics":["Cracked Core","Golden Idol","Tiny Chest","Akabeko","Mummified Hand","Empty Cage"],"acts_visited":["Exordium","TheCity"],"potions_floor_usage":[23],"damage_taken":[{"damage":0.0,"enemies":"Small Slimes","floor":1.0,"turns":2.0},{"damage":7.0,"enemies":"Jaw Worm","floor":2.0,"turns":3.0},{"damage":7.0,"enemies":"Cultist","floor":3.0,"turns":4.0},{"damage":15,"enemies":"Lagavulin","floor":8,"turns":8},{"damage":0,"enemies":"Blue Slaver","floor":12,"turns":3},{"damage":14,"enemies":"Exordium Wildlife","floor":13,"turns":3},{"damage":0,"enemies":"Looter","floor":14,"turns":3},{"damage":8,"enemies":"Hexaghost","floor":16,"turns":6},{"damage":12,"enemies":"2 Thieves","floor":18,"turns":2},{"damage":5,"enemies":"Chosen","floor":19,"turns":4},{"damage":21,"enemies":"Sentry and Sphere","floor":21,"turns":3},{"damage":11,"enemies":"Snake Plant","floor":23,"turns":1}],"seed_played":"2575429062727052945","potions_obtained":[{"floor":3.0,"key":"FocusPotion"},{"floor":8,"key":"BlessingOfTheForge"}],"is_trial":false,"path_per_floor":["M","M","M","?","?","R","$","E","T","R","T","M","M","M","R","B",null,"M","M","$","M","?","M"],"character_chosen":"DEFECT","items_purchased":["HandOfGreed","Coolheaded","Barrage","Capacitor"],"campfire_rested":0,"item_purchase_floors":[7,7,7,20],"current_hp_per_floor":[64,57,50,50,50,50,50,35,35,35,35,35,21,21,21,13,47,35,30,30,9,9,0,0],"gold":242,"neow_bonus":"TWO_FIFTY_GOLD","is_daily":false,"chose_seed":false,"campfire_upgraded":3,"win_rate":0.0,"timestamp":1611893694,"path_taken":["M","M","M","?","?","R","$","E","T","R","?","M","M","M","R","BOSS","M","M","$","M","?","M"],"items_purchased_type":["Card","Card","Card","Card"],"build_version":"2020-12-22","purchased_purges":2,"victory":false,"max_hp_per_floor":[64,64,64,64,58,58,58,58,58,58,58,58,58,58,58,58,58,58,58,58,58,58,58,58],"card_choices":[{"not_picked":["Streamline","Rip and Tear"],"picked":"Defragment","floor":1.0},{"not_picked":["Ball Lightning","Rebound"],"picked":"Capacitor","floor":2.0},{"not_picked":["Steam","Redo"],"picked":"BootSequence","floor":3.0},{"not_picked":["Conserve Battery","Machine Learning"],"picked":"Glacier","floor":8},{"not_picked":["BootSequence","Darkness"],"picked":"Skim","floor":12},{"not_picked":["Heatsinks","Compile Driver"],"picked":"Storm","floor":13},{"not_picked":["Gash","Coolheaded"],"picked":"Ball Lightning","floor":14},{"not_picked":["Rainbow","Multi-Cast"],"picked":"Biased Cognition","floor":16},{"not_picked":["Steam","Undo"],"picked":"Consume","floor":18},{"not_picked":["Melter","Reprogram"],"picked":"Heatsinks","floor":19},{"not_picked":["Barrage","Turbo"],"picked":"Cold Snap","floor":21}],"player_experience":528321,"relics_obtained":[{"floor":8,"key":"Tiny Chest"},{"floor":9,"key":"Akabeko"},{"floor":11,"key":"Mummified Hand"}],"event_choices":[{"damage_healed":0,"gold_gain":0,"player_choice":"Grow","damage_taken":0,"max_hp_gain":0,"max_hp_loss":0,"event_name":"Living Wall","floor":4,"gold_loss":0,"cards_upgraded":["Defragment"]},{"damage_healed":0,"gold_gain":0,"player_choice":"Lose Max HP","damage_taken":0,"relics_obtained":["Golden Idol"],"max_hp_gain":0,"max_hp_loss":6,"event_name":"Golden Idol","floor":5,"gold_loss":0},{"damage_healed":0,"gold_gain":50,"player_choice":"Pray","damage_taken":0,"max_hp_gain":0,"max_hp_loss":0,"event_name":"Golden Shrine","floor":22,"gold_loss":0}],"is_beta":false,"boss_relics":[{"not_picked":["Ectoplasm","Busted Crown"],"picked":"Empty Cage"}],"items_purged_floors":[7,20],"is_endless":false,"potions_floor_spawned":[3,8,16,18,21],"killed_by":"Snake Plant","ascension_level":17}}