{"host":"uvmuduost5bzvojs","time":1611957096,"event":{"mods":["Aspiration","Bard","BaseMod","Better Match","Block Reminder","Conspire","Hermit","Highlight Path","Hubris","Infinite Spire","Jorbs\u0027s Wanderer Trilogy","Mad Scientist","Marisa????????","Mimic Mod","Minty Spire (QoL Compilation)","Potionbrewer","Replay The Spire","Robot Space Explorer","StSLib","The Blackbeard","The Construct","The Cursed","The Disciple","The Hayseed","The Hierophant","The Juggle","The Jungle","The Poker Player","The Runesmith","The Servant 0.9.4","The Spell Scribe","The Valiant","TheBandit"],"gold_per_floor":[211,6,38,85,132,109,147,149,174,74,74,74,55,85,85,17,17],"floor_reached":16,"language":"ENG","playtime":724,"items_purged":["hierophant:Strike_Hierophant","hierophant:Strike_Hierophant"],"score":139,"play_id":"2afcc89e-b86f-4861-b1e9-1bccf87dde4f","local_time":"20210129165136","is_ascension_mode":false,"campfire_choices":[{"floor":12,"key":"REST"},{"data":"hierophant:Charity","floor":15,"key":"SMITH"}],"circlet_count":0,"master_deck":["hierophant:Strike_Hierophant","hierophant:Strike_Hierophant","hierophant:Punish","hierophant:Defend_Hierophant","hierophant:Defend_Hierophant","hierophant:Defend_Hierophant","hierophant:Defend_Hierophant","hierophant:ChurchCoffers","hierophant:Doubloon","hierophant:RecallFunds","hierophant:OrnateJavelin","hierophant:OrnateJavelin","hierophant:Charity+1","hierophant:Doubloon","hierophant:Doubloon","hierophant:Mercenaries","hierophant:Doubloon","hierophant:Mercenaries"],"relics":["hierophant:PropheticMaskRelic","hubris:Reverence","Blood Vial","Golden Idol","Anchor"],"acts_visited":["Exordium"],"potions_floor_usage":[6,14,16,16],"damage_taken":[{"damage":1,"enemies":"Cultist","floor":1,"turns":4},{"damage":8,"enemies":"Jaw Worm","floor":3,"turns":5},{"damage":3,"enemies":"Small Slimes","floor":4,"turns":3},{"damage":0,"enemies":"3 Louse","floor":5,"turns":2},{"damage":18,"enemies":"Lagavulin","floor":6,"turns":3},{"damage":6,"enemies":"Exordium Wildlife","floor":7,"turns":3},{"damage":21,"enemies":"Gremlin Gang","floor":8,"turns":4},{"damage":4,"enemies":"3 Sentries","floor":13,"turns":4},{"damage":0,"enemies":"Looter","floor":14,"turns":2},{"damage":42,"enemies":"The Guardian","floor":16,"turns":5}],"seed_played":"-5626621166302722829","potions_obtained":[{"floor":3,"key":"Adrenaline Potion"},{"floor":8,"key":"Energy Potion"},{"floor":13,"key":"BlessingOfTheForge"},{"floor":14,"key":"Strength Potion"}],"is_trial":false,"path_per_floor":["M","$","M","M","M","E","M","M","T","$","?","R","E","M","R","B"],"character_chosen":"HIEROPHANT","items_purchased":["hierophant:OrnateJavelin","hierophant:Charity"],"campfire_rested":1,"item_purchase_floors":[2,2],"current_hp_per_floor":[74,74,66,63,63,45,39,18,18,18,18,38,36,38,38,0,0],"gold":17,"neow_bonus":"HUNDRED_GOLD","is_daily":false,"chose_seed":false,"campfire_upgraded":1,"win_rate":0.0,"timestamp":1611957096,"path_taken":["M","$","M","M","M","E","M","M","T","$","?","R","E","M","R","BOSS"],"items_purchased_type":["Card","Card"],"build_version":"2020-12-22","purchased_purges":2,"victory":false,"max_hp_per_floor":[75,75,75,75,75,75,75,75,75,75,69,69,69,69,69,69,69],"card_choices":[{"not_picked":["hierophant:Purify","hierophant:AuricBeam"],"picked":"hierophant:RecallFunds","floor":1},{"not_picked":["hierophant:AuricBeam","hierophant:HammerAndAnvil"],"picked":"hierophant:Doubloon","floor":3},{"not_picked":["hierophant:Community","hierophant:AuricBeam"],"picked":"hierophant:Mercenaries","floor":4},{"not_picked":["hierophant:SolarFlare","hierophant:Sermon"],"picked":"hierophant:Doubloon","floor":5},{"not_picked":["hierophant:AuricBeam","hierophant:Anathema"],"picked":"hierophant:Mercenaries","floor":6},{"not_picked":["hierophant:PassingBell","hierophant:FlamingChariot","hierophant:HolyVerse"],"picked":"SKIP","floor":7},{"not_picked":["hierophant:Shelter","hierophant:Martyrdom","hierophant:Glossolalia"],"picked":"SKIP","floor":8},{"not_picked":["hierophant:Endure","hierophant:PassingBell","hierophant:TollTheBells"],"picked":"SKIP","floor":13},{"not_picked":["hierophant:DisplayOfPower","hierophant:PassingBell","hierophant:AuricShield"],"picked":"SKIP","floor":14}],"player_experience":1911704,"relics_obtained":[{"floor":6,"key":"hubris:Reverence"},{"floor":9,"key":"Blood Vial"},{"floor":13,"key":"Anchor"}],"event_choices":[{"damage_healed":0,"gold_gain":0,"player_choice":"Lose Max HP","damage_taken":0,"relics_obtained":["Golden Idol"],"max_hp_gain":0,"max_hp_loss":6,"event_name":"Golden Idol","floor":11,"gold_loss":0}],"is_beta":false,"boss_relics":[],"items_purged_floors":[2,10],"is_endless":false,"potions_floor_spawned":[3,8,13,14],"killed_by":"The Guardian","ascension_level":0}}