{"host":"85z25riz9jphitdy","time":1611883988,"event":{"mods":["BaseMod","Better Third Choice","FruityMod","Hermit","Minty Spire (QoL Compilation)","Shade Mod","Spicy Shops","StSLib","The Cursed","The Hierophant","Uncapped"],"gold_per_floor":[113,130,147,159,29,29,55,55,55,87,105,122,122,132,132,228,228,238,67,67,67,79,79,91,91,91],"floor_reached":25,"language":"ENG","playtime":1744,"items_purged":[],"score":265,"play_id":"45b870fd-d682-4fec-b651-9dfc665f9e51","local_time":"20210128203308","is_ascension_mode":false,"campfire_choices":[{"floor":6.0,"key":"REST"},{"floor":8.0,"key":"REST"},{"floor":13.0,"key":"REST"},{"floor":15.0,"key":"REST"},{"floor":23,"key":"REST"}],"circlet_count":0,"master_deck":["hermit:Strike_Hermit","hermit:Strike_Hermit","hermit:Strike_Hermit","hermit:Strike_Hermit","hermit:Defend_Hermit","hermit:Defend_Hermit","hermit:Defend_Hermit","hermit:Defend_Hermit","hermit:Snapshot","hermit:Covet","hermit:Grudge","hermit:Headshot","hermit:GoldenBullet","hermit:PistolWhip","Flash of Steel","hermit:ShadowCloak","hermit:FullyLoaded","hermit:Coalescence","hermit:Roulette","hermit:Showdown","hermit:Roulette","hermit:RoundhouseKick","hermit:BodyArmor","Panache","RitualDagger","hermit:Combo","hermit:ItchyTrigger"],"relics":["hermit:Momento","Ornamental Fan","HornCleat","Shuriken","hermit:DentedPlate"],"acts_visited":["Exordium","TheCity"],"potions_floor_usage":[],"damage_taken":[{"damage":4.0,"enemies":"Jaw Worm","floor":1.0,"turns":4.0},{"damage":1.0,"enemies":"2 Louse","floor":2.0,"turns":3.0},{"damage":0.0,"enemies":"Small Slimes","floor":3.0,"turns":1.0},{"damage":11.0,"enemies":"Exordium Wildlife","floor":4.0,"turns":3.0},{"damage":35.0,"enemies":"Lagavulin","floor":7.0,"turns":6.0},{"damage":13.0,"enemies":"3 Sentries","floor":10.0,"turns":7.0},{"damage":7.0,"enemies":"Exordium Thugs","floor":11.0,"turns":3.0},{"damage":0.0,"enemies":"Blue Slaver","floor":12.0,"turns":1.0},{"damage":7.0,"enemies":"2 Fungi Beasts","floor":14.0,"turns":3.0},{"damage":22.0,"enemies":"The Guardian","floor":16.0,"turns":6.0},{"damage":6.0,"enemies":"Shell Parasite","floor":18.0,"turns":4.0},{"damage":5.0,"enemies":"Chosen","floor":22.0,"turns":3.0},{"damage":35,"enemies":"3 Cultists","floor":24,"turns":6},{"damage":49,"enemies":"Chosen and Byrds","floor":25,"turns":6}],"seed_played":"4495775608022290333","potions_obtained":[{"floor":0.0,"key":"Fire Potion"},{"floor":0.0,"key":"LiquidBronze"},{"floor":0.0,"key":"EntropicBrew"},{"floor":11.0,"key":"Fire Potion"},{"floor":16.0,"key":"Regen Potion"},{"floor":22.0,"key":"Strength Potion"}],"is_trial":false,"path_per_floor":["M","M","M","M","$","R","E","R","T","E","M","M","R","M","R","B",null,"M","$","?","?","M","R","M","M"],"character_chosen":"HERMIT","items_purchased":["Flash of Steel","hermit:ShadowCloak","Panache"],"campfire_rested":5,"item_purchase_floors":[5,5,19],"current_hp_per_floor":[71,70,70,59,59,75,40,62,62,49,42,42,64,57,75,53,85,79,79,73,51,46,79,44,0,0],"gold":91,"neow_bonus":"THREE_SMALL_POTIONS","is_daily":false,"chose_seed":false,"campfire_upgraded":0,"win_rate":0.0,"timestamp":1611883988,"path_taken":["M","M","M","M","$","R","E","R","T","E","M","M","R","M","R","BOSS","M","$","?","?","M","R","M","M"],"items_purchased_type":["Card","Card","Card"],"build_version":"2020-12-22","purchased_purges":0,"victory":false,"max_hp_per_floor":[75,75,75,75,75,75,75,75,75,75,75,75,75,75,75,75,107,107,107,107,112,112,112,112,112,112],"card_choices":[{"not_picked":["hermit:Enervate","hermit:Determination"],"picked":"hermit:Grudge","floor":1.0},{"not_picked":["hermit:Brawl","hermit:HoleUp"],"picked":"hermit:Headshot","floor":2.0},{"not_picked":["hermit:BigShot","hermit:GhostlyPresence"],"picked":"hermit:GoldenBullet","floor":3.0},{"not_picked":["hermit:CalledShot","hermit:Snipe"],"picked":"hermit:PistolWhip","floor":4.0},{"not_picked":["hermit:HighNoon","hermit:HoleUp"],"picked":"hermit:FullyLoaded","floor":7.0},{"not_picked":["hermit:BodyArmor","hermit:Glare"],"picked":"hermit:Coalescence","floor":10.0},{"not_picked":["hermit:ItchyTrigger","hermit:PistolWhip"],"picked":"hermit:Roulette","floor":11.0},{"not_picked":["hermit:HoleUp","hermit:LuckOfTheDraw"],"picked":"hermit:Showdown","floor":12.0},{"not_picked":["hermit:Headshot","hermit:ItchyTrigger"],"picked":"hermit:Roulette","floor":14.0},{"not_picked":["hermit:FatalDesire","hermit:OverwhelmingPower"],"picked":"hermit:RoundhouseKick","floor":16.0},{"not_picked":["hermit:CalledShot","hermit:Headshot"],"picked":"hermit:BodyArmor","floor":18.0},{"not_picked":["hermit:BodyArmor","hermit:Roulette"],"picked":"hermit:Combo","floor":22.0},{"not_picked":["hermit:HoleUp","hermit:Snipe"],"picked":"hermit:ItchyTrigger","floor":24}],"player_experience":38744,"relics_obtained":[{"floor":7.0,"key":"Ornamental Fan"},{"floor":9.0,"key":"HornCleat"},{"floor":10.0,"key":"Shuriken"}],"event_choices":[{"damage_healed":0.0,"max_hp_gain":0.0,"max_hp_loss":0.0,"gold_gain":0.0,"event_name":"betterThird:BetterNest","player_choice":"Dagger","floor":20.0,"gold_loss":0.0,"damage_taken":6.0,"cards_obtained":["RitualDagger"]},{"damage_healed":0.0,"max_hp_gain":5.0,"max_hp_loss":0.0,"gold_gain":0.0,"event_name":"Forgotten Altar","player_choice":"Shed Blood","floor":21.0,"gold_loss":0.0,"damage_taken":27.0}],"is_beta":false,"boss_relics":[{"not_picked":["Astrolabe","Runic Pyramid"],"picked":"hermit:DentedPlate"}],"items_purged_floors":[],"is_endless":false,"potions_floor_spawned":[4,7,10,11,12,16,22,24],"killed_by":"Chosen and Byrds","ascension_level":0}}