{"host":"1tl36azeqm6yhdgj","time":1611946349,"event":{"mods":["AchievementEnabler","BaseMod","Minty Spire (QoL Compilation)","StSLib","The IronCluck","everything is the same but u backflip on backflip"],"gold_per_floor":[109,19,36,49,199,230,242,242,242,34,51,51,71,71,71],"floor_reached":14,"language":"ENG","playtime":501,"items_purged":[],"score":184,"play_id":"ae6152c3-5af2-4306-aa81-2360994e4da8","local_time":"20210129135229","is_ascension_mode":true,"campfire_choices":[{"data":"Doubt","floor":12.0,"key":"PURGE"}],"circlet_count":0,"master_deck":["AscendersBane","Strike_R","Strike_R","Strike_R","Strike_R","Strike_R","Defend_R","Defend_R","Defend_R","Defend_R","Bash","Flame Barrier","Flash of Steel","Inflame","Disarm+1","Flex","Burning Pact","Panacea","Limit Break"],"relics":["Burning Blood","The Courier","Peace Pipe","Bag of Marbles"],"acts_visited":["Exordium"],"potions_floor_usage":[14],"damage_taken":[{"damage":2.0,"enemies":"Cultist","floor":1.0,"turns":4.0},{"damage":2.0,"enemies":"2 Louse","floor":3.0,"turns":3.0},{"damage":4.0,"enemies":"Small Slimes","floor":4.0,"turns":4.0},{"damage":39.0,"enemies":"Lagavulin","floor":6.0,"turns":10.0},{"damage":13.0,"enemies":"Gremlin Gang","floor":7.0,"turns":8.0},{"damage":10.0,"enemies":"Lots of Slimes","floor":11.0,"turns":5.0},{"damage":26.0,"enemies":"3 Louse","floor":13.0,"turns":4.0},{"damage":16,"enemies":"3 Sentries","floor":14,"turns":4}],"seed_played":"9037914902428869920","potions_obtained":[{"floor":1.0,"key":"SneckoOil"},{"floor":6.0,"key":"Block Potion"},{"floor":7.0,"key":"Fire Potion"},{"floor":13.0,"key":"Weak Potion"}],"is_trial":false,"path_per_floor":["M","$","M","M","?","E","M","?","T","$","M","R","M","E"],"character_chosen":"IRONCLAD","items_purchased":["Flash of Steel","Bag of Marbles","Panacea"],"campfire_rested":0,"item_purchase_floors":[2,10,10],"current_hp_per_floor":[68,68,72,74,74,41,34,34,34,34,30,30,10,0,0],"gold":71,"neow_bonus":"TWENTY_PERCENT_HP_BONUS","is_daily":false,"chose_seed":false,"campfire_upgraded":0,"win_rate":0.0,"timestamp":1611946349,"path_taken":["M","?","?","?","?","E","M","?","T","$","?","R","M","E"],"items_purchased_type":["Card","Relic","Card"],"build_version":"2020-12-22","purchased_purges":0,"victory":false,"max_hp_per_floor":[89,89,89,89,89,89,89,89,89,89,89,89,89,89,89],"card_choices":[{"not_picked":["Perfected Strike","Iron Wave"],"picked":"Flame Barrier","floor":1.0},{"not_picked":["Battle Trance","Twin Strike"],"picked":"Inflame","floor":3.0},{"not_picked":["Evolve","Iron Wave"],"picked":"Disarm","floor":4.0},{"not_picked":["Ghostly Armor","Anger"],"picked":"Flex","floor":6.0},{"not_picked":["Clothesline","Body Slam"],"picked":"Burning Pact","floor":7.0},{"not_picked":["Wild Strike","Rampage"],"picked":"Limit Break","floor":11.0},{"not_picked":["Perfected Strike","True Grit","Wild Strike"],"picked":"SKIP","floor":13.0}],"player_experience":2104430,"relics_obtained":[{"floor":6.0,"key":"The Courier"},{"floor":9.0,"key":"Peace Pipe"}],"event_choices":[{"damage_healed":0.0,"max_hp_gain":0.0,"max_hp_loss":0.0,"gold_gain":150.0,"event_name":"Liars Game","player_choice":"AGREE","floor":5.0,"gold_loss":0.0,"damage_taken":0.0,"cards_obtained":["Doubt"]},{"damage_healed":0.0,"max_hp_gain":0.0,"max_hp_loss":0.0,"gold_gain":0.0,"event_name":"Accursed Blacksmith","player_choice":"Forge","floor":8.0,"gold_loss":0.0,"damage_taken":0.0,"cards_upgraded":["Disarm"]}],"is_beta":false,"boss_relics":[],"items_purged_floors":[],"is_endless":false,"potions_floor_spawned":[1,6,7,13],"killed_by":"3 Sentries","ascension_level":20}}