{"host":"2se5dq1do2gp0x9k","time":1611935534,"event":{"mods":["AchievementEnabler","BaseMod","Block Reminder","Colored Map","Colored Powertips","Minty Spire (QoL Compilation)","Relic Stats","StSLib","SuperFastMode"],"gold_per_floor":[360,435,449,468,468,499,499,452,452,469,469,495,512,538,538,538,538],"floor_reached":16,"language":"ENG","playtime":536,"items_purged":[],"score":224,"play_id":"32aae5ca-b85e-42c6-8e5f-461d7d4a82a7","local_time":"20210129075214","is_ascension_mode":true,"campfire_choices":[{"floor":7,"key":"REST"},{"floor":11,"key":"REST"},{"data":"Chaos","floor":15,"key":"SMITH"}],"circlet_count":0,"master_deck":["AscendersBane","Strike_B","Strike_B","Strike_B","Strike_B","Defend_B","Defend_B","Defend_B","Defend_B","Zap","Dualcast","Chaos+1","Glacier","Barrage","Rebound+1","Capacitor","Cold Snap+1","Reinforced Body","Compile Driver+1"],"relics":["Cracked Core","Molten Egg 2","Meat on the Bone","HornCleat","Symbiotic Virus","Potion Belt"],"acts_visited":["Exordium"],"potions_floor_usage":[13],"damage_taken":[{"damage":7.0,"enemies":"Jaw Worm","floor":1.0,"turns":4.0},{"damage":6.0,"enemies":"2 Louse","floor":3.0,"turns":3.0},{"damage":0,"enemies":"Cultist","floor":4,"turns":3},{"damage":30,"enemies":"Lagavulin","floor":6,"turns":9},{"damage":22,"enemies":"Exordium Thugs","floor":8,"turns":5},{"damage":0,"enemies":"Large Slime","floor":10,"turns":5},{"damage":42,"enemies":"Gremlin Nob","floor":12,"turns":5},{"damage":6,"enemies":"2 Fungi Beasts","floor":13,"turns":2},{"damage":29,"enemies":"The Guardian","floor":16,"turns":12}],"seed_played":"-8335733960616637106","potions_obtained":[{"floor":3.0,"key":"BlessingOfTheForge"},{"floor":8,"key":"Explosive Potion"},{"floor":12,"key":"Energy Potion"}],"is_trial":false,"path_per_floor":["M","?","M","M","?","E","R","M","T","M","R","E","M","T","R","B"],"character_chosen":"DEFECT","items_purchased":[],"campfire_rested":2,"item_purchase_floors":[],"current_hp_per_floor":[57,46,40,40,40,10,29,19,19,31,50,20,26,26,26,0,0],"gold":538,"neow_bonus":"TWO_FIFTY_GOLD","is_daily":false,"chose_seed":false,"campfire_upgraded":1,"win_rate":0.0,"timestamp":1611935534,"path_taken":["M","?","M","M","?","E","R","M","T","M","R","E","?","?","R","BOSS"],"items_purchased_type":[],"build_version":"2020-12-22","purchased_purges":0,"victory":false,"max_hp_per_floor":[64,64,64,64,64,64,64,64,64,64,64,64,64,64,64,64,64],"relic_stats":{"counters":[9,48],"obtain_stats":[{"Potion Belt":14,"HornCleat":9,"Molten Egg 2":5,"Cracked Core":0,"Symbiotic Virus":12,"Meat on the Bone":6},{"Potion Belt":8,"HornCleat":5,"Molten Egg 2":3,"Cracked Core":0,"Symbiotic Virus":7,"Meat on the Bone":4},{"Potion Belt":36,"HornCleat":24,"Molten Egg 2":10,"Cracked Core":0,"Symbiotic Virus":34,"Meat on the Bone":19}],"Meat on the Bone":48},"card_choices":[{"not_picked":["Go for the Eyes","Storm"],"picked":"Chaos","floor":1.0},{"not_picked":["Static Discharge","Double Energy"],"picked":"Glacier","floor":3.0},{"not_picked":["Streamline","Leap"],"picked":"Barrage","floor":4},{"not_picked":["Double Energy","Stack"],"picked":"Rebound+1","floor":6},{"not_picked":["White Noise","Gash+1"],"picked":"Capacitor","floor":8},{"not_picked":["Multi-Cast","Streamline+1"],"picked":"Cold Snap+1","floor":10},{"not_picked":["Reprogram","Genetic Algorithm"],"picked":"Reinforced Body","floor":12},{"not_picked":["Hologram","Loop"],"picked":"Compile Driver+1","floor":13}],"player_experience":3967720,"relics_obtained":[{"floor":6,"key":"Meat on the Bone"},{"floor":9,"key":"HornCleat"},{"floor":12,"key":"Symbiotic Virus"},{"floor":14,"key":"Potion Belt"}],"event_choices":[{"damage_healed":0.0,"max_hp_gain":0.0,"max_hp_loss":0.0,"gold_gain":75.0,"event_name":"World of Goop","player_choice":"Gather Gold","floor":2.0,"gold_loss":0.0,"damage_taken":11.0},{"damage_healed":0,"gold_gain":0,"player_choice":"Gave Potion","damage_taken":0,"relics_obtained":["Molten Egg 2"],"max_hp_gain":0,"max_hp_loss":0,"event_name":"WeMeetAgain","floor":5,"gold_loss":0}],"is_beta":false,"boss_relics":[],"items_purged_floors":[],"is_endless":false,"potions_floor_spawned":[3,8,12],"killed_by":"The Guardian","ascension_level":20}}