{"host":"zxkjcgzis4pm3za5","time":1611931085,"event":{"mods":["AchievementEnabler","Act Like it!","BaseMod","Colored Map","Colored Powertips","Friendly Minions","GifTheSpireLib","Minty Spire (QoL Compilation)","Quick Restart","RNG Fix","Random Character Button","Relic Filter Mod","Relic Sorter","Relic Stats","StSLib"],"gold_per_floor":[109,109,159,84,97,126,126,126,126,126,23,37,63,90,90,162,162,173,73,73,87,106,106,140,65,114,114,144,144,156,188,188,266,266,280,155,171,188,188,220,220,231,300,300,317,317,348,362,362,362,362,362,42,42,42],"floor_reached":54,"language":"ENG","playtime":2673,"items_purged":["Strike_R","Strike_R","Strike_R+1","Strike_R+1"],"score":1518,"play_id":"d714e0b9-9f9a-4a6a-b02c-64740fc0df95","local_time":"20210129200805","is_ascension_mode":true,"campfire_choices":[{"data":"Flex","floor":7.0,"key":"SMITH"},{"data":"Shockwave","floor":10.0,"key":"SMITH"},{"data":"Bash","floor":15.0,"key":"SMITH"},{"floor":27.0,"key":"REST"},{"floor":29.0,"key":"REST"},{"floor":32.0,"key":"REST"},{"floor":46.0,"key":"RECALL"},{"floor":49.0,"key":"REST"},{"floor":52.0,"key":"REST"}],"circlet_count":0,"master_deck":["AscendersBane","Defend_R","Defend_R","Defend_R","Bash+1","Armaments+1","Shockwave+1","Flex+1","Shrug It Off","Sword Boomerang","Cleave","Limit Break","Shrug It Off","Flame Barrier","Clothesline","Armaments","Barricade","Whirlwind+1","Reaper+1","Spot Weakness","Twin Strike+1","Shrug It Off","Feel No Pain+1","Madness","Madness","Shrug It Off+1","Double Tap","Pummel+1","Warcry"],"relics":["Burning Blood","NeowsBlessing","Oddly Smooth Stone","Blue Candle","Mercury Hourglass","Akabeko","Centennial Puzzle","Fusion Hammer","Nilry\u0027s Codex","Molten Egg 2","Blood Vial","Pantograph","Bronze Scales","Runic Pyramid","Magic Flower","Charon\u0027s Ashes"],"acts_visited":["Exordium","TheCity","TheBeyond","TheEnding"],"potions_floor_usage":[],"damage_taken":[{"damage":0.0,"enemies":"Jaw Worm","floor":1.0,"turns":1.0},{"damage":0.0,"enemies":"Cultist","floor":5.0,"turns":1.0},{"damage":0.0,"enemies":"3 Sentries","floor":6.0,"turns":2.0},{"damage":0.0,"enemies":"Small Slimes","floor":12.0,"turns":4.0},{"damage":0.0,"enemies":"Lagavulin","floor":14.0,"turns":4.0},{"damage":24.0,"enemies":"Hexaghost","floor":16.0,"turns":7.0},{"damage":0.0,"enemies":"Chosen","floor":18.0,"turns":2.0},{"damage":1.0,"enemies":"Shell Parasite","floor":21.0,"turns":4.0},{"damage":20.0,"enemies":"Snecko","floor":22.0,"turns":5.0},{"damage":29.0,"enemies":"Gremlin Leader","floor":24.0,"turns":6.0},{"damage":25.0,"enemies":"Book of Stabbing","floor":28.0,"turns":6.0},{"damage":10.0,"enemies":"Centurion and Healer","floor":30.0,"turns":9.0},{"damage":25.0,"enemies":"Slavers","floor":31.0,"turns":5.0},{"damage":62.0,"enemies":"Collector","floor":33.0,"turns":12.0},{"damage":23.0,"enemies":"3 Shapes","floor":35.0,"turns":7.0},{"damage":0.0,"enemies":"Orb Walker","floor":37.0,"turns":3.0},{"damage":8.0,"enemies":"Sphere and 2 Shapes","floor":38.0,"turns":4.0},{"damage":39.0,"enemies":"Reptomancer","floor":40.0,"turns":7.0},{"damage":6.0,"enemies":"Maw","floor":42.0,"turns":8.0},{"damage":40.0,"enemies":"Spire Growth","floor":45.0,"turns":6.0},{"damage":87.0,"enemies":"Giant Head","floor":47.0,"turns":8.0},{"damage":25.0,"enemies":"Transient","floor":48.0,"turns":6.0},{"damage":80.0,"enemies":"Donu and Deca","floor":50.0,"turns":8.0},{"damage":77,"enemies":"Shield and Spear","floor":54,"turns":4}],"seed_played":"5615139058569341123","potions_obtained":[{"floor":12.0,"key":"Explosive Potion"},{"floor":14.0,"key":"HeartOfIron"},{"floor":24.0,"key":"SpeedPotion"},{"floor":28.0,"key":"AttackPotion"},{"floor":30.0,"key":"Swift Potion"},{"floor":35.0,"key":"FearPotion"},{"floor":47.0,"key":"FearPotion"}],"is_trial":false,"path_per_floor":["M","?","T","?","M","E","R","?","T","R","$","M","T","E","R","B",null,"M","$","?","M","M","?","E","?","T","R","E","R","M","E","R","B",null,"M","$","M","M","?","E","?","M","T","?","M","R","E","M","R","B",null,"R","$","E"],"character_chosen":"IRONCLAD","items_purchased":["Shrug It Off","Ancient Potion","SteroidPotion","Warcry"],"campfire_rested":5,"item_purchase_floors":[11,53,53,53],"current_hp_per_floor":[74,74,74,74,75,75,75,52,52,52,52,58,58,64,64,46,68,74,74,74,75,61,40,17,17,17,39,22,44,42,25,47,18,61,50,50,58,69,69,75,75,75,75,61,75,75,44,71,75,64,72,75,75,0,0],"gold":42,"neow_bonus":"THREE_ENEMY_KILL","is_daily":false,"chose_seed":false,"campfire_upgraded":3,"win_rate":0.0,"timestamp":1611931085,"path_taken":["M","?","?","?","M","E","R","?","T","R","$","M","?","E","R","BOSS","M","$","?","?","M","?","E","?","T","R","E","R","M","E","R","BOSS","M","$","M","M","?","E","?","M","T","?","M","R","E","M","R","BOSS","R","$","E"],"items_purchased_type":["Card","Potion","Potion","Card"],"build_version":"2020-12-22","purchased_purges":4,"victory":false,"max_hp_per_floor":[75,75,75,75,75,75,75,75,75,75,75,75,75,75,75,75,75,75,75,75,75,75,75,75,75,75,75,75,75,75,75,75,75,75,75,75,75,75,75,75,75,75,75,75,75,75,75,75,75,75,75,75,75,75,75],"relic_stats":{"Blood Vial":22,"Centennial Puzzle":[50],"counters":[24,128],"Blue Candle":[0],"Pantograph":25,"Bronze Scales":[197],"Magic Flower":[56],"Charon\u0027s Ashes":[67],"obtain_stats":[{"NeowsBlessing":0,"Nilry\u0027s Codex":23,"Blue Candle":6,"Oddly Smooth Stone":3,"Magic Flower":40,"Charon\u0027s Ashes":47,"Burning Blood":0,"Akabeko":13,"Mercury Hourglass":9,"Blood Vial":26,"Centennial Puzzle":14,"Pantograph":28,"Bronze Scales":31,"Molten Egg 2":24,"Fusion Hammer":17,"Runic Pyramid":34},{"NeowsBlessing":0,"Nilry\u0027s Codex":9,"Blue Candle":3,"Oddly Smooth Stone":1,"Magic Flower":18,"Charon\u0027s Ashes":21,"Burning Blood":0,"Akabeko":4,"Mercury Hourglass":3,"Blood Vial":10,"Centennial Puzzle":5,"Pantograph":11,"Bronze Scales":13,"Molten Egg 2":10,"Fusion Hammer":6,"Runic Pyramid":14},{"NeowsBlessing":0,"Nilry\u0027s Codex":29,"Blue Candle":4,"Oddly Smooth Stone":1,"Magic Flower":88,"Charon\u0027s Ashes":110,"Burning Blood":0,"Akabeko":7,"Mercury Hourglass":4,"Blood Vial":35,"Centennial Puzzle":11,"Pantograph":41,"Bronze Scales":55,"Molten Egg 2":35,"Fusion Hammer":18,"Runic Pyramid":67}],"Burning Blood":123,"Mercury Hourglass":[495]},"card_choices":[{"not_picked":["Infernal Blade","Sword Boomerang"],"picked":"Armaments","floor":1.0},{"not_picked":["Sword Boomerang","Sever Soul"],"picked":"Shockwave","floor":5.0},{"not_picked":["Twin Strike","Armaments"],"picked":"Flex","floor":6.0},{"not_picked":["Warcry","True Grit"],"picked":"Sword Boomerang","floor":12.0},{"not_picked":["Corruption","Second Wind"],"picked":"Cleave","floor":14.0},{"not_picked":["Immolate","Feed"],"picked":"Limit Break","floor":16.0},{"not_picked":["Thunderclap","Clash"],"picked":"Shrug It Off","floor":18.0},{"not_picked":["Combust","Sentinel+1"],"picked":"Clothesline","floor":21.0},{"not_picked":["Perfected Strike+1","Blood for Blood+1"],"picked":"Armaments","floor":22.0},{"not_picked":["Berserk","Pommel Strike+1"],"picked":"Barricade","floor":24.0},{"not_picked":["Clothesline+1","Thunderclap+1","Perfected Strike+1"],"picked":"SKIP","floor":28.0},{"not_picked":["Hemokinesis+1","Warcry"],"picked":"Pummel+1","floor":30.0},{"not_picked":["Bludgeon+1","Fire Breathing"],"picked":"Whirlwind+1","floor":31.0},{"not_picked":["Brutality","Exhume"],"picked":"Reaper+1","floor":33.0},{"not_picked":["Cleave+1","Rupture"],"picked":"Spot Weakness","floor":35.0},{"not_picked":["Wild Strike+1","Reckless Charge+1"],"picked":"Twin Strike+1","floor":37.0},{"not_picked":["Havoc","Wild Strike+1","Anger+1"],"picked":"SKIP","floor":38.0},{"not_picked":["Sentinel","Hemokinesis+1"],"picked":"Shrug It Off","floor":40.0},{"not_picked":["Feed+1","Reckless Charge+1"],"picked":"Feel No Pain+1","floor":42.0},{"not_picked":["Dropkick+1","Thunderclap+1"],"picked":"Shrug It Off+1","floor":45.0},{"not_picked":["Twin Strike+1","Armaments+1"],"picked":"Double Tap","floor":47.0},{"not_picked":["Twin Strike+1","Shockwave"],"picked":"Pummel+1","floor":48.0}],"player_experience":282234,"relics_obtained":[{"floor":3.0,"key":"Oddly Smooth Stone"},{"floor":6.0,"key":"Blue Candle"},{"floor":9.0,"key":"Mercury Hourglass"},{"floor":13.0,"key":"Akabeko"},{"floor":14.0,"key":"Centennial Puzzle"},{"floor":23.0,"key":"Nilry\u0027s Codex"},{"floor":24.0,"key":"Molten Egg 2"},{"floor":26.0,"key":"Blood Vial"},{"floor":28.0,"key":"Pantograph"},{"floor":31.0,"key":"Bronze Scales"},{"floor":40.0,"key":"Magic Flower"},{"floor":47.0,"key":"Charon\u0027s Ashes"}],"event_choices":[{"damage_healed":0.0,"max_hp_gain":0.0,"max_hp_loss":0.0,"gold_gain":0.0,"event_name":"Living Wall","player_choice":"Grow","floor":2.0,"gold_loss":0.0,"damage_taken":0.0,"cards_upgraded":["Armaments"]},{"cards_removed":["Defend_R"],"damage_healed":0.0,"max_hp_gain":0.0,"max_hp_loss":0.0,"gold_gain":0.0,"event_name":"The Cleric","player_choice":"Card Removal","floor":4.0,"gold_loss":75.0,"damage_taken":0.0},{"damage_healed":0.0,"max_hp_gain":0.0,"max_hp_loss":0.0,"gold_gain":0.0,"event_name":"Shining Light","player_choice":"Entered Light","floor":8.0,"gold_loss":0.0,"damage_taken":23.0,"cards_upgraded":["Strike_R","Strike_R"]},{"damage_healed":0.0,"max_hp_gain":0.0,"max_hp_loss":0.0,"gold_gain":0.0,"event_name":"The Library","player_choice":"Read","floor":20.0,"gold_loss":0.0,"damage_taken":0.0,"cards_obtained":["Flame Barrier"]},{"damage_healed":0.0,"max_hp_gain":0.0,"max_hp_loss":0.0,"gold_gain":0.0,"event_name":"Cursed Tome","player_choice":"Obtained Book","floor":23.0,"gold_loss":0.0,"damage_taken":21.0},{"cards_removed":["Strike_R"],"damage_healed":0.0,"max_hp_gain":0.0,"max_hp_loss":0.0,"gold_gain":0.0,"event_name":"Beggar","player_choice":"Gave Gold","floor":25.0,"gold_loss":75.0,"damage_taken":0.0},{"cards_removed":["Pummel"],"damage_healed":0.0,"max_hp_gain":0.0,"max_hp_loss":0.0,"gold_gain":0.0,"event_name":"Falling","player_choice":"Removed Attack","floor":39.0,"gold_loss":0.0,"damage_taken":0.0},{"damage_healed":0.0,"max_hp_gain":0.0,"max_hp_loss":0.0,"gold_gain":0.0,"event_name":"Match and Keep!","player_choice":"0 cards matched","floor":41.0,"gold_loss":0.0,"damage_taken":0.0,"cards_obtained":[]},{"damage_healed":0.0,"max_hp_gain":0.0,"max_hp_loss":0.0,"gold_gain":0.0,"event_name":"Winding Halls","player_choice":"Embrace Madness","floor":44.0,"gold_loss":0.0,"damage_taken":14.0,"cards_obtained":["Madness","Madness"]}],"is_beta":false,"boss_relics":[{"not_picked":["Black Star","Ectoplasm"],"picked":"Fusion Hammer"},{"not_picked":["Philosopher\u0027s Stone","Sozu"],"picked":"Runic Pyramid"}],"items_purged_floors":[11,19,36,53],"is_endless":false,"potions_floor_spawned":[12,14,16,21,24,28,30,35,45,47,48],"killed_by":"Shield and Spear","ascension_level":18}}