{"host":"8d3fefv2347kqkpz","time":1611914863,"event":{"mods":["AchievementEnabler","Act Like it!","Aspiration","BaseMod","Better Vampires","Colored Map","Colored Powertips","Conspire","GifTheSpireLib","Highlight Path","Hubris","Mimic Mod","Minty Spire (QoL Compilation)","Quick Restart","Rare Cards Sparkle","Relic Stats","Replay The Spire","Spicy Shops","StSLib","The Jungle","Waifu the Spire"],"gold_per_floor":[118,118,131,142,67,95,95,109,162,162,162,406,406,421,421,541,541,557,571,596,37,61,100,115,115,115,115,115,115],"floor_reached":28,"language":"ZHS","playtime":1259,"items_purged":["Strike_G","Strike_G"],"score":265,"play_id":"af3ccd94-8097-4e85-b2e0-80d656fba6e5","local_time":"20210129180743","is_ascension_mode":false,"campfire_choices":[{"floor":11.0,"key":"REST"},{"floor":13.0,"key":"REST"},{"data":"Accuracy","floor":15.0,"key":"SMITH"},{"floor":27.0,"key":"REST"}],"circlet_count":0,"master_deck":["Strike_G","Strike_G","Strike_G","Defend_G","Defend_G","Defend_G","Defend_G","Defend_G","Survivor","Neutralize","Blade Dance","ReplayTheSpireMod:Speed Training","Accuracy+1","Prepared","Dagger Spray","Cloak And Dagger","Caltrops","Envenom","Leg Sweep","Atom Bomb","Choke","Accuracy"],"relics":["Ring of the Snake","ReplayTheSpireMod:Ninjato","hubris:CrystalStatue","Golden Idol","ReplayTheSpireMod:DimensionalGlitch","MealTicket","conspire:Flyswatter"],"acts_visited":["Exordium","TheCity"],"potions_floor_usage":[28,28],"damage_taken":[{"damage":9.0,"enemies":"Jaw Worm","floor":1.0,"turns":7.0},{"damage":5.0,"enemies":"2 Louse","floor":3.0,"turns":2.0},{"damage":0.0,"enemies":"Small Slimes","floor":4.0,"turns":2.0},{"damage":7.0,"enemies":"3 Sentries","floor":6.0,"turns":12.0},{"damage":0.0,"enemies":"Blue Slaver","floor":8.0,"turns":3.0},{"damage":0.0,"enemies":"Large Slime","floor":14.0,"turns":7.0},{"damage":42.0,"enemies":"Fading Forest","floor":16.0,"turns":11.0},{"damage":31.0,"enemies":"conspire:FuzzyDice","floor":18.0,"turns":9.0},{"damage":5.0,"enemies":"2 Thieves","floor":19.0,"turns":3.0},{"damage":0.0,"enemies":"Snecko","floor":20.0,"turns":5.0},{"damage":3.0,"enemies":"Snake Plant","floor":22.0,"turns":4.0},{"damage":19.0,"enemies":"Replay:Snechameleon","floor":23.0,"turns":6.0},{"damage":4.0,"enemies":"Shelled Parasite and Fungi","floor":24.0,"turns":6.0},{"damage":35,"enemies":"Cultist and Chosen","floor":28,"turns":6}],"seed_played":"2247903779667015591","potions_obtained":[{"floor":3.0,"key":"Doom Potion"},{"floor":4.0,"key":"Strength Potion"},{"floor":14.0,"key":"Block Potion"},{"floor":16.0,"key":"Venom Potion"},{"floor":19.0,"key":"GhostInAJar"}],"is_trial":false,"path_per_floor":["M","?","M","M","$","E","?","M","T","?","R","?","R","M","R","B",null,"M","M","M","$","M","E","M","?","T","R","M"],"character_chosen":"THE_SILENT","items_purchased":["Atom Bomb"],"campfire_rested":3,"item_purchase_floors":[21],"current_hp_per_floor":[61,61,56,56,56,49,49,49,49,32,53,36,57,57,57,25,70,39,34,34,34,31,12,8,8,8,29,0,0],"gold":115,"neow_bonus":"RANDOM_EVENT","is_daily":false,"chose_seed":false,"campfire_upgraded":1,"win_rate":0.0,"timestamp":1611914863,"path_taken":["M","?","M","M","$","E","?","M","T","?","R","?","R","M","R","BOSS","M","M","M","$","M","E","M","?","T","R","M"],"items_purchased_type":["Card"],"build_version":"2020-12-22","purchased_purges":2,"victory":false,"max_hp_per_floor":[70,70,70,70,70,70,70,70,70,70,70,70,70,70,70,70,70,70,70,70,70,70,70,70,70,70,70,70,70],"relic_stats":{"counters":[14,83],"Golden Idol":103,"MealTicket":0,"obtain_stats":[{"ReplayTheSpireMod:Ninjato":0,"hubris:CrystalStatue":6,"Golden Idol":10,"MealTicket":23,"ReplayTheSpireMod:DimensionalGlitch":17,"Ring of the Snake":0,"conspire:Flyswatter":26},{"ReplayTheSpireMod:Ninjato":0,"hubris:CrystalStatue":4,"Golden Idol":5,"MealTicket":12,"ReplayTheSpireMod:DimensionalGlitch":7,"Ring of the Snake":0,"conspire:Flyswatter":13},{"ReplayTheSpireMod:Ninjato":0,"hubris:CrystalStatue":23,"Golden Idol":26,"MealTicket":71,"ReplayTheSpireMod:DimensionalGlitch":44,"Ring of the Snake":0,"conspire:Flyswatter":77}],"Ring of the Snake":[28]},"card_choices":[{"not_picked":["Outmaneuver","Hidden Blade"],"picked":"Blade Dance","floor":1.0},{"not_picked":["Prepared","Endless Agony"],"picked":"ReplayTheSpireMod:Speed Training","floor":3.0},{"not_picked":["Deflect","Flying Knee"],"picked":"Accuracy","floor":4.0},{"not_picked":["Tactician","ReplayTheSpireMod:The Works"],"picked":"Prepared","floor":6.0},{"not_picked":["Deflect","Deadly Poison"],"picked":"Dagger Spray","floor":8.0},{"not_picked":["Bane","Bouncing Flask"],"picked":"Cloak And Dagger","floor":12.0},{"not_picked":["Cloak And Dagger","Die Die Die"],"picked":"Caltrops","floor":14.0},{"not_picked":["Atom Bomb","Venomology"],"picked":"Envenom","floor":16.0},{"not_picked":["Flechettes","Endless Agony","Deadly Poison"],"picked":"SKIP","floor":18.0},{"not_picked":["Deflect","Hidden Blade"],"picked":"Leg Sweep","floor":19.0},{"not_picked":["Eviscerate+1","Bane+1","Concentrate"],"picked":"SKIP","floor":20.0},{"not_picked":["Draining Mist","Dagger Spray","Poisoned Stab"],"picked":"SKIP","floor":22.0},{"not_picked":["Caltrops","Outmaneuver"],"picked":"Choke","floor":23.0},{"not_picked":["Reflex","hubris:Counter+1"],"picked":"Accuracy","floor":24.0}],"player_experience":218260,"relics_obtained":[{"floor":6.0,"key":"hubris:CrystalStatue"},{"floor":23.0,"key":"MealTicket"},{"floor":26.0,"key":"conspire:Flyswatter"}],"event_choices":[{"damage_healed":0.0,"max_hp_gain":0.0,"max_hp_loss":0.0,"gold_gain":0.0,"event_name":"Big Fish","player_choice":"Box","floor":0.0,"gold_loss":0.0,"damage_taken":0.0,"relics_obtained":["ReplayTheSpireMod:Ninjato"],"cards_obtained":["Regret"]},{"cards_removed":["Regret"],"damage_healed":0.0,"max_hp_gain":0.0,"max_hp_loss":0.0,"gold_gain":0.0,"event_name":"Living Wall","player_choice":"Forget","floor":2.0,"gold_loss":0.0,"damage_taken":0.0},{"damage_healed":0.0,"max_hp_gain":0.0,"max_hp_loss":0.0,"gold_gain":0.0,"event_name":"Golden Idol","player_choice":"Take Damage","floor":10.0,"gold_loss":0.0,"damage_taken":17.0,"relics_obtained":["Golden Idol"]},{"damage_healed":0.0,"max_hp_gain":0.0,"max_hp_loss":0.0,"gold_gain":0.0,"event_name":"Ghosts","player_choice":"Ignored","floor":25.0,"gold_loss":0.0,"damage_taken":0.0}],"is_beta":false,"boss_relics":[{"not_picked":["Snecko Eye","Painkiller Herb"],"picked":"ReplayTheSpireMod:DimensionalGlitch"}],"items_purged_floors":[5,21],"is_endless":false,"potions_floor_spawned":[3,4,14,16,19],"killed_by":"Cultist and Chosen","ascension_level":0}}