{"host":"hixkpep13ay54y5b","time":1611935074,"event":{"mods":["AchievementEnabler","BaseMod","BetterRewards","Colored Map","Hubris","Infinite Spire","Minty Spire (QoL Compilation)","Quick Restart","Replay The Spire","Shop Mod","StSLib","SuperFastMode"],"gold_per_floor":[109,109,109,165,90,90,110,110,110,145,145,164,178,198,198,295,295,312,324,38,55,55,87,87,87,87,87,16,16,16,16],"floor_reached":30,"language":"ENG","playtime":657,"items_purged":["Strike_R"],"score":271,"play_id":"69dbbc91-fe66-41dc-b1ad-44b1e44d8510","local_time":"20210129104434","is_ascension_mode":false,"campfire_choices":[{"data":"Armaments","floor":6.0,"key":"SMITH"},{"data":"Defend_R","floor":8.0,"key":"SMITH"},{"data":"Defend_R","floor":11.0,"key":"SMITH"},{"data":"Cleave","floor":15.0,"key":"SMITH"},{"data":"Limit Break","floor":29.0,"key":"SMITH"}],"circlet_count":0,"master_deck":["Strike_R+1","Strike_R+1","Strike_R+1","Strike_R","Defend_R+1","Defend_R+1","Defend_R+1","Defend_R+1","Bash+1","Armaments+1","Cleave+1","Anger+1","Limit Break+1"],"relics":["Burning Blood","NeowsBlessing","ReplayTheSpireMod:Spearhead","SacredBark","MerchantsRug","Garlic","hubris:Towel","hubris:BottledHeart"],"acts_visited":["Exordium","TheCity"],"potions_floor_usage":[],"damage_taken":[{"damage":0.0,"enemies":"Cultist","floor":1.0,"turns":1.0},{"damage":0.0,"enemies":"2 Louse","floor":7.0,"turns":1.0},{"damage":0.0,"enemies":"3 Sentries","floor":10.0,"turns":1.0},{"damage":0.0,"enemies":"Small Slimes","floor":12.0,"turns":4.0},{"damage":0.0,"enemies":"3 Louse","floor":13.0,"turns":3.0},{"damage":11.0,"enemies":"Exordium Wildlife","floor":14.0,"turns":5.0},{"damage":56.0,"enemies":"Fading Forest","floor":16.0,"turns":11.0},{"damage":28.0,"enemies":"2 Thieves","floor":18.0,"turns":5.0},{"damage":3.0,"enemies":"3 Byrds","floor":19.0,"turns":4.0},{"damage":22.0,"enemies":"Cultist and Chosen","floor":21.0,"turns":7.0},{"damage":41.0,"enemies":"Nightmare","floor":23.0,"turns":9.0},{"damage":0,"enemies":"Gremlin Leader","floor":30,"turns":4}],"seed_played":"603468052663878805","potions_obtained":[{"floor":4.0,"key":"ElixirPotion"},{"floor":4.0,"key":"Flashbang"},{"floor":4.0,"key":"CultistPotion"},{"floor":16.0,"key":"DistilledChaos"},{"floor":19.0,"key":"Dexterity Potion"}],"is_trial":false,"path_per_floor":["M","?","?","?","$","R","M","R","T","E","R","M","M","M","R","B",null,"M","M","$","M","?","NM","?","?","T","?","$","R","E"],"character_chosen":"IRONCLAD","items_purchased":["MerchantsRug","Whetstone","LifebloodPotion","Limit Break"],"campfire_rested":0,"item_purchase_floors":[20,20,20,28],"current_hp_per_floor":[80,80,64,64,64,64,70,70,70,76,76,80,80,75,75,45,80,58,61,61,45,45,10,10,10,10,1,1,1,1,1],"gold":16,"neow_bonus":"THREE_ENEMY_KILL","is_daily":false,"chose_seed":false,"campfire_upgraded":5,"win_rate":0.0,"timestamp":1611935074,"path_taken":["M","?","?","?","$","R","M","R","T","E","R","M","M","?","R","BOSS","M","M","$","M","?","NM","?","?","T","?","?","R","E"],"items_purchased_type":["Relic","Relic","Potion","Card"],"build_version":"2020-12-22","purchased_purges":1,"victory":false,"max_hp_per_floor":[80,80,80,80,80,80,80,80,80,80,80,80,80,80,80,80,80,80,80,80,80,80,80,80,80,80,1,1,1,1,1],"card_choices":[{"not_picked":["Second Wind","Pommel Strike","Heavy Blade"],"picked":"SKIP","floor":1.0},{"not_picked":["Power Through","Pommel Strike"],"picked":"Armaments","floor":4.0},{"not_picked":["Defy Death","Shrug It Off"],"picked":"Cleave","floor":7.0},{"not_picked":["hubris:StunningStrike","Rupture","Shrug It Off"],"picked":"SKIP","floor":10.0},{"not_picked":["Clash","ReplayTheSpireMod:Corrosion Curse","Power Through"],"picked":"SKIP","floor":12.0},{"not_picked":["hubris:ReadiedAction","Fire Breathing","Ghostly Armor"],"picked":"SKIP","floor":13.0},{"not_picked":["Iron Wave","ReplayTheSpireMod:Limb From Limb","Clothesline"],"picked":"SKIP","floor":14.0},{"not_picked":["Flex","Cleave"],"picked":"Anger+1","floor":18.0},{"not_picked":["Hemokinesis+1","Perfected Strike+1","Wild Strike"],"picked":"SKIP","floor":19.0},{"not_picked":["Intimidate","ReplayTheSpireMod:Limb From Limb","Blood for Blood"],"picked":"SKIP","floor":21.0},{"not_picked":["Second Wind","Replay:Undeath\u0027s Touch","Dual Wield"],"picked":"SKIP","floor":23.0}],"player_experience":158084,"relics_obtained":[{"floor":9.0,"key":"hubris:DeckOfHolding"},{"floor":10.0,"key":"ReplayTheSpireMod:Spearhead"},{"floor":23.0,"key":"Garlic"},{"floor":26.0,"key":"HornCleat"}],"event_choices":[{"damage_healed":0.0,"max_hp_gain":0.0,"max_hp_loss":0.0,"gold_gain":0.0,"event_name":"Living Wall","player_choice":"Grow","floor":2.0,"gold_loss":0.0,"damage_taken":0.0,"cards_upgraded":["Defend_R"]},{"damage_healed":0.0,"max_hp_gain":0.0,"max_hp_loss":0.0,"gold_gain":0.0,"event_name":"Shining Light","player_choice":"Entered Light","floor":3.0,"gold_loss":0.0,"damage_taken":16.0,"cards_upgraded":["Strike_R","Defend_R"]}],"is_beta":false,"boss_relics":[{"not_picked":["Ectoplasm","Runic Dome"],"picked":"SacredBark"}],"items_purged_floors":[5],"is_endless":true,"potions_floor_spawned":[12,13,16,19],"killed_by":"Gremlin Leader","ascension_level":0}}