{"host":"drjz7zl15rqtgg20","time":1611940173,"event":{"mods":["BaseMod","Colored Map","Downfall","Minty Spire (QoL Compilation)","StSLib"],"gold_per_floor":[99,118,132,150,59,59,59,75,75,87,142,177,77,92,110,110,110,110],"floor_reached":16,"language":"ENG","playtime":1029,"items_purged":[],"score":104,"play_id":"d302e9f6-84a5-4a2d-8309-6a343b9fe29c","local_time":"20210129120933","is_ascension_mode":false,"campfire_choices":[{"floor":1,"key":"RECALL"},{"data":"hexamod:EmpoweredFlame","floor":9,"key":"SMITH"},{"floor":13,"key":"REST"}],"circlet_count":0,"master_deck":["hexamod:Strike","hexamod:Strike","hexamod:Strike","hexamod:Strike","hexamod:Defend","hexamod:Defend","hexamod:Defend","hexamod:Defend","hexamod:Sear","hexamod:Float","Impatience","hexamod:FastForward","hexamod:SpectralSpark","hexamod:FastForward","hexamod:EmpoweredFlame+1","hexamod:AdvancingGuard","hexamod:StepThrough","hexamod:SwordOfDarkness"],"relics":["hexamod:SpiritBrand","Blue Candle","Smiling Mask","Bottled Lightning","downfall:HeartBlessingRed"],"acts_visited":["Exordium"],"potions_floor_usage":[14],"damage_taken":[{"damage":1,"enemies":"Jaw Worm","floor":2,"turns":3},{"damage":11,"enemies":"Small Slimes","floor":3,"turns":4},{"damage":0,"enemies":"Cultist","floor":4,"turns":3},{"damage":0,"enemies":"downfall:FleeingMerchant","floor":5,"turns":4},{"damage":3,"enemies":"Red Slaver","floor":8,"turns":3},{"damage":2,"enemies":"Blue Slaver","floor":10,"turns":4},{"damage":26,"enemies":"Gremlin Nob","floor":11,"turns":5},{"damage":11,"enemies":"Lagavulin","floor":12,"turns":6},{"damage":7,"enemies":"Exordium Wildlife","floor":14,"turns":2},{"damage":2,"enemies":"3 Louse","floor":15,"turns":3},{"damage":35,"enemies":"WA_ARCHETYPE_RETAIN","floor":16,"turns":6}],"seed_played":"5837651668647588710","potions_obtained":[{"floor":3,"key":"Regen Potion"},{"floor":11,"key":"Weak Potion"},{"floor":12,"key":"hexamod:DoubleChargePotion"},{"floor":15,"key":"FearPotion"}],"is_trial":false,"path_per_floor":["R","M","M","M","$","?","T","M","R","M","?","E","R","M","M","B"],"character_chosen":"THE_SPIRIT","items_purchased":["hexamod:EmpoweredFlame"],"campfire_rested":1,"item_purchase_floors":[5],"current_hp_per_floor":[70,69,58,58,58,53,53,50,50,48,22,11,32,25,23,0,0,0],"gold":110,"neow_bonus":"RANDOM_COLORLESS","is_daily":false,"chose_seed":false,"campfire_upgraded":1,"win_rate":0.0,"timestamp":1611940173,"path_taken":["R","M","M","M","$","?","T","M","R","M","?","E","R","M","M","BOSS"],"items_purchased_type":["Card"],"build_version":"2020-12-22","purchased_purges":0,"victory":false,"max_hp_per_floor":[70,70,70,70,70,70,70,70,70,70,70,70,70,70,70,70,70,70],"card_choices":[{"not_picked":["Dark Shackles","Good Instincts"],"picked":"Impatience","floor":0},{"not_picked":["hexamod:InspiringFlames","hexamod:ShieldOfDarkness"],"picked":"hexamod:FastForward","floor":2},{"not_picked":["hexamod:GhostLash","hexamod:GhostShield"],"picked":"hexamod:SpectralSpark","floor":3},{"not_picked":["hexamod:NightmareGuise","hexamod:Firestarter","hexamod:RecurringNightmare"],"picked":"SKIP","floor":4},{"not_picked":["hexamod:DynamicBlow","hexamod:SpectralAdrenaline"],"picked":"hexamod:FastForward","floor":5},{"not_picked":["hexamod:PowerFromBeyond","hexamod:SpectersWail","hexamod:EtherealExpedition"],"picked":"SKIP","floor":8},{"not_picked":["hexamod:PhantomFireball","hexamod:HeatMetal"],"picked":"hexamod:AdvancingGuard","floor":10},{"not_picked":["hexamod:UnleashSpirits","hexamod:GhostShield"],"picked":"hexamod:StepThrough","floor":11},{"not_picked":["hexamod:HauntingEcho","hexamod:InspiringFlames","hexamod:BurningTouch"],"picked":"SKIP","floor":12},{"not_picked":["hexamod:InspiringFlames","hexamod:NightmareGuise","hexamod:Hexaguard"],"picked":"SKIP","floor":14},{"not_picked":["hexamod:GiftsFromTheDead","hexamod:HeatMetal"],"picked":"hexamod:SwordOfDarkness","floor":15}],"player_experience":629242,"relics_obtained":[{"floor":11,"key":"Smiling Mask"},{"floor":12,"key":"Bottled Lightning"}],"event_choices":[],"is_beta":false,"boss_relics":[],"items_purged_floors":[],"is_endless":false,"potions_floor_spawned":[3,4,11,12,15],"killed_by":"WA_ARCHETYPE_RETAIN","ascension_level":0}}