{"host":"jsu44zy84q00n4lj","time":1611960247,"event":{"mods":["AchievementEnabler","BaseMod","Colored Map","Colored Powertips","Minty Spire (QoL Compilation)","Relic Sorter","StSLib"],"gold_per_floor":[113,113,38,38,138,168,168,182,228,241,253,253,273,288,288,389,389,409,183,193,283,293,293,193,193,193],"floor_reached":25,"language":"ENG","playtime":2006,"items_purged":["Strike_R","Anger"],"score":244,"play_id":"5122993b-8f84-48e5-b31a-bb32f0d230fe","local_time":"20210129144407","is_ascension_mode":true,"campfire_choices":[{"data":"Bash","floor":7.0,"key":"SMITH"},{"data":"True Grit","floor":12.0,"key":"SMITH"},{"data":"Clothesline","floor":15,"key":"SMITH"},{"data":"True Grit","floor":23,"key":"SMITH"}],"circlet_count":0,"master_deck":["Strike_R","Strike_R+1","Strike_R","Defend_R","Defend_R","Defend_R","Defend_R","Bash+1","Pommel Strike+1","Disarm","True Grit+1","Clothesline+1","Flame Barrier","True Grit+1","Havoc","Exhume","Dark Embrace+1","Heavy Blade","Heavy Blade+1"],"relics":["Burning Blood","White Beast Statue","Bag of Marbles","Snecko Eye","HandDrill"],"acts_visited":["Exordium","TheCity"],"potions_floor_usage":[14,16,18,22,25],"damage_taken":[{"damage":1.0,"enemies":"Cultist","floor":1.0,"turns":3.0},{"damage":20.0,"enemies":"Gremlin Nob","floor":6.0,"turns":4.0},{"damage":2.0,"enemies":"Jaw Worm","floor":8.0,"turns":4.0},{"damage":0.0,"enemies":"2 Louse","floor":10.0,"turns":1.0},{"damage":0.0,"enemies":"Red Slaver","floor":11.0,"turns":1.0},{"damage":12.0,"enemies":"Lots of Slimes","floor":13.0,"turns":3.0},{"damage":0,"enemies":"Gremlin Gang","floor":14,"turns":3},{"damage":44,"enemies":"Slime Boss","floor":16,"turns":9},{"damage":14,"enemies":"Shell Parasite","floor":18,"turns":8},{"damage":6,"enemies":"2 Thieves","floor":20,"turns":3},{"damage":9,"enemies":"Snake Plant","floor":22,"turns":5},{"damage":44,"enemies":"Slavers","floor":25,"turns":4}],"seed_played":"2128263780500577064","potions_obtained":[{"floor":1.0,"key":"LiquidMemories"},{"floor":8.0,"key":"Fire Potion"},{"floor":10.0,"key":"LiquidBronze"},{"floor":11.0,"key":"Fire Potion"},{"floor":13.0,"key":"BlessingOfTheForge"},{"floor":14,"key":"Swift Potion"},{"floor":16,"key":"ElixirPotion"},{"floor":18,"key":"Block Potion"},{"floor":20,"key":"DistilledChaos"}],"is_trial":false,"path_per_floor":["M","?","$","?","?","E","R","M","T","M","M","R","M","M","R","B",null,"M","$","M","?","M","R","$","E"],"character_chosen":"IRONCLAD","items_purchased":["Disarm","HandDrill"],"campfire_rested":0,"item_purchase_floors":[3,19],"current_hp_per_floor":[88,70,70,70,70,56,56,60,60,66,72,72,66,72,72,34,88,80,80,80,68,65,65,65,21,21],"gold":193,"neow_bonus":"TEN_PERCENT_HP_BONUS","is_daily":false,"chose_seed":false,"campfire_upgraded":4,"win_rate":0.0,"timestamp":1611960247,"path_taken":["M","?","$","?","?","E","R","M","T","M","M","R","?","M","R","BOSS","M","?","?","?","M","R","$","E"],"items_purchased_type":["Card","Relic"],"build_version":"2020-12-22","purchased_purges":2,"victory":false,"max_hp_per_floor":[88,88,88,88,88,88,88,88,88,88,88,88,88,88,88,88,88,88,88,88,88,88,88,88,88,88],"card_choices":[{"not_picked":["Power Through","Hemokinesis"],"picked":"Pommel Strike","floor":1.0},{"not_picked":["Rupture","Perfected Strike"],"picked":"True Grit","floor":6.0},{"not_picked":["True Grit","Warcry"],"picked":"Clothesline","floor":8.0},{"not_picked":["Pummel","Havoc"],"picked":"Flame Barrier","floor":10.0},{"not_picked":["Warcry","Twin Strike"],"picked":"True Grit","floor":11.0},{"not_picked":["Power Through","Second Wind"],"picked":"Havoc","floor":13.0},{"not_picked":["Clothesline","Bludgeon"],"picked":"Anger","floor":14},{"not_picked":["Limit Break","Immolate"],"picked":"Exhume","floor":16},{"not_picked":["Sword Boomerang","Dual Wield+1"],"picked":"Dark Embrace+1","floor":18},{"not_picked":["Anger","Warcry"],"picked":"Heavy Blade","floor":20},{"not_picked":["Pummel","Flex"],"picked":"Heavy Blade+1","floor":22}],"player_experience":280348,"relics_obtained":[{"floor":6.0,"key":"White Beast Statue"},{"floor":9.0,"key":"Bag of Marbles"}],"event_choices":[{"damage_healed":0.0,"max_hp_gain":0.0,"max_hp_loss":0.0,"gold_gain":0.0,"event_name":"Shining Light","player_choice":"Entered Light","floor":2.0,"gold_loss":0.0,"damage_taken":18.0,"cards_upgraded":["Strike_R","Pommel Strike"]},{"cards_removed":["Strike_R"],"damage_healed":0.0,"max_hp_gain":0.0,"max_hp_loss":0.0,"gold_gain":0.0,"event_name":"Living Wall","player_choice":"Forget","floor":4.0,"gold_loss":0.0,"damage_taken":0.0},{"damage_healed":0.0,"max_hp_gain":0.0,"max_hp_loss":0.0,"gold_gain":100.0,"event_name":"Golden Shrine","player_choice":"Pray","floor":5.0,"gold_loss":0.0,"damage_taken":0.0},{"damage_healed":0,"gold_gain":90,"player_choice":"GOLD ","damage_taken":12,"max_hp_gain":0,"max_hp_loss":0,"event_name":"Knowing Skull","floor":21,"potions_obtained":[],"gold_loss":0,"cards_obtained":[]}],"is_beta":false,"boss_relics":[{"not_picked":["Busted Crown","Black Star"],"picked":"Snecko Eye"}],"items_purged_floors":[19,24],"is_endless":false,"potions_floor_spawned":[1,8,10,11,13,14,16,18,20,22],"killed_by":"Slavers","ascension_level":4}}