{"host":"qfskrnw3pl1q86j0","time":1611935402,"event":{"mods":["BaseMod","Block Reminder","Hermit","Marisa????????","Minty Spire (QoL Compilation)","Quick Restart","Random Character Button","Relic Stats","StSLib","The Poker Player","slay the spire mod where everything is the same but ironclad has a cowboy hat"],"gold_per_floor":[118,138,11,21,21,21,46,46,46,46,46,80,103,3,3,117,117,139,163,14,14,113,113,125,142,142,142,171,200,200,105,105,213,213,239,239,254,265,265,265,275,275,275,288,306,215,230,230,230,230],"floor_reached":51,"language":"ENG","playtime":1470,"items_purged":["Strike_P","Strike_P","Strike_P","Strike_P"],"score":809,"play_id":"1ac43b17-66ab-47eb-b0d1-f892257abd25","local_time":"20210129165002","is_ascension_mode":false,"campfire_choices":[{"data":"CrushJoints","floor":6.0,"key":"SMITH"},{"data":"Vigilance","floor":8.0,"key":"SMITH"},{"data":"EmptyFist","floor":15,"key":"SMITH"},{"data":"WindmillStrike","floor":23,"key":"SMITH"},{"data":"Vault","floor":27,"key":"SMITH"},{"data":"FearNoEvil","floor":30,"key":"SMITH"},{"data":"CutThroughFate","floor":32,"key":"SMITH"},{"data":"FlurryOfBlows","floor":40,"key":"SMITH"},{"data":"Halt","floor":42,"key":"SMITH"},{"data":"EmptyBody","floor":49,"key":"SMITH"}],"circlet_count":0,"master_deck":["Defend_P","Defend_P","Defend_P","Eruption+1","Vigilance+1","CrushJoints+1","FlurryOfBlows+1","Evaluate+1","CutThroughFate+1","FearNoEvil+1","EmptyFist+1","Vault+1","DeceiveReality+1","WindmillStrike+1","Halt+1","Protect+1","BattleHymn","Judgement","Vengeance+1","EmptyBody+1"],"relics":["PureWater","StrikeDummy","CeramicFish","Omamori","Coffee Dripper","Membership Card","MutagenicStrength","Molten Egg 2","Busted Crown","Yang"],"acts_visited":["Exordium","TheCity","TheBeyond"],"potions_floor_usage":[16,41,50],"damage_taken":[{"damage":1.0,"enemies":"2 Louse","floor":1.0,"turns":2.0},{"damage":2.0,"enemies":"Small Slimes","floor":2.0,"turns":3.0},{"damage":0.0,"enemies":"Cultist","floor":4.0,"turns":2.0},{"damage":21.0,"enemies":"Lagavulin","floor":7.0,"turns":7.0},{"damage":8,"enemies":"3 Sentries","floor":12,"turns":4},{"damage":0,"enemies":"Red Slaver","floor":13,"turns":2},{"damage":0,"enemies":"Slime Boss","floor":16,"turns":3},{"damage":0,"enemies":"Chosen","floor":18,"turns":3},{"damage":0,"enemies":"3 Byrds","floor":19,"turns":5},{"damage":0,"enemies":"Snecko","floor":24,"turns":4},{"damage":0,"enemies":"Shelled Parasite and Fungi","floor":25,"turns":4},{"damage":5,"enemies":"Chosen and Byrds","floor":28,"turns":4},{"damage":0,"enemies":"Snake Plant","floor":29,"turns":2},{"damage":9,"enemies":"Automaton","floor":33,"turns":8},{"damage":0,"enemies":"3 Shapes","floor":35,"turns":3},{"damage":5,"enemies":"Orb Walker","floor":37,"turns":3},{"damage":0,"enemies":"3 Darklings","floor":38,"turns":4},{"damage":32,"enemies":"Writhing Mass","floor":41,"turns":6},{"damage":0,"enemies":"Maw","floor":44,"turns":8},{"damage":0,"enemies":"4 Shapes","floor":45,"turns":5},{"damage":0,"enemies":"Spire Growth","floor":47,"turns":3},{"damage":3,"enemies":"Donu and Deca","floor":50,"turns":10}],"seed_played":"4645960383039625659","potions_obtained":[{"floor":4.0,"key":"GamblersBrew"},{"floor":13,"key":"CultistPotion"},{"floor":16,"key":"SkillPotion"},{"floor":19,"key":"BottledMiracle"},{"floor":44,"key":"PowerPotion"}],"is_trial":false,"path_per_floor":["M","M","$","M","?","R","E","R","T","?","?","E","M","$","R","B",null,"M","M","$","?","?","R","M","M","T","R","M","M","R","$","R","B",null,"M","?","M","M","?","R","M","R","T","M","M","$","M","?","R","B",null],"character_chosen":"WATCHER","items_purchased":["Evaluate","Membership Card","BattleHymn","EmptyBody"],"campfire_rested":0,"item_purchase_floors":[3,20,31,46],"current_hp_per_floor":[71,69,69,69,69,69,48,48,48,48,48,40,40,40,40,40,72,72,72,72,72,72,72,72,72,72,72,67,67,67,67,67,58,72,72,72,67,67,67,67,35,35,35,35,35,35,35,35,35,32],"gold":230,"neow_bonus":"UPGRADE_CARD","is_daily":false,"chose_seed":false,"campfire_upgraded":10,"win_rate":0.0,"timestamp":1611935402,"path_taken":["M","M","$","M","?","R","E","R","T","?","?","E","M","?","R","BOSS","M","?","?","?","?","R","M","M","T","R","M","?","R","$","R","BOSS","M","?","M","M","?","R","M","R","T","M","M","$","M","?","R","BOSS"],"items_purchased_type":["Card","Relic","Card","Card"],"build_version":"2020-12-22","purchased_purges":4,"victory":true,"max_hp_per_floor":[72,72,72,72,72,72,72,72,72,72,72,72,72,72,72,72,72,72,72,72,72,72,72,72,72,72,72,72,72,72,72,72,72,72,72,72,72,72,72,72,72,72,72,72,72,72,72,68,68,68],"relic_stats":{"Busted Crown":14,"counters":[22,95],"CeramicFish":99,"Yang":[64],"obtain_stats":[{"Busted Crown":34,"CeramicFish":9,"MutagenicStrength":21,"Molten Egg 2":26,"Yang":43,"Omamori":12,"Coffee Dripper":17,"Membership Card":20,"PureWater":0,"StrikeDummy":7},{"Busted Crown":14,"CeramicFish":4,"MutagenicStrength":9,"Molten Egg 2":11,"Yang":18,"Omamori":5,"Coffee Dripper":7,"Membership Card":9,"PureWater":0,"StrikeDummy":4},{"Busted Crown":53,"CeramicFish":14,"MutagenicStrength":31,"Molten Egg 2":39,"Yang":69,"Omamori":18,"Coffee Dripper":23,"Membership Card":31,"PureWater":0,"StrikeDummy":14}]},"card_choices":[{"not_picked":["SignatureMove","Fasting2"],"picked":"CrushJoints","floor":1.0},{"not_picked":["Crescendo","PathToVictory"],"picked":"FlurryOfBlows","floor":2.0},{"not_picked":["Wireheading","Study","Wallop"],"picked":"SKIP","floor":4.0},{"not_picked":["Nirvana","ReachHeaven"],"picked":"CutThroughFate","floor":7.0},{"not_picked":["EmptyFist","MentalFortress"],"picked":"FearNoEvil","floor":12},{"not_picked":["BowlingBash","Conclude"],"picked":"EmptyFist","floor":13},{"not_picked":["Devotion","Blasphemy"],"picked":"Vault","floor":16},{"not_picked":["Evaluate","Pray+1"],"picked":"DeceiveReality+1","floor":18},{"not_picked":["FlyingSleeves","Halt"],"picked":"WindmillStrike","floor":19},{"not_picked":["FlurryOfBlows+1","ClearTheMind","Protect"],"picked":"SKIP","floor":24},{"not_picked":["CutThroughFate","PathToVictory","Blasphemy"],"picked":"SKIP","floor":25},{"not_picked":["JustLucky+1","TalkToTheHand+1"],"picked":"Halt","floor":28},{"not_picked":["ClearTheMind","Conclude+1"],"picked":"Protect+1","floor":29},{"not_picked":["Brilliance+1","ConjureBlade"],"picked":"Judgement","floor":33},{"not_picked":[],"picked":"Vengeance+1","floor":35},{"not_picked":["CrushJoints+1"],"picked":"SKIP","floor":37},{"not_picked":["InnerPeace+1"],"picked":"SKIP","floor":38},{"not_picked":["Collect+1"],"picked":"SKIP","floor":41},{"not_picked":["Collect+1"],"picked":"SKIP","floor":44},{"not_picked":["CrushJoints+1"],"picked":"SKIP","floor":45},{"not_picked":["WindmillStrike+1"],"picked":"SKIP","floor":47}],"player_experience":1018034,"relics_obtained":[{"floor":7.0,"key":"StrikeDummy"},{"floor":9.0,"key":"CeramicFish"},{"floor":12,"key":"Omamori"},{"floor":26,"key":"Molten Egg 2"},{"floor":43,"key":"Yang"}],"event_choices":[{"damage_healed":0.0,"max_hp_gain":0.0,"max_hp_loss":0.0,"gold_gain":0.0,"event_name":"Liars Game","player_choice":"Ignored","floor":5.0,"gold_loss":0.0,"damage_taken":0.0},{"damage_healed":0.0,"max_hp_gain":0.0,"max_hp_loss":0.0,"gold_gain":0.0,"event_name":"Living Wall","player_choice":"Grow","floor":10.0,"gold_loss":0.0,"damage_taken":0.0,"cards_upgraded":["Evaluate"]},{"damage_healed":0,"gold_gain":0,"player_choice":"Searched \u00270\u0027 times","damage_taken":0,"max_hp_gain":0,"max_hp_loss":0,"event_name":"Dead Adventurer","floor":11,"gold_loss":0},{"damage_healed":0,"gold_gain":0,"player_choice":"Inject Mutagens","damage_taken":0,"relics_obtained":["MutagenicStrength"],"max_hp_gain":0,"max_hp_loss":0,"event_name":"Drug Dealer","floor":21,"gold_loss":0},{"damage_healed":0,"gold_gain":99,"player_choice":"Stole From Cult","damage_taken":0,"max_hp_gain":0,"max_hp_loss":0,"event_name":"Nest","floor":22,"gold_loss":0},{"damage_healed":0,"gold_gain":0,"player_choice":"Ignored","damage_taken":0,"max_hp_gain":0,"max_hp_loss":0,"event_name":"Mysterious Sphere","floor":36,"gold_loss":0},{"cards_removed":["Defend_P"],"damage_healed":0,"gold_gain":0,"player_choice":"Removed Skill","damage_taken":0,"max_hp_gain":0,"max_hp_loss":0,"event_name":"Falling","floor":39,"gold_loss":0},{"damage_healed":0,"gold_gain":0,"player_choice":"Max HP","damage_taken":0,"max_hp_gain":0,"max_hp_loss":4,"event_name":"Winding Halls","floor":48,"gold_loss":0}],"is_beta":false,"boss_relics":[{"not_picked":["Ectoplasm","Velvet Choker"],"picked":"Coffee Dripper"},{"not_picked":["SlaversCollar","Runic Pyramid"],"picked":"Busted Crown"}],"items_purged_floors":[3,14,31,46],"is_endless":false,"potions_floor_spawned":[4,13,16,19,24,28,33,35,44,45],"ascension_level":0}}