{"host":"mku5fdaoqz3qihec","time":1611960583,"event":{"mods":["100% Spire Juice","2.2 Compatiblity","AchievementEnabler","Arknights The Spire","BaseMod","CapriCore","Colored Map","Colored Powertips","Hermit","Koishi","Minty Spire (QoL Compilation)","Rare Cards Sparkle","StSLib","SuperFastMode","The Cursed","The Dragon Tamer","The Gatherer","The Immortal","The Servant 0.9.3"],"gold_per_floor":[178,49,49,147,222,251,11,11,11,39,39,53,53,64,64,160,160,190,70,128,142,17,17,17,36,116,116,130,54,69,100,100,200,200,219,30,0,15,34,65,65,80,106,106,16,16,47,59,59,59],"floor_reached":51,"language":"KOR","playtime":1255,"items_purged":["Moonworks:Strike","Moonworks:Strike","Moonworks:LongDistanceShot","Moonworks:Defend","Moonworks:CloudOfSeagulls"],"score":831,"play_id":"ef74a654-6368-424f-95f3-b4b0ccb6d245","local_time":"20210130074943","is_ascension_mode":false,"campfire_choices":[{"data":"Moonworks:Strike","floor":7,"key":"PURGE"},{"data":"Moonworks:Strike","floor":11,"key":"PURGE"},{"floor":15,"key":"REST"},{"data":"Moonworks:CloudOfSeagulls","floor":23,"key":"SMITH"},{"floor":32,"key":"REST"},{"floor":44,"key":"REST"},{"data":"Moonworks:ReflectiveShell","floor":46,"key":"SMITH"},{"data":"Moonworks:JonathanRush","floor":49,"key":"PURGE"}],"circlet_count":0,"master_deck":["Moonworks:Defend","Moonworks:Defend","Moonworks:CrystalBarrier+1","Moonworks:JonathanRush+1","Moonworks:CloudOfSeagulls","Moonworks:JonathanRush","Moonworks:CloudOfSeagulls+1","Moonworks:NicePresent","Moonworks:Wanted","Moonworks:OutOfAmmo+1","Moonworks:JonathanRush+1","Moonworks:ReflectiveShell+1","Moonworks:ImOnFire+1","Moonworks:TreasureThief+1","Moonworks:Flamethrower+1","Moonworks:NicePresent+1","Moonworks:JonathanRush+1","Moonworks:Dash+1","Moonworks:EvilSpyWorkPreparation+1"],"relics":["Moonworks:SBBomb","Moonworks:Homemark","Peace Pipe","Lizard Tail","Matryoshka","StrikeDummy","Sozu","Kunai","Membership Card","Toxic Egg 2","Bottled Lightning","MutagenicStrength","Regal Pillow","Calipers","Anchor","Red Mask","Eternal Feather","Juzu Bracelet","Smiling Mask","Blood Vial"],"acts_visited":["Exordium","TheCity","TheBeyond"],"potions_floor_usage":[16,25],"damage_taken":[{"damage":12,"enemies":"Small Slimes","floor":1,"turns":4},{"damage":28,"enemies":"3 Sentries","floor":6,"turns":9},{"damage":8,"enemies":"Lagavulin","floor":10,"turns":5},{"damage":13,"enemies":"Jaw Worm","floor":12,"turns":3},{"damage":9,"enemies":"2 Louse","floor":14,"turns":3},{"damage":17,"enemies":"The Guardian","floor":16,"turns":7},{"damage":14,"enemies":"2 Thieves","floor":18,"turns":4},{"damage":0,"enemies":"Chosen","floor":21,"turns":5},{"damage":2,"enemies":"Sentry and Sphere","floor":25,"turns":3},{"damage":27,"enemies":"Snake Plant","floor":28,"turns":3},{"damage":22,"enemies":"Centurion and Healer","floor":30,"turns":6},{"damage":21,"enemies":"Gremlin Leader","floor":31,"turns":4},{"damage":14,"enemies":"Automaton","floor":33,"turns":6},{"damage":9,"enemies":"3 Shapes","floor":35,"turns":4},{"damage":5,"enemies":"Orb Walker","floor":38,"turns":3},{"damage":17,"enemies":"Jaw Worm Horde","floor":39,"turns":3},{"damage":14,"enemies":"Reptomancer","floor":40,"turns":4},{"damage":0,"enemies":"Transient","floor":42,"turns":5},{"damage":0,"enemies":"Giant Head","floor":47,"turns":3},{"damage":0,"enemies":"3 Darklings","floor":48,"turns":3},{"damage":24,"enemies":"Time Eater","floor":50,"turns":6}],"seed_played":"2595932595198075007","potions_obtained":[{"floor":12,"key":"BlessingOfTheForge"},{"floor":16,"key":"Swift Potion"}],"is_trial":false,"path_per_floor":["M","$","?","$","?","E","R","?","T","E","R","M","?","M","R","B",null,"M","?","$","M","$","R","?","M","T","?","M","$","M","E","R","B",null,"M","$","?","M","M","E","?","M","T","R","?","R","E","M","R","B",null],"character_chosen":"THE_STARBREAKER","items_purchased":["Moonworks:CloudOfSeagulls","Moonworks:JonathanRush","Moonworks:CloudOfSeagulls","Kunai","Moonworks:CloudOfSeagulls","Membership Card","Moonworks:JonathanRush","Moonworks:CloudOfSeagulls","Regal Pillow","Anchor","Moonworks:NicePresent+1"],"campfire_rested":3,"item_purchase_floors":[2,4,4,20,20,22,22,22,29,36,36],"current_hp_per_floor":[42,42,47,47,36,8,8,29,29,21,21,28,28,19,36,19,59,45,45,45,45,45,45,45,43,43,43,16,16,37,16,48,34,59,50,50,50,45,28,14,14,14,14,58,58,59,59,59,59,35],"gold":59,"neow_bonus":"THREE_RARE_CARDS","is_daily":false,"chose_seed":true,"campfire_upgraded":2,"win_rate":0.0,"timestamp":1611960583,"path_taken":["M","$","?","$","?","E","R","?","T","E","R","M","?","M","R","BOSS","M","?","$","M","$","R","?","M","T","?","M","$","M","E","R","BOSS","M","$","?","M","M","E","?","?","T","R","?","R","E","M","R","BOSS"],"items_purchased_type":["Card","Card","Card","Relic","Card","Relic","Card","Card","Relic","Relic","Card"],"build_version":"2020-12-22","purchased_purges":5,"victory":true,"max_hp_per_floor":[54,54,59,59,59,59,59,59,59,59,59,59,59,59,59,59,59,59,59,59,59,59,59,59,59,59,59,59,59,59,59,59,59,59,59,59,59,59,59,59,59,59,59,59,59,59,59,59,59,59],"card_choices":[{"not_picked":["Moonworks:WeAreWaruda","Moonworks:Gamble"],"picked":"Moonworks:CrystalBarrier","floor":0},{"not_picked":["Moonworks:LulusLuckyEgg","Moonworks:SelfDestruct"],"picked":"Moonworks:JonathanRush","floor":1},{"not_picked":["Moonworks:IndiscriminateFireSupport","Moonworks:TacticalRetreat","Moonworks:Assault"],"picked":"SKIP","floor":6},{"not_picked":["Moonworks:Assault","Moonworks:SealedMemories","Moonworks:BindingChains"],"picked":"SKIP","floor":10},{"not_picked":["Moonworks:CookingTime","Moonworks:DevilHand"],"picked":"Moonworks:NicePresent","floor":12},{"not_picked":["Moonworks:Flamethrower","Moonworks:BigMagnum"],"picked":"Moonworks:Wanted","floor":14},{"not_picked":["Moonworks:FinalBattle","Moonworks:Blazing"],"picked":"Moonworks:OutOfAmmo","floor":16},{"not_picked":["Moonworks:DeployBits+1","Moonworks:LulusLuckyEgg+1","Moonworks:Assault"],"picked":"SKIP","floor":18},{"not_picked":["Moonworks:IndiscriminateFireSupport+1","Moonworks:CloudOfSeagulls"],"picked":"Moonworks:JonathanRush+1","floor":21},{"not_picked":["Moonworks:EvilSpyWorkPreparation+1","Moonworks:ForcedRevival","Moonworks:BigMagnum"],"picked":"SKIP","floor":25},{"not_picked":["Moonworks:ImOnFire+1","Moonworks:LuckyCharm+1"],"picked":"Moonworks:ReflectiveShell","floor":28},{"not_picked":["Moonworks:SelfDestruct+1","Moonworks:BigMagnum+1"],"picked":"Moonworks:ImOnFire+1","floor":30},{"not_picked":["Moonworks:IndiscriminateFireSupport","Moonworks:LuckyCharm+1"],"picked":"Moonworks:TreasureThief+1","floor":31},{"not_picked":["Moonworks:ImOnFire+1","Moonworks:JonathanRush"],"picked":"Moonworks:Flamethrower+1","floor":35},{"not_picked":["Moonworks:BigMagnum+1","Moonworks:Assault"],"picked":"Moonworks:JonathanRush+1","floor":38},{"not_picked":["Moonworks:AwakeningOfTalent+1","Moonworks:DeployBits+1","Moonworks:Assault+1"],"picked":"SKIP","floor":39},{"not_picked":["Moonworks:Poppoformation+1","Moonworks:IndiscriminateFireSupport+1","Moonworks:UnpaidWork+1"],"picked":"SKIP","floor":40},{"not_picked":["Moonworks:EvilSpyWorkPreparation+1","Moonworks:ExtendedPhotonRifle"],"picked":"Moonworks:Dash+1","floor":42},{"not_picked":["Moonworks:JonathanRush","Moonworks:ImOnFire+1","Moonworks:LulusLuckyEgg+1"],"picked":"SKIP","floor":47},{"not_picked":["Moonworks:JonathanRush","Moonworks:ImOnFire+1","Moonworks:LulusLuckyEgg+1"],"picked":"SKIP","floor":47},{"not_picked":["Moonworks:CompletionReward","Moonworks:ImOnFire+1"],"picked":"Moonworks:EvilSpyWorkPreparation+1","floor":48}],"player_experience":308318,"relics_obtained":[{"floor":6,"key":"Peace Pipe"},{"floor":9,"key":"Matryoshka"},{"floor":10,"key":"StrikeDummy"},{"floor":26,"key":"Toxic Egg 2"},{"floor":26,"key":"Bottled Lightning"},{"floor":31,"key":"Calipers"},{"floor":40,"key":"Eternal Feather"},{"floor":43,"key":"Juzu Bracelet"},{"floor":43,"key":"Smiling Mask"},{"floor":47,"key":"Blood Vial"}],"event_choices":[{"damage_healed":0,"gold_gain":0,"player_choice":"Donut","damage_taken":0,"max_hp_gain":5,"max_hp_loss":0,"event_name":"Big Fish","floor":3,"gold_loss":0},{"damage_healed":0,"gold_gain":75,"player_choice":"Gather Gold","damage_taken":11,"max_hp_gain":0,"max_hp_loss":0,"event_name":"World of Goop","floor":5,"gold_loss":0},{"damage_healed":0,"gold_gain":0,"player_choice":"Entered Light","damage_taken":12,"max_hp_gain":0,"max_hp_loss":0,"event_name":"Shining Light","floor":8,"gold_loss":0,"cards_upgraded":["Moonworks:JonathanRush","Moonworks:CrystalBarrier"]},{"cards_removed":["Moonworks:Ambush"],"damage_healed":0,"gold_gain":0,"player_choice":"Forget","damage_taken":0,"max_hp_gain":0,"max_hp_loss":0,"event_name":"Living Wall","floor":13,"gold_loss":0},{"damage_healed":0,"gold_gain":0,"player_choice":"Ignored","damage_taken":0,"max_hp_gain":0,"max_hp_loss":0,"event_name":"Ghosts","floor":19,"gold_loss":0},{"cards_removed":["Moonworks:CloudOfSeagulls"],"damage_healed":0,"gold_gain":0,"player_choice":"Elegance","damage_taken":0,"max_hp_gain":0,"max_hp_loss":0,"event_name":"Back to Basics","floor":24,"gold_loss":0},{"damage_healed":0,"gold_gain":0,"player_choice":"Inject Mutagens","damage_taken":0,"relics_obtained":["MutagenicStrength"],"max_hp_gain":0,"max_hp_loss":0,"event_name":"Drug Dealer","floor":27,"gold_loss":0},{"damage_healed":0,"gold_gain":0,"player_choice":"Paid","damage_taken":0,"relics_obtained":["Red Mask"],"max_hp_gain":0,"max_hp_loss":0,"event_name":"Tomb of Lord Red Mask","floor":37,"gold_loss":30},{"damage_healed":0,"gold_gain":0,"player_choice":"Got Potions","damage_taken":0,"max_hp_gain":0,"max_hp_loss":0,"event_name":"Lab","floor":41,"gold_loss":0},{"cards_removed":["Moonworks:Defend"],"damage_healed":0,"gold_gain":0,"player_choice":"Upgrade and Remove","damage_taken":0,"max_hp_gain":0,"max_hp_loss":0,"event_name":"Designer","floor":45,"gold_loss":90,"cards_upgraded":["Moonworks:OutOfAmmo"]}],"is_beta":false,"boss_relics":[{"not_picked":["Ectoplasm","Fusion Hammer"],"picked":"Sozu"},{"not_picked":["Black Star","SacredBark"],"picked":"Moonworks:SBBomb"}],"items_purged_floors":[2,4,20,22,36],"is_endless":false,"potions_floor_spawned":[12,16,21,33,38,47],"ascension_level":0}}