{"host":"zrwwt1jjq0fpdjej","time":1611915108,"event":{"mods":["AchievementEnabler","BaseMod","Colored Map","Minty Spire (QoL Compilation)","StSLib","SuperFastMode"],"gold_per_floor":[111,121,121,137,152,182,182,213,236,236,265,284,295,305,305,404,404,420,420,437,437,454,454,487,487,513,539,551,186,202,102,102,204,204,218,237,237,39,39,69,82,96,96,131,158,169,169,201,201,201],"floor_reached":51,"language":"KOR","playtime":3164,"items_purged":["Defend_G","Defend_G","Defend_G"],"score":1440,"play_id":"3ce93b8f-6c03-4516-9093-05500be1d314","local_time":"20210129191148","is_ascension_mode":true,"campfire_choices":[{"floor":7.0,"key":"REST"},{"data":"Caltrops","floor":10.0,"key":"SMITH"},{"data":"Finisher","floor":15.0,"key":"SMITH"},{"data":"Venomology","floor":23.0,"key":"SMITH"},{"data":"After Image","floor":25.0,"key":"SMITH"},{"data":"Accuracy","floor":32.0,"key":"SMITH"},{"data":"Night Terror","floor":47,"key":"SMITH"},{"data":"Wraith Form v2","floor":49,"key":"SMITH"}],"circlet_count":0,"master_deck":["Survivor","Neutralize","Caltrops+1","Blur","Blade Dance","Infinite Blades","All Out Attack","Blade Dance","Finisher+1","Acrobatics","Cloak And Dagger","All Out Attack","Venomology+1","Bite","Bite","Bite","Bite","Bite","Ghostly","Ghostly","Ghostly","Ghostly","Ghostly","Acrobatics","After Image+1","Blade Dance+1","Accuracy+1","PiercingWail","Wraith Form v2+1","Terror+1","Slice+1","Doppelganger","Infinite Blades+1","Backstab+1","Footwork","Cloak And Dagger+1","Backflip+1","Night Terror+1","Accuracy"],"relics":["Philosopher\u0027s Stone","Pen Nib","PreservedInsect","MealTicket","Strawberry","Empty Cage","Mango","Regal Pillow","MawBank","Bronze Scales","Orrery","Coffee Dripper","Turnip","Orichalcum","CeramicFish","Bag of Preparation"],"acts_visited":["TheCity","TheBeyond"],"potions_floor_usage":[46,50,50],"damage_taken":[{"damage":3.0,"enemies":"Jaw Worm","floor":1.0,"turns":4.0},{"damage":1.0,"enemies":"Cultist","floor":2.0,"turns":4.0},{"damage":1.0,"enemies":"2 Louse","floor":4.0,"turns":3.0},{"damage":0.0,"enemies":"Looter","floor":5.0,"turns":3.0},{"damage":30.0,"enemies":"Gremlin Nob","floor":6.0,"turns":5.0},{"damage":7.0,"enemies":"3 Sentries","floor":8.0,"turns":4.0},{"damage":2.0,"enemies":"Gremlin Nob","floor":11.0,"turns":3.0},{"damage":9.0,"enemies":"Blue Slaver","floor":12.0,"turns":3.0},{"damage":7.0,"enemies":"Exordium Thugs","floor":13.0,"turns":3.0},{"damage":6.0,"enemies":"Gremlin Gang","floor":14.0,"turns":4.0},{"damage":0.0,"enemies":"Hexaghost","floor":16.0,"turns":7.0},{"damage":20.0,"enemies":"Shell Parasite","floor":18.0,"turns":5.0},{"damage":0.0,"enemies":"Spheric Guardian","floor":20.0,"turns":3.0},{"damage":16.0,"enemies":"Shelled Parasite and Fungi","floor":22.0,"turns":6.0},{"damage":0.0,"enemies":"Gremlin Leader","floor":24.0,"turns":4.0},{"damage":11.0,"enemies":"Slavers","floor":27.0,"turns":4.0},{"damage":7.0,"enemies":"3 Cultists","floor":30.0,"turns":5.0},{"damage":0.0,"enemies":"Automaton","floor":33.0,"turns":6.0},{"damage":0.0,"enemies":"3 Shapes","floor":35.0,"turns":3.0},{"damage":0.0,"enemies":"Orb Walker","floor":36.0,"turns":4.0},{"damage":0.0,"enemies":"Reptomancer","floor":40.0,"turns":6.0},{"damage":0.0,"enemies":"4 Shapes","floor":41.0,"turns":3.0},{"damage":0.0,"enemies":"Jaw Worm Horde","floor":42.0,"turns":4.0},{"damage":0.0,"enemies":"Nemesis","floor":44.0,"turns":5.0},{"damage":0,"enemies":"Transient","floor":45,"turns":5},{"damage":12,"enemies":"Spire Growth","floor":46,"turns":5},{"damage":6,"enemies":"Reptomancer","floor":48,"turns":4},{"damage":4,"enemies":"Time Eater","floor":50,"turns":8}],"seed_played":"-4041565261636407345","potions_obtained":[{"floor":1.0,"key":"CunningPotion"},{"floor":4.0,"key":"SneckoOil"},{"floor":13.0,"key":"EntropicBrew"},{"floor":14.0,"key":"BlessingOfTheForge"},{"floor":18.0,"key":"Ancient Potion"},{"floor":24.0,"key":"Poison Potion"},{"floor":27.0,"key":"SteroidPotion"},{"floor":40.0,"key":"GhostInAJar"},{"floor":42.0,"key":"Swift Potion"},{"floor":44.0,"key":"ColorlessPotion"}],"is_trial":false,"path_per_floor":["M","M","?","M","M","E","R","E","T","R","E","M","M","M","R","B",null,"M","?","M","?","M","R","E","R","T","E","?","$","M","$","R","B",null,"M","M","?","$","?","E","M","M","T","E","M","M","R","E","R","B",null],"character_chosen":"THE_SILENT","items_purchased":["Bronze Scales","Orrery","Footwork"],"campfire_rested":1,"item_purchase_floors":[29,29,38],"current_hp_per_floor":[60,59,59,58,58,28,49,42,42,42,47,38,31,25,25,25,64,44,44,48,26,16,16,38,38,38,29,24,39,40,45,45,45,45,45,45,45,45,45,45,45,45,45,45,45,37,37,37,37,43],"gold":201,"neow_bonus":"BOSS_RELIC","is_daily":false,"chose_seed":false,"campfire_upgraded":7,"win_rate":0.0,"timestamp":1611915108,"path_taken":["M","M","?","?","M","E","R","E","T","R","E","M","M","M","R","BOSS","M","?","M","?","M","R","E","R","T","E","?","$","?","$","R","BOSS","M","M","?","$","?","E","M","?","T","E","?","M","R","E","R","BOSS"],"items_purchased_type":["Relic","Relic","Card"],"build_version":"2020-12-22","purchased_purges":3,"victory":true,"max_hp_per_floor":[70,70,70,70,70,70,70,70,70,70,77,77,77,77,77,77,77,77,53,53,26,26,26,40,40,40,40,45,45,45,45,45,45,45,45,45,45,45,45,45,45,45,45,45,45,45,45,45,45,45],"card_choices":[{"not_picked":["Skewer","Dodge and Roll"],"picked":"Caltrops","floor":1.0},{"not_picked":["Slice","Outmaneuver"],"picked":"Blur","floor":2.0},{"not_picked":["Dagger Throw","Flying Knee"],"picked":"Blade Dance","floor":4.0},{"not_picked":["Calculated Gamble","Poisoned Stab"],"picked":"Infinite Blades","floor":5.0},{"not_picked":["Dodge and Roll","Flying Knee"],"picked":"All Out Attack","floor":6.0},{"not_picked":["Poisoned Stab","Crippling Poison"],"picked":"Blade Dance","floor":8.0},{"not_picked":["Endless Agony","Crippling Poison"],"picked":"Finisher","floor":11.0},{"not_picked":["Corpse Explosion","Escape Plan"],"picked":"Acrobatics","floor":12.0},{"not_picked":["Deflect","Endless Agony"],"picked":"Cloak And Dagger","floor":13.0},{"not_picked":["Bane","Terror"],"picked":"All Out Attack","floor":14.0},{"not_picked":["Envenom","Wraith Form v2"],"picked":"Venomology","floor":16.0},{"not_picked":["Slice","Underhanded Strike","Predator"],"picked":"SKIP","floor":18.0},{"not_picked":["Underhanded Strike","Distraction","Catalyst"],"picked":"SKIP","floor":20.0},{"not_picked":["Quick Slash","Calculated Gamble"],"picked":"Acrobatics","floor":22.0},{"not_picked":["Quick Slash+1","Glass Knife"],"picked":"After Image","floor":24.0},{"not_picked":["Slice","Dagger Throw","Catalyst"],"picked":"SKIP","floor":27.0},{"not_picked":["Sucker Punch","Dodge and Roll"],"picked":"Blade Dance+1","floor":29.0},{"not_picked":["Acrobatics","Poisoned Stab"],"picked":"Accuracy","floor":29.0},{"not_picked":["Flying Knee","Slice"],"picked":"PiercingWail","floor":29.0},{"not_picked":["Deflect","Bane"],"picked":"Wraith Form v2","floor":29.0},{"not_picked":["Crippling Poison+1","Blade Dance"],"picked":"Terror+1","floor":29.0},{"not_picked":["Terror+1","Acrobatics"],"picked":"Slice+1","floor":30.0},{"not_picked":["Tools of the Trade","Corpse Explosion"],"picked":"Doppelganger","floor":33.0},{"not_picked":["Deadly Poison+1","Deflect"],"picked":"Infinite Blades+1","floor":35.0},{"not_picked":["Outmaneuver","PiercingWail"],"picked":"Backstab+1","floor":36.0},{"not_picked":["Endless Agony","Sucker Punch"],"picked":"Cloak And Dagger+1","floor":40.0},{"not_picked":["Prepared","Endless Agony+1","Bane+1"],"picked":"SKIP","floor":41.0},{"not_picked":["Bane+1","Cloak And Dagger+1"],"picked":"Backflip+1","floor":42.0},{"not_picked":["Acrobatics","Poisoned Stab+1"],"picked":"Night Terror","floor":44.0},{"not_picked":["Backflip","Escape Plan+1"],"picked":"Accuracy","floor":45},{"not_picked":["Acrobatics","Dagger Throw+1","Catalyst+1"],"picked":"SKIP","floor":46},{"not_picked":["Setup","PiercingWail","Acrobatics"],"picked":"SKIP","floor":48}],"player_experience":231671,"relics_obtained":[{"floor":6.0,"key":"PreservedInsect"},{"floor":8.0,"key":"MealTicket"},{"floor":11.0,"key":"Strawberry"},{"floor":24.0,"key":"Mango"},{"floor":26.0,"key":"Regal Pillow"},{"floor":27.0,"key":"MawBank"},{"floor":40.0,"key":"Turnip"},{"floor":43.0,"key":"Orichalcum"},{"floor":44.0,"key":"CeramicFish"},{"floor":48,"key":"Bag of Preparation"}],"event_choices":[{"damage_healed":0.0,"max_hp_gain":0.0,"max_hp_loss":0.0,"gold_gain":0.0,"event_name":"WeMeetAgain","player_choice":"Gave Potion","floor":3.0,"gold_loss":0.0,"damage_taken":0.0,"relics_obtained":["Pen Nib"]},{"damage_healed":0.0,"max_hp_gain":0.0,"max_hp_loss":24.0,"gold_gain":0.0,"event_name":"Vampires","player_choice":"Became a vampire","floor":19.0,"gold_loss":0.0,"damage_taken":0.0,"cards_obtained":["Bite","Bite","Bite","Bite","Bite"]},{"damage_healed":0.0,"max_hp_gain":0.0,"max_hp_loss":27.0,"gold_gain":0.0,"event_name":"Ghosts","player_choice":"Became a Ghost","floor":21.0,"gold_loss":0.0,"damage_taken":0.0,"cards_obtained":["Ghostly","Ghostly","Ghostly","Ghostly","Ghostly"]},{"damage_healed":0.0,"max_hp_gain":5.0,"max_hp_loss":0.0,"gold_gain":0.0,"event_name":"Forgotten Altar","player_choice":"Shed Blood","floor":28.0,"gold_loss":0.0,"damage_taken":10.0},{"damage_healed":0.0,"max_hp_gain":0.0,"max_hp_loss":0.0,"gold_gain":0.0,"event_name":"Tomb of Lord Red Mask","player_choice":"Ignored","floor":37.0,"gold_loss":0.0,"damage_taken":0.0},{"cards_removed":["Defend_G"],"damage_healed":0.0,"max_hp_gain":0.0,"max_hp_loss":0.0,"gold_gain":0.0,"event_name":"Purifier","player_choice":"Purged","floor":39.0,"gold_loss":0.0,"damage_taken":0.0}],"is_beta":false,"boss_relics":[{"not_picked":["Snecko Eye","Runic Pyramid"],"picked":"Empty Cage"},{"not_picked":["Busted Crown","SlaversCollar"],"picked":"Coffee Dripper"}],"items_purged_floors":[29,31,38],"is_endless":false,"potions_floor_spawned":[1,4,13,14,18,24,27,30,36,40,42,44],"ascension_level":9}}