{"host":"vm3f1ccwgbs4oygt","time":1611932979,"event":{"mods":["BaseMod","BetterRewards","Colored Powertips","Minty Spire (QoL Compilation)","Permanent Neow","Shop Mod","StSLib"],"gold_per_floor":[115,129,129,143,157,157,174,174,174,185,195,195,225,240,240,342,342,357,272,75,92,105,105,135,135,135,135,135],"floor_reached":27,"language":"ENG","playtime":19566,"items_purged":["Strike_R"],"score":273,"play_id":"5b0f0353-0397-4fed-b980-0a05228b9fd2","local_time":"20210129160939","is_ascension_mode":true,"campfire_choices":[{"data":"Inflame","floor":6,"key":"SMITH"},{"data":"Clothesline","floor":8,"key":"SMITH"},{"floor":15,"key":"REST"},{"data":"True Grit","floor":23,"key":"SMITH"},{"floor":25,"key":"REST"}],"circlet_count":0,"master_deck":["Strike_R","Strike_R","Strike_R","Defend_R","Defend_R","Defend_R","Bash+1","Wild Strike","Iron Wave","Clothesline+1","Inflame+1","Hemokinesis","Armaments+1","Inflame","Feed","Wild Strike+1","Wild Strike+1","Offering+1","Sentinel+1","Disarm","True Grit+1","Bloodletting+1"],"relics":["Burning Blood","Art of War","InkBottle","Smiling Mask","Astrolabe","Calipers","Unceasing Top","Blue Candle"],"acts_visited":["Exordium","TheCity"],"potions_floor_usage":[16,16,16,22,27],"damage_taken":[{"damage":6,"enemies":"Jaw Worm","floor":1,"turns":5},{"damage":0,"enemies":"Cultist","floor":2,"turns":2},{"damage":4,"enemies":"2 Louse","floor":4,"turns":3},{"damage":7,"enemies":"Looter","floor":5,"turns":4},{"damage":3,"enemies":"3 Louse","floor":7,"turns":4},{"damage":20,"enemies":"Exordium Thugs","floor":10,"turns":3},{"damage":2,"enemies":"Large Slime","floor":11,"turns":3},{"damage":37,"enemies":"3 Sentries","floor":13,"turns":7},{"damage":5,"enemies":"2 Fungi Beasts","floor":14,"turns":4},{"damage":40,"enemies":"The Guardian","floor":16,"turns":9},{"damage":29,"enemies":"Spheric Guardian","floor":18,"turns":4},{"damage":0,"enemies":"Chosen","floor":21,"turns":4},{"damage":30,"enemies":"Centurion and Healer","floor":22,"turns":8},{"damage":53,"enemies":"Gremlin Leader","floor":24,"turns":4},{"damage":37,"enemies":"Book of Stabbing","floor":27,"turns":5}],"seed_played":"-8899771015696366998","potions_obtained":[{"floor":1,"key":"Dexterity Potion"},{"floor":2,"key":"Explosive Potion"},{"floor":11,"key":"DistilledChaos"},{"floor":21,"key":"FearPotion"}],"is_trial":false,"path_per_floor":["M","M","?","M","M","R","M","R","T","M","M","?","E","M","R","B",null,"M","?","$","M","M","R","E","R","T","E"],"character_chosen":"IRONCLAD","items_purchased":["Disarm","Regen Potion"],"campfire_rested":2,"item_purchase_floors":[20,20],"current_hp_per_floor":[80,80,80,80,79,79,80,80,80,66,70,70,39,40,64,30,80,57,57,57,63,57,57,10,34,34,0,0],"gold":135,"neow_bonus":"RANDOM_COMMON_RELIC","is_daily":false,"chose_seed":false,"campfire_upgraded":3,"win_rate":0.0,"timestamp":1611932979,"path_taken":["M","M","?","M","M","R","M","R","T","M","?","?","E","M","R","BOSS","M","?","$","M","M","R","E","R","T","E"],"items_purchased_type":["Card","Potion"],"build_version":"2020-12-22","purchased_purges":1,"victory":false,"max_hp_per_floor":[80,80,80,80,80,80,80,80,80,80,80,80,80,80,80,80,80,80,80,80,80,83,83,83,83,83,83,83],"card_choices":[{"not_picked":["Metallicize","Warcry"],"picked":"Wild Strike","floor":1},{"not_picked":["Clash","Thunderclap"],"picked":"Iron Wave","floor":2},{"not_picked":["Body Slam","Anger"],"picked":"Clothesline","floor":4},{"not_picked":["Whirlwind","Corruption"],"picked":"Inflame","floor":5},{"not_picked":["Iron Wave","Perfected Strike"],"picked":"Hemokinesis","floor":7},{"not_picked":["Clash","Perfected Strike"],"picked":"Dark Embrace","floor":10},{"not_picked":["Heavy Blade","Perfected Strike"],"picked":"Armaments","floor":11},{"not_picked":["Heavy Blade","Iron Wave","Whirlwind"],"picked":"SKIP","floor":13},{"not_picked":["Clothesline","Dropkick"],"picked":"Inflame","floor":14},{"not_picked":["Corruption","Double Tap"],"picked":"Feed","floor":16},{"not_picked":["Metallicize","Dark Embrace"],"picked":"Sentinel+1","floor":18},{"not_picked":["Warcry+1","Wild Strike"],"picked":"True Grit","floor":21},{"not_picked":["Uppercut+1","Shrug It Off"],"picked":"Bloodletting+1","floor":22},{"not_picked":["Carnage","Cleave","Wild Strike"],"picked":"SKIP","floor":24}],"player_experience":947150,"relics_obtained":[{"floor":9,"key":"InkBottle"},{"floor":13,"key":"Smiling Mask"},{"floor":24,"key":"Unceasing Top"},{"floor":26,"key":"Blue Candle"}],"event_choices":[{"damage_healed":0,"gold_gain":0,"player_choice":"Upgraded","damage_taken":0,"max_hp_gain":0,"max_hp_loss":0,"event_name":"Upgrade Shrine","floor":3,"gold_loss":0,"cards_upgraded":["Bash"]},{"damage_healed":0,"gold_gain":0,"player_choice":"Grow","damage_taken":0,"max_hp_gain":0,"max_hp_loss":0,"event_name":"Living Wall","floor":12,"gold_loss":0,"cards_upgraded":["Armaments"]},{"damage_healed":0,"gold_gain":0,"player_choice":"Obtained Relic","damage_taken":0,"relics_obtained":["Calipers"],"max_hp_gain":0,"max_hp_loss":0,"event_name":"Addict","floor":19,"gold_loss":85}],"is_beta":false,"boss_relics":[{"not_picked":["Tiny House","Calling Bell"],"picked":"Astrolabe"}],"items_purged_floors":[20],"is_endless":false,"potions_floor_spawned":[1,2,11,13,14,21],"killed_by":"Book of Stabbing","ascension_level":3}}