{"host":"6p0attdrtjqaih7v","time":1611964678,"event":{"mods":["2.2 Compatiblity","AchievementEnabler","Bard","BaseMod","Better Skull","Better Third Choice","Colored Powertips","Hermit","Highlight Path","Key Reminder","Minty Spire (QoL Compilation)","Permanent Neow","Quick Restart","Random Character Button","Relic Stats","Replay The Spire","Robot Space Explorer","StSLib","The Hayseed"],"gold_per_floor":[117,42,61,81,101,129,143,143,220,234,263,279,298,317,317,499,499,512,512,137,157,172,203,203,203,226,246,257,285,51,65,65,65,65],"floor_reached":33,"language":"ENG","playtime":4165,"items_purged":["TheSimpletonMod:Strike_TheSimpleton","TheSimpletonMod:Strike_TheSimpleton"],"score":330,"play_id":"dd009cb8-4cc4-456e-9b67-2d6802f39f80","local_time":"20210129185758","is_ascension_mode":false,"campfire_choices":[{"data":"TheSimpletonMod:ReapAndSow","floor":8,"key":"SMITH"},{"data":"TheSimpletonMod:OnionBloom","floor":15,"key":"SMITH"},{"data":"TheSimpletonMod:Swelter","floor":24,"key":"SMITH"},{"floor":32,"key":"DIG"}],"circlet_count":0,"master_deck":["TheSimpletonMod:Defend_TheSimpleton","TheSimpletonMod:Defend_TheSimpleton","TheSimpletonMod:Defend_TheSimpleton","TheSimpletonMod:Defend_TheSimpleton","TheSimpletonMod:Haymaker+1","TheSimpletonMod:ReapAndSow+1","TheSimpletonMod:Aerate","TheSimpletonMod:ControlledBurn","TheSimpletonMod:Germinate","TheSimpletonMod:OnionBloom+1","TheSimpletonMod:Pruning","TheSimpletonMod:OnionBloom","TheSimpletonMod:BumperCrop","TheSimpletonMod:CloseScrape","TheSimpletonMod:Sunseed","TheSimpletonMod:Aerate","TheSimpletonMod:BumperCrop","TheSimpletonMod:VolatileFumes","TheSimpletonMod:ControlledBurn","TheSimpletonMod:BirdFeeder","Blind","TheSimpletonMod:Swelter+1","TheSimpletonMod:Fertilaser+1","TheSimpletonMod:SaladShooter","TheSimpletonMod:Pruning","TheSimpletonMod:Thresh","TheSimpletonMod:Rototilling","Sadistic Nature"],"relics":["TheSimpletonMod:SpudOfTheInnocent","TheSimpletonMod:NightSoil","TheSimpletonMod:TheHarvester","keyreminder:keyreminder","Simple Rune","Shovel","Replay:Grab Bag","Coffee Dripper","SlaversCollar","Nunchaku","Blood Vial","Replay:Wax Seal","Gambling Chip"],"acts_visited":["Exordium","TheCity"],"potions_floor_usage":[6,6,11,14,16,16,22,28,29,31,33],"damage_taken":[{"damage":2,"enemies":"Small Slimes","floor":1,"turns":4},{"damage":1,"enemies":"Cultist","floor":3,"turns":4},{"damage":3,"enemies":"2 Louse","floor":4,"turns":2},{"damage":7,"enemies":"Blue Slaver","floor":5,"turns":4},{"damage":42,"enemies":"Gremlin Nob","floor":6,"turns":6},{"damage":1,"enemies":"Gremlin Gang","floor":7,"turns":4},{"damage":4,"enemies":"2 Fungi Beasts","floor":10,"turns":3},{"damage":0,"enemies":"Replay:BlueRogue","floor":11,"turns":4},{"damage":0,"enemies":"3 Louse","floor":12,"turns":3},{"damage":0,"enemies":"Large Slime","floor":13,"turns":4},{"damage":11,"enemies":"Gremlin Gang","floor":14,"turns":4},{"damage":42,"enemies":"Slime Boss","floor":16,"turns":21},{"damage":13,"enemies":"Spheric Guardian","floor":18,"turns":8},{"damage":1,"enemies":"Chosen","floor":21,"turns":8},{"damage":8,"enemies":"Sentry and Sphere","floor":22,"turns":11},{"damage":10,"enemies":"Replay:Snechameleon","floor":23,"turns":9},{"damage":10,"enemies":"Snecko","floor":27,"turns":6},{"damage":19,"enemies":"Shelled Parasite and Fungi","floor":28,"turns":6},{"damage":53,"enemies":"Gremlin Leader","floor":29,"turns":8},{"damage":15,"enemies":"Snake Plant","floor":31,"turns":4},{"damage":38,"enemies":"Collector","floor":33,"turns":7}],"seed_played":"-3562853765578744927","potions_obtained":[{"floor":4,"key":"SkillPotion"},{"floor":5,"key":"BlessingOfTheForge"},{"floor":7,"key":"Adrenaline Potion"},{"floor":10,"key":"SteroidPotion"},{"floor":11,"key":"BlessingOfTheForge"},{"floor":14,"key":"ColorlessPotion"},{"floor":16,"key":"FearPotion"},{"floor":23,"key":"DistilledChaos"},{"floor":31,"key":"DuplicationPotion"}],"is_trial":false,"path_per_floor":["M","$","M","M","M","E","M","R","T","M","E","M","M","M","R","B",null,"M","?","$","M","M","E","R","?","T","M","M","E","$","M","R","B"],"character_chosen":"THE_SIMPLETON","items_purchased":["Blind","TheSimpletonMod:Swelter","Regen Potion","Block Potion","TheSimpletonMod:Rototilling","Sadistic Nature"],"campfire_rested":0,"item_purchase_floors":[20,20,20,20,30,30],"current_hp_per_floor":[75,75,74,75,74,38,43,43,43,45,51,57,63,58,58,22,75,68,68,68,75,73,65,65,65,65,63,52,7,7,10,10,0,0],"gold":65,"neow_bonus":"UPGRADE_CARD","is_daily":false,"chose_seed":false,"campfire_upgraded":3,"win_rate":0.0,"timestamp":1611964678,"path_taken":["M","$","M","M","M","E","M","R","T","M","E","M","M","M","R","BOSS","M","?","$","M","M","E","R","?","T","M","M","E","$","?","R","BOSS"],"items_purchased_type":["Card","Card","Potion","Potion","Card","Card"],"build_version":"2020-12-22","purchased_purges":2,"victory":false,"max_hp_per_floor":[75,75,75,75,75,75,75,75,75,75,75,75,75,75,75,75,75,75,75,75,75,75,75,75,75,75,75,75,75,75,75,75,75,75],"relic_stats":{"Blood Vial":10,"Nunchaku":[6],"Shovel":1,"counters":[21,127],"Gambling Chip":[1],"obtain_stats":[{"Replay:Grab Bag":17,"TheSimpletonMod:TheHarvester":0,"keyreminder:keyreminder":6,"Blood Vial":26,"SlaversCollar":17,"Nunchaku":23,"Shovel":11,"Gambling Chip":32,"Simple Rune":6,"TheSimpletonMod:SpudOfTheInnocent":0,"Coffee Dripper":17,"Replay:Wax Seal":29,"TheSimpletonMod:NightSoil":0},{"Replay:Grab Bag":12,"TheSimpletonMod:TheHarvester":0,"keyreminder:keyreminder":5,"Blood Vial":16,"SlaversCollar":12,"Nunchaku":16,"Shovel":8,"Gambling Chip":20,"Simple Rune":5,"TheSimpletonMod:SpudOfTheInnocent":0,"Coffee Dripper":12,"Replay:Wax Seal":19,"TheSimpletonMod:NightSoil":0},{"Replay:Grab Bag":63,"TheSimpletonMod:TheHarvester":0,"keyreminder:keyreminder":20,"Blood Vial":97,"SlaversCollar":63,"Nunchaku":97,"Shovel":31,"Gambling Chip":120,"Simple Rune":20,"TheSimpletonMod:SpudOfTheInnocent":0,"Coffee Dripper":63,"Replay:Wax Seal":116,"TheSimpletonMod:NightSoil":0}]},"card_choices":[{"not_picked":["TheSimpletonMod:Fertilaser","TheSimpletonMod:Swelter"],"picked":"TheSimpletonMod:Aerate","floor":1},{"not_picked":["TheSimpletonMod:SpiceUp","TheSimpletonMod:Ferment"],"picked":"TheSimpletonMod:ControlledBurn","floor":3},{"not_picked":["TheSimpletonMod:SeedCoat","TheSimpletonMod:Artichokes"],"picked":"TheSimpletonMod:Germinate","floor":4},{"not_picked":["TheSimpletonMod:BumperCrop","TheSimpletonMod:Photosynthesis"],"picked":"TheSimpletonMod:OnionBloom","floor":5},{"not_picked":["TheSimpletonMod:SoilSample","TheSimpletonMod:GoToMarket"],"picked":"TheSimpletonMod:Pruning","floor":6},{"not_picked":["TheSimpletonMod:StockTheCellar","TheSimpletonMod:Squash"],"picked":"TheSimpletonMod:OnionBloom","floor":7},{"not_picked":["TheSimpletonMod:Swelter","TheSimpletonMod:SpiceUp"],"picked":"TheSimpletonMod:BumperCrop","floor":10},{"not_picked":["TheSimpletonMod:Swelter","TheSimpletonMod:SlashAndBurn"],"picked":"TheSimpletonMod:CloseScrape","floor":11},{"not_picked":["TheSimpletonMod:Innovate","TheSimpletonMod:SlashAndBurn"],"picked":"TheSimpletonMod:Sunseed","floor":12},{"not_picked":["TheSimpletonMod:CrackOfDawn","TheSimpletonMod:CropRotation"],"picked":"TheSimpletonMod:Aerate","floor":13},{"not_picked":["TheSimpletonMod:PestManagement","TheSimpletonMod:SeedCoat"],"picked":"TheSimpletonMod:BumperCrop","floor":14},{"not_picked":["TheSimpletonMod:Asparagus","TheSimpletonMod:TakeHeart"],"picked":"TheSimpletonMod:VolatileFumes","floor":16},{"not_picked":["TheSimpletonMod:SpiceUp","TheSimpletonMod:DigIn","TheSimpletonMod:Squash"],"picked":"SKIP","floor":18},{"not_picked":["TheSimpletonMod:OnionBloom","TheSimpletonMod:Mulch"],"picked":"TheSimpletonMod:Fertilaser+1","floor":21},{"not_picked":["TheSimpletonMod:Mulch","TheSimpletonMod:DigIn","TheSimpletonMod:Fertilaser+1"],"picked":"SKIP","floor":22},{"not_picked":["TheSimpletonMod:Asparagus","TheSimpletonMod:CropRotation"],"picked":"TheSimpletonMod:SaladShooter","floor":23},{"not_picked":["TheSimpletonMod:Squash+1","TheSimpletonMod:CloseScrape"],"picked":"TheSimpletonMod:Pruning","floor":27},{"not_picked":["TheSimpletonMod:Squash+1","TheSimpletonMod:SpiceUp"],"picked":"TheSimpletonMod:Thresh","floor":28},{"not_picked":["TheSimpletonMod:Mulch","TheSimpletonMod:Squash","TheSimpletonMod:KeenEdge"],"picked":"SKIP","floor":29},{"not_picked":["TheSimpletonMod:Germinate","TheSimpletonMod:VineRipen","TheSimpletonMod:ControlledBurn"],"picked":"SKIP","floor":31}],"player_experience":924197,"relics_obtained":[{"floor":6,"key":"Simple Rune"},{"floor":11,"key":"Shovel"},{"floor":23,"key":"Nunchaku"},{"floor":26,"key":"Blood Vial"},{"floor":29,"key":"Replay:Wax Seal"},{"floor":32,"key":"Gambling Chip"}],"event_choices":[{"damage_healed":0,"gold_gain":0,"cards_transformed":["TheSimpletonMod:Strike_TheSimpleton","TheSimpletonMod:Strike_TheSimpleton"],"player_choice":"Became Test Subject","damage_taken":0,"max_hp_gain":0,"max_hp_loss":0,"event_name":"Drug Dealer","floor":19,"gold_loss":0,"cards_obtained":["TheSimpletonMod:ControlledBurn","TheSimpletonMod:BirdFeeder"]},{"damage_healed":0,"gold_gain":0,"player_choice":"Bought 0 Potions","damage_taken":0,"max_hp_gain":0,"max_hp_loss":0,"event_name":"The Woman in Blue","floor":25,"gold_loss":0}],"is_beta":false,"boss_relics":[{"not_picked":["Abe\u0027s Treasure","Fusion Hammer"],"picked":"Replay:Grab Bag"},{"not_picked":["Sozu","Busted Crown"],"picked":"Coffee Dripper"},{"not_picked":["Calling Bell","Snecko Eye"],"picked":"SlaversCollar"}],"items_purged_floors":[2,20],"is_endless":false,"potions_floor_spawned":[4,5,7,10,11,14,16,23,31],"killed_by":"Collector","ascension_level":0}}