{"host":"kda2p2afd6bvz6qo","time":1611885687,"event":{"mods":["BaseMod","Colored Map","Minty Spire (QoL Compilation)","Relic Stats"],"gold_per_floor":[116,191,191,18,33,68,81,110,110,121,42,42,58,69,69,141,141,156,156,176,176,190,190,217,217,217,217,3,3,18,48,48,121,121,140,140,159,172,197,231,266,292,292,309,56,69,102,127,127,127,127],"floor_reached":52,"language":"ENG","playtime":4046,"items_purged":["Regret"],"score":2040,"play_id":"908a68e6-b4ba-46db-9d9e-757794a75bf8","local_time":"20210129020127","is_ascension_mode":true,"campfire_choices":[{"floor":12.0,"key":"REST"},{"floor":15.0,"key":"REST"},{"floor":23.0,"key":"REST"},{"floor":29,"key":"REST"},{"floor":32,"key":"REST"},{"data":"Wraith Form v2","floor":49,"key":"SMITH"}],"circlet_count":0,"master_deck":["AscendersBane","Survivor","Neutralize","Bane","Noxious Fumes","Poisoned Stab","Deadly Poison","Adrenaline","Crippling Poison","Blur","Backflip","Outmaneuver","Wraith Form v2+1","Prepared","Night Terror","Glass Knife","All Out Attack","Wraith Form v2","Well Laid Plans","Glass Knife","Noxious Fumes","Backstab","Bouncing Flask","Deflect","Dodge and Roll","Doppelganger","Poisoned Stab+1","Deflect","Corpse Explosion","Leg Sweep","Burst","Wraith Form v2","Catalyst","Venomology"],"relics":["Ring of the Snake","NeowsBlessing","Tiny Chest","Question Card","Potion Belt","Paper Crane","Pandora\u0027s Box","Nilry\u0027s Codex","Letter Opener","Kunai","White Beast Statue","Toy Ornithopter","FossilizedHelix","Snecko Eye","WingedGreaves","Anchor","Smiling Mask","Juzu Bracelet","Eternal Feather","DollysMirror","Pantograph","Centennial Puzzle"],"acts_visited":["Exordium","TheCity","TheBeyond"],"potions_floor_usage":[31,35,39,40,41,42,47,51,51,51],"damage_taken":[{"damage":0.0,"enemies":"Jaw Worm","floor":1.0,"turns":1.0},{"damage":0.0,"enemies":"Small Slimes","floor":5.0,"turns":1.0},{"damage":0.0,"enemies":"Gremlin Nob","floor":6.0,"turns":1.0},{"damage":10.0,"enemies":"2 Louse","floor":7.0,"turns":4.0},{"damage":30.0,"enemies":"3 Sentries","floor":8.0,"turns":9.0},{"damage":6.0,"enemies":"Large Slime","floor":10.0,"turns":5.0},{"damage":4.0,"enemies":"3 Louse","floor":13.0,"turns":4.0},{"damage":5.0,"enemies":"Blue Slaver","floor":14.0,"turns":4.0},{"damage":15.0,"enemies":"Hexaghost","floor":16.0,"turns":9.0},{"damage":2.0,"enemies":"2 Thieves","floor":18.0,"turns":4.0},{"damage":7.0,"enemies":"Spheric Guardian","floor":20.0,"turns":5.0},{"damage":2.0,"enemies":"Snecko","floor":22.0,"turns":6.0},{"damage":32.0,"enemies":"Slavers","floor":24.0,"turns":7.0},{"damage":22,"enemies":"3 Cultists","floor":30,"turns":5},{"damage":9,"enemies":"Gremlin Leader","floor":31,"turns":8},{"damage":27,"enemies":"Champ","floor":33,"turns":14},{"damage":16,"enemies":"Orb Walker","floor":35,"turns":5},{"damage":0,"enemies":"3 Darklings","floor":37,"turns":3},{"damage":0,"enemies":"Writhing Mass","floor":38,"turns":5},{"damage":0,"enemies":"Mind Bloom Boss Battle","floor":39,"turns":7},{"damage":17,"enemies":"Nemesis","floor":40,"turns":7},{"damage":4,"enemies":"Reptomancer","floor":41,"turns":7},{"damage":4,"enemies":"Nemesis","floor":42,"turns":11},{"damage":0,"enemies":"4 Shapes","floor":44,"turns":2},{"damage":4,"enemies":"Spire Growth","floor":46,"turns":7},{"damage":1,"enemies":"Giant Head","floor":47,"turns":9},{"damage":5,"enemies":"Donu and Deca","floor":50,"turns":7},{"damage":10,"enemies":"Time Eater","floor":51,"turns":9}],"seed_played":"-1200525315728519071","potions_obtained":[{"floor":5.0,"key":"EssenceOfSteel"},{"floor":7.0,"key":"FearPotion"},{"floor":10.0,"key":"Ancient Potion"},{"floor":13.0,"key":"LiquidBronze"},{"floor":20.0,"key":"SpeedPotion"},{"floor":30,"key":"Fruit Juice"},{"floor":31,"key":"LiquidMemories"},{"floor":33,"key":"Poison Potion"},{"floor":35,"key":"Energy Potion"},{"floor":39,"key":"CunningPotion"},{"floor":40,"key":"FearPotion"},{"floor":41,"key":"EssenceOfSteel"},{"floor":42,"key":"Energy Potion"},{"floor":46,"key":"Fire Potion"}],"is_trial":false,"path_per_floor":["M","?","?","$","M","E","M","E","T","M","$","R","M","M","R","B",null,"M","?","M","?","M","R","E","?","T","T","$","R","M","E","R","B",null,"M","?","M","M","?","E","E","E","T","M","$","M","E","T","R","B","B",null],"character_chosen":"THE_SILENT","items_purchased":["Noxious Fumes","Poisoned Stab","Blur","Toy Ornithopter","Energy Potion","DollysMirror","Catalyst"],"campfire_rested":5,"item_purchase_floors":[4,4,11,28,28,45,45],"current_hp_per_floor":[59,48,48,48,48,48,38,8,8,2,2,21,17,12,31,16,54,52,52,45,24,22,41,9,22,22,22,22,41,19,20,41,14,57,46,46,46,46,51,39,40,41,41,41,41,37,41,41,59,62,57],"gold":127,"neow_bonus":"THREE_ENEMY_KILL","is_daily":false,"chose_seed":false,"campfire_upgraded":1,"win_rate":0.0,"timestamp":1611885687,"path_taken":["M","?","?","$","M","E","M","E","T","M","$","R","M","M","R","BOSS","M","?","M","?","M","R","E","?","T","?","?","R","M","E","R","BOSS","M","?","M","M","?","E","E","E","T","M","$","M","E","?","R","BOSS","BOSS"],"items_purchased_type":["Card","Card","Card","Relic","Potion","Relic","Card"],"build_version":"2020-12-22","purchased_purges":1,"victory":true,"max_hp_per_floor":[66,66,66,66,66,66,66,66,66,66,66,66,66,66,66,66,66,66,66,66,66,66,66,66,66,66,66,66,66,66,71,71,71,71,71,67,67,67,67,67,67,67,67,67,67,67,67,67,67,67,67],"relic_stats":{"counters":[28,166],"Eternal Feather":18,"Juzu Bracelet":0,"Letter Opener":[276],"Question Card":23,"Smiling Mask":0,"Centennial Puzzle":[6],"Pantograph":13,"Snecko Eye":[159,156,143,138],"Tiny Chest":2,"Pandora\u0027s Box":["Prepared","Night Terror","Glass Knife","All Out Attack","Wraith Form v2","Well Laid Plans","Glass Knife","Noxious Fumes","Backstab","Bouncing Flask"],"Kunai":[13],"obtain_stats":[{"Potion Belt":8,"NeowsBlessing":0,"Nilry\u0027s Codex":21,"Eternal Feather":43,"Juzu Bracelet":42,"Letter Opener":24,"Paper Crane":9,"Question Card":6,"Smiling Mask":41,"White Beast Statue":27,"Anchor":40,"Centennial Puzzle":48,"DollysMirror":45,"Pantograph":47,"Snecko Eye":34,"Tiny Chest":3,"Pandora\u0027s Box":17,"WingedGreaves":39,"Kunai":26,"Toy Ornithopter":28,"FossilizedHelix":31,"Ring of the Snake":0},{"Potion Belt":5,"NeowsBlessing":0,"Nilry\u0027s Codex":11,"Eternal Feather":23,"Juzu Bracelet":23,"Letter Opener":13,"Paper Crane":5,"Question Card":3,"Smiling Mask":22,"White Beast Statue":13,"Anchor":21,"Centennial Puzzle":26,"DollysMirror":24,"Pantograph":26,"Snecko Eye":16,"Tiny Chest":1,"Pandora\u0027s Box":9,"WingedGreaves":20,"Kunai":13,"Toy Ornithopter":13,"FossilizedHelix":15,"Ring of the Snake":0},{"Potion Belt":16,"NeowsBlessing":0,"Nilry\u0027s Codex":47,"Eternal Feather":132,"Juzu Bracelet":132,"Letter Opener":60,"Paper Crane":16,"Question Card":3,"Smiling Mask":121,"White Beast Statue":60,"Anchor":114,"Centennial Puzzle":150,"DollysMirror":134,"Pantograph":150,"Snecko Eye":87,"Tiny Chest":1,"Pandora\u0027s Box":38,"WingedGreaves":107,"Kunai":60,"Toy Ornithopter":60,"FossilizedHelix":73,"Ring of the Snake":0}],"Toy Ornithopter":35,"Ring of the Snake":[56]},"card_choices":[{"not_picked":["PiercingWail","Tactician"],"picked":"Bane","floor":1.0},{"not_picked":["Outmaneuver","Backflip"],"picked":"Deadly Poison","floor":5.0},{"not_picked":["Blade Dance","Endless Agony","Terror"],"picked":"SKIP","floor":6.0},{"not_picked":["All Out Attack","Concentrate","Flying Knee","Choke"],"picked":"SKIP","floor":7.0},{"not_picked":["Sucker Punch","Dagger Spray","Infinite Blades"],"picked":"Adrenaline","floor":8.0},{"not_picked":["Acrobatics","Predator","Underhanded Strike"],"picked":"Crippling Poison","floor":10.0},{"not_picked":["Heel Hook","Dagger Throw","Choke"],"picked":"Backflip","floor":13.0},{"not_picked":["Slice","Flying Knee","Accuracy"],"picked":"Outmaneuver","floor":14.0},{"not_picked":["Glass Knife","Tools of the Trade","Venomology"],"picked":"Wraith Form v2","floor":16.0},{"not_picked":["Dagger Spray+1","Terror","Deadly Poison"],"picked":"Deflect","floor":18.0},{"not_picked":["Deflect","Tactician","Heel Hook"],"picked":"Dodge and Roll","floor":20.0},{"not_picked":["A Thousand Cuts","Underhanded Strike","Noxious Fumes","PiercingWail"],"picked":"SKIP","floor":22.0},{"not_picked":["Expertise","Noxious Fumes","Poisoned Stab+1"],"picked":"Doppelganger","floor":24.0},{"not_picked":["Blade Dance","Heel Hook","Endless Agony"],"picked":"Poisoned Stab+1","floor":30},{"not_picked":["Crippling Poison","Envenom","Outmaneuver"],"picked":"Deflect","floor":31},{"not_picked":["Burst","Adrenaline","Phantasmal Killer"],"picked":"Corpse Explosion","floor":33},{"not_picked":["Well Laid Plans","Tactician","Concentrate+1","Outmaneuver+1"],"picked":"SKIP","floor":35},{"not_picked":["Quick Slash+1","Poisoned Stab","Underhanded Strike","Escape Plan"],"picked":"SKIP","floor":37},{"not_picked":["Sucker Punch","Acrobatics","Prepared","PiercingWail"],"picked":"SKIP","floor":38},{"not_picked":["Cloak And Dagger","Sucker Punch","Accuracy"],"picked":"Leg Sweep","floor":39},{"not_picked":["Blur","Flechettes+1","Sucker Punch+1","Dagger Spray"],"picked":"SKIP","floor":40},{"not_picked":["Bane","Blade Dance","Accuracy"],"picked":"Burst","floor":41},{"not_picked":["Flying Knee","Riddle With Holes+1","Deadly Poison","Cloak And Dagger+1"],"picked":"SKIP","floor":42},{"not_picked":["Distraction","Poisoned Stab+1","Blade Dance+1","Backstab"],"picked":"SKIP","floor":44},{"not_picked":["Poisoned Stab","Dodge and Roll","Outmaneuver"],"picked":"Venomology","floor":46},{"not_picked":["Footwork+1","Bane","Finisher","Prepared"],"picked":"SKIP","floor":47}],"player_experience":168965,"relics_obtained":[{"floor":6.0,"key":"Question Card"},{"floor":8.0,"key":"Potion Belt"},{"floor":9.0,"key":"Paper Crane"},{"floor":21.0,"key":"Nilry\u0027s Codex"},{"floor":24.0,"key":"Letter Opener"},{"floor":26,"key":"Kunai"},{"floor":27,"key":"White Beast Statue"},{"floor":31,"key":"FossilizedHelix"},{"floor":39,"key":"WingedGreaves"},{"floor":40,"key":"Anchor"},{"floor":41,"key":"Smiling Mask"},{"floor":42,"key":"Juzu Bracelet"},{"floor":43,"key":"Eternal Feather"},{"floor":47,"key":"Pantograph"},{"floor":48,"key":"Centennial Puzzle"}],"event_choices":[{"damage_healed":0.0,"max_hp_gain":0.0,"max_hp_loss":0.0,"gold_gain":75.0,"event_name":"World of Goop","player_choice":"Gather Gold","floor":2.0,"gold_loss":0.0,"damage_taken":11.0},{"damage_healed":0.0,"max_hp_gain":0.0,"max_hp_loss":0.0,"gold_gain":0.0,"event_name":"Big Fish","player_choice":"Box","floor":3.0,"gold_loss":0.0,"damage_taken":0.0,"relics_obtained":["Tiny Chest"],"cards_obtained":["Regret"]},{"damage_healed":0.0,"max_hp_gain":0.0,"max_hp_loss":0.0,"gold_gain":0.0,"event_name":"Vampires","player_choice":"Ignored","floor":19.0,"gold_loss":0.0,"damage_taken":0.0},{"damage_healed":0.0,"max_hp_gain":0.0,"max_hp_loss":0.0,"gold_gain":0.0,"event_name":"Cursed Tome","player_choice":"Obtained Book","floor":21.0,"gold_loss":0.0,"damage_taken":21.0},{"damage_healed":13,"gold_gain":0,"player_choice":"Heal","damage_taken":0,"max_hp_gain":0,"max_hp_loss":0,"event_name":"The Library","floor":25,"gold_loss":0},{"damage_healed":0,"gold_gain":0,"player_choice":"Max HP","damage_taken":0,"max_hp_gain":0,"max_hp_loss":4,"event_name":"Winding Halls","floor":36,"gold_loss":0},{"damage_healed":0,"gold_gain":0,"player_choice":"Fight","damage_taken":0,"max_hp_gain":0,"max_hp_loss":0,"event_name":"MindBloom","floor":39,"gold_loss":0}],"is_beta":false,"boss_relics":[{"not_picked":["Astrolabe","Velvet Choker"],"picked":"Pandora\u0027s Box"},{"not_picked":["Calling Bell","Philosopher\u0027s Stone"],"picked":"Snecko Eye"}],"items_purged_floors":[4],"is_endless":false,"potions_floor_spawned":[5,7,10,13,20,30,31,33,35,37,38,39,40,41,42,44,46,47],"ascension_level":20}}