{"host":"h5wult4bedbgdxyl","time":1611922946,"event":{"mods":["AchievementEnabler","BaseMod","Colored Map","Minty Spire (QoL Compilation)","Quick Restart"],"gold_per_floor":[115,129,146,159,159,159,193,193,193,193,193,80,80,99,99,228,228,241,260,260,260,359,359,384,384,384,384,400,400,400],"floor_reached":29,"language":"ZHS","playtime":1147,"items_purged":[],"score":265,"play_id":"b9dadee6-939b-45a2-ae9f-e3d2a28e3935","local_time":"20210129202226","is_ascension_mode":true,"campfire_choices":[{"data":"Body Slam","floor":6.0,"key":"SMITH"},{"floor":11.0,"key":"REST"},{"data":"Pommel Strike","floor":15.0,"key":"SMITH"},{"data":"Dark Embrace","floor":23.0,"key":"SMITH"},{"floor":25.0,"key":"REST"},{"floor":27.0,"key":"REST"}],"circlet_count":0,"master_deck":["Strike_R","Strike_R","Strike_R","Strike_R","Defend_R","Defend_R","Defend_R","Defend_R","Bash+1","Pommel Strike+1","Body Slam+1","Sword Boomerang","Shrug It Off","Dual Wield","Dark Embrace+1","Ghostly Armor+1","Impervious"],"relics":["Burning Blood","NeowsBlessing","Happy Flower","Pear","Bloody Idol","Busted Crown","Unceasing Top","Bottled Tornado"],"acts_visited":["Exordium","TheCity"],"potions_floor_usage":[],"damage_taken":[{"damage":0.0,"enemies":"2 Louse","floor":1.0,"turns":1.0},{"damage":0.0,"enemies":"Jaw Worm","floor":2.0,"turns":1.0},{"damage":0.0,"enemies":"Small Slimes","floor":3.0,"turns":1.0},{"damage":17.0,"enemies":"Looter","floor":4.0,"turns":3.0},{"damage":38.0,"enemies":"Lagavulin","floor":7.0,"turns":6.0},{"damage":0.0,"enemies":"Exordium Wildlife","floor":14.0,"turns":2.0},{"damage":51.0,"enemies":"Hexaghost","floor":16.0,"turns":12.0},{"damage":12.0,"enemies":"Chosen","floor":18.0,"turns":4.0},{"damage":22.0,"enemies":"Spheric Guardian","floor":19.0,"turns":4.0},{"damage":41.0,"enemies":"Slavers","floor":24.0,"turns":7.0},{"damage":18,"enemies":"Centurion and Healer","floor":28,"turns":7},{"damage":0,"enemies":"Shelled Parasite and Fungi","floor":29,"turns":1}],"seed_played":"-2935060095861606319","potions_obtained":[{"floor":1.0,"key":"Fire Potion"},{"floor":4.0,"key":"CultistPotion"},{"floor":7.0,"key":"SpeedPotion"},{"floor":19.0,"key":"DistilledChaos"},{"floor":24.0,"key":"Energy Potion"}],"is_trial":false,"path_per_floor":["M","M","M","M","$","R","E","?","T","?","R","$","?","M","R","B",null,"M","M","?","?","?","R","E","R","T","R","M","M"],"character_chosen":"IRONCLAD","items_purchased":["Dark Embrace","Ghostly Armor"],"campfire_rested":3,"item_purchase_floors":[12,12],"current_hp_per_floor":[80,80,80,69,69,69,37,37,47,47,71,71,54,60,60,15,83,77,61,61,61,66,66,36,60,60,83,76,76,76],"gold":400,"neow_bonus":"THREE_ENEMY_KILL","is_daily":false,"chose_seed":false,"campfire_upgraded":3,"win_rate":0.0,"timestamp":1611922946,"path_taken":["M","M","M","M","$","R","E","?","T","?","R","$","?","?","R","BOSS","M","M","?","?","?","R","E","R","T","R","M","M"],"items_purchased_type":["Card","Card"],"build_version":"2020-12-22","purchased_purges":0,"victory":false,"max_hp_per_floor":[80,80,80,80,80,80,80,80,90,83,83,83,83,83,83,83,83,83,83,83,83,83,83,83,83,83,83,83,83,83],"card_choices":[{"not_picked":["Seeing Red","Shockwave"],"picked":"Pommel Strike","floor":1.0},{"not_picked":["Blood for Blood","Armaments"],"picked":"Body Slam","floor":2.0},{"not_picked":["Reckless Charge","Heavy Blade"],"picked":"Sword Boomerang","floor":3.0},{"not_picked":["Wild Strike","Twin Strike"],"picked":"Shrug It Off","floor":4.0},{"not_picked":["Clothesline","Sword Boomerang"],"picked":"Dual Wield","floor":7.0},{"not_picked":["Perfected Strike","Anger","Iron Wave"],"picked":"SKIP","floor":14.0},{"not_picked":["Reaper","Juggernaut"],"picked":"Impervious","floor":16.0},{"not_picked":["Havoc"],"picked":"SKIP","floor":18.0},{"not_picked":["Clothesline"],"picked":"SKIP","floor":19.0},{"not_picked":["Fiend Fire"],"picked":"SKIP","floor":24.0},{"not_picked":["Anger+1"],"picked":"SKIP","floor":28}],"player_experience":47788,"relics_obtained":[{"floor":7.0,"key":"Happy Flower"},{"floor":9.0,"key":"Pear"},{"floor":24.0,"key":"Unceasing Top"},{"floor":26.0,"key":"Bottled Tornado"}],"event_choices":[{"cards_removed":["Strike_R"],"damage_healed":0.0,"max_hp_gain":0.0,"max_hp_loss":0.0,"gold_gain":0.0,"event_name":"Living Wall","player_choice":"Forget","floor":8.0,"gold_loss":0.0,"damage_taken":0.0},{"damage_healed":0.0,"max_hp_gain":0.0,"max_hp_loss":7.0,"gold_gain":0.0,"event_name":"Golden Idol","player_choice":"Lose Max HP","floor":10.0,"gold_loss":0.0,"damage_taken":0.0,"relics_obtained":["Golden Idol"]},{"damage_healed":0.0,"max_hp_gain":0.0,"max_hp_loss":0.0,"gold_gain":0.0,"event_name":"Shining Light","player_choice":"Entered Light","floor":13.0,"gold_loss":0.0,"damage_taken":17.0,"cards_upgraded":["Bash","Ghostly Armor"]},{"damage_healed":0.0,"max_hp_gain":0.0,"max_hp_loss":0.0,"gold_gain":0.0,"event_name":"Vampires","player_choice":"Ignored","floor":20.0,"gold_loss":0.0,"damage_taken":0.0},{"damage_healed":0.0,"max_hp_gain":0.0,"max_hp_loss":0.0,"gold_gain":0.0,"event_name":"Forgotten Altar","player_choice":"Gave Idol","floor":21.0,"relics_lost":["Golden Idol"],"gold_loss":0.0,"damage_taken":0.0,"relics_obtained":["Bloody Idol"]},{"damage_healed":0.0,"max_hp_gain":0.0,"max_hp_loss":0.0,"gold_gain":99.0,"event_name":"Nest","player_choice":"Stole From Cult","floor":22.0,"gold_loss":0.0,"damage_taken":0.0}],"is_beta":false,"boss_relics":[{"not_picked":["Fusion Hammer","Cursed Key"],"picked":"Busted Crown"}],"items_purged_floors":[],"is_endless":false,"potions_floor_spawned":[1,4,7,19,24],"killed_by":"Shelled Parasite and Fungi","ascension_level":2}}