{"host":"9kesdg97wkrx2bva","time":1611906236,"event":{"mods":["AchievementEnabler","BaseMod","Colored Map","GifTheSpireLib","Infinite Spire","Minty Spire (QoL Compilation)","Replay The Spire","StSLib"],"gold_per_floor":[112,262,274,254,142,142,160,60,60,80,94,94,110,125,125,202,202,219,94,94,113,113,113],"floor_reached":22,"language":"ENG","playtime":404,"items_purged":["Doubt","Strike_B","Strike_B"],"score":338,"play_id":"76e626ec-ee02-4daa-afb7-843ac0c7b459","local_time":"20210129014356","is_ascension_mode":true,"campfire_choices":[{"data":"Zap","floor":6,"key":"SMITH"},{"floor":15,"key":"REST"}],"circlet_count":0,"master_deck":["AscendersBane","Strike_B","Strike_B","Defend_B","Defend_B","Defend_B","Zap+1","Dualcast","Streamline","Defragment+1","Beam Cell+1","Go for the Eyes","Barrage","Melter","Machine Learning","Streamline"],"relics":["Cracked Core","Lantern","Cursed Key"],"acts_visited":["Exordium","TheCity"],"potions_floor_usage":[13,16,16],"damage_taken":[{"damage":11,"enemies":"2 Louse","floor":1,"turns":3},{"damage":1,"enemies":"Cultist","floor":3,"turns":3},{"damage":0,"enemies":"Small Slimes","floor":7,"turns":2},{"damage":5,"enemies":"Exordium Wildlife","floor":10,"turns":3},{"damage":3,"enemies":"3 Louse","floor":11,"turns":2},{"damage":6,"enemies":"Exordium Thugs","floor":13,"turns":3},{"damage":9,"enemies":"Red Slaver","floor":14,"turns":2},{"damage":42,"enemies":"Hexaghost","floor":16,"turns":9},{"damage":35,"enemies":"Shell Parasite","floor":18,"turns":4},{"damage":18,"enemies":"Chosen","floor":21,"turns":4},{"damage":18,"enemies":"Snecko","floor":22,"turns":2}],"seed_played":"-5143897735561502992","potions_obtained":[{"floor":4,"key":"FearPotion"},{"floor":10,"key":"Fire Potion"},{"floor":14,"key":"Explosive Potion"}],"is_trial":false,"path_per_floor":["M","?","M","?","$","R","M","$","T","M","M","?","M","M","R","B",null,"M","$","?","M","M"],"character_chosen":"DEFECT","items_purchased":["Beam Cell+1"],"campfire_rested":1,"item_purchase_floors":[5],"current_hp_per_floor":[53,53,52,52,52,52,52,52,52,47,44,44,38,29,50,8,55,20,20,20,2,0,0],"gold":113,"neow_bonus":"REMOVE_CARD","is_daily":false,"chose_seed":false,"campfire_upgraded":1,"win_rate":0.0,"timestamp":1611906236,"path_taken":["M","?","M","?","$","R","M","$","T","M","?","?","M","M","R","BOSS","M","$","?","M","M"],"items_purchased_type":["Card"],"build_version":"2020-12-22","purchased_purges":3,"victory":false,"max_hp_per_floor":[71,71,71,71,71,71,71,71,71,71,71,71,71,71,71,71,71,71,71,71,71,71,71],"card_choices":[{"not_picked":["Leap","Hologram"],"picked":"Streamline","floor":1},{"not_picked":["BasicCrystalCard","ReplayTheSpireMod:Repulse"],"picked":"Defragment","floor":3},{"not_picked":["Barrage","Consume"],"picked":"Go for the Eyes","floor":7},{"not_picked":["Hologram","Auto Shields"],"picked":"Barrage","floor":10},{"not_picked":["ReplayTheSpireMod:GoodbyeWorld","Go for the Eyes","Turbo"],"picked":"SKIP","floor":11},{"not_picked":["Go for the Eyes","Reinforced Body","ReplaySort"],"picked":"SKIP","floor":13},{"not_picked":["Leap","Cold Snap"],"picked":"Melter","floor":14},{"not_picked":["Meteor Strike","Seek"],"picked":"Machine Learning","floor":16},{"not_picked":["Darkness","Sweeping Beam"],"picked":"Streamline","floor":18},{"not_picked":["Compile Driver","Genetic Algorithm","Steam+1"],"picked":"SKIP","floor":21}],"player_experience":984120,"relics_obtained":[{"floor":9,"key":"Lantern"}],"event_choices":[{"damage_healed":0,"gold_gain":150,"player_choice":"AGREE","damage_taken":0,"max_hp_gain":0,"max_hp_loss":0,"event_name":"Liars Game","floor":2,"gold_loss":0,"cards_obtained":["Doubt"]},{"damage_healed":0,"gold_gain":0,"player_choice":"Bought 1 Potion","damage_taken":0,"max_hp_gain":0,"max_hp_loss":0,"event_name":"The Woman in Blue","floor":4,"gold_loss":0},{"damage_healed":0,"gold_gain":0,"player_choice":"Ignored","damage_taken":0,"max_hp_gain":0,"max_hp_loss":0,"event_name":"Ghosts","floor":20,"gold_loss":0}],"is_beta":false,"boss_relics":[{"not_picked":["Ring of Chaos","Runic Pyramid"],"picked":"Cursed Key"}],"items_purged_floors":[5,8,19],"is_endless":false,"potions_floor_spawned":[10,14],"killed_by":"Snecko","ascension_level":18}}