{"host":"4qkvkh7pd9qr2mca","time":1611960204,"event":{"mods":["AchievementEnabler","Act Like it!","BaseMod","Colored Map","Colored Powertips","Highlight Path","Minty Spire (QoL Compilation)","Pale of the Ancients","Permanent Neow","Quick Restart","Relic Stats","StSLib","SuperFastMode"],"gold_per_floor":[116,72,83,99,116,116,149,149,200,211,243,272,294,456,468,554,566,598,621,548,560,296,326,326,326],"floor_reached":24,"language":"ENG","playtime":1108,"items_purged":["Doubt"],"score":556,"play_id":"eff4a02b-83bb-49f7-8081-324e97de864b","local_time":"20210129234324","is_ascension_mode":true,"campfire_choices":[{"data":"Power Through","floor":6.0,"key":"SMITH"},{"data":"Carnage","floor":8.0,"key":"SMITH"},{"data":"Entrench","floor":15.0,"key":"SMITH"}],"circlet_count":0,"master_deck":["AscendersBane","Strike_R","Strike_R","Strike_R","Defend_R","Defend_R","Defend_R","Bash","Barricade+1","Warcry+1","Clothesline+1","Infernal Blade","Battle Trance","Power Through+1","Rage","Carnage+1","Bloodletting","Seeing Red","Entrench+1","Body Slam","Exhume","Second Wind","Flame Barrier"],"relics":["Astrolabe","Pear","Toy Ornithopter","MawBank","Fusion Hammer","StrikeDummy","Potion Belt"],"acts_visited":["Exordium","TheCity"],"potions_floor_usage":[23,24],"damage_taken":[{"damage":4.0,"enemies":"Cultist","floor":1.0,"turns":4.0},{"damage":0.0,"enemies":"2 Louse","floor":3.0,"turns":2.0},{"damage":6.0,"enemies":"Small Slimes","floor":4.0,"turns":3.0},{"damage":6.0,"enemies":"Blue Slaver","floor":5.0,"turns":4.0},{"damage":0.0,"enemies":"Lagavulin","floor":7.0,"turns":6.0},{"damage":8.0,"enemies":"Large Slime","floor":10.0,"turns":6.0},{"damage":22.0,"enemies":"Gremlin Nob","floor":11.0,"turns":4.0},{"damage":1.0,"enemies":"2 Fungi Beasts","floor":12.0,"turns":2.0},{"damage":0.0,"enemies":"Looter","floor":13.0,"turns":2.0},{"damage":28.0,"enemies":"The Guardian","floor":16.0,"turns":9.0},{"damage":15.0,"enemies":"Shell Parasite","floor":18.0,"turns":9.0},{"damage":18.0,"enemies":"Chosen","floor":19.0,"turns":4.0},{"damage":57,"enemies":"Slavers","floor":23,"turns":9},{"damage":10,"enemies":"Shelled Parasite and Fungi","floor":24,"turns":2}],"seed_played":"3119552374225608236","potions_obtained":[{"floor":1.0,"key":"Regen Potion"},{"floor":3.0,"key":"SteroidPotion"},{"floor":5.0,"key":"Dexterity Potion"},{"floor":19.0,"key":"BlessingOfTheForge"}],"is_trial":false,"path_per_floor":["M","$","M","M","M","R","E","R","T","M","E","M","M","?","R","B",null,"M","M","?","?","$","E","M"],"character_chosen":"IRONCLAD","items_purchased":["Battle Trance","HeartOfIron","Second Wind"],"campfire_rested":0,"item_purchase_floors":[2,22,22],"current_hp_per_floor":[64,64,64,58,52,52,62,62,62,54,32,31,31,31,31,23,70,55,37,37,54,54,2,0,0],"gold":326,"neow_bonus":"BOSS_RELIC","is_daily":false,"chose_seed":false,"campfire_upgraded":3,"win_rate":0.0,"timestamp":1611960204,"path_taken":["M","$","M","M","M","R","E","R","T","M","E","M","M","?","R","BOSS","M","M","?","?","$","E","M"],"items_purchased_type":["Card","Potion","Card"],"build_version":"2020-12-22","purchased_purges":1,"victory":false,"max_hp_per_floor":[75,75,75,75,75,75,85,85,85,85,85,85,85,85,85,85,85,85,85,85,85,85,85,85,85],"relic_stats":{"counters":[14,66],"Astrolabe":["Barricade","Warcry","Clothesline"],"MawBank":132,"obtain_stats":[{"Potion Belt":23,"Pear":7,"Astrolabe":0,"Fusion Hammer":17,"MawBank":11,"StrikeDummy":20,"Burning Blood":0,"Toy Ornithopter":9},{"Potion Belt":13,"Pear":5,"Astrolabe":0,"Fusion Hammer":10,"MawBank":7,"StrikeDummy":12,"Burning Blood":0,"Toy Ornithopter":5},{"Potion Belt":64,"Pear":19,"Astrolabe":0,"Fusion Hammer":42,"MawBank":29,"StrikeDummy":55,"Burning Blood":0,"Toy Ornithopter":19}],"Toy Ornithopter":15},"card_choices":[{"not_picked":["Searing Blow","Clash"],"picked":"Infernal Blade","floor":1.0},{"not_picked":["Intimidate","Inflame"],"picked":"Power Through","floor":3.0},{"not_picked":["Dark Embrace","Hemokinesis"],"picked":"Rage","floor":4.0},{"not_picked":["Bloodletting","Headbutt"],"picked":"Carnage","floor":5.0},{"not_picked":["Sever Soul","Carnage","Searing Blow"],"picked":"SKIP","floor":7.0},{"not_picked":["Wild Strike","Thunderclap"],"picked":"Bloodletting","floor":10.0},{"not_picked":["Cleave","Perfected Strike"],"picked":"Seeing Red","floor":11.0},{"not_picked":["Rupture","Shockwave"],"picked":"Entrench","floor":12.0},{"not_picked":["Clash","Perfected Strike"],"picked":"Body Slam","floor":13.0},{"not_picked":["Corruption","Barricade"],"picked":"Exhume","floor":16.0},{"not_picked":["Dark Embrace","Dropkick","Cleave"],"picked":"SKIP","floor":18.0},{"not_picked":["Heavy Blade","Twin Strike","Wild Strike"],"picked":"SKIP","floor":19.0},{"not_picked":["Twin Strike","Pummel"],"picked":"Flame Barrier","floor":23}],"player_experience":585426,"relics_obtained":[{"floor":7.0,"key":"Pear"},{"floor":9.0,"key":"Toy Ornithopter"},{"floor":11.0,"key":"MawBank"},{"floor":23,"key":"Potion Belt"}],"event_choices":[{"damage_healed":0.0,"max_hp_gain":0.0,"max_hp_loss":0.0,"gold_gain":150.0,"event_name":"Liars Game","player_choice":"AGREE","floor":14.0,"gold_loss":0.0,"damage_taken":0.0,"cards_obtained":["Doubt"]},{"damage_healed":0.0,"max_hp_gain":0.0,"max_hp_loss":0.0,"gold_gain":0.0,"event_name":"Addict","player_choice":"Obtained Relic","floor":20.0,"gold_loss":85.0,"damage_taken":0.0,"relics_obtained":["StrikeDummy"]},{"damage_healed":17.0,"max_hp_gain":0.0,"max_hp_loss":0.0,"gold_gain":0.0,"event_name":"The Library","player_choice":"Heal","floor":21.0,"gold_loss":0.0,"damage_taken":0.0}],"is_beta":false,"boss_relics":[{"not_picked":["Sozu","SacredBark"],"picked":"Fusion Hammer"}],"items_purged_floors":[22],"is_endless":false,"potions_floor_spawned":[1,3,5,10,11,12,19],"killed_by":"Shelled Parasite and Fungi","ascension_level":20}}