{"host":"Ryley","time":1611888153,"event":{"mods":["BaseMod","Downfall","Minty Spire (QoL Compilation)","StSLib"],"gold_per_floor":[99,117,136,150,168,78,101,121,151,151,163,163,73,73,83,83,83,83],"floor_reached":16,"language":"ENG","playtime":843,"items_purged":["bronze:Defend"],"score":94,"play_id":"73ab7b9b-eb02-47e9-807e-e67dc6b443d7","local_time":"20210128204233","is_ascension_mode":false,"campfire_choices":[{"data":"bronze:Replicate","floor":1,"key":"SMITH"},{"data":"bronze:BitShift","floor":10,"key":"SMITH"}],"circlet_count":0,"master_deck":["bronze:Strike","bronze:Strike","bronze:Strike","bronze:Strike","bronze:Defend","bronze:Defend","bronze:Defend","bronze:Replicate+1","bronze:Goto","bronze:NullPointer","bronze:Shield","bronze:Repair","bronze:ChosenStrike","bronze:BitShift+1","bronze:DelayedGuard","bronze:WhirlingStrike"],"relics":["bronze:BronzeCore","Ancient Tea Set","Odd Mushroom","bronze:BottledCode","Matryoshka"],"acts_visited":["Exordium"],"potions_floor_usage":[],"damage_taken":[{"damage":0,"enemies":"Small Slimes","floor":2,"turns":4},{"damage":10,"enemies":"Jaw Worm","floor":3,"turns":4},{"damage":9,"enemies":"2 Louse","floor":4,"turns":2},{"damage":2,"enemies":"Blue Slaver","floor":5,"turns":3},{"damage":0,"enemies":"downfall:FleeingMerchant","floor":6,"turns":4},{"damage":8,"enemies":"Lots of Slimes","floor":8,"turns":4},{"damage":18,"enemies":"The Mushroom Lair","floor":9,"turns":7},{"damage":11,"enemies":"2 Fungi Beasts","floor":11,"turns":3},{"damage":15,"enemies":"downfall:FleeingMerchant","floor":13,"turns":4},{"damage":0,"enemies":"Large Slime","floor":15,"turns":4},{"damage":62,"enemies":"WA_ARCHETYPE_RETAIN","floor":16,"turns":10}],"seed_played":"9041193497333492454","potions_obtained":[{"floor":2,"key":"sneckomod:MuddlingPotion"},{"floor":3,"key":"champ:CounterPotion"},{"floor":5,"key":"bronze:BurnAndBuffPotion"}],"is_trial":false,"path_per_floor":["R","M","M","M","M","$","T","M","?","R","M","?","$","T","M","B"],"character_chosen":"THE_AUTOMATON","items_purchased":["bronze:ChosenStrike"],"campfire_rested":0,"item_purchase_floors":[6],"current_hp_per_floor":[77,77,67,58,56,56,56,55,44,44,40,40,32,32,39,0,0,0],"gold":83,"neow_bonus":"TEN_PERCENT_HP_BONUS","is_daily":false,"chose_seed":false,"campfire_upgraded":2,"win_rate":0.0,"timestamp":1611888153,"path_taken":["R","M","M","M","M","$","T","M","?","R","M","?","$","?","M","BOSS"],"items_purchased_type":["Card"],"build_version":"2020-12-18","purchased_purges":1,"victory":false,"max_hp_per_floor":[77,77,77,77,77,77,77,77,77,77,77,67,67,67,67,67,67,67],"card_choices":[{"not_picked":["bronze:Overheat","bronze:BronzeArmor"],"picked":"bronze:NullPointer","floor":2},{"not_picked":["bronze:Deprecate","bronze:Allocate","bronze:Repulsor"],"picked":"SKIP","floor":3},{"not_picked":["bronze:ClassDefault","bronze:Frontload"],"picked":"bronze:Shield","floor":4},{"not_picked":["bronze:DigitalCarnage","bronze:CloningBeam","bronze:Turbo"],"picked":"SKIP","floor":5},{"not_picked":["bronze:CutThrough","bronze:Assembly"],"picked":"bronze:Repair","floor":6},{"not_picked":["bronze:BuggyMess","bronze:BronzeOrb"],"picked":"bronze:BitShift","floor":8},{"not_picked":["bronze:Shield","bronze:BugBarrage"],"picked":"bronze:DelayedGuard","floor":9},{"not_picked":["bronze:ForceShield","bronze:DigitalCarnage"],"picked":"bronze:WhirlingStrike","floor":11},{"not_picked":["bronze:Invalidate","bronze:OilSpill","bronze:ChildClass"],"picked":"SKIP","floor":13},{"not_picked":["bronze:BugBarrage","bronze:ForLoop","bronze:MaxOutput"],"picked":"SKIP","floor":15}],"player_experience":350625,"relics_obtained":[{"floor":7,"key":"Ancient Tea Set"},{"floor":9,"key":"Odd Mushroom"},{"floor":14,"key":"Matryoshka"}],"event_choices":[{"damage_healed":0,"gold_gain":0,"player_choice":"Fought Mushrooms","damage_taken":0,"max_hp_gain":0,"max_hp_loss":0,"event_name":"Mushrooms","floor":9,"gold_loss":0}],"is_beta":true,"boss_relics":[],"items_purged_floors":[13],"is_endless":false,"potions_floor_spawned":[2,3,5,9,15],"killed_by":"WA_ARCHETYPE_RETAIN","ascension_level":0}}