{"host":"59fzh68erzs7h44i","time":1611957557,"event":{"mods":["AchievementEnabler","BaseMod","Downfall","Minty Spire (QoL Compilation)","StSLib","The Jungle"],"gold_per_floor":[117,117,292,306,82,82,110,110,110,110,121,134,144,167,167,167,167],"floor_reached":16,"language":"ENG","playtime":514,"items_purged":["Doubt"],"score":100,"play_id":"6c5e950c-1aa2-479e-9cc6-924efb2782b7","local_time":"20210129165917","is_ascension_mode":false,"campfire_choices":[{"data":"Ragnarok","floor":6,"key":"SMITH"},{"floor":10,"key":"REST"},{"floor":15,"key":"REST"}],"circlet_count":0,"master_deck":["Strike_P","Strike_P","Strike_P","Strike_P","Defend_P+1","Defend_P","Defend_P","Defend_P+1","Eruption","Vigilance","Ragnarok+1","Adaptation","FearNoEvil","WreathOfFlame","Prostrate","LikeWater","MentalFortress"],"relics":["PureWater","Potion Belt","ClockworkSouvenir","Dead Branch","GoldenEye","Damaru"],"acts_visited":["Exordium"],"potions_floor_usage":[16,16,16],"damage_taken":[{"damage":6,"enemies":"2 Louse","floor":1,"turns":2},{"damage":0,"enemies":"Small Slimes","floor":4,"turns":2},{"damage":13,"enemies":"Lagavulin","floor":7,"turns":4},{"damage":0,"enemies":"Cultist","floor":11,"turns":1},{"damage":0,"enemies":"Large Slime","floor":12,"turns":2},{"damage":4,"enemies":"Red Slaver","floor":13,"turns":3},{"damage":96,"enemies":"Hexaghost","floor":16,"turns":15}],"seed_played":"-1766815449212941976","potions_obtained":[{"floor":7,"key":"Dexterity Potion"},{"floor":11,"key":"Fruit Juice"},{"floor":12,"key":"Swift Potion"},{"floor":13,"key":"FairyPotion"}],"is_trial":false,"path_per_floor":["M","?","?","M","$","R","E","?","T","R","M","M","M","T","R","B"],"character_chosen":"WATCHER","items_purchased":["ClockworkSouvenir"],"campfire_rested":2,"item_purchase_floors":[5],"current_hp_per_floor":[66,48,48,48,48,48,35,21,21,42,42,42,38,38,59,0,0],"gold":167,"neow_bonus":"ONE_RANDOM_RARE_CARD","is_daily":false,"chose_seed":false,"campfire_upgraded":1,"win_rate":0.0,"timestamp":1611957557,"path_taken":["M","?","?","M","$","R","E","?","T","R","M","M","M","?","R","BOSS"],"items_purchased_type":["Relic"],"build_version":"2020-12-22","purchased_purges":1,"victory":false,"max_hp_per_floor":[72,72,72,72,72,72,72,72,72,72,72,72,72,72,72,77,77],"card_choices":[{"not_picked":["CutThroughFate","EmptyBody"],"picked":"Adaptation","floor":1},{"not_picked":["Protect","Nirvana"],"picked":"FearNoEvil","floor":4},{"not_picked":["InnerPeace","FollowUp"],"picked":"WreathOfFlame","floor":7},{"not_picked":["Adaptation","Study"],"picked":"Prostrate","floor":11},{"not_picked":["JustLucky","ClearTheMind"],"picked":"LikeWater","floor":12},{"not_picked":["TalkToTheHand","Evaluate"],"picked":"MentalFortress","floor":13}],"player_experience":189281,"relics_obtained":[{"floor":7,"key":"Dead Branch"},{"floor":9,"key":"GoldenEye"},{"floor":14,"key":"Damaru"}],"event_choices":[{"damage_healed":0,"gold_gain":0,"player_choice":"Success","damage_taken":18,"relics_obtained":["Potion Belt"],"max_hp_gain":0,"max_hp_loss":0,"event_name":"Scrap Ooze","floor":2,"gold_loss":0},{"damage_healed":0,"gold_gain":175,"player_choice":"AGREE","damage_taken":0,"max_hp_gain":0,"max_hp_loss":0,"event_name":"Liars Game","floor":3,"gold_loss":0,"cards_obtained":["Doubt"]},{"damage_healed":0,"gold_gain":0,"player_choice":"Entered Light","damage_taken":14,"max_hp_gain":0,"max_hp_loss":0,"event_name":"Shining Light","floor":8,"gold_loss":0,"cards_upgraded":["Defend_P","Defend_P"]}],"is_beta":false,"boss_relics":[],"items_purged_floors":[5],"is_endless":false,"potions_floor_spawned":[7,11,12,13],"killed_by":"Hexaghost","ascension_level":0}}