{"host":"jm9833yuloeli2yd","time":1611933071,"event":{"mods":["BaseMod","Better Altar","Better Match","Better Note","Better Sensory Stone","Better Skull","Better Third Choice","Better Vampires","BetterRewards","Colored Map","Colored Powertips","DeckTracker","Minty Spire (QoL Compilation)","Permanent Neow","Quick Restart","Slay-I","StSLib","SuperFastMode"],"gold_per_floor":[15,30,47,47,57,87,87,117,117,117,136,49,82,101,101,180,180,198,113,125,48,68,68,94,94,147,197,197,197],"floor_reached":28,"language":"ENG","playtime":779,"items_purged":[],"score":516,"play_id":"19e1286b-c735-4486-af51-2e299346478a","local_time":"20210129101111","is_ascension_mode":true,"campfire_choices":[{"floor":7,"key":"REST"},{"data":"Defragment","floor":10,"key":"SMITH"},{"floor":15,"key":"REST"},{"data":"Buffer","floor":23,"key":"SMITH"},{"floor":25,"key":"REST"}],"circlet_count":0,"master_deck":["AscendersBane","Strike_B","Defend_B","Defend_B","Defend_B","Zap","Dualcast","Ball Lightning","Defragment+1","Go for the Eyes","Coolheaded","Ball Lightning","Auto Shields","Chill","Loop","Coolheaded","Static Discharge","Buffer+1","Glacier","Compile Driver","Capacitor","Stack+1"],"relics":["Cracked Core","Emotion Chip","Bottled Tornado","Letter Opener","Matryoshka","Empty Cage","White Beast Statue","Anchor","Regal Pillow"],"acts_visited":["Exordium","TheCity"],"potions_floor_usage":[6,13,14,20,24,24,28],"damage_taken":[{"damage":7,"enemies":"Small Slimes","floor":1,"turns":3},{"damage":9,"enemies":"2 Louse","floor":2,"turns":3},{"damage":0,"enemies":"Cultist","floor":3,"turns":3},{"damage":15,"enemies":"3 Louse","floor":5,"turns":3},{"damage":6,"enemies":"Gremlin Nob","floor":6,"turns":3},{"damage":11,"enemies":"Lagavulin","floor":8,"turns":5},{"damage":6,"enemies":"2 Fungi Beasts","floor":11,"turns":2},{"damage":20,"enemies":"3 Sentries","floor":13,"turns":4},{"damage":6,"enemies":"Gremlin Gang","floor":14,"turns":4},{"damage":7,"enemies":"Hexaghost","floor":16,"turns":9},{"damage":7,"enemies":"3 Byrds","floor":18,"turns":2},{"damage":0,"enemies":"Chosen","floor":20,"turns":5},{"damage":30,"enemies":"Centurion and Healer","floor":22,"turns":13},{"damage":13,"enemies":"Slavers","floor":24,"turns":8},{"damage":35,"enemies":"Gremlin Leader","floor":28,"turns":7}],"seed_played":"-3547278905031667952","potions_obtained":[{"floor":2,"key":"LiquidMemories"},{"floor":5,"key":"AttackPotion"},{"floor":6,"key":"LiquidMemories"},{"floor":13,"key":"Energy Potion"},{"floor":14,"key":"Fire Potion"},{"floor":18,"key":"PowerPotion"},{"floor":20,"key":"LiquidMemories"},{"floor":24,"key":"Swift Potion"}],"is_trial":false,"path_per_floor":["M","M","M","?","M","E","R","E","T","R","M","$","E","M","R","B",null,"M","?","M","$","M","R","E","R","T","?","E"],"character_chosen":"DEFECT","items_purchased":["Loop","Capacitor"],"campfire_rested":3,"item_purchase_floors":[12,21],"current_hp_per_floor":[57,48,48,48,33,27,48,37,37,37,31,31,11,5,26,19,58,51,51,51,51,21,21,8,29,29,29,0,0],"gold":197,"neow_bonus":"REMOVE_TWO","is_daily":false,"chose_seed":false,"campfire_upgraded":2,"win_rate":0.0,"timestamp":1611933071,"path_taken":["M","M","M","?","M","E","R","E","T","R","M","$","E","M","R","BOSS","M","?","M","$","M","R","E","R","T","?","E"],"items_purchased_type":["Card","Card"],"build_version":"2020-12-22","purchased_purges":0,"victory":false,"max_hp_per_floor":[71,71,71,71,71,71,71,71,71,71,71,71,71,71,71,71,71,71,71,71,71,71,71,71,71,71,71,71,71],"card_choices":[{"not_picked":["Hologram","Stack"],"picked":"Ball Lightning","floor":1},{"not_picked":["Barrage","Chaos"],"picked":"Defragment","floor":2},{"not_picked":["Fusion","Hologram"],"picked":"Go for the Eyes","floor":3},{"not_picked":["Beam Cell","Rebound"],"picked":"Coolheaded","floor":5},{"not_picked":["Heatsinks","Consume"],"picked":"Ball Lightning","floor":6},{"not_picked":["Lockon","Barrage"],"picked":"Auto Shields","floor":8},{"not_picked":["Coolheaded","Double Energy"],"picked":"Chill","floor":11},{"not_picked":["Creative AI","Rip and Tear"],"picked":"Coolheaded","floor":13},{"not_picked":["Cold Snap","Rebound"],"picked":"Static Discharge","floor":14},{"not_picked":["Reboot","Fission"],"picked":"Buffer","floor":16},{"not_picked":["Beam Cell+1","Conserve Battery"],"picked":"Glacier","floor":18},{"not_picked":["Loop","Tempest"],"picked":"Compile Driver","floor":20},{"not_picked":["Go for the Eyes","Barrage"],"picked":"Stack+1","floor":22},{"not_picked":["Go for the Eyes","Auto Shields","Beam Cell"],"picked":"SKIP","floor":24}],"player_experience":1337686,"relics_obtained":[{"floor":6,"key":"Emotion Chip"},{"floor":8,"key":"Bottled Tornado"},{"floor":9,"key":"Letter Opener"},{"floor":13,"key":"Matryoshka"},{"floor":24,"key":"Anchor"},{"floor":26,"key":"Regal Pillow"}],"event_choices":[{"damage_healed":0,"gold_gain":0,"player_choice":"Ignored","damage_taken":47,"max_hp_gain":0,"max_hp_loss":0,"event_name":"betterThird:BetterSerpent","floor":4,"gold_loss":0},{"damage_healed":0,"gold_gain":0,"player_choice":"Obtained Relic","damage_taken":0,"relics_obtained":["White Beast Statue"],"max_hp_gain":0,"max_hp_loss":0,"event_name":"Addict","floor":19,"gold_loss":85},{"damage_healed":0,"gold_gain":100,"player_choice":"Bet on Murderer","damage_taken":0,"max_hp_gain":0,"max_hp_loss":0,"event_name":"The Joust","floor":27,"gold_loss":50}],"is_beta":false,"boss_relics":[{"not_picked":["Coffee Dripper","Ectoplasm"],"picked":"Empty Cage"}],"items_purged_floors":[],"is_endless":false,"potions_floor_spawned":[2,5,6,8,13,14,18,20,22,24],"killed_by":"Gremlin Leader","ascension_level":20}}