{"host":"1vfpjvae9xcvmh7u","time":1611899020,"event":{"mods":["BaseMod","Downfall","Hermit","Hubris","Minty Spire (QoL Compilation)","Robot Space Explorer","StSLib","The Cursed","The Forsaken","The Necromancer","The Servant 0.9.4"],"gold_per_floor":[99,110,128,146,158,175,175,187,28,28,28,39,39,58,68,68,68,68],"floor_reached":16,"language":"ENG","playtime":932,"items_purged":[],"score":98,"play_id":"0e6ae80f-dd4a-45a8-b3f6-e4f426b0570a","local_time":"20210128214340","is_ascension_mode":false,"campfire_choices":[{"data":"bronze:ForceShield","floor":1,"key":"SMITH"},{"floor":11,"key":"REST"},{"floor":13,"key":"REST"}],"circlet_count":0,"master_deck":["bronze:Strike","bronze:Strike","bronze:Strike","bronze:Defend","bronze:Defend","bronze:Defend","bronze:Defend","bronze:Replicate","bronze:Goto","bronze:ForceShield+1","bronze:WhirlingStrike","bronze:Overload","bronze:BuggyMess","bronze:Repulsor","bronze:Assembly","bronze:Boost","bronze:Overload","bronze:Flail","bronze:ChildClass"],"relics":["bronze:BronzeCore","HornCleat"],"acts_visited":["Exordium"],"potions_floor_usage":[14,16],"damage_taken":[{"damage":1,"enemies":"Cultist","floor":2,"turns":4},{"damage":5,"enemies":"Small Slimes","floor":3,"turns":3},{"damage":0,"enemies":"2 Louse","floor":4,"turns":4},{"damage":20,"enemies":"Gremlin Gang","floor":5,"turns":3},{"damage":8,"enemies":"2 Fungi Beasts","floor":6,"turns":3},{"damage":0,"enemies":"Large Slime","floor":8,"turns":7},{"damage":0,"enemies":"downfall:FleeingMerchant","floor":9,"turns":4},{"damage":27,"enemies":"Exordium Wildlife","floor":12,"turns":6},{"damage":0,"enemies":"Gremlin Gang","floor":14,"turns":1},{"damage":2,"enemies":"3 Louse","floor":15,"turns":2},{"damage":69,"enemies":"DF_ARCHETYPE_STREAMLINE","floor":16,"turns":14}],"seed_played":"2748135611911239076","potions_obtained":[{"floor":6,"key":"sneckomod:MuddlingPotion"},{"floor":12,"key":"Explosive Potion"},{"floor":14,"key":"BlessingOfTheForge"}],"is_trial":false,"path_per_floor":["R","M","M","M","M","M","T","M","$","?","R","M","R","M","M","B"],"character_chosen":"THE_AUTOMATON","items_purchased":["bronze:Boost","bronze:Overload"],"campfire_rested":2,"item_purchase_floors":[9,9],"current_hp_per_floor":[70,69,64,64,44,36,36,36,36,36,57,30,51,51,49,0,0,0],"gold":68,"neow_bonus":"THREE_CARDS","is_daily":false,"chose_seed":false,"campfire_upgraded":1,"win_rate":0.0,"timestamp":1611899020,"path_taken":["R","M","M","M","M","M","T","?","$","?","R","M","R","?","M","BOSS"],"items_purchased_type":["Card","Card"],"build_version":"2020-12-22","purchased_purges":0,"victory":false,"max_hp_per_floor":[70,70,70,70,70,70,70,70,70,70,70,70,70,70,70,70,70,70],"card_choices":[{"not_picked":["bronze:WildBeam","bronze:DelayedSlice"],"picked":"bronze:ForceShield","floor":0},{"not_picked":["bronze:BitShift","bronze:Overheat"],"picked":"bronze:WhirlingStrike","floor":2},{"not_picked":["bronze:Overheat","bronze:Branch","bronze:ItsAFeature"],"picked":"SKIP","floor":3},{"not_picked":["bronze:OilSpill","bronze:ItsAFeature"],"picked":"bronze:Overload","floor":4},{"not_picked":["bronze:DelayedGuard","bronze:Frontload"],"picked":"bronze:BuggyMess","floor":5},{"not_picked":["bronze:Shield","bronze:Turbo","bronze:Overheat"],"picked":"SKIP","floor":6},{"not_picked":["bronze:WildBeam","bronze:Invalidate"],"picked":"bronze:Repulsor","floor":8},{"not_picked":["bronze:DarkDash","bronze:CutThrough"],"picked":"bronze:Assembly","floor":9},{"not_picked":["bronze:DelayedGuard","bronze:BugBarrage","bronze:Iterate"],"picked":"SKIP","floor":12},{"not_picked":["bronze:BitShift","bronze:Frontload"],"picked":"bronze:Flail","floor":14},{"not_picked":["bronze:Repulsor","bronze:FollowUp"],"picked":"bronze:ChildClass","floor":15}],"player_experience":1824258,"relics_obtained":[{"floor":7,"key":"HornCleat"}],"event_choices":[],"is_beta":false,"boss_relics":[],"items_purged_floors":[],"is_endless":false,"potions_floor_spawned":[6,12,14],"killed_by":"DF_ARCHETYPE_STREAMLINE","ascension_level":0}}