{"host":"qvcm5n1ry1q9iv9x","time":1611946790,"event":{"mods":["Act Like it!","BaseMod","BetterRewards","Colored Map","Colored Powertips","Downfall","Friendly Minions","Highlight Path","Minty Spire (QoL Compilation)","Quick Restart","Relic Sorter","Shop Mod","StSLib"],"gold_per_floor":[99,158,178,194,88,88,113,213,213,246,259,294,294,294,309,414,414,414,433,433,433,449,449,474,474,474,492,492,492,492],"floor_reached":28,"language":"ZHS","playtime":1494,"items_purged":[],"score":224,"play_id":"dc744287-995b-4ab2-a8f0-c095a3724f5f","local_time":"20210130025950","is_ascension_mode":false,"campfire_choices":[{"data":"Slimebound:CorrosiveSpit","floor":1.0,"key":"SMITH"},{"data":"Regret","floor":9,"key":"PURGE"},{"data":"Slimebound:GrowthPunch","floor":13,"key":"SMITH"},{"data":"Slimebound:Overexert","floor":18,"key":"SMITH"},{"data":"Slimebound:AcidTongue","floor":23,"key":"PURGE"},{"data":"Slimebound:GoopSpray","floor":26,"key":"SMITH"}],"circlet_count":0,"master_deck":["Slimebound:Strike_Slimebound+1","Slimebound:Strike_Slimebound+1","Slimebound:Tackle","Slimebound:Defend_Slimebound","Slimebound:Defend_Slimebound","Slimebound:Defend_Slimebound","Slimebound:Split","Slimebound:CorrosiveSpit+1","Slimebound:Equalize","Slimebound:SplitLeeching","Slimebound:Repurpose","Slimebound:SplitBruiser","expansioncontent:LastStand","Slimebound:GrowthPunch+1","Slimebound:Split","Slimebound:GoopSpray+1","Slimebound:ForwardTackle","Slimebound:RallyTheTroops","Forethought","Slimebound:FirmFortitude","Slimebound:Gluttony","Slimebound:Equalize","Slimebound:ProtectTheBoss","Slimebound:Overexert+1","Slimebound:LevelUp","Slimebound:SamplingLick+1"],"relics":["Slimebound:AbsorbEndCombat","Lantern","Slimebound:ScrapOozeRelic","Ancient Tea Set","downfall:GremlinSack","Slimebound:AggressiveSlimeRelic","Omamori","SlaversCollar","Singing Bowl","Pen Nib"],"acts_visited":["Exordium","TheCity"],"potions_floor_usage":[28,28],"damage_taken":[{"damage":26.0,"enemies":"3 Sentries","floor":2.0,"turns":11.0},{"damage":3.0,"enemies":"Small Slimes","floor":3.0,"turns":3.0},{"damage":0.0,"enemies":"2 Louse","floor":4.0,"turns":3.0},{"damage":2.0,"enemies":"downfall:FleeingMerchant","floor":5.0,"turns":4.0},{"damage":23,"enemies":"downfall:FleeingMerchant","floor":8,"turns":4},{"damage":16,"enemies":"Lagavulin","floor":10,"turns":4},{"damage":0,"enemies":"Cultist","floor":11,"turns":2},{"damage":30,"enemies":"3 Sentries","floor":12,"turns":4},{"damage":24,"enemies":"Blue Slaver","floor":15,"turns":3},{"damage":33,"enemies":"SI_SHIV_ARCHETYPE","floor":16,"turns":7},{"damage":3,"enemies":"Chosen","floor":19,"turns":4},{"damage":38,"enemies":"3 Byrds","floor":22,"turns":5},{"damage":37,"enemies":"Snake Plant","floor":27,"turns":4},{"damage":17,"enemies":"Gremlin Leader","floor":28,"turns":2}],"seed_played":"-1511455257921906711","potions_obtained":[{"floor":4.0,"key":"SkillPotion"},{"floor":8,"key":"SteroidPotion"},{"floor":10,"key":"Fire Potion"}],"is_trial":false,"path_per_floor":["R","?","M","M","$","?","T","?","R","E","M","E","R","?","M","B",null,"R","M","?","?","M","R","T","?","R","M","E"],"character_chosen":"SLIMEBOUND","items_purchased":["expansioncontent:LastStand"],"campfire_rested":0,"item_purchase_floors":[5],"current_hp_per_floor":[65,43,48,56,65,65,65,54,54,50,64,38,38,38,24,9,65,65,65,65,65,37,37,37,37,37,12,0,0,0],"gold":492,"neow_bonus":"RANDOM_COMMON_RELIC","is_daily":false,"chose_seed":false,"campfire_upgraded":4,"win_rate":0.0,"timestamp":1611946790,"path_taken":["R","?","M","M","$","?","T","?","R","E","?","E","R","?","M","BOSS","R","M","?","?","M","R","T","?","R","M","E"],"items_purchased_type":["Card"],"build_version":"2020-12-22","purchased_purges":0,"victory":false,"max_hp_per_floor":[65,65,65,65,65,65,65,65,65,65,65,65,65,65,65,65,65,65,65,65,65,65,65,65,65,65,67,67,67,67],"card_choices":[{"not_picked":["Slimebound:FinishingTackle","Slimebound:Schlurp"],"picked":"Slimebound:Equalize","floor":2.0},{"not_picked":["Slimebound:SlimeTap","Slimebound:GoopSpray"],"picked":"Slimebound:SplitLeeching","floor":3.0},{"not_picked":["Slimebound:HauntingLick","Slimebound:RainOfGoop"],"picked":"Slimebound:Repurpose","floor":4.0},{"not_picked":["Slimebound:ComboTackle","Slimebound:SlimeTap"],"picked":"Slimebound:SplitBruiser","floor":5.0},{"not_picked":["Slimebound:HauntingLick","Slimebound:LivingWall"],"picked":"Slimebound:GrowthPunch","floor":8},{"not_picked":["Slimebound:SlimeBarrage","Slimebound:FinishingTackle"],"picked":"Slimebound:FirmFortitude","floor":10},{"not_picked":["Slimebound:Prepare","Slimebound:SplitAcid"],"picked":"Slimebound:Gluttony","floor":11},{"not_picked":["Slimebound:ComboTackle","Slimebound:GoopSpray"],"picked":"Slimebound:Equalize","floor":12},{"not_picked":["Slimebound:SplitAcid","Slimebound:Grow"],"picked":"Slimebound:ProtectTheBoss","floor":15},{"not_picked":["Slimebound:DouseInSlime","Slimebound:SelfFormingGoo"],"picked":"Slimebound:Overexert","floor":16},{"not_picked":["Slimebound:GoopSpray","Slimebound:ItLooksTasty"],"picked":"Slimebound:AcidTongue","floor":19},{"not_picked":["Slimebound:LeechingTouch","Slimebound:SplitBruiser+1"],"picked":"Slimebound:SamplingLick+1","floor":22},{"not_picked":["Slimebound:Grow","Slimebound:ItLooksTasty","Slimebound:FlameTackle"],"picked":"Singing Bowl","floor":27}],"player_experience":142949,"relics_obtained":[{"floor":2.0,"key":"Lantern"},{"floor":7.0,"key":"Ancient Tea Set"},{"floor":8,"key":"downfall:GremlinSack"},{"floor":10,"key":"Slimebound:AggressiveSlimeRelic"},{"floor":12,"key":"Omamori"},{"floor":24,"key":"Pen Nib"}],"event_choices":[{"damage_healed":0,"gold_gain":0,"player_choice":"Read","damage_taken":0,"max_hp_gain":0,"max_hp_loss":0,"event_name":"The Library","floor":20,"gold_loss":0,"cards_obtained":["Slimebound:LevelUp"]},{"damage_healed":0,"gold_gain":0,"player_choice":"Stole Relic","damage_taken":0,"relics_obtained":["Singing Bowl"],"max_hp_gain":0,"max_hp_loss":0,"event_name":"Addict","floor":21,"gold_loss":0,"cards_obtained":["Pride"]}],"is_beta":false,"boss_relics":[{"not_picked":["bronze:MakeshiftBattery","Runic Dome"],"picked":"SlaversCollar"}],"items_purged_floors":[],"is_endless":false,"potions_floor_spawned":[4,8,10,12,15,19],"killed_by":"Gremlin Leader","ascension_level":0}}