{"host":"9jkzatiwan7o33sr","time":1611947301,"event":{"mods":["AchievementEnabler","Act Like it!","Aspiration","BaseMod","Colored Map","Colored Powertips","Conspire","Downfall","GifTheSpireLib","Hallownest","Hermit","Hubris","Infinite Spire","Jorbs\u0027s Wanderer Trilogy","Mad Scientist","Mimic Mod","Minty Spire (QoL Compilation)","Permanent Neow","Shade Mod","StSLib","Stuff the Spire","Td1madao Mod","The Bladedancer","The Bug Knight","The Cursed","The Forsaken","The Hierophant","The Jungle","The Mystic","The Necromancer","The Poker Player","The Servant 0.9.4","The Witch","[IsaacMod]????"],"gold_per_floor":[115,128,22,41,59,59,89,89,125,125,143,143,43,59,59,161,161,173,173,185,97,97,97],"floor_reached":22,"language":"ENG","playtime":1375,"items_purged":[],"score":214,"play_id":"abe16e57-8954-488f-b65a-138c600e8ee1","local_time":"20210129200821","is_ascension_mode":true,"campfire_choices":[{"data":"ForeignInfluence","floor":6.0,"key":"SMITH"},{"data":"WaveOfTheHand","floor":8.0,"key":"SMITH"},{"data":"Eruption","floor":12.0,"key":"SMITH"},{"floor":15.0,"key":"REST"}],"circlet_count":0,"master_deck":["Strike_P","Strike_P","Strike_P","Strike_P","Defend_P","Defend_P","Defend_P","Defend_P","Eruption+1","Vigilance","DoctorFetus","FearNoEvil","Wallop","SandsOfTime","Study","ForeignInfluence+1","Consecrate","WaveOfTheHand+1","Protect","EmptyFist","PathToVictory","Evaluate","BattleHymn","JustLucky","ConjureBlade","PathToVictory+1","BowlingBash+1","LikeWater","Prostrate"],"relics":["PureWater","HushsDoor","DeadEye","StuffTheSpire:TintedRock","Anchor","Runic Pyramid","Boot"],"acts_visited":["Exordium","TheCity"],"potions_floor_usage":[],"damage_taken":[{"damage":0.0,"enemies":"Small Slimes","floor":1.0,"turns":4.0},{"damage":0.0,"enemies":"conspire:RoseBush","floor":2.0,"turns":7.0},{"damage":0.0,"enemies":"Jaw Worm","floor":4.0,"turns":2.0},{"damage":13.0,"enemies":"Exordium Thugs","floor":5.0,"turns":5.0},{"damage":9.0,"enemies":"HollowMod:MossKnight","floor":7.0,"turns":5.0},{"damage":1.0,"enemies":"2 Fungi Beasts","floor":9.0,"turns":4.0},{"damage":0.0,"enemies":"2 Fungi Beasts","floor":11.0,"turns":2.0},{"damage":0.0,"enemies":"Lots of Slimes","floor":14.0,"turns":1.0},{"damage":25.0,"enemies":"Hexaghost","floor":16.0,"turns":7.0},{"damage":22,"enemies":"2 Thieves","floor":18,"turns":4},{"damage":0,"enemies":"Chosen","floor":20,"turns":4},{"damage":20,"enemies":"Snake Plant","floor":22,"turns":5}],"seed_played":"3152028092493964786","potions_obtained":[{"floor":2.0,"key":"hexamod:SoulburnPotion"},{"floor":5.0,"key":"Fire Potion"},{"floor":11.0,"key":"StancePotion"},{"floor":16.0,"key":"GamblersBrew"}],"is_trial":false,"path_per_floor":["M","M","$","M","M","R","E","R","MIM","?","M","R","$","M","R","B",null,"M","AVR","M","$","M"],"character_chosen":"WATCHER","items_purchased":["Study","ForeignInfluence","Evaluate","BattleHymn","LikeWater","Prostrate"],"campfire_rested":1,"item_purchase_floors":[3,3,13,13,21,21],"current_hp_per_floor":[72,72,72,72,59,59,50,50,49,49,49,49,49,49,70,45,72,50,50,50,50,30,30],"gold":97,"neow_bonus":"THREE_CARDS","is_daily":false,"chose_seed":false,"campfire_upgraded":3,"win_rate":0.0,"timestamp":1611947301,"path_taken":["M","M","$","M","M","R","E","R","MIM","?","M","R","?","M","R","BOSS","M","AVR","M","$","M"],"items_purchased_type":["Card","Card","Card","Card","Card","Card"],"build_version":"2020-12-22","purchased_purges":0,"victory":false,"max_hp_per_floor":[72,72,72,72,72,72,72,72,72,72,72,72,72,72,72,72,72,72,72,72,72,72,72],"card_choices":[{"not_picked":[],"picked":"DoctorFetus","floor":0.0},{"not_picked":["SandsOfTime","WheelKick"],"picked":"FearNoEvil","floor":0.0},{"not_picked":["CrushJoints","Evaluate"],"picked":"Wallop","floor":1.0},{"not_picked":["Study","SashWhip"],"picked":"SandsOfTime","floor":2.0},{"not_picked":["FlyingSleeves","BowlingBash"],"picked":"Consecrate","floor":4.0},{"not_picked":["BowlingBash","SashWhip"],"picked":"WaveOfTheHand","floor":5.0},{"not_picked":["FollowUp","ForeignInfluence"],"picked":"Protect","floor":7.0},{"not_picked":["Halt","Study"],"picked":"EmptyFist","floor":9.0},{"not_picked":["CrushJoints","EmptyFist"],"picked":"PathToVictory","floor":11.0},{"not_picked":["BowlingBash","FlurryOfBlows"],"picked":"JustLucky","floor":14.0},{"not_picked":["Blasphemy","Ragnarok"],"picked":"ConjureBlade","floor":16.0},{"not_picked":["CutThroughFate","JustLucky+1"],"picked":"PathToVictory+1","floor":18},{"not_picked":["Perseverance","FollowUp"],"picked":"BowlingBash+1","floor":20}],"player_experience":615820,"relics_obtained":[{"floor":7.0,"key":"StuffTheSpire:TintedRock"},{"floor":9.0,"key":"Anchor"}],"event_choices":[],"is_beta":false,"boss_relics":[{"not_picked":["hubris:BlackHole","hubris:CrackedHourglass"],"picked":"Runic Pyramid"},{"not_picked":[]}],"items_purged_floors":[],"is_endless":false,"potions_floor_spawned":[2,5,11,16],"killed_by":"Snake Plant","ascension_level":3}}