{"host":"n9lc5i44t98l6pio","time":1611918263,"event":{"mods":["BaseMod","Curses Come First","Downfall","Minty Spire (QoL Compilation)","Replay The Spire","Say the Spire","StSLib"],"gold_per_floor":[99,116,132,149,162,162,162,180,198,198,198,208,243,254,265,265,265,265],"floor_reached":16,"language":"ENG","playtime":896,"items_purged":[],"score":133,"play_id":"bf55ad3f-5fc2-4dd0-b431-f58dc58fdf3d","local_time":"20210129120423","is_ascension_mode":false,"campfire_choices":[{"floor":1.0,"key":"DIG"},{"floor":10.0,"key":"REST"}],"circlet_count":0,"master_deck":["hexamod:Strike","hexamod:Strike","hexamod:Strike","hexamod:Strike","hexamod:Defend","hexamod:Defend","hexamod:Defend","hexamod:Defend","hexamod:Sear","hexamod:Float","hexamod:Hexaguard","hexamod:RadiantFlame","hexamod:EmpoweredFlame","hexamod:ThirdSeal","hexamod:AdvancingGuard","hexamod:SpectralSpark","hexamod:FourthSeal","hexamod:SearingWound","hexamod:SkipABeat","ReplayTheSpireMod:IOU","ReplayTheSpireMod:IOU","hexamod:Firestarter","ReplayTheSpireMod:IOU","hexamod:EmpoweredFlame","ReplayTheSpireMod:IOU","hexamod:GhostShield","hexamod:RetreatToShadows","hexamod:PhantomFireball","hexamod:ThermalTransfer","hexamod:SpectersWail","hexamod:Firestarter"],"relics":["hexamod:SpiritBrand","Regal Pillow","Replay:Bottled Steam","Letter Opener","Replay:Wax Seal","Potion Belt","Orichalcum"],"acts_visited":["Exordium"],"potions_floor_usage":[15,15,16,16,16,16],"damage_taken":[{"damage":1.0,"enemies":"Jaw Worm","floor":2.0,"turns":3.0},{"damage":0.0,"enemies":"Cultist","floor":3.0,"turns":3.0},{"damage":2.0,"enemies":"2 Louse","floor":4.0,"turns":3.0},{"damage":5.0,"enemies":"2 Fungi Beasts","floor":5.0,"turns":4.0},{"damage":8.0,"enemies":"Exordium Thugs","floor":8.0,"turns":5.0},{"damage":10.0,"enemies":"3 Louse","floor":9.0,"turns":3.0},{"damage":0.0,"enemies":"downfall:FleeingMerchant","floor":11.0,"turns":4.0},{"damage":0.0,"enemies":"2 Fungi Beasts","floor":12.0,"turns":3.0},{"damage":45.0,"enemies":"Lagavulin","floor":13.0,"turns":8.0},{"damage":14.0,"enemies":"Red Slaver","floor":14.0,"turns":5.0},{"damage":7,"enemies":"Gremlin Gang","floor":15,"turns":5},{"damage":36,"enemies":"WA_ARCHETYPE_RETAIN","floor":16,"turns":8}],"seed_played":"-8291685368984298678","potions_obtained":[{"floor":5.0,"key":"sneckomod:MuddlingPotion"},{"floor":6.0,"key":"SteroidPotion"},{"floor":6.0,"key":"Cursed Concoction"},{"floor":8.0,"key":"Dexterity Potion"},{"floor":12.0,"key":"SkillPotion"},{"floor":13.0,"key":"LiquidMemories"},{"floor":14.0,"key":"FairyPotion"},{"floor":15,"key":"Cursed Concoction"},{"floor":15,"key":"SkillPotion"}],"is_trial":false,"path_per_floor":["R","M","M","M","M","?","T","M","M","R","$","M","E","M","M","B"],"character_chosen":"THE_SPIRIT","items_purchased":["Replay:Wax Seal","Potion Belt","PowerPotion","hexamod:Firestarter","hexamod:EmpoweredFlame"],"campfire_rested":1,"item_purchase_floors":[11,11,11,11,11],"current_hp_per_floor":[70,69,69,67,62,62,62,54,44,70,70,70,25,11,4,0,0,0],"gold":265,"neow_bonus":"RANDOM_COMMON_RELIC","is_daily":false,"chose_seed":false,"campfire_upgraded":0,"win_rate":0.0,"timestamp":1611918263,"path_taken":["R","M","M","M","M","?","T","M","M","R","$","M","E","M","M","BOSS"],"items_purchased_type":["Relic","Relic","Potion","Card","Card"],"build_version":"2020-12-22","purchased_purges":0,"victory":false,"max_hp_per_floor":[70,70,70,70,70,70,70,70,70,70,70,70,70,70,70,70,70,70],"card_choices":[{"not_picked":["hexamod:SwordOfDarkness","hexamod:GhostLash"],"picked":"hexamod:Hexaguard","floor":2.0},{"not_picked":["hexamod:RetreatToShadows","hexamod:InspiringFlames"],"picked":"hexamod:RadiantFlame","floor":3.0},{"not_picked":["hexamod:HeatShield","hexamod:ShieldOfDarkness"],"picked":"hexamod:EmpoweredFlame","floor":4.0},{"not_picked":["hexamod:HauntingEcho","hexamod:SwordOfDarkness"],"picked":"hexamod:ThirdSeal","floor":5.0},{"not_picked":["hexamod:ThermalTransfer","hexamod:SpectersWail"],"picked":"hexamod:AdvancingGuard","floor":8.0},{"not_picked":["hexamod:NightmareStrike","hexamod:ThermalTransfer"],"picked":"hexamod:SpectralSpark","floor":8.0},{"not_picked":["hexamod:ShieldOfDarkness","hexamod:ThermalTransfer"],"picked":"hexamod:FourthSeal","floor":9.0},{"not_picked":["hexamod:NightmareGuise","hexamod:BacktrackSmack"],"picked":"hexamod:SearingWound","floor":9.0},{"not_picked":["hexamod:ShieldOfDarkness","hexamod:NightmareGuise"],"picked":"hexamod:SkipABeat","floor":11.0},{"not_picked":["hexamod:ShieldOfDarkness","hexamod:BacktrackSmack"],"picked":"hexamod:GhostShield","floor":12.0},{"not_picked":["hexamod:Haunt","hexamod:Again"],"picked":"hexamod:RetreatToShadows","floor":13.0},{"not_picked":["hexamod:ShieldOfDarkness","hexamod:ThermalTransfer"],"picked":"hexamod:PhantomFireball","floor":14.0},{"not_picked":["hexamod:SpectralAdrenaline","hexamod:HauntingEcho"],"picked":"hexamod:ThermalTransfer","floor":14.0},{"not_picked":["hexamod:SwordOfDarkness","hexamod:RecurringNightmare"],"picked":"hexamod:SpectersWail","floor":15},{"not_picked":["hexamod:BacktrackSmack","hexamod:GhostLash"],"picked":"hexamod:Firestarter","floor":15}],"player_experience":231459,"relics_obtained":[{"floor":1.0,"key":"Replay:Bottled Steam"},{"floor":7.0,"key":"Letter Opener"},{"floor":13.0,"key":"Orichalcum"}],"event_choices":[{"damage_healed":0.0,"max_hp_gain":0.0,"max_hp_loss":0.0,"gold_gain":0.0,"event_name":"Lab","player_choice":"Got Potions","floor":6.0,"gold_loss":0.0,"damage_taken":0.0}],"is_beta":false,"boss_relics":[],"items_purged_floors":[],"is_endless":false,"potions_floor_spawned":[5,8,14,15],"killed_by":"WA_ARCHETYPE_RETAIN","ascension_level":0}}