{"host":"fdq5pmhluajjrf8d","time":1611885826,"event":{"mods":["BaseMod","Minty Spire (QoL Compilation)"],"gold_per_floor":[116,116,191,202,218,218,231,65,90,101,113,132,132,132],"floor_reached":13,"language":"ENG","playtime":391,"items_purged":[],"score":158,"play_id":"29f1cb84-91fd-442f-9eb8-fbb95fae6607","local_time":"20210128210346","is_ascension_mode":true,"campfire_choices":[{"data":"Zap","floor":6,"key":"SMITH"}],"circlet_count":0,"master_deck":["AscendersBane","Strike_B","Strike_B","Strike_B","Strike_B","Defend_B","Defend_B","Defend_B","Defend_B","Zap+1","Dualcast","Regret","Panache","Defragment","Beam Cell","Go for the Eyes","Hologram","Echo Form"],"relics":["Cracked Core","Akabeko","ClockworkSouvenir","PreservedInsect"],"acts_visited":["Exordium"],"potions_floor_usage":[12],"damage_taken":[{"damage":9,"enemies":"Small Slimes","floor":1,"turns":3},{"damage":2,"enemies":"2 Louse","floor":4,"turns":3},{"damage":2,"enemies":"Jaw Worm","floor":5,"turns":2},{"damage":18,"enemies":"Large Slime","floor":7,"turns":5},{"damage":4,"enemies":"Exordium Wildlife","floor":10,"turns":4},{"damage":6,"enemies":"Blue Slaver","floor":11,"turns":3},{"damage":4,"enemies":"Looter","floor":12,"turns":2},{"damage":17,"enemies":"Lagavulin","floor":13,"turns":3}],"seed_played":"2451054652389769919","potions_obtained":[{"floor":5,"key":"EssenceOfSteel"},{"floor":10,"key":"Energy Potion"}],"is_trial":false,"path_per_floor":["M","?","?","M","M","R","M","$","T","M","M","M","E"],"character_chosen":"DEFECT","items_purchased":["ClockworkSouvenir"],"campfire_rested":0,"item_purchase_floors":[8],"current_hp_per_floor":[55,50,39,37,35,35,17,17,17,13,7,3,0,0],"gold":132,"neow_bonus":"RANDOM_COLORLESS_2","is_daily":false,"chose_seed":false,"campfire_upgraded":1,"win_rate":0.0,"timestamp":1611885826,"path_taken":["M","?","?","M","M","R","M","$","T","M","M","M","E"],"items_purchased_type":["Relic"],"build_version":"2020-12-22","purchased_purges":0,"victory":false,"max_hp_per_floor":[71,71,71,71,71,71,71,71,71,71,71,71,71,71],"card_choices":[{"not_picked":["Transmutation","Magnetism"],"picked":"Panache","floor":0},{"not_picked":["Turbo","Cold Snap"],"picked":"Defragment","floor":1},{"not_picked":["Compile Driver","Conserve Battery"],"picked":"Beam Cell","floor":4},{"not_picked":["Reinforced Body","Rebound"],"picked":"Go for the Eyes","floor":5},{"not_picked":["Beam Cell","Steam"],"picked":"Hologram","floor":7},{"not_picked":["Ball Lightning","Stack","Rebound"],"picked":"SKIP","floor":10},{"not_picked":["Double Energy","Reinforced Body"],"picked":"Echo Form","floor":11},{"not_picked":["Go for the Eyes","Cold Snap","Ball Lightning"],"picked":"SKIP","floor":12}],"player_experience":1940082,"relics_obtained":[{"floor":9,"key":"PreservedInsect"}],"event_choices":[{"damage_healed":0,"gold_gain":0,"player_choice":"Success","damage_taken":5,"relics_obtained":["Akabeko"],"max_hp_gain":0,"max_hp_loss":0,"event_name":"Scrap Ooze","floor":2,"gold_loss":0},{"damage_healed":0,"gold_gain":75,"player_choice":"Gather Gold","damage_taken":11,"max_hp_gain":0,"max_hp_loss":0,"event_name":"World of Goop","floor":3,"gold_loss":0}],"is_beta":false,"boss_relics":[],"items_purged_floors":[],"is_endless":false,"potions_floor_spawned":[5,10],"killed_by":"Lagavulin","ascension_level":20}}