{"host":"LeSweatyOnion","time":1611956029,"event":{"mods":["BaseMod","Beaked The Cultist","Minty Spire (QoL Compilation)","Practice Mode","StSLib","The Cursed","The Druid"],"gold_per_floor":[111,37,48,64,64,64,74,92,117,117,117],"floor_reached":10,"language":"ENG","playtime":362,"items_purged":[],"score":60,"play_id":"3ad6045f-70a2-45b3-9a3a-65979ecdaac1","local_time":"20210129233349","is_ascension_mode":false,"campfire_choices":[{"data":"theDruid:BriarArmor","floor":6,"key":"SMITH"}],"circlet_count":0,"master_deck":["theDruid:Strike_O","theDruid:Strike_O","theDruid:Strike_O","theDruid:Strike_O","theDruid:Defend_O","theDruid:Defend_O","theDruid:Defend_O","theDruid:Defend_O","theDruid:BriarArmor+1","theDruid:WildSlash","theDruid:ThickHide","theDruid:Eclipse","theDruid:AstralShield","theDruid:IronClaw","theDruid:Moonbeam","theDruid:Forage"],"relics":["theDruid:CrownOfTheWilds","NeowsBlessing","Happy Flower"],"acts_visited":["Exordium"],"potions_floor_usage":[],"damage_taken":[{"damage":0,"enemies":"Cultist","floor":1,"turns":1},{"damage":0,"enemies":"Jaw Worm","floor":3,"turns":1},{"damage":0,"enemies":"2 Louse","floor":4,"turns":1},{"damage":0,"enemies":"Exordium Wildlife","floor":7,"turns":4},{"damage":12,"enemies":"Large Slime","floor":8,"turns":6},{"damage":17,"enemies":"Gremlin Nob","floor":10,"turns":5}],"seed_played":"-8978727350695541654","potions_obtained":[{"floor":7,"key":"FearPotion"}],"is_trial":false,"path_per_floor":["M","$","M","M","$","R","M","M","T","E"],"character_chosen":"DRUID","items_purchased":["theDruid:Eclipse"],"campfire_rested":0,"item_purchase_floors":[2],"current_hp_per_floor":[75,75,75,75,75,75,75,63,63,49,49],"gold":117,"neow_bonus":"THREE_ENEMY_KILL","is_daily":false,"chose_seed":false,"campfire_upgraded":1,"win_rate":0.0,"timestamp":1611956029,"path_taken":["M","$","M","M","$","R","?","M","T","E"],"items_purchased_type":["Card"],"build_version":"2020-12-18","purchased_purges":0,"victory":false,"max_hp_per_floor":[75,75,75,75,75,75,75,75,75,75,75],"card_choices":[{"not_picked":["theDruid:IronClaw","theDruid:AstralShield"],"picked":"theDruid:ThickHide","floor":1},{"not_picked":["theDruid:FelineGrace","theDruid:BlessedStrike"],"picked":"theDruid:AstralShield","floor":3},{"not_picked":["theDruid:Slingshot","theDruid:ExposingSlash"],"picked":"theDruid:IronClaw","floor":4},{"not_picked":["theDruid:ExposingSlash","theDruid:MysticBarrier"],"picked":"theDruid:Moonbeam","floor":7},{"not_picked":["theDruid:WildArmor","theDruid:FelineGrace"],"picked":"theDruid:Forage","floor":8}],"player_experience":156107,"relics_obtained":[{"floor":9,"key":"Happy Flower"}],"event_choices":[],"is_beta":true,"boss_relics":[],"items_purged_floors":[],"is_endless":false,"potions_floor_spawned":[7],"killed_by":"Gremlin Nob","ascension_level":0}}