{"host":"xr8r2flpb2i2fv48","time":1611946475,"event":{"mods":["2.2 Compatiblity","Act Like it!","Arknights The Spire","BaseMod","Better Note","Better Third Choice","Downfall","Gensokyo","Hallownest","Hermit","Lobotomy","LobotomyExtend","Marisa????????","Minty Spire (QoL Compilation)","Reimu??????","Replay The Spire","StSLib","The Bug Knight","The Cursed","The Gatherer","The Marked","The Runesmith","The Spell Scribe","TheSwordswoman","TheVacant","egg"],"gold_per_floor":[117,0,0,14,29,58,58,58,109,109,109,125,125,125,125,125,125],"floor_reached":16,"language":"ENG","playtime":2610,"items_purged":[],"score":98,"play_id":"614aa5ba-e714-43e5-a2af-8bb5f1fa92d5","local_time":"20210129195435","is_ascension_mode":false,"campfire_choices":[{"data":"ats:Emotion Absorption","floor":8,"key":"SMITH"},{"data":"ats:Blood Oath","floor":10,"key":"SMITH"},{"data":"ats:Demon Strength","floor":15,"key":"SMITH"}],"circlet_count":0,"master_deck":["ats:Strike C","ats:Strike G","ats:Strike S","ats:Armor Crushing Shot","ats:Defend","ats:Defend","ats:Defend","ats:Defend","ats:Emotion Absorption+1","ats:Blood Oath+1","Enlightenment","ats:Demon Strength+1","ats:Composite Medical Shells","ats:Hook Shot","ats:Encircling Forest","CommonCold","ats:Rat Pack"],"relics":["ats:Sanity","LetterFromLob","ats:Originium","Toy Ornithopter","Replay:Baseball","ReplayTheSpireMod:Ring of Challenge"],"acts_visited":["Exordium"],"potions_floor_usage":[16],"damage_taken":[{"damage":7,"enemies":"Small Slimes","floor":1,"turns":5},{"damage":1,"enemies":"2 Louse","floor":4,"turns":3},{"damage":6,"enemies":"Jaw Worm","floor":5,"turns":3},{"damage":51,"enemies":"3 Sentries","floor":6,"turns":9},{"damage":6,"enemies":"Blue Slaver","floor":12,"turns":5},{"damage":1,"enemies":"Looter","floor":14,"turns":4},{"damage":50,"enemies":"The Guardian","floor":16,"turns":12}],"seed_played":"-783402819877290698","potions_obtained":[{"floor":1,"key":"ats:Emergency Sanity Potion"},{"floor":4,"key":"hexamod:SoulburnPotion"},{"floor":6,"key":"bronze:BurnAndBuffPotion"}],"is_trial":false,"path_per_floor":["M","?","?","M","M","E","?","R","T","R","E","M","?","M","R","B"],"character_chosen":"DOCTOR_CLASS","items_purchased":[],"campfire_rested":0,"item_purchase_floors":[],"current_hp_per_floor":[72,78,85,85,79,34,27,27,27,27,27,36,36,40,40,10,10],"gold":125,"neow_bonus":"TEN_PERCENT_HP_BONUS","is_daily":false,"chose_seed":false,"campfire_upgraded":3,"win_rate":0.0,"timestamp":1611946475,"path_taken":["M","?","?","M","M","E","?","R","T","R","E","M","?","M","R","BOSS"],"items_purchased_type":[],"build_version":"2020-12-22","purchased_purges":0,"victory":false,"max_hp_per_floor":[79,85,85,85,85,85,85,85,85,85,85,85,85,85,85,85,85],"card_choices":[{"not_picked":["ats:Directed Diagnosis","ats:Revitalization"],"picked":"ats:Blood Oath","floor":1},{"not_picked":["ats:Guardian Obelisk","ats:Shell Defense"],"picked":"ats:Demon Strength","floor":4},{"not_picked":["ats:Apocalypse","ats:Very Hot Blade"],"picked":"ats:Composite Medical Shells","floor":5},{"not_picked":["ats:Mental Burst","ats:Collapsing Strike"],"picked":"ats:Hook Shot","floor":6},{"not_picked":["ats:Ignite","ats:Explosion Area Strengthen"],"picked":"ats:Encircling Forest","floor":12},{"not_picked":["ats:Shadow Raid","ats:Revitalization"],"picked":"ats:Rat Pack","floor":14}],"player_experience":1792480,"relics_obtained":[{"floor":1,"key":"LetterFromLob"},{"floor":6,"key":"ats:Originium"},{"floor":6,"key":"Toy Ornithopter"},{"floor":9,"key":"Replay:Baseball"},{"floor":13,"key":"ReplayTheSpireMod:Ring of Challenge"}],"event_choices":[{"damage_healed":0,"gold_gain":0,"player_choice":"RENOUNCE","damage_taken":117,"max_hp_gain":0,"max_hp_loss":0,"event_name":"betterThird:BetterSerpent","floor":2,"gold_loss":117,"cards_obtained":["Enlightenment"]},{"cards_removed":["ats:Strike V"],"damage_healed":0,"gold_gain":0,"player_choice":"Card Removal","damage_taken":7,"max_hp_gain":0,"max_hp_loss":0,"event_name":"Golden Wing","floor":7,"gold_loss":0}],"is_beta":false,"boss_relics":[],"items_purged_floors":[],"is_endless":false,"potions_floor_spawned":[1,4,6],"killed_by":"The Guardian","ascension_level":0}}