{"host":"640uue19m79c7wbt","time":1611887867,"event":{"mods":["BaseMod","Colored Map","Googly Eyes","Highlight Path","Minty Spire (QoL Compilation)","Quick Restart","StSLib"],"gold_per_floor":[118,268,268,268,283,315,315,335,362,390,390,408,425,425,425,504,504,515,515,515,262,262,262,262],"floor_reached":23,"language":"ENG","playtime":566,"items_purged":["Strike_G"],"score":411,"play_id":"29819469-3d20-480e-8ca9-30ecf3c6a2bf","local_time":"20210128213747","is_ascension_mode":true,"campfire_choices":[{"data":"Adrenaline","floor":7.0,"key":"SMITH"},{"floor":15.0,"key":"REST"}],"circlet_count":0,"master_deck":["AscendersBane","Strike_G","Strike_G","Strike_G","Strike_G","Defend_G","Defend_G","Defend_G","Defend_G","Defend_G","Survivor","Neutralize","Riddle With Holes","Dagger Spray","Adrenaline+1","Finisher","Eviscerate","Night Terror","Venomology","Catalyst+1","Bouncing Flask","Accuracy","RitualDagger"],"relics":["Ring of the Snake","NeowsBlessing","Tiny Chest","Potion Belt","MealTicket","Torii","The Courier","SacredBark","Dream Catcher","Lantern"],"acts_visited":["Exordium","TheCity"],"potions_floor_usage":[23],"damage_taken":[{"damage":0.0,"enemies":"Small Slimes","floor":1.0,"turns":1.0},{"damage":0.0,"enemies":"2 Louse","floor":5.0,"turns":1.0},{"damage":0.0,"enemies":"Lagavulin","floor":6.0,"turns":1.0},{"damage":0.0,"enemies":"Cultist","floor":8.0,"turns":3.0},{"damage":18.0,"enemies":"Gremlin Nob","floor":10.0,"turns":4.0},{"damage":9.0,"enemies":"Looter","floor":12.0,"turns":3.0},{"damage":0.0,"enemies":"3 Louse","floor":13.0,"turns":2.0},{"damage":22.0,"enemies":"The Guardian","floor":16.0,"turns":16.0},{"damage":42.0,"enemies":"2 Thieves","floor":18.0,"turns":4.0},{"damage":61,"enemies":"Book of Stabbing","floor":23,"turns":5}],"seed_played":"8083763608849785351","potions_obtained":[{"floor":5.0,"key":"Weak Potion"},{"floor":6.0,"key":"PowerPotion"},{"floor":12.0,"key":"FairyPotion"}],"is_trial":false,"path_per_floor":["M","?","?","?","M","E","R","M","T","E","T","M","M","?","R","B",null,"M","T","?","$","?","E"],"character_chosen":"THE_SILENT","items_purchased":["Accuracy","Lantern"],"campfire_rested":1,"item_purchase_floors":[21,21],"current_hp_per_floor":[59,59,64,38,38,38,38,38,38,20,20,11,11,4,25,3,54,12,12,12,27,21,3,3],"gold":262,"neow_bonus":"THREE_ENEMY_KILL","is_daily":false,"chose_seed":false,"campfire_upgraded":1,"win_rate":0.0,"timestamp":1611887867,"path_taken":["M","?","?","?","M","E","R","M","T","E","?","M","?","?","R","BOSS","M","?","?","$","?","E"],"items_purchased_type":["Card","Relic"],"build_version":"2020-12-22","purchased_purges":1,"victory":false,"max_hp_per_floor":[66,66,71,71,71,71,71,71,71,71,71,71,71,71,71,71,71,71,71,71,71,71,71,71],"card_choices":[{"not_picked":["Deflect","Reflex"],"picked":"Riddle With Holes","floor":1.0},{"not_picked":["Dodge and Roll","Setup"],"picked":"Dagger Spray","floor":5.0},{"not_picked":["All Out Attack","Prepared"],"picked":"Adrenaline","floor":6.0},{"not_picked":["Poisoned Stab","Slice"],"picked":"Finisher","floor":8.0},{"not_picked":["Dodge and Roll","Deflect"],"picked":"Eviscerate","floor":10.0},{"not_picked":["Cloak And Dagger","Predator"],"picked":"Night Terror","floor":12.0},{"not_picked":["Dodge and Roll","Outmaneuver","Deflect"],"picked":"SKIP","floor":13.0},{"not_picked":["Doppelganger","Malaise"],"picked":"Venomology","floor":16.0},{"not_picked":["Backstab","Flying Knee"],"picked":"Catalyst+1","floor":18.0}],"player_experience":641365,"relics_obtained":[{"floor":6.0,"key":"Potion Belt"},{"floor":9.0,"key":"MealTicket"},{"floor":10.0,"key":"Torii"},{"floor":11.0,"key":"The Courier"},{"floor":19.0,"key":"Dream Catcher"}],"event_choices":[{"damage_healed":0.0,"max_hp_gain":0.0,"max_hp_loss":0.0,"gold_gain":150.0,"event_name":"Liars Game","player_choice":"AGREE","floor":2.0,"gold_loss":0.0,"damage_taken":0.0,"cards_obtained":["Doubt"]},{"damage_healed":0.0,"max_hp_gain":5.0,"max_hp_loss":0.0,"gold_gain":0.0,"event_name":"Big Fish","player_choice":"Donut","floor":3.0,"gold_loss":0.0,"damage_taken":0.0},{"damage_healed":0.0,"max_hp_gain":0.0,"max_hp_loss":0.0,"gold_gain":0.0,"event_name":"Scrap Ooze","player_choice":"Success","floor":4.0,"gold_loss":0.0,"damage_taken":26.0,"relics_obtained":["Tiny Chest"]},{"cards_removed":["Doubt"],"damage_healed":0.0,"max_hp_gain":0.0,"max_hp_loss":0.0,"gold_gain":0.0,"event_name":"Golden Wing","player_choice":"Card Removal","floor":14.0,"gold_loss":0.0,"damage_taken":7.0},{"damage_healed":0.0,"max_hp_gain":0.0,"max_hp_loss":0.0,"gold_gain":0.0,"event_name":"The Library","player_choice":"Read","floor":20.0,"gold_loss":0.0,"damage_taken":0.0,"cards_obtained":["Bouncing Flask"]},{"damage_healed":0.0,"max_hp_gain":0.0,"max_hp_loss":0.0,"gold_gain":0.0,"event_name":"Nest","player_choice":"Joined the Cult","floor":22.0,"gold_loss":0.0,"damage_taken":6.0,"cards_obtained":["RitualDagger"]}],"is_beta":false,"boss_relics":[{"not_picked":["Philosopher\u0027s Stone","HoveringKite"],"picked":"SacredBark"}],"items_purged_floors":[21],"is_endless":false,"potions_floor_spawned":[5,6,12],"killed_by":"Book of Stabbing","ascension_level":17}}