{"host":"s9dep4x43c14s74h","time":1611902467,"event":{"mods":["BaseMod","Downfall","Gremlin Mod","Hermit","HololiveMod","Jorbs\u0027s Wanderer Trilogy","Lobotomy","Marisa????????","Minty Spire (QoL Compilation)","StSLib","The Animator","The Bug Knight","The Construct","The Cursed","The Necromancer","The Runesmith","The Servant 0.9.4"],"gold_per_floor":[99,110,126,143,52,52,52,52,63,93,78,78,88,115,133,235,235,135,154,171,184,184,184,184,209,229,229,242,255,155,189,209,311,311,311,331,344,344,344,344,344],"floor_reached":39,"language":"RUS","playtime":4472,"items_purged":[],"score":425,"play_id":"3f40721a-ed16-4c9d-9932-1c0b13ee1ae6","local_time":"20210129094107","is_ascension_mode":false,"campfire_choices":[{"data":"champ:FaceSlap","floor":1.0,"key":"SMITH"},{"data":"champ:Taunt","floor":8.0,"key":"SMITH"},{"data":"champ:FancyFootwork","floor":12.0,"key":"SMITH"},{"data":"champ:TripleStrike","floor":18.0,"key":"SMITH"},{"data":"champ:ShieldWall","floor":23.0,"key":"SMITH"},{"data":"champ:HoldFirm","floor":30.0,"key":"SMITH"},{"data":"champ:GladiatorForm","floor":35.0,"key":"SMITH"}],"circlet_count":0,"master_deck":["champ:Strike+1","champ:Strike+1","champ:Strike+1","champ:Strike+1","champ:Defend+1","champ:Defend+1","champ:Defend+1","champ:Defend+1","champ:Execute","champ:Taunt+1","champ:SwordSigil","champ:DeathBlow","champ:ShieldSlam","champ:ShieldWall","champ:FancyFootwork+1","CurseOfTheBell","CurseOfTheBell","champ:Encircle","champ:SwordSigil","champ:TripleStrike+1","champ:DefensiveShout","champ:HoldFirm+1","champ:ArenaPreparation+1","champ:ShieldWall+1","champ:PerfectedStrike","champ:Backstep+1","champ:Parry+1","champ:BerserkersShout","champ:DefensiveShout","champ:GladiatorForm+1","champ:RapidStrikes","champ:ArenaPreparation+1"],"relics":["champ:ChampionCrown","downfall:ExtraCursedBell","Pen Nib","Pantograph","FossilizedHelix","The Courier","Odd Mushroom","Toy Ornithopter","Velvet Choker","downfall:HeartBlessingGreen","Ancient Tea Set","downfall:HeartBlessingBlue","Vajra","Runic Dome"],"acts_visited":["Exordium","TheCity","TheBeyond"],"potions_floor_usage":[39],"damage_taken":[{"damage":1.0,"enemies":"Cultist","floor":2.0,"turns":4.0},{"damage":10.0,"enemies":"2 Louse","floor":3.0,"turns":3.0},{"damage":10.0,"enemies":"Jaw Worm","floor":4.0,"turns":2.0},{"damage":20.0,"enemies":"downfall:FleeingMerchant","floor":5.0,"turns":4.0},{"damage":35.0,"enemies":"Exordium Thugs","floor":9.0,"turns":3.0},{"damage":22.0,"enemies":"The Mushroom Lair","floor":10.0,"turns":3.0},{"damage":20.0,"enemies":"downfall:FleeingMerchant","floor":11.0,"turns":4.0},{"damage":0.0,"enemies":"Large Slime","floor":13.0,"turns":3.0},{"damage":23.0,"enemies":"Gremlin Nob","floor":14.0,"turns":4.0},{"damage":12.0,"enemies":"3 Louse","floor":15.0,"turns":2.0},{"damage":65.0,"enemies":"IC_STATUS_ARCHETYPE","floor":16.0,"turns":8.0},{"damage":25.0,"enemies":"Chosen","floor":19.0,"turns":4.0},{"damage":10.0,"enemies":"Shell Parasite","floor":20.0,"turns":3.0},{"damage":40.0,"enemies":"Snecko","floor":21.0,"turns":4.0},{"damage":11.0,"enemies":"Book of Stabbing","floor":25.0,"turns":5.0},{"damage":17.0,"enemies":"Snake Plant","floor":26.0,"turns":2.0},{"damage":6.0,"enemies":"Chosen and Byrds","floor":28.0,"turns":3.0},{"damage":31.0,"enemies":"3 Cultists","floor":29.0,"turns":4.0},{"damage":92.0,"enemies":"Gremlin Leader","floor":31.0,"turns":6.0},{"damage":17.0,"enemies":"Shelled Parasite and Fungi","floor":32.0,"turns":4.0},{"damage":54.0,"enemies":"SI_MIRROR_ARCHETYPE","floor":33.0,"turns":8.0},{"damage":0.0,"enemies":"Orb Walker","floor":36.0,"turns":3.0},{"damage":0.0,"enemies":"3 Shapes","floor":37.0,"turns":3.0},{"damage":110,"enemies":"Orin","floor":39,"turns":9}],"seed_played":"7308049544775911695","potions_obtained":[{"floor":4.0,"key":"construct:ShiftPotion"},{"floor":13.0,"key":"PowerPotion"},{"floor":16.0,"key":"LiquidMemories"},{"floor":21.0,"key":"champ:TechniquePotion"},{"floor":25.0,"key":"champ:OpenerPotion"},{"floor":26.0,"key":"champ:OpenerPotion"},{"floor":27.0,"key":"CultistPotion"},{"floor":37.0,"key":"ColorlessPotion"}],"is_trial":false,"path_per_floor":["R","M","M","M","$","?","T","R","M","?","$","R","M","E","M","B",null,"R","M","M","M","?","R","T","E","M","?","M","M","R","E","M","B",null,"R","M","M","?","?"],"character_chosen":"THE_CHAMP","items_purchased":["champ:FancyFootwork"],"campfire_rested":0,"item_purchase_floors":[5],"current_hp_per_floor":[90,89,89,89,89,89,89,89,89,77,77,77,77,74,72,75,90,90,85,90,75,75,75,75,74,77,77,81,90,100,68,66,62,100,100,100,100,100,0,0,0],"gold":344,"neow_bonus":"THREE_CARDS","is_daily":false,"chose_seed":false,"campfire_upgraded":7,"win_rate":0.0,"timestamp":1611902467,"path_taken":["R","M","M","M","$","?","T","R","M","?","?","R","M","E","M","BOSS","R","M","M","M","?","R","T","E","M","?","?","M","R","E","M","BOSS","R","M","M","?","?"],"items_purchased_type":["Card"],"build_version":"2020-12-22","purchased_purges":0,"victory":false,"max_hp_per_floor":[90,90,90,90,90,90,90,90,90,90,90,90,90,90,90,90,90,90,90,90,90,90,90,90,90,90,90,90,90,100,100,100,100,100,100,100,100,100,100,100,100],"card_choices":[{"not_picked":["champ:SetATrap","champ:Shatter"],"picked":"champ:FaceSlap","floor":0.0},{"not_picked":["champ:GutPunch","champ:BerserkersShout"],"picked":"champ:SwordSigil","floor":2.0},{"not_picked":["champ:ShieldSigil","champ:CrookedStrike"],"picked":"champ:DeathBlow","floor":3.0},{"not_picked":["champ:EnGarde","champ:HeartStrike"],"picked":"champ:ShieldSlam","floor":4.0},{"not_picked":["champ:EnGarde","champ:DefensiveShout"],"picked":"champ:ShieldWall","floor":5.0},{"not_picked":["champ:BerserkersShout","champ:AdrenalArmor"],"picked":"champ:Encircle","floor":9.0},{"not_picked":["champ:BladeFlurry","champ:CrownThrow"],"picked":"champ:SwordSigil","floor":10.0},{"not_picked":["champ:GutPunch","champ:ViciousMockery","champ:BerserkersShout"],"picked":"SKIP","floor":11.0},{"not_picked":["champ:DefensiveShout","champ:Duel"],"picked":"champ:TripleStrike","floor":13.0},{"not_picked":["champ:IronFortress","champ:TornadoPunch","champ:EnragedBash"],"picked":"SKIP","floor":14.0},{"not_picked":["champ:EnGarde","champ:BringItOn"],"picked":"champ:DefensiveShout","floor":15.0},{"not_picked":["champ:ShieldThrow","champ:MurderStrike"],"picked":"champ:HoldFirm","floor":16.0},{"not_picked":["champ:FlashCut","champ:CalledShot"],"picked":"champ:ArenaPreparation+1","floor":19.0},{"not_picked":["champ:Haymaker","champ:HeartStrike","champ:ShieldSigil"],"picked":"SKIP","floor":20.0},{"not_picked":["champ:TornadoPunch","champ:GutPunch"],"picked":"champ:ShieldWall","floor":21.0},{"not_picked":["champ:StrikeOfGenius","champ:RisingSlash"],"picked":"champ:PerfectedStrike","floor":25.0},{"not_picked":["champ:GutPunch","champ:Shatter"],"picked":"champ:Backstep+1","floor":26.0},{"not_picked":["champ:FanOfKnives","champ:FancyFootwork"],"picked":"champ:Parry+1","floor":28.0},{"not_picked":["champ:BladeFlurry+1","champ:StanceDance"],"picked":"champ:BerserkersShout","floor":29.0},{"not_picked":["champ:ShieldSigil","champ:IgnorePain"],"picked":"champ:DefensiveShout","floor":31.0},{"not_picked":["champ:AdrenalArmor","champ:DefensiveShout+1","champ:CrownThrow"],"picked":"SKIP","floor":32.0},{"not_picked":["champ:Improvising","champ:CheapShot"],"picked":"champ:GladiatorForm","floor":33.0},{"not_picked":["champ:GladiatorStyle+1","champ:BladeFlurry+1"],"picked":"champ:RapidStrikes","floor":36.0},{"not_picked":["champ:ShieldSigil+1","champ:Haymaker"],"picked":"champ:ArenaPreparation+1","floor":37.0}],"player_experience":900292,"relics_obtained":[{"floor":6.0,"key":"Pen Nib"},{"floor":6.0,"key":"Pantograph"},{"floor":6.0,"key":"FossilizedHelix"},{"floor":7.0,"key":"The Courier"},{"floor":10.0,"key":"Odd Mushroom"},{"floor":14.0,"key":"Toy Ornithopter"},{"floor":25.0,"key":"Ancient Tea Set"},{"floor":31.0,"key":"Vajra"}],"event_choices":[{"damage_healed":0.0,"max_hp_gain":0.0,"max_hp_loss":0.0,"gold_gain":0.0,"event_name":"Mushrooms","player_choice":"Fought Mushrooms","floor":10.0,"gold_loss":0.0,"damage_taken":0.0},{"cards_removed":["champ:FaceSlap"],"damage_healed":0.0,"max_hp_gain":0.0,"max_hp_loss":0.0,"gold_gain":0.0,"event_name":"Falling","player_choice":"Removed Attack","floor":38.0,"gold_loss":0.0,"damage_taken":0.0},{"damage_healed":0,"gold_gain":0,"player_choice":"Fight","damage_taken":0,"max_hp_gain":0,"max_hp_loss":0,"event_name":"OrinTheCat","floor":39,"gold_loss":0}],"is_beta":false,"boss_relics":[{"not_picked":["SlaversCollar","construct:ClawGrip"],"picked":"Velvet Choker"},{"not_picked":["Fusion Hammer","Runesmith:UraniumAnvil"],"picked":"Runic Dome"}],"items_purged_floors":[],"is_endless":false,"potions_floor_spawned":[4,13,16,21,25,26,37],"killed_by":"Orin","ascension_level":0}}