{"host":"17xjy7b7ubl548g2","time":1611887588,"event":{"mods":["2.2 Compatiblity","Act Like it!","Ascension Reborn","Aspiration","Astrologer","Bard","BaseMod","Challenge The Spire","ChefMod","Colored Map","Colored Powertips","Conspire","Elementarium","Energized Spire","Gensokyo","GifTheSpireLib","Halation","Hallownest","Hermit","Hubris","Humility","Infinite Spire","Jedi Mod","Jorbs\u0027s Wanderer Trilogy","Marisa（霧雨　魔理沙）","Marked Mod","Menagerie","Minty Spire (QoL Compilation)","Permanent Neow","Reliquary","Replay The Spire","Robot Space Explorer","Spicy Shops","Spire Arcade","StSLib","Stuff the Spire","The Blue Laboratory","The Bug Knight","The Construct","The Disciple","The Hayseed","The Hierophant","The Marked","The Runesmith","The Sage","TheFirefly"],"gold_per_floor":[118,1,1,101,116,116,145,145,145,19,42,57,77,91,91,187,187,207,104,104,104,104,133,150,185,210,241,241,261,261,261,261,362,362,378,388,388,388,388,388,9,9,36,61,110,145,69,69,69,69,69,69,32,67,67],"floor_reached":56,"language":"ENG","playtime":5708,"items_purged":["Strike_G","Strike_G","Normality","Sickly"],"score":1393,"play_id":"a6f0fc71-b215-43fd-b233-aece6ae46e3d","local_time":"20210128213307","is_ascension_mode":true,"campfire_choices":[{"data":"Skewer","floor":6.0,"key":"SMITH"},{"floor":8.0,"key":"REST"},{"data":"StuffTheSpire:ReptileScales","floor":15.0,"key":"SMITH"},{"data":"infinitespire:Menacing","floor":28.0,"key":"SMITH"},{"data":"Well Laid Plans","floor":30.0,"key":"SMITH"},{"data":"Blur","floor":32.0,"key":"SMITH"},{"data":"A Thousand Cuts","floor":40.0,"key":"SMITH"},{"data":"jedi:pocketpoison","floor":42.0,"key":"SMITH"},{"floor":49.0,"key":"RECALL"},{"data":"Caltrops","floor":52.0,"key":"SMITH"}],"circlet_count":0,"master_deck":["Strike_G+1","Strike_G","Defend_G","Defend_G+1","Defend_G","Defend_G+1","Defend_G","Survivor+1","Neutralize+1","Skewer+1","Poisoned Stab+1","All Out Attack","jedi:pocketpoison+1","Deflect+1","StuffTheSpire:ReptileScales+1","Blade Dance+1","Caltrops+1","Blur+1","Well Laid Plans+1","Leg Sweep+1","StuffTheSpire:Brawn+1","Dagger Spray","Hidden Blade+1","aspiration:Lunge+1","infinitespire:Menacing+1","Acrobatics+1","A Thousand Cuts+1","Backflip+1","Deflect+1","infinitespire:Collect","Slice+1","Poison Darts","StuffTheSpire:DoubleShiv+1"],"relics":["The Specimen","Sizzling Blood","Boot","StuffTheSpire:Rhapsscallions","aspiration:HummingbirdHeart","ChewingGum","StuffTheSpire:GrapeVine","jedi:heavyjacket","Juzu Bracelet","Pear","ReplayTheSpireMod:TigerMarble","hubris:BottledRain","halation:HeavySnake","halation:PinkSoulGem","Pear","jedi:sprinkler","Potion Belt","reliquary:RadioactivePellet","hubris:Zylophone","ReplayTheSpireMod:CursedCoin","jedi:HeartOfTheCards","Tingsha"],"acts_visited":["Exordium","TheCity","TheBeyond","TheEnding"],"potions_floor_usage":[55,55],"damage_taken":[{"damage":5.0,"enemies":"Small Slimes","floor":1.0,"turns":4.0},{"damage":5.0,"enemies":"2 Louse","floor":5.0,"turns":2.0},{"damage":44.0,"enemies":"3 Sentries","floor":7.0,"turns":10.0},{"damage":21.0,"enemies":"Gremlin Nob","floor":11.0,"turns":3.0},{"damage":0.0,"enemies":"Cultist","floor":12.0,"turns":2.0},{"damage":0.0,"enemies":"Exordium Thugs","floor":13.0,"turns":4.0},{"damage":0.0,"enemies":"Blue Slaver","floor":14.0,"turns":3.0},{"damage":7.0,"enemies":"The Guardian","floor":16.0,"turns":10.0},{"damage":0.0,"enemies":"Shell Parasite","floor":18.0,"turns":5.0},{"damage":10.0,"enemies":"conspire:Head Lice","floor":23.0,"turns":5.0},{"damage":0.0,"enemies":"Spheric Guardian","floor":24.0,"turns":6.0},{"damage":0.0,"enemies":"conspire:SneckoGhost","floor":25.0,"turns":5.0},{"damage":4.0,"enemies":"Nightmare","floor":27.0,"turns":9.0},{"damage":0.0,"enemies":"Snake Plant","floor":29.0,"turns":4.0},{"damage":13.0,"enemies":"Automaton","floor":33.0,"turns":9.0},{"damage":1.0,"enemies":"3 Darklings","floor":35.0,"turns":4.0},{"damage":0.0,"enemies":"Orb Walker","floor":36.0,"turns":4.0},{"damage":0.0,"enemies":"Reptomancer","floor":44.0,"turns":6.0},{"damage":0.0,"enemies":"Giant Head","floor":46.0,"turns":10.0},{"damage":88.0,"enemies":"Time Eater","floor":50.0,"turns":12.0},{"damage":0.0,"enemies":"Shield and Spear","floor":54.0,"turns":6.0},{"damage":65,"enemies":"The Heart","floor":55,"turns":12}],"seed_played":"8131493137749299600","potions_obtained":[{"floor":5.0,"key":"LifebloodPotion"},{"floor":7.0,"key":"blueLaboratory:BottleOfRum"},{"floor":11.0,"key":"Poison Potion"},{"floor":16.0,"key":"blueLaboratory:PhilterOfMotion"},{"floor":24.0,"key":"blueLaboratory:EnvenomedCoating"},{"floor":25.0,"key":"blueLaboratory:HeartbeatPotion"},{"floor":27.0,"key":"sagemod:Wine"},{"floor":29.0,"key":"blueLaboratory:NinjaPotion"},{"floor":36.0,"key":"ColorlessPotion"}],"is_trial":false,"path_per_floor":["M","$","?","?","M","R","E","R","T","$","E","M","M","M","R","B",null,"M","?","?","?","AVR","E","M","E","T","NM","R","M","R","?","R","B",null,"M","M","?","AVR","?","R","$","R","T","E","T","E","$","?","R","B",null,"R","$","E","B",null],"character_chosen":"THE_SILENT","items_purchased":["The Specimen","Poisoned Stab","Deflect","StuffTheSpire:ReptileScales","reliquary:SculptingSteel","jedi:sprinkler","Strength Potion","ReplayTheSpireMod:CursedCoin","jedi:HeartOfTheCards","Elixir"],"campfire_rested":1,"item_purchase_floors":[2,2,10,10,41,41,41,47,47,53],"current_hp_per_floor":[65,65,69,69,68,68,28,50,54,54,37,41,45,49,49,46,78,78,78,78,78,78,72,76,88,88,88,88,88,88,88,88,79,88,88,88,88,88,84,84,94,94,94,94,94,94,94,94,94,16,94,94,94,94,33],"gold":67,"neow_bonus":"UPGRADE_CARD","is_daily":false,"chose_seed":false,"campfire_upgraded":8,"win_rate":0.0,"timestamp":1611887587,"path_taken":["M","$","?","?","?","R","E","R","T","?","E","M","M","M","R","BOSS","M","?","?","?","AVR","E","M","E","T","NM","R","M","R","?","R","BOSS","M","M","?","AVR","?","R","$","R","T","E","?","E","$","?","R","BOSS","R","$","E","BOSS"],"items_purchased_type":["Relic","Card","Card","Card","Relic","Relic","Potion","Relic","Relic","Potion"],"build_version":"2020-12-22","purchased_purges":4,"victory":true,"max_hp_per_floor":[70,70,74,74,74,74,74,74,78,78,78,78,78,78,78,78,78,78,78,78,78,78,78,78,88,88,88,88,88,88,88,88,88,88,88,88,88,88,84,84,94,94,94,94,94,94,94,94,94,94,94,94,94,94,94],"card_choices":[{"not_picked":["Sucker Punch","StuffTheSpire:Shiver"],"picked":"Skewer","floor":1.0},{"not_picked":["Deadly Poison","Blade Dance"],"picked":"All Out Attack","floor":5.0},{"not_picked":["StuffTheSpire:MirrorStance","Distraction"],"picked":"jedi:pocketpoison","floor":7.0},{"not_picked":["StuffTheSpire:Python","Finisher"],"picked":"Blade Dance","floor":11.0},{"not_picked":["Dagger Throw","Blade Dance"],"picked":"Caltrops","floor":12.0},{"not_picked":["Blade Dance","jedi:poisonivy"],"picked":"Blur","floor":13.0},{"not_picked":["jedi:pocketpoison","Poisoned Stab"],"picked":"Well Laid Plans","floor":14.0},{"not_picked":["Dagger Throw","StuffTheSpire:BumpUp"],"picked":"Leg Sweep","floor":18.0},{"not_picked":["Reflex","Skewer"],"picked":"Dagger Spray","floor":23.0},{"not_picked":["Dagger Throw","jedi:pocketpoison"],"picked":"Hidden Blade+1","floor":24.0},{"not_picked":["Setup+1","Outmaneuver"],"picked":"aspiration:Lunge","floor":25.0},{"not_picked":["infinitespire:Fortify","infinitespire:NeuralNetwork"],"picked":"infinitespire:Menacing","floor":27.0},{"not_picked":["Dagger Spray","Slice"],"picked":"Acrobatics","floor":27.0},{"not_picked":["Finisher+1","Prepared","Backstab"],"picked":"SKIP","floor":29.0},{"not_picked":["Grand Finale","Storm of Steel"],"picked":"A Thousand Cuts","floor":33.0},{"not_picked":["Outmaneuver+1","Dagger Spray"],"picked":"Backflip+1","floor":35.0},{"not_picked":["Quick Slash+1","Backflip+1"],"picked":"Deflect+1","floor":36.0},{"not_picked":["Skewer","Quick Slash"],"picked":"Slice+1","floor":44.0},{"not_picked":["Flying Knee+1","StuffTheSpire:Sprint"],"picked":"Poison Darts","floor":46.0},{"not_picked":["ReplayTheSpireMod:Necrosis","StuffTheSpire:ClusterCrunch+1"],"picked":"StuffTheSpire:DoubleShiv+1","floor":54.0}],"player_experience":2003906,"relics_obtained":[{"floor":7.0,"key":"Boot"},{"floor":9.0,"key":"StuffTheSpire:Rhapsscallions"},{"floor":11.0,"key":"aspiration:HummingbirdHeart"},{"floor":20.0,"key":"StuffTheSpire:GrapeVine"},{"floor":23.0,"key":"Juzu Bracelet"},{"floor":25.0,"key":"Pear"},{"floor":26.0,"key":"ReplayTheSpireMod:TigerMarble"},{"floor":27.0,"key":"hubris:BottledRain"},{"floor":44.0,"key":"Potion Belt"},{"floor":45.0,"key":"reliquary:RadioactivePellet"},{"floor":46.0,"key":"hubris:Zylophone"},{"floor":54.0,"key":"Tingsha"}],"event_choices":[{"damage_healed":0.0,"max_hp_gain":0.0,"max_hp_loss":0.0,"gold_gain":100.0,"event_name":"Golden Shrine","player_choice":"Pray","floor":4.0,"gold_loss":0.0,"damage_taken":0.0},{"damage_healed":0.0,"max_hp_gain":0.0,"max_hp_loss":0.0,"gold_gain":0.0,"event_name":"Accursed Blacksmith","player_choice":"Forge","floor":31.0,"gold_loss":0.0,"damage_taken":0.0,"cards_upgraded":["aspiration:Lunge"]},{"damage_healed":0.0,"max_hp_gain":0.0,"max_hp_loss":4.0,"gold_gain":0.0,"event_name":"Winding Halls","player_choice":"Max HP","floor":39.0,"gold_loss":0.0,"damage_taken":0.0}],"is_beta":false,"boss_relics":[{"not_picked":["Replay:Grab Bag","Astrolabe"],"picked":"ChewingGum"},{"not_picked":["StuffTheSpire:Kangaroo","Pandora\u0027s Box"],"picked":"halation:HeavySnake"}],"items_purged_floors":[22,38,41,47],"is_endless":false,"potions_floor_spawned":[5,7,11,16,24,25,27,29,36],"ascension_level":1,"is_humility":true}}