{"host":"l2xo1ry2dtjh5eh4","time":1611944470,"event":{"mods":["BaseMod","Colored Powertips","GifTheSpireLib","Minty Spire (QoL Compilation)","StSLib","The Senshi","slay the spire mod where everything is the same but ironclad has a cowboy hat"],"gold_per_floor":[111,211,221,239,239,272,272,272,272,272,225,225,238,255,255,354,354,342,441,3,93,105,133,133,48,48,59,94,94,19,38,38,133,133,147,197,197,212,229,229,261,279,279,324,324,5,25,25,25,25],"floor_reached":51,"language":"ENG","playtime":3842,"items_purged":["theSenshi:SailorKick"],"score":713,"play_id":"abde75a5-acbf-4077-b4fe-178fd08b76e7","local_time":"20210129192110","is_ascension_mode":false,"campfire_choices":[{"data":"theSenshi:MoonPrismPowerMakeUp","floor":7.0,"key":"SMITH"},{"floor":12.0,"key":"REST"},{"floor":15.0,"key":"REST"},{"data":"theSenshi:SailorStarHealerAssists","floor":24.0,"key":"SMITH"},{"data":"theSenshi:SailorNeptuneAssists","floor":29.0,"key":"SMITH"},{"data":"theSenshi:InTheNickOfTime","floor":32.0,"key":"SMITH"},{"data":"theSenshi:MoonlightKnight","floor":40.0,"key":"SMITH"},{"data":"theSenshi:MoonCrisisMakeUp","floor":49,"key":"SMITH"}],"circlet_count":0,"master_deck":["theSenshi:SailorKick","theSenshi:SailorKick+1","theSenshi:SailorKick","theSenshi:SailorBlock","theSenshi:SailorBlock","theSenshi:SailorBlock","theSenshi:RoseThrow+1","theSenshi:MoonPrismPowerMakeUp+1","theSenshi:MoonsReflection","theSenshi:VenusGlamour","theSenshi:SchoolBag","theSenshi:SailorChibiMoonAssists","theSenshi:SailorVenusAssists","theSenshi:LateForSchool","theSenshi:SailorNeptuneAssists+1","theSenshi:SailorStarHealerAssists+1","CurseOfTheBell","theSenshi:TallSilhouette","theSenshi:TuxedoSmokingBomber+1","theSenshi:WarriorOfTheMoon","theSenshi:MoonGorgeousMeditation","theSenshi:MoonTiaraMagic","theSenshi:MoonPrincessHalation+1","theSenshi:SaturnsMystery","theSenshi:UranusStrength+1","theSenshi:Sidestep+1","theSenshi:InTheNickOfTime+1","theSenshi:StudyParty","theSenshi:Sidestep+1","theSenshi:MoonCrystalPowerMakeUp+1","Dramatic Entrance","theSenshi:MoonCrisisMakeUp+1","theSenshi:MoonsReflection","theSenshi:MoonlightKnight+1","theSenshi:MoonsReflection+1","theSenshi:TallSilhouette+1","theSenshi:Overload","theSenshi:MoonGorgeousMeditation+1","theSenshi:MoonCosmicPowerMakeUp+1"],"relics":["theSenshi:TransformationBroochRelic","Oddly Smooth Stone","InkBottle","Boot","Dream Catcher","Calling Bell","Blood Vial","theSenshi:TransformationPenRelic","Prayer Wheel","Strange Spoon","Question Card","Blue Candle","Ornamental Fan","Calipers","Coffee Dripper","Torii","Molten Egg 2","theSenshi:HolyGrailRelic","Ice Cream","Shuriken","Unceasing Top"],"acts_visited":["Exordium","TheCity","TheBeyond"],"potions_floor_usage":[44,50,50],"damage_taken":[{"damage":0.0,"enemies":"Small Slimes","floor":1.0,"turns":5.0},{"damage":0.0,"enemies":"Cultist","floor":3.0,"turns":5.0},{"damage":0.0,"enemies":"2 Louse","floor":4.0,"turns":2.0},{"damage":24.0,"enemies":"3 Sentries","floor":6.0,"turns":7.0},{"damage":3.0,"enemies":"Looter","floor":13.0,"turns":3.0},{"damage":0.0,"enemies":"3 Louse","floor":14.0,"turns":3.0},{"damage":28.0,"enemies":"The Guardian","floor":16.0,"turns":12.0},{"damage":13.0,"enemies":"2 Thieves","floor":18.0,"turns":4.0},{"damage":8.0,"enemies":"Spheric Guardian","floor":22.0,"turns":6.0},{"damage":8.0,"enemies":"Book of Stabbing","floor":23.0,"turns":7.0},{"damage":19.0,"enemies":"Centurion and Healer","floor":27.0,"turns":5.0},{"damage":23.0,"enemies":"Gremlin Leader","floor":28.0,"turns":8.0},{"damage":28.0,"enemies":"3 Cultists","floor":31.0,"turns":8.0},{"damage":51.0,"enemies":"Collector","floor":33.0,"turns":17.0},{"damage":1.0,"enemies":"3 Shapes","floor":35.0,"turns":3.0},{"damage":18.0,"enemies":"Mind Bloom Boss Battle","floor":36.0,"turns":9.0},{"damage":6.0,"enemies":"Orb Walker","floor":38.0,"turns":5.0},{"damage":76.0,"enemies":"Jaw Worm Horde","floor":39.0,"turns":19.0},{"damage":1.0,"enemies":"Nemesis","floor":41.0,"turns":9.0},{"damage":14.0,"enemies":"3 Darklings","floor":42.0,"turns":5.0},{"damage":44,"enemies":"2 Orb Walkers","floor":44,"turns":8},{"damage":19,"enemies":"Sphere and 2 Shapes","floor":47,"turns":6},{"damage":16,"enemies":"Time Eater","floor":50,"turns":14}],"seed_played":"6933253032306506097","potions_obtained":[{"floor":3.0,"key":"LiquidBronze"},{"floor":4.0,"key":"Energy Potion"},{"floor":16.0,"key":"Dexterity Potion"},{"floor":23.0,"key":"Fire Potion"},{"floor":27.0,"key":"FairyPotion"},{"floor":33.0,"key":"ColorlessPotion"},{"floor":38.0,"key":"FearPotion"},{"floor":39.0,"key":"LiquidBronze"},{"floor":41.0,"key":"Dexterity Potion"},{"floor":44,"key":"Weak Potion"},{"floor":47,"key":"Explosive Potion"}],"is_trial":false,"path_per_floor":["M","?","M","M","?","E","R","?","T","?","?","R","M","M","R","B",null,"M","?","$","?","M","E","R","?","T","M","E","R","?","M","R","B",null,"M","?","?","M","M","R","E","M","T","?","?","$","M","T","R","B",null],"character_chosen":"THE_SENSHI","items_purchased":["theSenshi:WarriorOfTheMoon","theSenshi:MoonGorgeousMeditation","Strange Spoon","Shuriken"],"campfire_rested":2,"item_purchase_floors":[20,20,20,46],"current_hp_per_floor":[75,75,75,75,63,39,39,39,39,24,24,46,43,43,65,37,75,67,67,67,55,59,58,58,58,58,46,53,53,53,49,49,43,75,75,72,72,71,42,42,71,68,68,54,54,54,47,47,47,71],"gold":25,"neow_bonus":"RANDOM_COMMON_RELIC","is_daily":false,"chose_seed":false,"campfire_upgraded":6,"win_rate":0.0,"timestamp":1611944470,"path_taken":["M","?","?","M","?","E","R","?","T","?","?","R","?","M","R","BOSS","M","?","$","?","?","E","R","?","T","M","E","R","?","M","R","BOSS","M","?","?","M","M","R","E","M","T","?","?","?","M","?","R","BOSS"],"items_purchased_type":["Card","Card","Relic","Relic"],"build_version":"2020-12-22","purchased_purges":1,"victory":true,"max_hp_per_floor":[75,75,75,75,75,75,75,75,75,75,75,75,75,75,75,75,75,75,75,75,75,75,75,75,75,75,75,75,75,75,75,75,75,75,75,75,75,75,75,75,75,75,75,75,71,71,71,71,71,71],"card_choices":[{"not_picked":["theSenshi:SchoolBag","theSenshi:SteeledNerves"],"picked":"theSenshi:MoonsReflection","floor":1.0},{"not_picked":["theSenshi:TuxedoSmokingBomber","theSenshi:LunasBite"],"picked":"theSenshi:VenusGlamour","floor":3.0},{"not_picked":["theSenshi:HesSoDreamy","theSenshi:EncouragingSpeech"],"picked":"theSenshi:SchoolBag","floor":4.0},{"not_picked":["theSenshi:PlutosSolemnity","theSenshi:LunasBite"],"picked":"theSenshi:SailorChibiMoonAssists","floor":6.0},{"not_picked":["theSenshi:SupersonicWaves","theSenshi:LunasBite"],"picked":"theSenshi:SailorVenusAssists","floor":12.0},{"not_picked":["theSenshi:DramaticEntrance","theSenshi:SailorVenusAssists"],"picked":"theSenshi:LateForSchool","floor":13.0},{"not_picked":["theSenshi:MoonKick","theSenshi:HesSoDreamy","theSenshi:MoonCrystalPowerMakeUp"],"picked":"SKIP","floor":14.0},{"not_picked":["theSenshi:Sidestep","theSenshi:IWillPunishYou"],"picked":"theSenshi:SailorNeptuneAssists","floor":15.0},{"not_picked":["theSenshi:LunaSensingAllies","theSenshi:InTheNameOfTheMoon"],"picked":"theSenshi:SailorStarHealerAssists","floor":16.0},{"not_picked":["theSenshi:Sidestep","theSenshi:TuxedoSmokingBomber"],"picked":"theSenshi:TallSilhouette","floor":18.0},{"not_picked":["theSenshi:CrisisMakeUp","theSenshi:MoonPower"],"picked":"theSenshi:TuxedoSmokingBomber+1","floor":18.0},{"not_picked":["theSenshi:MoonCosmicPowerMakeUp","theSenshi:CrisisMakeUp"],"picked":"theSenshi:MoonTiaraMagic","floor":22.0},{"not_picked":["theSenshi:MoonKick","theSenshi:SailorMercuryAssists+1"],"picked":"theSenshi:MoonPrincessHalation+1","floor":22.0},{"not_picked":["theSenshi:EncouragingSpeech+1","theSenshi:LunaSensingAllies"],"picked":"theSenshi:SaturnsMystery","floor":23.0},{"not_picked":["theSenshi:SailorNeptuneAssists+1","theSenshi:TallSilhouette","theSenshi:MoonPower"],"picked":"theSenshi:UranusStrength+1","floor":27.0},{"not_picked":["theSenshi:SailorStarMakerAssists","theSenshi:MoonlightKnight","theSenshi:SaturnsMystery","theSenshi:LateForSchool"],"picked":"SKIP","floor":27.0},{"not_picked":["theSenshi:KlutzyLuck+1","theSenshi:MoonPunch","theSenshi:EncouragingSpeech+1"],"picked":"theSenshi:Sidestep+1","floor":28.0},{"not_picked":["theSenshi:LateForSchool","theSenshi:HesSoDreamy","theSenshi:SailorVenusAssists"],"picked":"theSenshi:InTheNickOfTime","floor":31.0},{"not_picked":["theSenshi:SaturnsMystery","theSenshi:SchoolBag+1","theSenshi:MoonPower","theSenshi:IWillPunishYou"],"picked":"SKIP","floor":31.0},{"not_picked":["theSenshi:MoonGorgeousMeditation","theSenshi:WarriorOfTheMoon","theSenshi:FatedKiss"],"picked":"theSenshi:StudyParty","floor":33.0},{"not_picked":["theSenshi:MoonsReflection","theSenshi:SailorStarMakerAssists+1","theSenshi:SailorVenusAssists+1"],"picked":"theSenshi:Sidestep+1","floor":35.0},{"not_picked":["theSenshi:SailorPlanetAttack","theSenshi:MoonsReflection+1","theSenshi:SailorMarsAssists","theSenshi:SchoolBag"],"picked":"SKIP","floor":35.0},{"not_picked":["theSenshi:TallSilhouette+1","theSenshi:YouCanTalk","theSenshi:SailorPlanetPower+1"],"picked":"theSenshi:MoonCrystalPowerMakeUp+1","floor":36.0},{"not_picked":["Deep Breath","Thinking Ahead","Transmutation"],"picked":"Dramatic Entrance","floor":37.0},{"not_picked":["theSenshi:MoonPunch+1","theSenshi:MoonsReflection","theSenshi:SupersonicWaves+1"],"picked":"theSenshi:MoonCrisisMakeUp","floor":38.0},{"not_picked":["theSenshi:KlutzyLuck","theSenshi:SailorUranusAssists+1","theSenshi:LateForSchool+1"],"picked":"theSenshi:MoonsReflection","floor":38.0},{"not_picked":["theSenshi:SailorVenusAssists","theSenshi:StudyParty","theSenshi:MoonTiaraMagic"],"picked":"theSenshi:MoonlightKnight","floor":39.0},{"not_picked":["theSenshi:LunasBite","theSenshi:SailorChibiMoonAssists+1","theSenshi:KlutzyLuck"],"picked":"theSenshi:MoonsReflection+1","floor":39.0},{"not_picked":["theSenshi:OdangoHead","theSenshi:YouCanTalk+1","theSenshi:InTheNameOfTheMoon"],"picked":"theSenshi:TallSilhouette+1","floor":41.0},{"not_picked":["theSenshi:SailorMercuryAssists+1","theSenshi:MoonPunch+1","theSenshi:SailorChibiMoonAssists+1"],"picked":"theSenshi:Overload","floor":42.0},{"not_picked":["theSenshi:MoonKick+1","theSenshi:MoonsReflection+1","theSenshi:SailorPlanetAttack+1","theSenshi:NeptunesGrace+1"],"picked":"SKIP","floor":42.0},{"not_picked":["theSenshi:Sidestep+1","theSenshi:MoonKick+1","theSenshi:SailorPlanetPower+1"],"picked":"theSenshi:MoonGorgeousMeditation+1","floor":47},{"not_picked":["theSenshi:SailorMarsAssists+1","theSenshi:SailorChibiMoonAssists+1","theSenshi:MoonsReflection"],"picked":"theSenshi:MoonCosmicPowerMakeUp+1","floor":47}],"player_experience":147034,"relics_obtained":[{"floor":6.0,"key":"Boot"},{"floor":9.0,"key":"Dream Catcher"},{"floor":17.0,"key":"Blood Vial"},{"floor":17.0,"key":"theSenshi:TransformationPenRelic"},{"floor":17.0,"key":"Prayer Wheel"},{"floor":23.0,"key":"Question Card"},{"floor":26.0,"key":"Ornamental Fan"},{"floor":28.0,"key":"Calipers"},{"floor":36.0,"key":"Torii"},{"floor":41.0,"key":"Molten Egg 2"},{"floor":43.0,"key":"theSenshi:HolyGrailRelic"},{"floor":44,"key":"Ice Cream"},{"floor":48,"key":"Unceasing Top"}],"event_choices":[{"damage_healed":0.0,"max_hp_gain":0.0,"max_hp_loss":0.0,"gold_gain":100.0,"event_name":"Golden Shrine","player_choice":"Pray","floor":2.0,"gold_loss":0.0,"damage_taken":0.0},{"damage_healed":0.0,"max_hp_gain":0.0,"max_hp_loss":0.0,"gold_gain":0.0,"event_name":"Scrap Ooze","player_choice":"Success","floor":5.0,"gold_loss":0.0,"damage_taken":12.0,"relics_obtained":["InkBottle"]},{"damage_healed":0.0,"max_hp_gain":0.0,"max_hp_loss":0.0,"gold_gain":0.0,"event_name":"Golden Idol","player_choice":"Ignored","floor":8.0,"gold_loss":0.0,"damage_taken":0.0},{"damage_healed":0.0,"max_hp_gain":0.0,"max_hp_loss":0.0,"gold_gain":0.0,"event_name":"Shining Light","player_choice":"Entered Light","floor":10.0,"gold_loss":0.0,"damage_taken":15.0,"cards_upgraded":["theSenshi:RoseThrow","theSenshi:SailorKick"]},{"damage_healed":0.0,"max_hp_gain":0.0,"max_hp_loss":0.0,"gold_gain":0.0,"event_name":"World of Goop","player_choice":"Left Gold","floor":11.0,"gold_loss":47.0,"damage_taken":0.0},{"damage_healed":0.0,"max_hp_gain":0.0,"max_hp_loss":0.0,"gold_gain":99.0,"event_name":"Nest","player_choice":"Stole From Cult","floor":19.0,"gold_loss":0.0,"damage_taken":0.0},{"damage_healed":0.0,"max_hp_gain":0.0,"max_hp_loss":0.0,"gold_gain":90.0,"event_name":"Knowing Skull","player_choice":"GOLD ","floor":21.0,"potions_obtained":[],"gold_loss":0.0,"damage_taken":12.0,"cards_obtained":[]},{"damage_healed":0.0,"max_hp_gain":0.0,"max_hp_loss":0.0,"gold_gain":0.0,"event_name":"Addict","player_choice":"Obtained Relic","floor":25.0,"gold_loss":85.0,"damage_taken":0.0,"relics_obtained":["Blue Candle"]},{"cards_removed":["theSenshi:SailorBlock"],"damage_healed":0.0,"max_hp_gain":0.0,"max_hp_loss":0.0,"gold_gain":0.0,"event_name":"Beggar","player_choice":"Gave Gold","floor":30.0,"gold_loss":75.0,"damage_taken":0.0},{"damage_healed":0.0,"max_hp_gain":0.0,"max_hp_loss":0.0,"gold_gain":0.0,"event_name":"MindBloom","player_choice":"Fight","floor":36.0,"gold_loss":0.0,"damage_taken":0.0},{"damage_healed":0.0,"max_hp_gain":0.0,"max_hp_loss":0.0,"gold_gain":0.0,"event_name":"SensoryStone","player_choice":"Memory 1","floor":37.0,"gold_loss":0.0,"damage_taken":0.0},{"damage_healed":0,"gold_gain":0,"player_choice":"Fight","damage_taken":0,"max_hp_gain":0,"max_hp_loss":0,"event_name":"Mysterious Sphere","floor":44,"gold_loss":0},{"damage_healed":0,"gold_gain":0,"player_choice":"Max HP","damage_taken":0,"max_hp_gain":0,"max_hp_loss":4,"event_name":"Winding Halls","floor":45,"gold_loss":0}],"is_beta":false,"boss_relics":[{"not_picked":["Fusion Hammer","Pandora\u0027s Box"],"picked":"Calling Bell"},{"not_picked":["Runic Pyramid","SacredBark"],"picked":"Coffee Dripper"}],"items_purged_floors":[46],"is_endless":false,"potions_floor_spawned":[3,4,16,23,27,33,38,39,41,44,47],"ascension_level":0}}