{"host":"raai0vtvcfkt8csp","time":1611958220,"event":{"mods":["2.2 Compatiblity","BaseMod","Beaked The Cultist","Block Reminder","Booster Modes","Clockwork Mod","Custom Start","DeckTracker","Defective Defect","Defuse TimeMaze Blight","Dio Mod","GifTheSpireLib","Infinite Spire","Minty Spire (QoL Compilation)","Quick Restart","Random Character Button","Rare Cards Sparkle","StSLib","The Marked","Unceasing Turn Reminder"],"gold_per_floor":[116,191,191,191,203,235,235,264,264,22,41,53,80,90,90,188,188,208,208,208,208,228,228,239,268,268,301,326,357,357,391,391,505,505,521,523,578,596,640,669,669,683,683,683,722,842,860,885,885,996,996,989,989],"floor_reached":52,"language":"ENG","playtime":6343,"items_purged":[],"score":1111,"play_id":"2c8f8603-070a-45cf-b7fb-d6df9abc0298","local_time":"20210129231020","daily_mods":["Hoarder"],"is_ascension_mode":true,"campfire_choices":[{"floor":7.0,"key":"REST"},{"floor":15.0,"key":"REST"},{"data":"Clockwork:Tinker","floor":23.0,"key":"SMITH"},{"floor":30.0,"key":"REST"},{"data":"Clockwork:SystemHardening","floor":30.0,"key":"SMITH"},{"data":"Clockwork:WarmUp","floor":32.0,"key":"SMITH"},{"floor":41.0,"key":"REST"},{"data":"Madness","floor":44.0,"key":"SMITH"},{"floor":49.0,"key":"REST"}],"circlet_count":0,"master_deck":["Clockwork:Tinker+1","Clockwork:WarmUp+1","Clockwork:CogToss+1","Clockwork:CogToss","Clockwork:CogToss","Clockwork:Inspiration","Clockwork:Inspiration","Clockwork:Inspiration","Clockwork:CogBarrier","Clockwork:CogBarrier","Clockwork:CogBarrier","Clockwork:ElasticNanites+1","Clockwork:ElasticNanites+1","Clockwork:ElasticNanites+1","Mayhem+1","Mayhem+1","Mayhem+1","Clockwork:SystemHardening","Clockwork:SystemHardening+1","Clockwork:SystemHardening","Clockwork:CogShield","Clockwork:CogShield","Clockwork:CogShield","Clockwork:Selectivity","Clockwork:Selectivity","Clockwork:Selectivity","Clockwork:ReactiveNanites+1","Clockwork:ReactiveNanites+1","Clockwork:ReactiveNanites+1","Clockwork:Pluck+1","Clockwork:Pluck+1","Clockwork:Pluck+1","Madness+1","Madness","Madness","Madness","Madness","Madness","infinitespire:UltimateForm+1","infinitespire:UltimateForm+1","infinitespire:UltimateForm+1","Clockwork:SiegeStrike","Clockwork:SiegeStrike","Clockwork:SiegeStrike","Clockwork:SnapKeep","Clockwork:SnapKeep","Clockwork:SnapKeep","Clockwork:HeadStart","Clockwork:HeadStart","Clockwork:HeadStart","Clockwork:RitualDaggerMk0","Clockwork:RitualDaggerMk0","Clockwork:RitualDaggerMk0","Clockwork:LogisticRegression+1","Clockwork:LogisticRegression+1","Clockwork:LogisticRegression+1","Clockwork:Selectivity","Clockwork:Selectivity","Clockwork:Selectivity","Clockwork:Randomization","Clockwork:Randomization","Clockwork:Randomization","Clockwork:CraftVarja","Clockwork:CraftVarja","Clockwork:CraftVarja","Clockwork:SearingStrike","Clockwork:SearingStrike","Clockwork:SearingStrike"],"relics":["Clockwork:MomentumEngine","Frozen Egg 2","Meat on the Bone","Pen Nib","Bag of Preparation","SacredBark","Chemical X","beaked:MawFillet","Clockwork:GoldenCog","infinitespire:Magic Flask","infinitespire:Midas Blood","Clockwork:CopperScales","Ancient Tea Set","Clockwork:BloodPhial","Gremlin Horn","Nunchaku","Philosopher\u0027s Stone","Calipers","infinitespire:CheckeredPen","Kunai","Eternal Feather","Whetstone","Mango","Pandora\u0027s Box"],"acts_visited":["Exordium","TheCity","TheBeyond"],"potions_floor_usage":[],"damage_taken":[{"damage":1.0,"enemies":"Small Slimes","floor":1.0,"turns":7.0},{"damage":13.0,"enemies":"Jaw Worm","floor":5.0,"turns":5.0},{"damage":0.0,"enemies":"Gremlin Nob","floor":6.0,"turns":7.0},{"damage":42.0,"enemies":"3 Sentries","floor":8.0,"turns":12.0},{"damage":7.0,"enemies":"2 Louse","floor":11.0,"turns":5.0},{"damage":0.0,"enemies":"Large Slime","floor":12.0,"turns":9.0},{"damage":0.0,"enemies":"Lagavulin","floor":13.0,"turns":11.0},{"damage":12.0,"enemies":"Exordium Thugs","floor":14.0,"turns":8.0},{"damage":18.0,"enemies":"Hexaghost","floor":16.0,"turns":17.0},{"damage":16.0,"enemies":"3 Byrds","floor":18.0,"turns":6.0},{"damage":0.0,"enemies":"Shell Parasite","floor":22.0,"turns":6.0},{"damage":22.0,"enemies":"Centurion and Healer","floor":24.0,"turns":8.0},{"damage":4.0,"enemies":"Slavers","floor":25.0,"turns":5.0},{"damage":12.0,"enemies":"Book of Stabbing","floor":27.0,"turns":7.0},{"damage":25.0,"enemies":"Shelled Parasite and Fungi","floor":28.0,"turns":5.0},{"damage":30.0,"enemies":"Gremlin Leader","floor":29.0,"turns":7.0},{"damage":0.0,"enemies":"Book of Stabbing","floor":31.0,"turns":5.0},{"damage":35.0,"enemies":"StardustCrusaders","floor":33.0,"turns":9.0},{"damage":1.0,"enemies":"3 Darklings","floor":35.0,"turns":4.0},{"damage":47.0,"enemies":"2 Orb Walkers","floor":37.0,"turns":6.0},{"damage":0.0,"enemies":"Orb Walker","floor":38.0,"turns":5.0},{"damage":39.0,"enemies":"beaked:SuperParasite","floor":39.0,"turns":8.0},{"damage":0.0,"enemies":"Reptomancer","floor":40.0,"turns":5.0},{"damage":27.0,"enemies":"Maw","floor":42.0,"turns":8.0},{"damage":21.0,"enemies":"Giant Head","floor":45.0,"turns":8.0},{"damage":25.0,"enemies":"infinitespire:Three Voidlings","floor":46.0,"turns":4.0},{"damage":11.0,"enemies":"Nightmare_Alpha","floor":46.0,"turns":10.0},{"damage":21.0,"enemies":"Writhing Mass","floor":47.0,"turns":7.0},{"damage":53.0,"enemies":"Spire Growth","floor":48.0,"turns":6.0},{"damage":40.0,"enemies":"Jotaro","floor":50.0,"turns":7.0},{"damage":0,"enemies":"Cultist","floor":52,"turns":3}],"seed_played":"-2291616725567278228","potions_obtained":[{"floor":6.0,"key":"Fire Potion"},{"floor":11.0,"key":"SkillPotion"},{"floor":12.0,"key":"Fire Potion"},{"floor":16.0,"key":"FairyPotion"},{"floor":25.0,"key":"Explosive Potion"},{"floor":27.0,"key":"SkillPotion"},{"floor":31.0,"key":"Dexterity Potion"},{"floor":33.0,"key":"ColorlessPotion"},{"floor":35.0,"key":"EntropicBrew"},{"floor":39.0,"key":"Swift Potion"},{"floor":45.0,"key":"Ancient Potion"}],"is_trial":true,"path_per_floor":["M","?","?","?","M","E","R","E","T","$","M","M","E","M","R","B",null,"M","?","AVR","?","M","R","M","E","T","E","M","E","R","E","R","B",null,"M","?","?","M","E","E","R","M","T","R","E","?","M","M","R","B",null,"M"],"character_chosen":"CLOCKWORK","items_purchased":["Clockwork:ElasticNanites+1","Mayhem+1"],"campfire_rested":5,"item_purchase_floors":[10,10],"current_hp_per_floor":[84,73,73,56,43,43,68,26,26,26,31,43,43,43,68,50,85,69,69,69,53,53,53,43,51,51,57,52,40,67,73,73,56,90,89,78,49,55,34,52,79,66,66,90,71,91,82,53,104,64,104,104,104],"gold":989,"neow_bonus":"","is_daily":false,"chose_seed":false,"campfire_upgraded":4,"win_rate":0.0,"timestamp":1611958220,"path_taken":["M","?","?","?","M","E","R","E","T","?","M","M","E","M","R","BOSS","M","?","AVR","?","?","R","M","E","T","E","M","E","R","E","R","BOSS","M","?","?","M","E","E","R","M","T","R","E","?","M","M","R","BOSS","M"],"items_purchased_type":["Card","Card"],"build_version":"2020-12-22","purchased_purges":0,"victory":false,"max_hp_per_floor":[85,85,85,85,85,85,85,85,85,85,85,85,85,85,85,85,85,85,85,85,90,90,90,90,90,90,90,90,90,90,90,90,90,90,90,90,90,90,90,90,90,90,90,90,90,104,104,104,104,104,104,104,104],"card_choices":[{"not_picked":["Clockwork:Roundhouse","Clockwork:MechanicalBulk"],"picked":"Clockwork:CogToss","floor":1.0},{"not_picked":["Clockwork:ReserveSystems","Clockwork:Efficiency","Clockwork:AdaptiveCannon"],"picked":"SKIP","floor":5.0},{"not_picked":["Clockwork:CraftBloodPhial","Clockwork:StasisBreak"],"picked":"Clockwork:Inspiration","floor":6.0},{"not_picked":["Clockwork:ChargingShield","Clockwork:Downsize"],"picked":"Clockwork:CogBarrier","floor":8.0},{"not_picked":["Clockwork:Minimalism","Clockwork:MechanicalMass"],"picked":"Clockwork:SystemHardening","floor":11.0},{"not_picked":["Clockwork:Enhance","Clockwork:AeonShield","Clockwork:Clone"],"picked":"SKIP","floor":12.0},{"not_picked":["Clockwork:SpringShield","Clockwork:Improve"],"picked":"Clockwork:CogShield","floor":13.0},{"not_picked":["Clockwork:ForgeStrike","Clockwork:SnapKeep"],"picked":"Clockwork:Selectivity","floor":14.0},{"not_picked":["Clockwork:CraftQuicksilverHourglass","Clockwork:ZeroPointEnergy+1"],"picked":"Clockwork:ReactiveNanites+1","floor":16.0},{"not_picked":["Clockwork:CogShield","Clockwork:AdaptiveCannon"],"picked":"Clockwork:Pluck+1","floor":18.0},{"not_picked":["Clockwork:ChargingBlade+1","Clockwork:CogToss"],"picked":"Clockwork:CraftCopperScales","floor":22.0},{"not_picked":["Clockwork:ForgeStrike","Clockwork:InertialShield","Clockwork:AdaptiveShield"],"picked":"SKIP","floor":24.0},{"not_picked":["Clockwork:OccamsRazor+1","Clockwork:CogToss"],"picked":"Clockwork:CraftBloodPhial","floor":25.0},{"not_picked":["Clockwork:ChargingBlade+1","Clockwork:PerfectedStrike","Clockwork:Halt"],"picked":"SKIP","floor":27.0},{"not_picked":["Clockwork:Improve","Clockwork:LiteraryArmor+1","Clockwork:CogShield+1"],"picked":"SKIP","floor":28.0},{"not_picked":["Clockwork:Downsize","Clockwork:Friction","Clockwork:TestingEnvironment"],"picked":"SKIP","floor":29.0},{"not_picked":["Clockwork:ChargingShield","Clockwork:SnapKeep","Clockwork:HoardingStrike"],"picked":"SKIP","floor":31.0},{"not_picked":["Clockwork:DefectiveParts+1","Clockwork:PerfectForm+1"],"picked":"Clockwork:CraftMomentumEngine","floor":33.0},{"not_picked":["Clockwork:Enhance+1","Clockwork:Roundhouse","Clockwork:CogBarrier"],"picked":"SKIP","floor":35.0},{"not_picked":["Clockwork:SnapKeep+1","Clockwork:ChargingShield","Clockwork:AdaptiveShield+1"],"picked":"SKIP","floor":38.0},{"not_picked":["Clockwork:ChargingShield","Clockwork:SpurOn+1","Clockwork:CogToss+1"],"picked":"SKIP","floor":39.0},{"not_picked":["Clockwork:QuantumStrike","Clockwork:AdaptiveCannon+1"],"picked":"Clockwork:CraftBloodPhial","floor":40.0},{"not_picked":["Clockwork:PerfectedShield+1","Clockwork:Minimalism","Clockwork:Friction"],"picked":"SKIP","floor":42.0},{"not_picked":["Clockwork:TiltAWhirl","Clockwork:SnapKeep+1","Clockwork:ChargingBlade+1"],"picked":"SKIP","floor":45.0},{"not_picked":["infinitespire:FutureSight","infinitespire:TheBestDefense"],"picked":"infinitespire:UltimateForm","floor":46.0},{"not_picked":["Clockwork:Pluck+1","Clockwork:AdaptiveShield+1","Clockwork:TiltAWhirl+1"],"picked":"SKIP","floor":47.0},{"not_picked":["Clockwork:MechanicalMass","Clockwork:ReserveSystems+1","Clockwork:SmithsMallet"],"picked":"SKIP","floor":48.0},{"not_picked":["Clockwork:WindupStrike","Clockwork:DefectiveParts+1"],"picked":"Clockwork:SiegeStrike","floor":50.0}],"player_experience":947866,"relics_obtained":[{"floor":6.0,"key":"Frozen Egg 2"},{"floor":8.0,"key":"Meat on the Bone"},{"floor":9.0,"key":"Pen Nib"},{"floor":13.0,"key":"Bag of Preparation"},{"floor":25.0,"key":"infinitespire:Magic Flask"},{"floor":26.0,"key":"infinitespire:Midas Blood"},{"floor":27.0,"key":"Ancient Tea Set"},{"floor":29.0,"key":"Gremlin Horn"},{"floor":31.0,"key":"Nunchaku"},{"floor":37.0,"key":"Calipers"},{"floor":39.0,"key":"infinitespire:CheckeredPen"},{"floor":40.0,"key":"Kunai"},{"floor":43.0,"key":"Eternal Feather"},{"floor":45.0,"key":"Whetstone"},{"floor":46.0,"key":"Mango"}],"event_choices":[{"damage_healed":0.0,"max_hp_gain":0.0,"max_hp_loss":0.0,"gold_gain":75.0,"event_name":"World of Goop","player_choice":"Gather Gold","floor":2.0,"gold_loss":0.0,"damage_taken":11.0},{"damage_healed":0.0,"max_hp_gain":0.0,"max_hp_loss":0.0,"gold_gain":0.0,"event_name":"Liars Game","player_choice":"Ignored","floor":3.0,"gold_loss":0.0,"damage_taken":0.0},{"damage_healed":0.0,"max_hp_gain":0.0,"max_hp_loss":0.0,"gold_gain":0.0,"event_name":"Shining Light","player_choice":"Entered Light","floor":4.0,"gold_loss":0.0,"damage_taken":17.0,"cards_upgraded":["Clockwork:Strike","Clockwork:Handicap"]},{"damage_healed":0.0,"max_hp_gain":0.0,"max_hp_loss":0.0,"gold_gain":0.0,"event_name":"Vampires","player_choice":"Ignored","floor":19.0,"gold_loss":0.0,"damage_taken":0.0},{"damage_healed":0.0,"max_hp_gain":5.0,"max_hp_loss":0.0,"gold_gain":0.0,"event_name":"Forgotten Altar","player_choice":"Shed Blood","floor":21.0,"gold_loss":0.0,"damage_taken":21.0},{"damage_healed":0.0,"max_hp_gain":0.0,"max_hp_loss":0.0,"gold_gain":0.0,"event_name":"Winding Halls","player_choice":"Embrace Madness","floor":36.0,"gold_loss":0.0,"damage_taken":11.0,"cards_obtained":["Madness","Madness"]},{"damage_healed":0.0,"max_hp_gain":0.0,"max_hp_loss":0.0,"gold_gain":0.0,"event_name":"Mysterious Sphere","player_choice":"Fight","floor":37.0,"gold_loss":0.0,"damage_taken":0.0}],"is_beta":false,"boss_relics":[{"not_picked":["Fusion Hammer","Clockwork:BootleggersToolkit"],"picked":"SacredBark"},{"not_picked":["Astrolabe","infinitespire:Cupcake"],"picked":"Philosopher\u0027s Stone"},{"not_picked":["Velvet Choker","Busted Crown"],"picked":"Pandora\u0027s Box"}],"items_purged_floors":[],"is_endless":true,"potions_floor_spawned":[6,11,12,16,25,27,31,33,35,39,45,46,47],"killed_by":"Cultist","ascension_level":1}}