{"host":"gobyjzz6xbwq9f9i","time":1611907563,"event":{"mods":["AchievementEnabler","BaseMod","Bestiary","Colored Map","Minty Spire (QoL Compilation)","Relic Stats"],"gold_per_floor":[218,228,244,194,209,209,242,242,269,20,47,47,61,89,89,89,89],"floor_reached":16,"language":"ENG","playtime":636,"items_purged":[],"score":255,"play_id":"0b3a917d-fe38-495e-83fc-68a961943a4e","local_time":"20210129000603","is_ascension_mode":true,"campfire_choices":[{"data":"Dash","floor":6,"key":"SMITH"},{"data":"Poisoned Stab","floor":8,"key":"SMITH"},{"data":"Neutralize","floor":12,"key":"SMITH"},{"data":"Riddle With Holes","floor":15,"key":"SMITH"}],"circlet_count":0,"master_deck":["AscendersBane","Strike_G","Strike_G","Strike_G","Strike_G","Defend_G","Defend_G","Defend_G","Defend_G","Defend_G","Survivor","Neutralize+1","Dash+1","Poisoned Stab+1","Slice","Quick Slash","Backflip+1","Acrobatics+1","Riddle With Holes+1"],"relics":["Ring of the Snake","Orichalcum","Akabeko","Toxic Egg 2","Juzu Bracelet","Calipers"],"acts_visited":["Exordium"],"potions_floor_usage":[7,11,14],"damage_taken":[{"damage":6,"enemies":"Cultist","floor":1,"turns":5},{"damage":0,"enemies":"2 Louse","floor":2,"turns":3},{"damage":0,"enemies":"Jaw Worm","floor":3,"turns":4},{"damage":16,"enemies":"Large Slime","floor":5,"turns":10},{"damage":0,"enemies":"3 Sentries","floor":7,"turns":9},{"damage":0,"enemies":"Gremlin Nob","floor":11,"turns":3},{"damage":0,"enemies":"2 Fungi Beasts","floor":13,"turns":2},{"damage":20,"enemies":"Lagavulin","floor":14,"turns":6},{"damage":24,"enemies":"The Guardian","floor":16,"turns":10}],"seed_played":"-8164351625589356976","potions_obtained":[{"floor":1,"key":"SteroidPotion"},{"floor":2,"key":"Fire Potion"},{"floor":5,"key":"Fire Potion"},{"floor":13,"key":"SpeedPotion"},{"floor":14,"key":"Regen Potion"}],"is_trial":false,"path_per_floor":["M","M","M","?","M","R","E","R","T","$","E","R","M","E","R","B"],"character_chosen":"THE_SILENT","items_purchased":["Toxic Egg 2"],"campfire_rested":0,"item_purchase_floors":[10],"current_hp_per_floor":[57,57,57,57,41,41,41,41,41,41,41,41,41,21,21,0,0],"gold":89,"neow_bonus":"HUNDRED_GOLD","is_daily":false,"chose_seed":false,"campfire_upgraded":4,"win_rate":0.0,"timestamp":1611907563,"path_taken":["M","M","M","?","M","R","E","R","T","$","E","R","M","E","R","BOSS"],"items_purchased_type":["Relic"],"build_version":"2020-12-22","purchased_purges":0,"victory":false,"max_hp_per_floor":[70,70,70,70,70,70,70,70,70,70,70,70,70,70,70,70,70],"relic_stats":{"counters":[9,52],"Juzu Bracelet":0,"Orichalcum":[24],"obtain_stats":[{"Calipers":14,"Juzu Bracelet":11,"Orichalcum":7,"Toxic Egg 2":10,"Akabeko":9,"Ring of the Snake":0},{"Calipers":8,"Juzu Bracelet":6,"Orichalcum":5,"Toxic Egg 2":5,"Akabeko":5,"Ring of the Snake":0},{"Calipers":42,"Juzu Bracelet":34,"Orichalcum":31,"Toxic Egg 2":31,"Akabeko":31,"Ring of the Snake":0}],"Ring of the Snake":[18]},"card_choices":[{"not_picked":["Backflip","Distraction"],"picked":"Dash","floor":1},{"not_picked":["Tactician","Blur","Choke"],"picked":"SKIP","floor":2},{"not_picked":["Footwork","Catalyst"],"picked":"Poisoned Stab","floor":3},{"not_picked":["Quick Slash","Finisher"],"picked":"Slice","floor":5},{"not_picked":["Dodge and Roll","Sucker Punch"],"picked":"Quick Slash","floor":7},{"not_picked":["Prepared+1","All Out Attack"],"picked":"Backflip+1","floor":11},{"not_picked":["Slice","Expertise+1"],"picked":"Acrobatics+1","floor":13},{"not_picked":["Outmaneuver+1","Slice"],"picked":"Riddle With Holes","floor":14}],"player_experience":1202303,"relics_obtained":[{"floor":7,"key":"Orichalcum"},{"floor":9,"key":"Akabeko"},{"floor":11,"key":"Juzu Bracelet"},{"floor":14,"key":"Calipers"}],"event_choices":[{"cards_removed":["Strike_G"],"damage_healed":0,"gold_gain":0,"player_choice":"Card Removal","damage_taken":0,"max_hp_gain":0,"max_hp_loss":0,"event_name":"The Cleric","floor":4,"gold_loss":50}],"is_beta":false,"boss_relics":[],"items_purged_floors":[],"is_endless":false,"potions_floor_spawned":[1,2,5,13,14],"killed_by":"The Guardian","ascension_level":10}}