{"host":"44szraw8fc5x6fuf","time":1611961133,"event":{"mods":["100% Spire Juice","2.2 Compatiblity","Act Like it!","Arknights The Spire","Aspiration","BaseMod","Better Altar","Better Match","Better Note","Better Sensory Stone","Better Skull","Better Third Choice","CapriCore","Chen","Colored Map","Conspire","Gensokyo","Hermit","Highlight Path","Koishi","KomeijiMod","Lobotomy","LobotomyExtend","MarisaÅiñ∂âJÅ@ñÇóùçπÅj","Minty Spire (QoL Compilation)","Onozuka Komachi Mod","Pale of the Ancients","Permanent Neow","Rare Cards Sparkle","ReimuÅiîé??öÎÅj","Reliquary","Replay The Spire","Spicy Shops","Spire Arcade","StSLib","The Administrix","The Disciple","The Immortal","TheFirefly","Yakumo Yukari mod","Yuyuko","Åy?ï®?îvÅzREMEMod"],"gold_per_floor":[476,476,29,29,40,71,71,71,71],"floor_reached":8,"language":"ENG","playtime":424,"items_purged":[],"score":56,"play_id":"a2452c77-53d8-4b26-bf5d-9f3b14c31992","local_time":"20210129175853","is_ascension_mode":true,"campfire_choices":[],"circlet_count":0,"master_deck":["Strike_Remiria","Strike_Remiria","Defend_Remirira","Defend_Remirira","RemiliaStalker","RocketKickup"],"relics":["ThirstyCrossSpe","REME_ComplimentaryCards","Old Coin","LetterFromLob","Membership Card","Ornamental Fan","ReplayTheSpireMod:Lightbulb","Medical Kit","ReplayTheSpireMod:Ring of Collecting","aspiration:Lifesprig"],"acts_visited":["Gensokyo:Gensokyo"],"potions_floor_usage":[8],"damage_taken":[{"damage":3,"enemies":"Gensokyo:Gryphon","floor":1,"turns":3},{"damage":5,"enemies":"Gensokyo:2_Kodama","floor":5,"turns":5},{"damage":76,"enemies":"Gensokyo:Mamizou","floor":6,"turns":13},{"damage":16,"enemies":"Gensokyo:Aya","floor":8,"turns":6}],"seed_played":"-5320876515262093840","potions_obtained":[{"floor":6,"key":"Energy Potion"}],"is_trial":false,"path_per_floor":["M","?","$","?","M","E","?","E"],"character_chosen":"RemiriaScarlet","items_purchased":["Membership Card","Ornamental Fan","ReplayTheSpireMod:Lightbulb","Medical Kit"],"campfire_rested":0,"item_purchase_floors":[3,3,3,3],"current_hp_per_floor":[67,87,87,87,82,6,16,0,0],"gold":71,"neow_bonus":"ONE_RARE_RELIC","is_daily":false,"chose_seed":false,"campfire_upgraded":0,"win_rate":0.0,"timestamp":1611961133,"path_taken":["M","?","$","?","M","E","?","E"],"items_purchased_type":["Relic","Relic","Relic","Relic"],"build_version":"2020-12-22","purchased_purges":0,"victory":false,"max_hp_per_floor":[100,100,100,100,100,100,100,100,100],"card_choices":[{"not_picked":["Cripple","BloodySuit","ServantFlier"],"picked":"SKIP","floor":1},{"not_picked":["BloodCollect","NightDance","Paradox"],"picked":"SKIP","floor":5},{"not_picked":["VampirishNight","StarOfDavid"],"picked":"RocketKickup","floor":6}],"player_experience":223343,"relics_obtained":[{"floor":1,"key":"LetterFromLob"},{"floor":4,"key":"ReplayTheSpireMod:Ring of Collecting"},{"floor":6,"key":"aspiration:Lifesprig"}],"event_choices":[],"is_beta":false,"boss_relics":[],"items_purged_floors":[],"is_endless":false,"potions_floor_spawned":[6],"killed_by":"Gensokyo:Aya","ascension_level":1}}