{"host":"c43fkomrial8fa1s","time":1611907597,"event":{"mods":["BaseMod","Googly Eyes","Minty Spire (QoL Compilation)","Quick Restart","Relic Stats","StSLib"],"gold_per_floor":[118,118,131,150,325,325,17,52,52,52,52,52,87,103,103,204,204,214,228,228,128,128,128,142,142,187,187,38,68,68,68,68,68,68],"floor_reached":33,"language":"ENG","playtime":1767,"items_purged":["Doubt","Parasite"],"score":312,"play_id":"179675cc-5813-499d-8d59-3afc5b35f05c","local_time":"20210129020637","is_ascension_mode":true,"campfire_choices":[{"data":"Unload","floor":6.0,"key":"SMITH"},{"floor":11.0,"key":"REST"},{"floor":15.0,"key":"REST"},{"data":"Bullet Time","floor":23.0,"key":"SMITH"},{"floor":27.0,"key":"REST"},{"floor":32.0,"key":"REST"}],"circlet_count":0,"master_deck":["Strike_G","Strike_G","Defend_G","Defend_G","Defend_G","Defend_G","Defend_G","Survivor","Neutralize","Unload+1","Slice","Blade Dance","Deflect","Infinite Blades","Leg Sweep","Backstab","Backflip","Bullet Time+1","Noxious Fumes","RitualDagger","Unload+1","Dagger Throw","Acrobatics"],"relics":["Ring of the Snake","HandDrill","Bird Faced Urn","Ice Cream","Orichalcum","Sozu","Vajra","Lantern","Akabeko"],"acts_visited":["Exordium","TheCity"],"potions_floor_usage":[],"damage_taken":[{"damage":1.0,"enemies":"Jaw Worm","floor":1.0,"turns":4.0},{"damage":0.0,"enemies":"Cultist","floor":3.0,"turns":3.0},{"damage":7.0,"enemies":"Small Slimes","floor":4.0,"turns":2.0},{"damage":31.0,"enemies":"Gremlin Nob","floor":8.0,"turns":4.0},{"damage":26.0,"enemies":"Lagavulin","floor":13.0,"turns":7.0},{"damage":11.0,"enemies":"3 Louse","floor":14.0,"turns":3.0},{"damage":15.0,"enemies":"Slime Boss","floor":16.0,"turns":11.0},{"damage":13.0,"enemies":"2 Thieves","floor":18.0,"turns":5.0},{"damage":14.0,"enemies":"Chosen","floor":19.0,"turns":6.0},{"damage":31.0,"enemies":"Snecko","floor":24.0,"turns":6.0},{"damage":25.0,"enemies":"Gremlin Leader","floor":29.0,"turns":9.0},{"damage":0.0,"enemies":"Colosseum Slavers","floor":30.0,"turns":1.0},{"damage":0.0,"enemies":"Shelled Parasite and Fungi","floor":31.0,"turns":1.0},{"damage":46,"enemies":"Collector","floor":33,"turns":6}],"seed_played":"-6103490409667177945","potions_obtained":[{"floor":1.0,"key":"SmokeBomb"},{"floor":4.0,"key":"ColorlessPotion"},{"floor":8.0,"key":"SmokeBomb"},{"floor":14.0,"key":"Ancient Potion"}],"is_trial":false,"path_per_floor":["M","?","M","M","?","R","$","E","T","?","R","?","E","M","R","B",null,"M","M","?","$","?","R","M","?","T","R","$","E","?","M","R","B"],"character_chosen":"THE_SILENT","items_purchased":["Infinite Blades","HandDrill","Lantern"],"campfire_rested":4,"item_purchase_floors":[7,7,28],"current_hp_per_floor":[48,48,48,41,41,41,41,10,10,27,48,48,24,13,34,21,70,57,47,41,41,41,41,14,14,14,34,34,13,13,13,33,0,0],"gold":68,"neow_bonus":"THREE_RARE_CARDS","is_daily":false,"chose_seed":false,"campfire_upgraded":2,"win_rate":0.0,"timestamp":1611907597,"path_taken":["M","?","M","?","?","R","$","E","T","?","R","?","E","M","R","BOSS","M","M","?","$","?","R","?","?","T","R","$","E","?","M","R","BOSS"],"items_purchased_type":["Card","Relic","Relic"],"build_version":"2020-12-22","purchased_purges":2,"victory":false,"max_hp_per_floor":[70,70,70,70,70,70,70,70,70,70,70,70,70,70,70,70,70,70,70,70,67,67,67,67,67,67,67,67,67,67,67,67,67,67],"relic_stats":{"Sozu":3,"counters":[14,68],"Bird Faced Urn":[20],"HandDrill":[12],"Orichalcum":[78],"obtain_stats":[{"Ice Cream":9,"Sozu":17,"Lantern":28,"Bird Faced Urn":8,"Vajra":26,"HandDrill":7,"Orichalcum":13,"Akabeko":29,"Ring of the Snake":0},{"Ice Cream":4,"Sozu":7,"Lantern":10,"Bird Faced Urn":4,"Vajra":10,"HandDrill":3,"Orichalcum":5,"Akabeko":11,"Ring of the Snake":0},{"Ice Cream":13,"Sozu":34,"Lantern":51,"Bird Faced Urn":13,"Vajra":51,"HandDrill":9,"Orichalcum":20,"Akabeko":60,"Ring of the Snake":0}],"Ring of the Snake":[28]},"card_choices":[{"not_picked":["Malaise","A Thousand Cuts"],"picked":"Unload","floor":0.0},{"not_picked":["Backflip","Deadly Poison"],"picked":"Slice","floor":1.0},{"not_picked":["Well Laid Plans","Quick Slash"],"picked":"Blade Dance","floor":3.0},{"not_picked":["Deadly Poison","Flying Knee"],"picked":"Deflect","floor":4.0},{"not_picked":["Accuracy","Flying Knee"],"picked":"Leg Sweep","floor":8.0},{"not_picked":["Expertise","Catalyst"],"picked":"Backstab","floor":13.0},{"not_picked":["Dagger Throw","Distraction"],"picked":"Backflip","floor":14.0},{"not_picked":["Burst","Phantasmal Killer"],"picked":"Bullet Time","floor":16.0},{"not_picked":["Cloak And Dagger","Choke+1"],"picked":"Noxious Fumes","floor":18.0},{"not_picked":["Sucker Punch","Well Laid Plans","Caltrops+1"],"picked":"SKIP","floor":19.0},{"not_picked":["Escape Plan","Well Laid Plans","Leg Sweep"],"picked":"SKIP","floor":24.0},{"not_picked":["Catalyst","Deflect","Dodge and Roll"],"picked":"SKIP","floor":29.0}],"player_experience":347702,"relics_obtained":[{"floor":8.0,"key":"Bird Faced Urn"},{"floor":9.0,"key":"Ice Cream"},{"floor":13.0,"key":"Orichalcum"},{"floor":26.0,"key":"Vajra"},{"floor":29.0,"key":"Akabeko"}],"event_choices":[{"cards_removed":["Strike_G"],"damage_healed":0.0,"max_hp_gain":0.0,"max_hp_loss":0.0,"gold_gain":0.0,"event_name":"Purifier","player_choice":"Purged","floor":2.0,"gold_loss":0.0,"damage_taken":0.0},{"damage_healed":0.0,"max_hp_gain":0.0,"max_hp_loss":0.0,"gold_gain":175.0,"event_name":"Liars Game","player_choice":"AGREE","floor":5.0,"gold_loss":0.0,"damage_taken":0.0,"cards_obtained":["Doubt"]},{"damage_healed":17.0,"max_hp_gain":0.0,"max_hp_loss":0.0,"gold_gain":0.0,"event_name":"Mushrooms","player_choice":"Healed and dodged fight","floor":10.0,"gold_loss":0.0,"damage_taken":0.0,"cards_obtained":["Parasite"]},{"damage_healed":0.0,"max_hp_gain":0.0,"max_hp_loss":0.0,"gold_gain":0.0,"event_name":"Scrap Ooze","player_choice":"Fled","floor":12.0,"gold_loss":0.0,"damage_taken":0.0},{"damage_healed":0.0,"max_hp_gain":0.0,"max_hp_loss":0.0,"gold_gain":0.0,"event_name":"Nest","player_choice":"Joined the Cult","floor":20.0,"gold_loss":0.0,"damage_taken":6.0,"cards_obtained":["RitualDagger"]},{"damage_healed":0.0,"max_hp_gain":0.0,"max_hp_loss":0.0,"gold_gain":0.0,"event_name":"Duplicator","player_choice":"Copied","floor":22.0,"gold_loss":0.0,"damage_taken":0.0,"cards_obtained":["Unload"]},{"damage_healed":0.0,"max_hp_gain":0.0,"max_hp_loss":0.0,"gold_gain":0.0,"cards_transformed":["Strike_G","Strike_G"],"event_name":"Drug Dealer","player_choice":"Became Test Subject","floor":25.0,"gold_loss":0.0,"damage_taken":0.0,"cards_obtained":["Dagger Throw","Acrobatics"]},{"damage_healed":0.0,"max_hp_gain":0.0,"max_hp_loss":0.0,"gold_gain":0.0,"event_name":"Colosseum","player_choice":"Fight","floor":30.0,"gold_loss":0.0,"damage_taken":0.0},{"damage_healed":0.0,"max_hp_gain":0.0,"max_hp_loss":0.0,"gold_gain":0.0,"event_name":"Colosseum","player_choice":"Fled From Nobs","floor":30.0,"gold_loss":0.0,"damage_taken":0.0}],"is_beta":false,"boss_relics":[{"not_picked":["SacredBark","Black Star"],"picked":"Sozu"}],"items_purged_floors":[7,21],"is_endless":false,"potions_floor_spawned":[1,4,8,14,18,19,29],"killed_by":"Collector","ascension_level":3}}