{"host":"c52z9ixzgdjttcmx","time":1611954276,"event":{"mods":["BaseMod","Colored Powertips","Downfall","Filter the Spire","Minty Spire (QoL Compilation)","Rare Cards Sparkle","Relic Stats","StSLib"],"gold_per_floor":[99,99,99,99,113,126,149,168,180,180,180,194,211,45,58,58,58,58],"floor_reached":16,"language":"ENG","playtime":1209,"items_purged":[],"score":94,"play_id":"57c8fd92-646b-4777-a724-40fa266b04f6","local_time":"20210129150436","is_ascension_mode":false,"campfire_choices":[{"data":"bronze:Strike","floor":1,"key":"SMITH"}],"circlet_count":0,"master_deck":["bronze:Strike","bronze:Strike","bronze:Strike+1","bronze:Strike","bronze:Defend+1","bronze:Defend","bronze:Defend","bronze:Defend","bronze:Replicate","bronze:Goto","bronze:ForceShield","bronze:WhirlingStrike","bronze:Spike","bronze:DazingPulse","bronze:Explode","bronze:Backtrace","bronze:ClassDefault+1","bronze:CloningBeam","bronze:Overheat+1","bronze:DelayedGuard","downfall:Malfunctioning","bronze:Separator","bronze:Frontload","bronze:ItsAFeature","bronze:FollowUp","bronze:Overheat","bronze:DelayedGuard","bronze:DigitalCarnage"],"relics":["bronze:BronzeCore","downfall:HeartsMalice","Orichalcum","downfall:ShatteredFragment"],"acts_visited":["Exordium"],"potions_floor_usage":[6,6,13,13],"damage_taken":[{"damage":0,"enemies":"Jaw Worm","floor":2,"turns":1},{"damage":0,"enemies":"2 Louse","floor":3,"turns":1},{"damage":0,"enemies":"2 Louse","floor":4,"turns":1},{"damage":0,"enemies":"Cultist","floor":5,"turns":2},{"damage":2,"enemies":"Blue Slaver","floor":6,"turns":2},{"damage":2,"enemies":"3 Louse","floor":8,"turns":2},{"damage":6,"enemies":"2 Fungi Beasts","floor":9,"turns":4},{"damage":7,"enemies":"Blue Slaver","floor":12,"turns":3},{"damage":15,"enemies":"Exordium Thugs","floor":13,"turns":3},{"damage":0,"enemies":"downfall:FleeingMerchant","floor":14,"turns":4},{"damage":5,"enemies":"Exordium Wildlife","floor":15,"turns":5},{"damage":21,"enemies":"WA_ARCHETYPE_RETAIN","floor":16,"turns":4}],"seed_played":"4151632837179323891","potions_obtained":[{"floor":4,"key":"Fire Potion"},{"floor":5,"key":"Strength Potion"},{"floor":8,"key":"sneckomod:MuddlingPotion"},{"floor":12,"key":"BlessingOfTheForge"},{"floor":15,"key":"SteroidPotion"}],"is_trial":false,"path_per_floor":["R","M","M","?","M","M","T","M","M","?","?","M","M","$","M","B"],"character_chosen":"THE_AUTOMATON","items_purchased":["bronze:FollowUp","bronze:Overheat","bronze:DelayedGuard"],"campfire_rested":0,"item_purchase_floors":[14,14,14],"current_hp_per_floor":[70,70,70,70,70,68,68,66,60,60,39,32,17,17,12,0,0,0],"gold":58,"neow_bonus":"THREE_ENEMY_KILL","is_daily":false,"chose_seed":false,"campfire_upgraded":1,"win_rate":0.0,"timestamp":1611954276,"path_taken":["R","M","M","?","M","M","T","M","M","?","?","?","M","?","M","BOSS"],"items_purchased_type":["Card","Card","Card"],"build_version":"2020-12-22","purchased_purges":0,"victory":false,"max_hp_per_floor":[70,70,70,70,70,70,70,70,70,70,70,70,70,70,70,70,70,70],"relic_stats":{"counters":[12,29],"Orichalcum":[48],"obtain_stats":[{"bronze:BronzeCore":0,"downfall:ShatteredFragment":11,"downfall:HeartsMalice":0,"Orichalcum":7},{"bronze:BronzeCore":0,"downfall:ShatteredFragment":7,"downfall:HeartsMalice":0,"Orichalcum":5},{"bronze:BronzeCore":0,"downfall:ShatteredFragment":10,"downfall:HeartsMalice":0,"Orichalcum":4}]},"card_choices":[{"not_picked":["bronze:Terminator","bronze:BuggyMess"],"picked":"bronze:ForceShield","floor":2},{"not_picked":["bronze:Invalidate","bronze:ForceShield"],"picked":"bronze:WhirlingStrike","floor":3},{"not_picked":[],"picked":"bronze:Spike","floor":4},{"not_picked":[],"picked":"bronze:DazingPulse","floor":4},{"not_picked":[],"picked":"bronze:Explode","floor":4},{"not_picked":["bronze:CutThrough","bronze:ClassDefault"],"picked":"bronze:Backtrace","floor":4},{"not_picked":["bronze:FollowUp","bronze:Philosophize"],"picked":"bronze:ClassDefault","floor":5},{"not_picked":["bronze:WildBeam","bronze:BugBarrage"],"picked":"bronze:CloningBeam","floor":6},{"not_picked":["bronze:Shield","bronze:Return"],"picked":"bronze:Overheat","floor":8},{"not_picked":["bronze:BronzeArmor","bronze:ChosenStrike"],"picked":"bronze:DelayedGuard","floor":9},{"not_picked":["bronze:Overheat","bronze:AlphaBuild"],"picked":"bronze:Separator","floor":12},{"not_picked":["bronze:DelayedSlice","bronze:Philosophize"],"picked":"bronze:Frontload","floor":13},{"not_picked":["bronze:FollowUp","bronze:DigitalCarnage"],"picked":"bronze:ItsAFeature","floor":14},{"not_picked":["bronze:Terminator","bronze:BugBarrage"],"picked":"bronze:DigitalCarnage","floor":15}],"player_experience":3393086,"relics_obtained":[{"floor":7,"key":"Orichalcum"}],"event_choices":[],"is_beta":false,"boss_relics":[],"items_purged_floors":[],"is_endless":false,"potions_floor_spawned":[4,5,8,12,15],"killed_by":"WA_ARCHETYPE_RETAIN","ascension_level":0}}